{"host":"l2kmo5ss1fnqnmvo","time":1612526279,"event":{"mods":["BaseMod","Colored Powertips","Decade(王小明)","Lobotomy","Minty Spire (QoL Compilation)","Reimu（博丽灵梦）","WarShipGirlsR/战舰少女R mod"],"gold_per_floor":[111,131,206,381,395,421,433,491,491,509,519,519,549,560,560,659,659,673,691,432,449,449,484,484,514,540,566,580,593,621,637,637,741,741,752,767,782,793,493,528,296,296,320,320,354,369,395,407,407,407],"floor_reached":51,"language":"ZHS","playtime":11116,"items_purged":["Decade_Defend","Decade_Attack"],"score":1435,"play_id":"a3abaa40-4f45-4fdb-9637-eb054267c579","local_time":"20210205205759","is_ascension_mode":true,"campfire_choices":[{"floor":12.0,"key":"RECALL"},{"data":"KamenRideKiva","floor":15.0,"key":"SMITH"},{"data":"Kiva_Swallow","floor":24.0,"key":"SMITH"},{"data":"Kiva_Swallow","floor":32.0,"key":"SMITH"},{"data":"Kiva_Swallow","floor":42.0,"key":"SMITH"},{"data":"RideBooker_Skill_1","floor":44.0,"key":"SMITH"},{"data":"UnarmedAttack3","floor":49,"key":"SMITH"}],"circlet_count":0,"master_deck":["Decade_Attack","Decade_Attack","Decade_Attack","KamenRide","Decade_SpecialSkill","Decade_Defend","Decade_Defend+1","RideBooker_Skill_1+1","KamenRideKiva+1","RideBooker_Skill_1","Blade_Metal","Decade_Defend3+1","Kiva_Swallow+1","FormRideBasshaa+1","AutoVajin+1","FormRideDogga+1","RideBooker_Skill_2+1","Kiva_Swallow","Kiva_Swallow+1","AutoVajin+1","RideBooker_Skill_1+1","FormRideGaruru+1","Kiva_Swallow+1","RideBooker_Skill_2+1","Kiva_Bats","UnarmedAttack8","Kiva_Eat+1","UnarmedAttack7","Decade_Defend3+1","Hibiki_Attack1+1","Decade_Defend2+1","FormRideJack+1","UnarmedAttack3+1","RideBooker_Skill_2+1","Parasite","Blade_Metal+1"],"relics":["Decadriver","TOEIDeficitBill","RabbitCall","Frozen Egg 2","Regal Pillow","Toxic Egg 2","Matryoshka","Empty Cage","Membership Card","Centennial Puzzle","Sundial","Orichalcum","Toy Ornithopter","Vajra","Bottled Lightning","Strawberry","RedLine:ReiMu","Torii","TheAbacus","Bag of Marbles","White Beast Statue","Tea:ReiMu","Pantograph","Potion Belt","Anchor","War Paint"],"acts_visited":["Exordium","TheCity","TheBeyond"],"potions_floor_usage":[51,51],"damage_taken":[{"damage":0.0,"enemies":"Cultist","floor":1.0,"turns":3.0},{"damage":13.0,"enemies":"2 Louse","floor":2.0,"turns":3.0},{"damage":0.0,"enemies":"Jaw Worm","floor":5.0,"turns":1.0},{"damage":24.0,"enemies":"Lagavulin","floor":6.0,"turns":5.0},{"damage":10.0,"enemies":"Large Slime","floor":7.0,"turns":6.0},{"damage":23.0,"enemies":"Lagavulin Event","floor":8.0,"turns":6.0},{"damage":6.0,"enemies":"Lots of Slimes","floor":10.0,"turns":2.0},{"damage":0.0,"enemies":"3 Louse","floor":11.0,"turns":3.0},{"damage":8.0,"enemies":"Gremlin Nob","floor":13.0,"turns":3.0},{"damage":0.0,"enemies":"Large Slime","floor":14.0,"turns":3.0},{"damage":0.0,"enemies":"Slime Boss","floor":16.0,"turns":9.0},{"damage":10.0,"enemies":"Shell Parasite","floor":18.0,"turns":4.0},{"damage":6.0,"enemies":"3 Byrds","floor":19.0,"turns":4.0},{"damage":0.0,"enemies":"3 Cultists","floor":21.0,"turns":3.0},{"damage":9.0,"enemies":"Slavers","floor":23.0,"turns":4.0},{"damage":0.0,"enemies":"Gremlin Leader","floor":25.0,"turns":6.0},{"damage":14.0,"enemies":"Slavers","floor":27.0,"turns":2.0},{"damage":0.0,"enemies":"Cultist and Chosen","floor":28.0,"turns":6.0},{"damage":13.0,"enemies":"Shelled Parasite and Fungi","floor":29.0,"turns":4.0},{"damage":0.0,"enemies":"Gremlin Leader","floor":30.0,"turns":5.0},{"damage":0.0,"enemies":"Snake Plant","floor":31.0,"turns":3.0},{"damage":69.0,"enemies":"Collector","floor":33.0,"turns":8.0},{"damage":0.0,"enemies":"Orb Walker","floor":35.0,"turns":2.0},{"damage":12.0,"enemies":"3 Darklings","floor":36.0,"turns":3.0},{"damage":0.0,"enemies":"Transient","floor":37.0,"turns":5.0},{"damage":0.0,"enemies":"Spire Growth","floor":38.0,"turns":3.0},{"damage":8.0,"enemies":"Giant Head","floor":40.0,"turns":4.0},{"damage":4.0,"enemies":"Reptomancer","floor":45.0,"turns":3.0},{"damage":0.0,"enemies":"Writhing Mass","floor":46.0,"turns":3.0},{"damage":0.0,"enemies":"Nemesis","floor":47.0,"turns":3.0},{"damage":5,"enemies":"4 Shapes","floor":48,"turns":2},{"damage":0,"enemies":"Donu and Deca","floor":50,"turns":5},{"damage":115,"enemies":"Malkuth","floor":51,"turns":13},{"damage":63,"enemies":"Yesod","floor":51,"turns":33},{"damage":233,"enemies":"Tiphereth","floor":51,"turns":32},{"damage":106,"enemies":"Hokma","floor":51,"turns":27},{"damage":48,"enemies":"Angela","floor":51,"turns":6}],"seed_played":"2826750278942632692","potions_obtained":[{"floor":2.0,"key":"SneckoOil"},{"floor":6.0,"key":"Regen Potion"},{"floor":7.0,"key":"Dexterity Potion"},{"floor":10.0,"key":"Explosive Potion"},{"floor":13.0,"key":"Ancient Potion"},{"floor":18.0,"key":"DuplicationPotion"},{"floor":23.0,"key":"Explosive Potion"},{"floor":28.0,"key":"Regen Potion"},{"floor":37.0,"key":"SteroidPotion"},{"floor":40.0,"key":"FairyPotion"},{"floor":45.0,"key":"Strength Potion"},{"floor":46.0,"key":"SteroidPotion"}],"is_trial":false,"path_per_floor":["M","M","?","?","M","E","M","?","T","M","M","R","E","M","R","B",null,"M","M","$","M","?","E","R","E","T","E","M","M","E","M","R","B",null,"M","M","M","M","$","E","$","R","T","R","E","M","E","M","R","B",null],"character_chosen":"Decade","items_purchased":["Membership Card","Centennial Puzzle","Torii","TheAbacus","Bag of Marbles","Tea:ReiMu","FormRideJack+1","UnarmedAttack3"],"campfire_rested":0,"item_purchase_floors":[20,20,39,39,39,41,41,41],"current_hp_per_floor":[70,57,46,46,53,44,55,56,56,52,62,62,58,60,60,63,68,63,57,57,57,57,53,53,59,59,66,70,61,73,75,75,42,68,70,68,77,77,77,77,77,77,77,77,73,73,77,77,77,77],"gold":407,"neow_bonus":"","is_daily":false,"chose_seed":false,"campfire_upgraded":6,"win_rate":0.0,"timestamp":1612526279,"path_taken":["M","M","?","?","M","E","M","?","T","M","M","R","E","M","R","BOSS","M","M","$","M","?","E","R","E","T","E","?","M","E","M","R","BOSS","M","M","M","M","$","E","$","R","T","R","E","M","E","M","R","BOSS"],"items_purchased_type":["Relic","Relic","Relic","Relic","Relic","Relic","Card","Card"],"build_version":"2020-12-22","purchased_purges":2,"victory":true,"max_hp_per_floor":[70,70,70,70,70,70,70,70,70,70,70,70,70,70,70,70,70,70,70,70,70,70,70,70,70,70,70,70,70,77,77,77,77,77,77,77,77,77,77,77,77,77,77,77,77,77,77,77,77,77],"card_choices":[{"not_picked":["DenO_Sword","RideBooker_Skill_2"],"picked":"RideBooker_Skill_1","floor":1.0},{"not_picked":["FormRideGaruru","PhotonAcceleration"],"picked":"KamenRideKiva","floor":2.0},{"not_picked":["Dragreder","KamenRideHibiki"],"picked":"RideBooker_Skill_1","floor":2.0},{"not_picked":["UnarmedAttack4","KamenRideHibiki"],"picked":"Blade_Metal","floor":5.0},{"not_picked":["FormRideTitan","PrometheusPower"],"picked":"Decade_Defend3","floor":6.0},{"not_picked":["FormRideTitan","FormRideJack","UnarmedAttack7"],"picked":"SKIP","floor":6.0},{"not_picked":["DenO_Gun","Decade_Dash1","Hibiki_Attack1"],"picked":"SKIP","floor":7.0},{"not_picked":["UnarmedAttack5","Decade_Dash1"],"picked":"Kiva_Swallow","floor":8.0},{"not_picked":["Hibiki_Attack2","Hibiki_Attack1"],"picked":"FormRideBasshaa+1","floor":10.0},{"not_picked":["KamenRideDecade+1","UnarmedAttack5","Hibiki_FEVER+1"],"picked":"SKIP","floor":11.0},{"not_picked":["FormRideFlame+1","Hibiki_Attack3","DenO_Gun+1"],"picked":"SKIP","floor":11.0},{"not_picked":["Hibiki_Attack3","KamenRideFaiz+1"],"picked":"AutoVajin+1","floor":13.0},{"not_picked":["UnarmedAttack8","Kuuga_GouramAttack","KamenRideKabuto+1"],"picked":"SKIP","floor":13.0},{"not_picked":["PrometheusPower+1","Blade_Slash+1"],"picked":"FormRideDogga+1","floor":14.0},{"not_picked":["FormRideDogga+1","UnarmedAttack3"],"picked":"RideBooker_Skill_2+1","floor":14.0},{"not_picked":["DenO_Climax+1","DecadeViolentEmotion+1"],"picked":"Kiva_Swallow","floor":16.0},{"not_picked":["DecadeViolentEmotion+1","Kuuga_Rising+1"],"picked":"Kiva_Swallow","floor":16.0},{"not_picked":["FormRideTitan+1","FormRide+1"],"picked":"AutoVajin+1","floor":18.0},{"not_picked":["FormRideFlame+1","UnarmedAttack3","RideBooker_Skill_2+1"],"picked":"SKIP","floor":18.0},{"not_picked":["UnarmedAttack1","DenO_Gun+1"],"picked":"RideBooker_Skill_1+1","floor":19.0},{"not_picked":["KamenRideDecade+1","FormRideBasshaa+1","UnarmedAttack1"],"picked":"SKIP","floor":19.0},{"not_picked":["FormRideFlame+1","DenO_Climax+1","FormRideDogga+1"],"picked":"SKIP","floor":21.0},{"not_picked":["KamenRideKiva+1","DragShield","UnarmedAttack6+1"],"picked":"SKIP","floor":23.0},{"not_picked":["DenO_Climax+1","KamenRideBlade+1","DenO_Sword+1"],"picked":"SKIP","floor":23.0},{"not_picked":["UnarmedAttack6+1","DragClaw","FormRideTitan+1"],"picked":"SKIP","floor":25.0},{"not_picked":["FormRideBasshaa+1","KamenRideHibiki+1","Hibiki_Attack1"],"picked":"SKIP","floor":25.0},{"not_picked":["KamenRideHibiki+1","KamenRideDecade+1","Blade_Slash+1"],"picked":"SKIP","floor":27.0},{"not_picked":["Blade_Kick+1","UnarmedAttack6+1"],"picked":"FormRideGaruru+1","floor":28.0},{"not_picked":["UnarmedAttack1+1","AutoVajin+1"],"picked":"Kiva_Swallow","floor":28.0},{"not_picked":["KamenRideAgito+1","DenO_Ax+1"],"picked":"RideBooker_Skill_2+1","floor":29.0},{"not_picked":["UnarmedAttack1+1","RideBooker_Skill_1+1","DragClaw"],"picked":"SKIP","floor":29.0},{"not_picked":["UnarmedAttack1","KamenRideKuuga+1"],"picked":"Kiva_Bats","floor":30.0},{"not_picked":["FormRide+1","KamenRideDecade+1","RideBooker_Skill_1+1"],"picked":"SKIP","floor":30.0},{"not_picked":["UnarmedAttack5","DenO_Gun+1"],"picked":"UnarmedAttack8","floor":31.0},{"not_picked":["NMDAZYYGL+1","Kiva_Swallow"],"picked":"Kiva_Eat+1","floor":33.0},{"not_picked":["Decade_Dash1+1","DenO_Ax+1","KamenRideKuuga+1"],"picked":"SKIP","floor":35.0},{"not_picked":["Blade_Slash+1","DenO_Ax+1","DenO_Sword+1"],"picked":"SKIP","floor":35.0},{"not_picked":["DenO_Rod+1","KamenRideKuuga+1"],"picked":"UnarmedAttack7","floor":36.0},{"not_picked":["Kuuga_GouramAttack","UnarmedAttack1+1","UnarmedAttack5+1"],"picked":"SKIP","floor":36.0},{"not_picked":["Decade_Defend2+1","KamenRideDecade+1"],"picked":"Decade_Defend3+1","floor":37.0},{"not_picked":["FormRideFlame+1","KamenRideKuuga+1"],"picked":"Hibiki_Attack1+1","floor":37.0},{"not_picked":["Decade_Invisible+1","Hibiki_FEVER+1","Hibiki_Attack1"],"picked":"SKIP","floor":38.0},{"not_picked":["TimeVent+1","DragShield"],"picked":"Decade_Defend2+1","floor":40.0},{"not_picked":["FormRideDogga+1","KamenRideDecade+1","KamenRideKabuto+1"],"picked":"SKIP","floor":40.0},{"not_picked":["DecadeViolentEmotion+1","Blade_Metal+1"],"picked":"RideBooker_Skill_2+1","floor":45.0},{"not_picked":["FormRideStorm+1","DenO_Gun+1","Hibiki_Attack1+1"],"picked":"SKIP","floor":45.0},{"not_picked":["Decade_Dash2+1","KamenRideAgito+1"],"picked":"Blade_Metal+1","floor":46.0},{"not_picked":["KamenRideHibiki+1","RideBooker_Skill_3+1","FormRideGaruru+1"],"picked":"SKIP","floor":47.0},{"not_picked":["UnarmedAttack4","Decade_Defend2+1","KamenRideFaiz+1"],"picked":"SKIP","floor":47.0},{"not_picked":["Kiva_Frozen+1","RideBooker+1","Hibiki_Attack1+1"],"picked":"SKIP","floor":48}],"player_experience":636367,"relics_obtained":[{"floor":6.0,"key":"Frozen Egg 2"},{"floor":8.0,"key":"Regal Pillow"},{"floor":9.0,"key":"Toxic Egg 2"},{"floor":13.0,"key":"Matryoshka"},{"floor":22.0,"key":"Sundial"},{"floor":23.0,"key":"Orichalcum"},{"floor":25.0,"key":"Toy Ornithopter"},{"floor":26.0,"key":"Vajra"},{"floor":27.0,"key":"Bottled Lightning"},{"floor":30.0,"key":"Strawberry"},{"floor":40.0,"key":"White Beast Statue"},{"floor":43.0,"key":"Pantograph"},{"floor":43.0,"key":"Potion Belt"},{"floor":45.0,"key":"Anchor"},{"floor":47.0,"key":"War Paint"}],"event_choices":[{"damage_healed":0.0,"max_hp_gain":0.0,"max_hp_loss":0.0,"gold_gain":75.0,"event_name":"World of Goop","player_choice":"Gather Gold","floor":3.0,"gold_loss":0.0,"damage_taken":11.0},{"damage_healed":0.0,"max_hp_gain":0.0,"max_hp_loss":0.0,"gold_gain":175.0,"event_name":"Liars Game","player_choice":"AGREE","floor":4.0,"gold_loss":0.0,"damage_taken":0.0,"cards_obtained":["Doubt"]},{"damage_healed":0.0,"max_hp_gain":0.0,"max_hp_loss":0.0,"gold_gain":30.0,"event_name":"Dead Adventurer","player_choice":"Searched \u00272\u0027 times","floor":8.0,"gold_loss":0.0,"damage_taken":0.0},{"damage_healed":0.0,"max_hp_gain":0.0,"max_hp_loss":0.0,"gold_gain":0.0,"event_name":"Wheel of Change","player_choice":"Relic","floor":22.0,"gold_loss":0.0,"damage_taken":0.0}],"is_beta":false,"boss_relics":[{"not_picked":["Fusion Hammer","Coffee Dripper"],"picked":"Empty Cage"},{"not_picked":["Black Star","Busted Crown"],"picked":"RedLine:ReiMu"}],"items_purged_floors":[20,41],"is_endless":false,"potions_floor_spawned":[2,6,7,10,13,18,23,28,30,37,40,45,46,47,48,51,51,51,51,51],"ascension_level":5}}