{"host":"3j2m8n0ywf988fwb","time":1612565382,"event":{"mods":["2.2 Compatiblity","AchievementEnabler","Act Like it!","Aspiration","Astrologer","BaseMod","Better Altar","Better Match","Better Note","Better Sensory Stone","Better Skull","Better Third Choice","CCEM2","ChefMod","Colored Map","Colored Powertips","Conspire","Dark Map","Energized Spire","GifTheSpireLib","Halation","Hallownest","Highlight Path","Hubris","Infinite Spire","Jedi Mod","Marisa????????","Marked Mod","Mimic Mod","Minty Spire (QoL Compilation)","Monster B Gone","Random Character Button","Relic Filter Mod","Relic Stats","Reliquary","Replay The Spire","Robot Space Explorer","Shade Mod","Shop Mod","Somnambulant","StS++","StSLib","Stuff the Spire","The Bug Knight","The Elementalist","The Hierophant","The Runesmith","TheBandit","TheFirefly","Unceasing Turn Reminder","Weighted Paths","everything is the same but u backflip on backflip"],"gold_per_floor":[111,111,122,140,140,175,186,186,186,213,224,149,166,177,177,177,177],"floor_reached":16,"language":"ENG","playtime":770,"items_purged":[],"score":120,"play_id":"1130fb81-5b2f-484f-9a7a-e7bcd31f08bb","local_time":"20210205164942","is_ascension_mode":true,"campfire_choices":[{"data":"CasketOfStar","floor":8,"key":"SMITH"}],"circlet_count":0,"master_deck":["Strike_MRS","Strike_MRS","Strike_MRS","Strike_MRS","Defend_MRS","Defend_MRS","Defend_MRS","MasterSpark","UpSweep","CasketOfStar+1","GalacticHalo","MilkyWay","MilkyWay+1","DragonMeteor","6A","DoubleSpark","AsteroidBelt","Occultation+1","EnergyRecoil"],"relics":["MiniHakkero","Anchor","StSpp:GiftCard"],"acts_visited":["Exordium"],"potions_floor_usage":[16,16],"damage_taken":[{"damage":7,"enemies":"Small Slimes","floor":1,"turns":3},{"damage":0,"enemies":"Cultist","floor":3,"turns":4},{"damage":2,"enemies":"Jaw Worm","floor":4,"turns":4},{"damage":22,"enemies":"3 Sentries","floor":6,"turns":9},{"damage":6,"enemies":"3 Louse","floor":7,"turns":4},{"damage":20,"enemies":"Gremlin Nob","floor":10,"turns":5},{"damage":0,"enemies":"Looter","floor":11,"turns":3},{"damage":5,"enemies":"Large Slime","floor":13,"turns":6},{"damage":0,"enemies":"Exordium Wildlife","floor":14,"turns":4},{"damage":45,"enemies":"Slime Boss","floor":16,"turns":10}],"seed_played":"-8833577293814746200","potions_obtained":[{"floor":4,"key":"BottledSpark"},{"floor":6,"key":"Dexterity Potion"},{"floor":7,"key":"SpeedPotion"},{"floor":10,"key":"jedi:StrikingPotion"}],"is_trial":false,"path_per_floor":["M","?","M","M","?","E","M","R","T","E","M","?","M","M","R_BF","B"],"character_chosen":"MARISA","items_purchased":[],"campfire_rested":0,"item_purchase_floors":[],"current_hp_per_floor":[68,75,75,73,73,51,45,45,45,25,25,25,20,20,42,0,0],"gold":177,"neow_bonus":"ONE_RANDOM_RARE_CARD","is_daily":false,"chose_seed":false,"campfire_upgraded":1,"win_rate":0.0,"timestamp":1612565382,"path_taken":["M","?","?","M","?","E","M","R","T","E","?","?","M","?","R_BF","BOSS"],"items_purchased_type":[],"build_version":"2020-12-22","purchased_purges":0,"victory":false,"max_hp_per_floor":[75,75,75,75,75,75,75,75,75,75,75,75,75,75,75,75,75],"relic_stats":{"counters":[10,52],"obtain_stats":[{"Anchor":6,"MiniHakkero":0,"StSpp:GiftCard":10},{"Anchor":4,"MiniHakkero":0,"StSpp:GiftCard":6},{"Anchor":20,"MiniHakkero":0,"StSpp:GiftCard":29}]},"card_choices":[{"not_picked":["Orbital","IllusionStar"],"picked":"GalacticHalo","floor":1},{"not_picked":["GravityBeat","OneTimeOff"],"picked":"MilkyWay","floor":3},{"not_picked":["LuminesStrike","EventHorizon"],"picked":"MilkyWay","floor":4},{"not_picked":["AbsoluteMagnitude","UnstableBomb"],"picked":"DragonMeteor","floor":6},{"not_picked":["OneTimeOff","LuminesStrike"],"picked":"6A","floor":7},{"not_picked":["DarkSpark","SporeBomb"],"picked":"DoubleSpark","floor":10},{"not_picked":["NonDirectionalLaser","MilkyWay"],"picked":"AsteroidBelt","floor":11},{"not_picked":["GasGiant+1","ShootTheMoon+1"],"picked":"Occultation+1","floor":12},{"not_picked":["OpenUniverse","AsteroidBelt"],"picked":"EnergyRecoil","floor":13},{"not_picked":["NonDirectionalLaser","MilkyWay","DC"],"picked":"SKIP","floor":14}],"player_experience":1070140,"relics_obtained":[{"floor":6,"key":"Anchor"},{"floor":10,"key":"StSpp:GiftCard"}],"event_choices":[{"cards_removed":["Defend_MRS"],"damage_healed":0,"gold_gain":0,"player_choice":"Purged","damage_taken":0,"max_hp_gain":0,"max_hp_loss":0,"event_name":"Purifier","floor":5,"gold_loss":0},{"damage_healed":0,"gold_gain":0,"player_choice":"2","damage_taken":0,"max_hp_gain":0,"max_hp_loss":0,"event_name":"betterMatch:BetterMatch","floor":12,"gold_loss":0,"cards_obtained":["betterMatch:UncommonCard"]}],"is_beta":false,"boss_relics":[],"items_purged_floors":[],"is_endless":false,"potions_floor_spawned":[4,6,7,10,13],"killed_by":"Slime Boss","ascension_level":1}}