{"host":"630px4nyj50z5id8","time":1612523823,"event":{"mods":["BaseMod","Colored Powertips","Downfall","Minty Spire (QoL Compilation)","Quick Restart","Replay The Spire","StSLib","Waifu the Spire"],"gold_per_floor":[115,115,130,130,146,173,173,173,173,173,173,198,50,50,67,102,102,202,202,213,229,229,246,10,36,36,36,36],"floor_reached":27,"language":"ZHS","playtime":1148,"items_purged":["Pain"],"score":324,"play_id":"84f26faf-3691-4988-9d89-e7012604a123","local_time":"20210205191703","is_ascension_mode":true,"campfire_choices":[{"data":"Armaments","floor":7.0,"key":"SMITH"},{"floor":10.0,"key":"REST"},{"data":"Limit Break","floor":26.0,"key":"SMITH"}],"circlet_count":1,"master_deck":["Strike_R","Strike_R","Strike_R","Strike_R","Strike_R","Defend_R","Defend_R","Defend_R","Bash","Dual Wield","Armaments+1","Intimidate","Replay:Undeath\u0027s Touch","Flex","Impervious","Offering","True Grit","Disarm+1","Limit Break+1","Perfected Strike"],"relics":["Burning Blood","Centennial Puzzle","StrikeDummy","ReplayFunnel","ReplayTheSpireMod:TigerMarble","PreservedInsect","Akabeko","WarpedTongs","Replay:Grab Bag","Velvet Choker","Black Star","Juzu Bracelet","Circlet"],"acts_visited":["Exordium","TheCity"],"potions_floor_usage":[],"damage_taken":[{"damage":11.0,"enemies":"2 Louse","floor":1.0,"turns":4.0},{"damage":0.0,"enemies":"Small Slimes","floor":3.0,"turns":3.0},{"damage":1.0,"enemies":"Cultist","floor":5.0,"turns":3.0},{"damage":25.0,"enemies":"3 Sentries","floor":6.0,"turns":6.0},{"damage":11.0,"enemies":"Gremlin Nob","floor":12.0,"turns":3.0},{"damage":3.0,"enemies":"3 Louse","floor":15.0,"turns":3.0},{"damage":5.0,"enemies":"3 Sentries","floor":16.0,"turns":3.0},{"damage":17.0,"enemies":"Hexaghost","floor":18.0,"turns":7.0},{"damage":12.0,"enemies":"Shell Parasite","floor":20.0,"turns":4.0},{"damage":11.0,"enemies":"2 Thieves","floor":21.0,"turns":4.0},{"damage":15.0,"enemies":"Centurion and Healer","floor":23.0,"turns":7.0},{"damage":29.0,"enemies":"Slavers","floor":25.0,"turns":8.0},{"damage":30,"enemies":"Book of Stabbing","floor":27,"turns":3}],"seed_played":"-1046609212496406784","potions_obtained":[{"floor":1.0,"key":"Adrenaline Potion"},{"floor":5.0,"key":"AttackPotion"},{"floor":6.0,"key":"Explosive Potion"},{"floor":20.0,"key":"Fire Potion"},{"floor":23.0,"key":"champ:CounterPotion"},{"floor":25.0,"key":"Venom Potion"}],"is_trial":false,"path_per_floor":["M","?","M","?","M","E","R","PTL","PTL","R","T","E","$","?","M","E","R","B",null,"M","M","?","M","$","E","R","E"],"character_chosen":"IRONCLAD","items_purchased":["PreservedInsect","Limit Break"],"campfire_rested":1,"item_purchase_floors":[13,24],"current_hp_per_floor":[67,72,78,71,76,57,57,57,57,82,82,77,77,85,85,85,85,74,82,76,71,55,46,46,23,23,0,0],"gold":36,"neow_bonus":"RANDOM_COMMON_RELIC","is_daily":false,"chose_seed":false,"campfire_upgraded":2,"win_rate":0.0,"timestamp":1612523823,"path_taken":["M","?","M","?","M","E","R","PTL","PTL","R","T","E","$","?","M","E","R","BOSS","M","?","?","M","$","E","R","E"],"items_purchased_type":["Relic","Card"],"build_version":"2020-12-22","purchased_purges":1,"victory":false,"max_hp_per_floor":[80,85,85,85,85,85,85,85,85,85,85,85,85,85,85,85,85,85,85,85,85,90,90,90,90,90,90,90],"card_choices":[{"not_picked":["Sentinel","Intimidate"],"picked":"Dual Wield","floor":1.0},{"not_picked":["Second Wind","Clothesline"],"picked":"Armaments","floor":3.0},{"not_picked":["Dropkick","Replay:Undeath\u0027s Touch"],"picked":"Intimidate","floor":5.0},{"not_picked":["Run Through","Heavy Blade"],"picked":"Replay:Undeath\u0027s Touch","floor":6.0},{"not_picked":["Wild Strike","Havoc","Warcry"],"picked":"SKIP","floor":12.0},{"not_picked":["Ghostly Armor","Second Wind"],"picked":"Flex","floor":15.0},{"not_picked":["Anger","Thunderclap"],"picked":"Impervious","floor":16.0},{"not_picked":["Barricade","Replay:Many Hands"],"picked":"Offering","floor":18.0},{"not_picked":["Rupture","Dark Embrace"],"picked":"True Grit","floor":20.0},{"not_picked":["Clothesline","Hemokinesis","ReplayTheSpireMod:LeadingStrike"],"picked":"SKIP","floor":21.0},{"not_picked":["Twin Strike+1","Pommel Strike"],"picked":"Disarm+1","floor":23.0},{"not_picked":["Massacre","Metallicize+1"],"picked":"Perfected Strike","floor":25.0}],"player_experience":383543,"relics_obtained":[{"floor":6.0,"key":"StrikeDummy"},{"floor":11.0,"key":"ReplayFunnel"},{"floor":12.0,"key":"ReplayTheSpireMod:TigerMarble"},{"floor":16.0,"key":"Akabeko"},{"floor":25.0,"key":"Juzu Bracelet"},{"floor":25.0,"key":"Dead Branch"}],"event_choices":[{"damage_healed":0.0,"max_hp_gain":5.0,"max_hp_loss":0.0,"gold_gain":0.0,"event_name":"Big Fish","player_choice":"Donut","floor":2.0,"gold_loss":0.0,"damage_taken":0.0},{"cards_removed":["Defend_R"],"damage_healed":0.0,"max_hp_gain":0.0,"max_hp_loss":0.0,"gold_gain":0.0,"event_name":"Golden Wing","player_choice":"Card Removal","floor":4.0,"gold_loss":0.0,"damage_taken":7.0},{"damage_healed":8.0,"max_hp_gain":0.0,"max_hp_loss":0.0,"gold_gain":0.0,"event_name":"Wheel of Change","player_choice":"Full Heal","floor":14.0,"gold_loss":0.0,"damage_taken":0.0},{"damage_healed":0.0,"max_hp_gain":0.0,"max_hp_loss":0.0,"gold_gain":0.0,"event_name":"Accursed Blacksmith","player_choice":"Rummage","floor":17.0,"gold_loss":0.0,"damage_taken":0.0,"relics_obtained":["WarpedTongs"],"cards_obtained":["Pain"]},{"damage_healed":0.0,"max_hp_gain":5.0,"max_hp_loss":0.0,"gold_gain":0.0,"event_name":"Forgotten Altar","player_choice":"Shed Blood","floor":22.0,"gold_loss":0.0,"damage_taken":21.0}],"is_beta":false,"boss_relics":[{"not_picked":["Runic Dome","Philosopher\u0027s Stone"],"picked":"Replay:Grab Bag"},{"not_picked":["Ooze Armor","SlaversCollar"],"picked":"Velvet Choker"},{"not_picked":["Coffee Dripper","Busted Crown"],"picked":"Cursed Key"},{"not_picked":["Kintsugi","Astrolabe"],"picked":"Black Star"}],"items_purged_floors":[24],"is_endless":false,"potions_floor_spawned":[1,5,6,20,23,25],"killed_by":"Book of Stabbing","ascension_level":6}}