{"host":"ac6e1xz8pi3qqstb","time":1612513891,"event":{"mods":["BaseMod","Minty Spire (QoL Compilation)","MostiFishMod","Relic Stats","Replay The Spire","StSLib","[IsaacMod]ÒÔÈö¼âËþ"],"gold_per_floor":[110,124,-1276,-1264,-1264,-1264,-1264,10,37,37,37,37,1,17,17,119,169,184,52,52,62,75,100,100,128,153,153,153,153,173,88,88,192,192,207,207,281,331,216,244,244,260,287,316,112,112,126,140,140,140],"floor_reached":51,"language":"ZHS","playtime":1657,"items_purged":[],"score":731,"play_id":"bf33831c-5ff8-4946-a912-6251db8da404","local_time":"20210205163131","is_ascension_mode":false,"campfire_choices":[{"data":"Skim","floor":6.0,"key":"SMITH"},{"data":"Force Field","floor":10.0,"key":"SMITH"},{"data":"FIFO Queue","floor":15.0,"key":"SMITH"},{"data":"BasicCrystalCard","floor":24,"key":"SMITH"},{"data":"Apotheosis","floor":27,"key":"SMITH"},{"data":"Discovery","floor":29,"key":"SMITH"},{"data":"Turbo","floor":32,"key":"SMITH"},{"data":"Stack","floor":41,"key":"SMITH"},{"data":"Storm","floor":49,"key":"SMITH"}],"circlet_count":0,"master_deck":["Strike_B","Strike_B","Strike_B","Strike_B+1","Defend_B","Defend_B","Defend_B","Zap","Dualcast","Heatsinks","Force Field+1","Skim+1","Reboot+1","Ball Lightning","FIFO Queue+1","MostiFishMod:Nova+1","Stack+1","MostiFishMod:ActiveDefenseSystem","Auto Shields+1","Loop","Apotheosis+1","Replay:Bootleg Shield Generator","Discovery+1","Steam+1","Compile Driver+1","BasicCrystalCard+1","Sweeping Beam+1","Turbo+1","Amplify","Seek","BasicCrystalCard+1","Stack+1","ReplayRNGCard","Conserve Battery+1","Loop+1","Storm+1","BasicCrystalCard+1","Coolheaded+1"],"relics":["Cracked Core","HushsDoor","Void","The Courier","SynthV:TestCard","SynthV:MejaisSoulstealer","Anchor","Juzu Bracelet","Tiny Chest","PreservedInsect","ChiXiaoBlade","Mirror","Shovel","ReplayFunnel","Vajra","Divine Protection"],"acts_visited":["Exordium","TheCity","TheBeyond"],"potions_floor_usage":[33,50,50],"damage_taken":[{"damage":0.0,"enemies":"Cultist","floor":1.0,"turns":2.0},{"damage":2.0,"enemies":"2 Louse","floor":2.0,"turns":2.0},{"damage":0.0,"enemies":"Small Slimes","floor":4.0,"turns":3.0},{"damage":0.0,"enemies":"Looter","floor":8.0,"turns":3.0},{"damage":0.0,"enemies":"Exordium Wildlife","floor":14.0,"turns":2.0},{"damage":0.0,"enemies":"Slime Boss","floor":16.0,"turns":4.0},{"damage":0.0,"enemies":"Spheric Guardian","floor":18.0,"turns":3.0},{"damage":11.0,"enemies":"2 Thieves","floor":21.0,"turns":4.0},{"damage":0,"enemies":"Centurion and Healer","floor":22,"turns":4},{"damage":3,"enemies":"Replay:Snechameleon","floor":23,"turns":4},{"damage":0,"enemies":"Book of Stabbing","floor":25,"turns":3},{"damage":3,"enemies":"Snecko","floor":30,"turns":3},{"damage":13,"enemies":"Collector","floor":33,"turns":6},{"damage":1,"enemies":"3 Shapes","floor":35,"turns":3},{"damage":0,"enemies":"Mind Bloom Boss Battle","floor":38,"turns":5},{"damage":0,"enemies":"Giant Head","floor":40,"turns":5},{"damage":0,"enemies":"Orb Walker","floor":42,"turns":3},{"damage":4,"enemies":"Reptomancer","floor":44,"turns":4},{"damage":0,"enemies":"Spire Growth","floor":47,"turns":3},{"damage":3,"enemies":"Jaw Worm Horde","floor":48,"turns":4},{"damage":6,"enemies":"Replay:Hell Engine","floor":50,"turns":5}],"seed_played":"-6135589999391283503","potions_obtained":[{"floor":1.0,"key":"Explosive Potion"},{"floor":2.0,"key":"Fire Potion"},{"floor":18.0,"key":"FocusPotion"},{"floor":22,"key":"Venom Potion"},{"floor":38,"key":"BlessingOfTheForge"}],"is_trial":false,"path_per_floor":["M","M","$","M","?","R","?","M","T","R","$","?","$","M","R","B",null,"M","$","?","M","M","E","R","E","T","R","?","R","M","?","R","B",null,"M","?","T","?","$","E","R","M","T","E","$","?","M","M","R","B",null],"character_chosen":"DEFECT","items_purchased":["SynthV:MejaisSoulstealer","Ball Lightning","MostiFishMod:ActiveDefenseSystem","Loop","ReplayTheSpireMod:ShopPack","Seek","ReplayRNGCard","Divine Protection"],"campfire_rested":0,"item_purchase_floors":[3,13,17,19,19,34,39,45],"current_hp_per_floor":[82,80,80,80,68,68,68,68,68,68,68,68,68,68,68,68,83,83,83,83,72,72,69,69,69,69,69,69,69,66,66,66,53,79,78,78,78,78,78,78,78,78,78,74,74,74,74,71,71,65],"gold":140,"neow_bonus":"TEN_PERCENT_HP_BONUS","is_daily":false,"chose_seed":false,"campfire_upgraded":9,"win_rate":0.0,"timestamp":1612513891,"path_taken":["M","M","$","M","?","R","?","M","T","R","?","?","?","M","R","BOSS","M","$","?","M","M","E","R","E","T","R","?","R","M","?","R","BOSS","M","?","?","?","$","E","R","M","T","E","?","?","M","M","R","BOSS"],"items_purchased_type":["Relic","Card","Card","Card","Relic","Card","Card","Relic"],"build_version":"2020-12-22","purchased_purges":0,"victory":true,"max_hp_per_floor":[82,82,82,82,82,82,82,82,82,82,82,82,82,82,82,82,83,83,83,83,83,83,83,83,83,83,83,83,83,83,83,83,83,79,79,79,79,79,79,79,79,79,79,79,79,79,79,79,79,79],"relic_stats":{"Shovel":0,"counters":[21,73],"Tiny Chest":1,"PreservedInsect":185,"Juzu Bracelet":3,"obtain_stats":[{"KeepersGift":0,"ReplayFunnel":40,"Divine Protection":45,"SynthV:MejaisSoulstealer":3,"Tiny House":17,"DaveBox":0,"Vajra":43,"The Courier":0,"PreservedInsect":31,"Juzu Bracelet":9,"Replay:Mystery Machine":44,"Anchor":5,"SynthV:TestCard":1,"Shovel":38,"Sundial":23,"MutagenicStrength":20,"ChiXiaoBlade":34,"Tiny Chest":25,"Void":0,"Cracked Core":0,"HushsDoor":0,"Mirror":37,"ReplayTheSpireMod:ShopPack":19},{"KeepersGift":0,"ReplayFunnel":16,"Divine Protection":18,"SynthV:MejaisSoulstealer":2,"Tiny House":6,"DaveBox":0,"Vajra":17,"The Courier":0,"PreservedInsect":12,"Juzu Bracelet":4,"Replay:Mystery Machine":18,"Anchor":3,"SynthV:TestCard":1,"Shovel":15,"Sundial":10,"MutagenicStrength":7,"ChiXiaoBlade":13,"Tiny Chest":11,"Void":0,"Cracked Core":0,"HushsDoor":0,"Mirror":14,"ReplayTheSpireMod:ShopPack":7},{"KeepersGift":0,"ReplayFunnel":55,"Divine Protection":61,"SynthV:MejaisSoulstealer":4,"Tiny House":16,"DaveBox":0,"Vajra":58,"The Courier":0,"PreservedInsect":37,"Juzu Bracelet":10,"Replay:Mystery Machine":61,"Anchor":7,"SynthV:TestCard":2,"Shovel":50,"Sundial":31,"MutagenicStrength":19,"ChiXiaoBlade":43,"Tiny Chest":34,"Void":0,"Cracked Core":0,"HushsDoor":0,"Mirror":46,"ReplayTheSpireMod:ShopPack":19}]},"card_choices":[{"not_picked":["Ball Lightning","Force Field"],"picked":"Heatsinks","floor":1.0},{"not_picked":["Ball Lightning","Panic Button","MostiFishMod:PushDownKick","Bomb"],"picked":"Force Field","floor":2.0},{"not_picked":["MostiFishMod:SeaWaves","Stack","Darkness","Streamline"],"picked":"Skim","floor":4.0},{"not_picked":["Aggregate","Fusion","Blizzard","Compile Driver","Streamline"],"picked":"SKIP","floor":8.0},{"not_picked":["Stack","Barrage","Reprogram","Aggregate"],"picked":"FIFO Queue","floor":14.0},{"not_picked":["MostiFishMod:Exploitation","MostiFishMod:SeaWaves","Thunder Strike","Biased Cognition"],"picked":"MostiFishMod:Nova","floor":16.0},{"not_picked":["Compile Driver","ReplayTheSpireMod:Calculation Training","BasicCrystalCard","Fan"],"picked":"Stack","floor":17.0},{"not_picked":["Beam Cell","BasicCrystalCard","MostiFishMod:StarOceanB","Panic Button"],"picked":"Auto Shields+1","floor":18.0},{"not_picked":["Midas Touch","ReplayTheSpireMod:Necrogeddon","MostiFishMod:KingOfFree","SuicideKing"],"picked":"Apotheosis","floor":19.0},{"not_picked":["Madness","BettingIsNotGood","Apotheosis","MostiFishMod:Kaleido"],"picked":"Replay:Bootleg Shield Generator","floor":19.0},{"not_picked":["Battery","ReplayTheSpireMod:Private Reserves","HandOfGreed","Survey Options"],"picked":"Discovery","floor":19.0},{"not_picked":["Gash+1","FIFO Queue","MostiFishMod:ReprogramOld+1","MostiFishMod:FluxCapactior"],"picked":"Steam+1","floor":21},{"not_picked":["Aggregate+1","Ball Lightning+1","Heatsinks","BasicCrystalCard"],"picked":"Compile Driver+1","floor":22},{"not_picked":["Tempest","Heatsinks","Genetic Algorithm","Redo"],"picked":"BasicCrystalCard","floor":23},{"not_picked":["Hello World","ReplayTheSpireMod:Repulse","ReplayTheSpireMod:Reroute Power+1","Gash"],"picked":"Sweeping Beam+1","floor":25},{"not_picked":["ReplayTheSpireMod:System Scan","Compile Driver","Ball Lightning","Leap"],"picked":"Turbo","floor":30},{"not_picked":["MostiFishMod:StrandedSiren","MostiFishMod:StarOceanB","Hyperbeam","MostiFishMod:ReadyAimFire"],"picked":"Amplify","floor":33},{"not_picked":["Steam+1","Compile Driver","MostiFishMod:PushDownKick","ReplaySort+1"],"picked":"BasicCrystalCard+1","floor":35},{"not_picked":["BasicCrystalCard+1","Distribution+1","Hyperbeam","Beam Cell"],"picked":"Stack+1","floor":38},{"not_picked":["Ball Lightning+1","Auto Shields+1","Gash","ReplayTheSpireMod:System Scan+1"],"picked":"Conserve Battery+1","floor":40},{"not_picked":["Rebound+1","Compile Driver","Distribution+1","Barrage+1"],"picked":"Loop+1","floor":42},{"not_picked":["Conserve Battery","MostiFishMod:DeathFromBelow","ReplayTheSpireMod:GoodbyeWorld","Distribution+1"],"picked":"Storm","floor":44},{"not_picked":["Leap","Turbo","Barrage","Streamline+1"],"picked":"BasicCrystalCard+1","floor":47},{"not_picked":["Barrage+1","Sweeping Beam+1","Seek","FIFO Queue+1"],"picked":"Coolheaded+1","floor":48}],"player_experience":433830,"relics_obtained":[{"floor":1.0,"key":"SynthV:TestCard"},{"floor":9.0,"key":"Juzu Bracelet"},{"floor":23,"key":"Sundial"},{"floor":25,"key":"Tiny Chest"},{"floor":37,"key":"Mirror"},{"floor":38,"key":"Shovel"},{"floor":40,"key":"ReplayFunnel"},{"floor":43,"key":"Vajra"},{"floor":44,"key":"Replay:Mystery Machine"}],"event_choices":[{"damage_healed":0.0,"max_hp_gain":0.0,"max_hp_loss":0.0,"gold_gain":0.0,"event_name":"Scrap Ooze","player_choice":"Success","floor":5.0,"gold_loss":0.0,"damage_taken":12.0,"relics_obtained":["Anchor"]},{"damage_healed":0.0,"max_hp_gain":0.0,"max_hp_loss":0.0,"gold_gain":0.0,"event_name":"Drug Dealer","player_choice":"Inject Mutagens","floor":20.0,"gold_loss":0.0,"damage_taken":0.0,"relics_obtained":["MutagenicStrength"]},{"damage_healed":0,"gold_gain":0,"player_choice":"Ignored","damage_taken":0,"max_hp_gain":0,"max_hp_loss":0,"event_name":"Vampires","floor":28,"gold_loss":0},{"damage_healed":0,"gold_gain":0,"player_choice":"Obtained Relic","damage_taken":0,"relics_obtained":["PreservedInsect"],"max_hp_gain":0,"max_hp_loss":0,"event_name":"Addict","floor":31,"gold_loss":85},{"damage_healed":0,"gold_gain":0,"player_choice":"Memory 1","damage_taken":0,"max_hp_gain":0,"max_hp_loss":0,"event_name":"SensoryStone","floor":36,"gold_loss":0},{"damage_healed":0,"gold_gain":0,"player_choice":"Fight","damage_taken":0,"max_hp_gain":0,"max_hp_loss":0,"event_name":"MindBloom","floor":38,"gold_loss":0}],"is_beta":false,"boss_relics":[{"not_picked":["RhineFirstAidKit","MoonlightInvasionPlan"],"picked":"Tiny House"},{"not_picked":[]},{"not_picked":["Abe\u0027s Treasure","NightmareShop"],"picked":"ChiXiaoBlade"},{"not_picked":[]}],"items_purged_floors":[],"is_endless":false,"potions_floor_spawned":[1,2,18,22,38,40,48],"ascension_level":0}}