{"host":"woo3p23qa69nkhpk","time":1612548405,"event":{"mods":["BaseMod","Colored Map","Curses Come First","Highlight Path","Minty Spire (QoL Compilation)","StSLib","SuperFastMode"],"gold_per_floor":[116,132,207,207,222,222,257,257,257,257,271,271,271,298,298,395,395,412,422,422,432,447,474,12,12,64,64,76,90,90,90],"floor_reached":30,"language":"ENG","playtime":955,"items_purged":["Strike_G"],"score":260,"play_id":"7290f2ca-d21d-42df-86f6-d3bd5f547054","local_time":"20210205160645","is_ascension_mode":false,"campfire_choices":[{"data":"Cloak And Dagger","floor":6,"key":"SMITH"},{"data":"Blade Dance","floor":10,"key":"SMITH"},{"floor":13,"key":"REST"},{"floor":15,"key":"REST"},{"floor":25,"key":"REST"}],"circlet_count":0,"master_deck":["Strike_G","Strike_G","Strike_G","Defend_G","Defend_G","Defend_G","Defend_G","Defend_G+1","Survivor","Neutralize+1","Cloak And Dagger+1","Blade Dance+1","Slice","A Thousand Cuts","Dodge and Roll","Blade Dance","Terror","Phantasmal Killer","Accuracy","PiercingWail","Acrobatics","Deflect+1"],"relics":["Ring of the Snake","Du-Vu Doll","WingedGreaves","Oddly Smooth Stone","Sozu","Incense Burner","Bottled Tornado","Eternal Feather","Tiny Chest"],"acts_visited":["Exordium","TheCity"],"potions_floor_usage":[7,14,30,30],"damage_taken":[{"damage":0,"enemies":"Small Slimes","floor":1,"turns":5},{"damage":0,"enemies":"Jaw Worm","floor":2,"turns":3},{"damage":0,"enemies":"2 Louse","floor":5,"turns":2},{"damage":24,"enemies":"Gremlin Nob","floor":7,"turns":4},{"damage":0,"enemies":"Looter","floor":11,"turns":3},{"damage":18,"enemies":"Lagavulin","floor":14,"turns":6},{"damage":29,"enemies":"The Guardian","floor":16,"turns":20},{"damage":0,"enemies":"3 Byrds","floor":18,"turns":5},{"damage":10,"enemies":"2 Thieves","floor":19,"turns":4},{"damage":17,"enemies":"Sentry and Sphere","floor":21,"turns":7},{"damage":9,"enemies":"Centurion and Healer","floor":22,"turns":6},{"damage":21,"enemies":"Book of Stabbing","floor":23,"turns":6},{"damage":14,"enemies":"Snecko","floor":28,"turns":6},{"damage":21,"enemies":"Shelled Parasite and Fungi","floor":29,"turns":5},{"damage":14,"enemies":"Slavers","floor":30,"turns":1}],"seed_played":"5588840295795771757","potions_obtained":[{"floor":5,"key":"DuplicationPotion"},{"floor":11,"key":"SkillPotion"},{"floor":14,"key":"Swift Potion"},{"floor":16,"key":"SkillPotion"}],"is_trial":false,"path_per_floor":["M","M","?","?","M","R","E","?","T","R","M","?","R","E","R","B",null,"M","M","?","M","M","E","$","R","T","$","M","M","E"],"character_chosen":"THE_SILENT","items_purchased":["Accuracy","Eternal Feather","PiercingWail"],"campfire_rested":3,"item_purchase_floors":[24,24,24],"current_hp_per_floor":[70,70,59,59,59,59,35,28,28,28,28,14,35,17,38,9,70,70,60,60,43,34,13,13,46,46,46,32,11,0,0],"gold":90,"neow_bonus":"THREE_CARDS","is_daily":false,"chose_seed":false,"campfire_upgraded":2,"win_rate":0.0,"timestamp":1612548405,"path_taken":["M","M","?","?","?","R","E","?","T","R","M","?","R","E","R","BOSS","M","M","?","M","?","E","$","R","T","$","M","M","E"],"items_purchased_type":["Card","Relic","Card"],"build_version":"2020-12-22","purchased_purges":1,"victory":false,"max_hp_per_floor":[70,70,70,70,70,70,70,70,70,70,70,70,70,70,70,70,70,70,70,70,70,70,70,70,70,70,70,70,70,70,70],"card_choices":[{"not_picked":["PiercingWail","Choke"],"picked":"Cloak And Dagger","floor":0},{"not_picked":["Riddle With Holes","Outmaneuver"],"picked":"Blade Dance","floor":1},{"not_picked":["Flying Knee","Quick Slash","Dagger Spray"],"picked":"SKIP","floor":2},{"not_picked":["Endless Agony","Expertise"],"picked":"Slice","floor":5},{"not_picked":["Catalyst","Dagger Throw","Flying Knee"],"picked":"SKIP","floor":7},{"not_picked":["Bouncing Flask","Quick Slash"],"picked":"Dash","floor":11},{"not_picked":["Calculated Gamble","Poisoned Stab","Flechettes"],"picked":"SKIP","floor":14},{"not_picked":["Corpse Explosion","Glass Knife"],"picked":"A Thousand Cuts","floor":16},{"not_picked":["Infinite Blades","Reflex","Acrobatics"],"picked":"SKIP","floor":18},{"not_picked":["All Out Attack","Acrobatics"],"picked":"Dodge and Roll","floor":19},{"not_picked":["Flying Knee+1","Well Laid Plans"],"picked":"Blade Dance","floor":21},{"not_picked":["Caltrops","Backflip"],"picked":"Terror","floor":22},{"not_picked":["Masterful Stab","All Out Attack"],"picked":"Phantasmal Killer","floor":23},{"not_picked":["Expertise","Reflex"],"picked":"Acrobatics","floor":28},{"not_picked":["Bouncing Flask+1","PiercingWail"],"picked":"Deflect+1","floor":29}],"player_experience":487831,"relics_obtained":[{"floor":7,"key":"Du-Vu Doll"},{"floor":9,"key":"WingedGreaves"},{"floor":14,"key":"Oddly Smooth Stone"},{"floor":23,"key":"Bottled Tornado"},{"floor":26,"key":"Tiny Chest"}],"event_choices":[{"damage_healed":0,"gold_gain":75,"player_choice":"Gather Gold","damage_taken":11,"max_hp_gain":0,"max_hp_loss":0,"event_name":"World of Goop","floor":3,"gold_loss":0},{"damage_healed":0,"gold_gain":0,"player_choice":"Ignored","damage_taken":0,"max_hp_gain":0,"max_hp_loss":0,"event_name":"Liars Game","floor":4,"gold_loss":0},{"cards_removed":["Strike_G"],"damage_healed":0,"gold_gain":0,"player_choice":"Card Removal","damage_taken":7,"max_hp_gain":0,"max_hp_loss":0,"event_name":"Golden Wing","floor":8,"gold_loss":0},{"damage_healed":0,"gold_gain":0,"player_choice":"Entered Light","damage_taken":14,"max_hp_gain":0,"max_hp_loss":0,"event_name":"Shining Light","floor":12,"gold_loss":0,"cards_upgraded":["Neutralize","Defend_G"]},{"cards_removed":["Dash"],"damage_healed":0,"gold_gain":0,"player_choice":"Gave Card","damage_taken":0,"relics_obtained":["Incense Burner"],"max_hp_gain":0,"max_hp_loss":0,"event_name":"WeMeetAgain","floor":20,"gold_loss":0}],"is_beta":false,"boss_relics":[{"not_picked":["Runic Dome","Ectoplasm"],"picked":"Sozu"}],"items_purged_floors":[24],"is_endless":false,"potions_floor_spawned":[5,11,14,16,18,22,23,29],"killed_by":"Slavers","ascension_level":0}}