{"host":"e5u7qs1emxzejr12","time":1612543445,"event":{"mods":["100% Spire Juice","2.2 Compatiblity","Act Like it!","Arknights","Ascension Unlocker","BaseMod","CapriCore","Card Forge","Colored Powertips","Custom Start","GifTheSpireLib","Highlight Path","Minty Spire (QoL Compilation)","MostiFishMod","Quick Restart","Relic Filter Mod","Reliquary","Replay The Spire","StSLib","SuperFastMode","The Blackbeard","WarShipGirlsR/战舰少女R mod","篝火指南"],"gold_per_floor":[129,129,243,318,318,411,486,591,616,697,555,654,756,861,861,1080,1080,1131,729,729,679,593,698,698,800,800,902,1007,1007,1106,1193,1193,1418,1418,1463,1133,1133,1133,887,971,1073,1160,1160,1262,922,1000,1000,838,710,710,710,710,429,429,504,504],"floor_reached":57,"language":"ZHS","playtime":1512,"items_purged":[],"score":4612,"play_id":"f7e6aa3d-0882-433d-b468-b22129376ef9","local_time":"20210206004405","daily_mods":["Heirloom","Flight","DeadlyEvents","Elite Swarm","Midas"],"is_ascension_mode":true,"campfire_choices":[{"floor":24.0,"key":"RECALL"}],"circlet_count":0,"master_deck":["AscendersBane","Concentrate+1","Acrobatics+1","ReplayTheSpireMod:Necrosis+1","Deadly Poison+1","Adrenaline+1","Burst+1","Catalyst+1","Catalyst+1","MostiFishMod:HiddenBlade+1"],"relics":["Ring of the Snake","Hammer of Thor","Seething Fire","Anvil of the Gods","DaveBox","Tough Bandages","FeatherPendant","SynthV:TestCard","Bottled Lightning","Vajra","reliquary:PrincelyHelmet","Replay:Bottled Snecko","Eternal Feather","Snack Pack","Thread and Needle","SynthV:C4","RhineCircuit","Art of War","ReplayTheSpireMod:Lightbulb","reliquary:Buckler","Pen Nib","Anchor","reliquary:BallBearing","ReplayTheSpireMod:Shallot","Girya","Replay:Ringing Soul","Fusion Hammer","reliquary:RadioactivePellet","reliquary:Bookmark","ClockworkSouvenir","Mirror","MealTicket","reliquary:WeakTea","Pantograph","reliquary:Aerogel","reliquary:RoseTintedGlasses","TheAbacus","BionicSphere","Replay:Baseball","ImprovedEquipment","ReplayTheSpireMod:CursedCoin","Sundial","Replay:Accelerometer"],"acts_visited":["Exordium","TheCity","TheBeyond","TheEnding"],"potions_floor_usage":[],"damage_taken":[{"damage":0.0,"enemies":"Small Slimes","floor":1.0,"turns":1.0},{"damage":0.0,"enemies":"Lagavulin","floor":6.0,"turns":3.0},{"damage":0.0,"enemies":"3 Sentries","floor":7.0,"turns":3.0},{"damage":0.0,"enemies":"Lagavulin","floor":8.0,"turns":3.0},{"damage":0.0,"enemies":"Gremlin Nob","floor":10.0,"turns":3.0},{"damage":0.0,"enemies":"Lagavulin","floor":12.0,"turns":1.0},{"damage":0.0,"enemies":"Gremlin Nob","floor":13.0,"turns":1.0},{"damage":0.0,"enemies":"Lagavulin","floor":14.0,"turns":1.0},{"damage":0.0,"enemies":"Slime Boss","floor":16.0,"turns":1.0},{"damage":0.0,"enemies":"Shell Parasite","floor":18.0,"turns":1.0},{"damage":0.0,"enemies":"Gremlin Leader","floor":23.0,"turns":1.0},{"damage":0.0,"enemies":"Slavers","floor":25.0,"turns":1.0},{"damage":0.0,"enemies":"Book of Stabbing","floor":27.0,"turns":1.0},{"damage":0.0,"enemies":"Gremlin Leader","floor":28.0,"turns":1.0},{"damage":0.0,"enemies":"Book of Stabbing","floor":30.0,"turns":1.0},{"damage":0.0,"enemies":"Gremlin Leader","floor":31.0,"turns":1.0},{"damage":0.0,"enemies":"Champ","floor":33.0,"turns":1.0},{"damage":0.0,"enemies":"3 Darklings","floor":35.0,"turns":1.0},{"damage":0.0,"enemies":"R_Hoarder","floor":40.0,"turns":1.0},{"damage":0.0,"enemies":"Reptomancer","floor":41.0,"turns":1.0},{"damage":0.0,"enemies":"R_Hoarder","floor":42.0,"turns":1.0},{"damage":0.0,"enemies":"Reptomancer","floor":44.0,"turns":1.0},{"damage":0.0,"enemies":"R_Hoarder","floor":46.0,"turns":1.0},{"damage":0.0,"enemies":"Awakened One","floor":50.0,"turns":2.0},{"damage":0,"enemies":"Donu and Deca","floor":51,"turns":5},{"damage":0,"enemies":"Shield and Spear","floor":55,"turns":1},{"damage":0,"enemies":"The Heart","floor":56,"turns":4}],"seed_played":"8149173212662676403","potions_obtained":[{"floor":5.0,"key":"CunningPotion"},{"floor":5.0,"key":"FearPotion"},{"floor":14.0,"key":"AttackPotion"}],"is_trial":true,"path_per_floor":["M","?","?","?","?","E","E","E","T","E","R","E","E","E","R","B",null,"M","$","$","?","$","E","R","E","T","E","E","R","E","E","R","B",null,"M","$","$","?","$","E","E","E","T","E","R","E","?","$","R","B","B",null,"R","$","E","B",null],"character_chosen":"THE_SILENT","items_purchased":["Catalyst","Deadly Poison","Art of War","ReplayTheSpireMod:Lightbulb","Catalyst","reliquary:RadioactivePellet","reliquary:Bookmark","Catalyst","ClockworkSouvenir","reliquary:RoseTintedGlasses","TheAbacus","Replay:Baseball","ImprovedEquipment","ReplayTheSpireMod:CursedCoin","Sundial"],"campfire_rested":0,"item_purchase_floors":[11,11,19,19,22,36,36,39,39,45,45,48,49,49,53],"current_hp_per_floor":[59,59,59,48,48,48,48,48,48,48,54,54,54,54,57,57,64,64,64,64,64,64,64,66,66,66,66,66,66,66,66,66,66,66,66,66,66,66,69,69,72,72,72,72,72,72,72,72,75,75,75,75,75,75,75,75],"gold":504,"neow_bonus":"","is_daily":false,"chose_seed":false,"campfire_upgraded":0,"win_rate":0.0,"timestamp":1612543445,"path_taken":["M","?","?","?","?","E","E","E","T","E","R","E","?","E","R","BOSS","M","$","$","?","$","E","R","E","T","E","E","R","?","E","R","BOSS","M","$","$","?","$","E","E","E","T","E","R","E","?","?","R","BOSS","BOSS","R","$","E","BOSS"],"items_purchased_type":["Card","Card","Relic","Relic","Card","Relic","Relic","Card","Relic","Relic","Relic","Relic","Relic","Relic","Relic"],"build_version":"2020-12-22","purchased_purges":0,"victory":true,"max_hp_per_floor":[66,66,66,66,66,66,66,66,66,66,66,66,66,66,66,66,66,66,66,66,66,66,66,66,66,66,66,66,66,66,66,66,66,66,66,66,66,66,69,69,72,72,72,72,72,72,72,72,75,75,75,75,75,75,75,75],"card_choices":[{"not_picked":["Hidden Blade","Catalyst"],"picked":"Concentrate","floor":1.0},{"not_picked":["Sucker Punch","Infinite Blades","Deflect","Flying Knee"],"picked":"ReplayTheSpireMod:Scrap Shanks","floor":3.0},{"not_picked":["Flying Knee","PiercingWail","Cloak And Dagger","Deflect"],"picked":"Acrobatics","floor":3.0},{"not_picked":["MostiFishMod:GrandStart","MostiFishMod:Confrontation","Tools of the Trade","MostiFishMod:SpreadingSpore","MostiFishMod:ShivMaster"],"picked":"SKIP","floor":6.0},{"not_picked":["After Image","Storm of Steel","Doppelganger","Die Die Die"],"picked":"ReplayTheSpireMod:Necrosis","floor":7.0},{"not_picked":["MostiFishMod:Wind","Unload","MostiFishMod:Opportunism","ReplayTheSpireMod:From All Sides"],"picked":"MostiFishMod:FullyArmed","floor":8.0},{"not_picked":["Doppelganger","Bullet Time","Grand Finale","ReplayTheSpireMod:Necrosis","Envenom"],"picked":"SKIP","floor":10.0},{"not_picked":["ReplayTheSpireMod:From All Sides","Bullet Time","MostiFishMod:Dislodge","Tools of the Trade"],"picked":"Adrenaline","floor":12.0},{"not_picked":["Envenom","Venomology","MostiFishMod:Listen","Adrenaline"],"picked":"Burst","floor":13.0},{"not_picked":["Burst","MostiFishMod:Listen","Venomology","MostiFishMod:AdrenalineArouse","Phantasmal Killer"],"picked":"SKIP","floor":14.0},{"not_picked":["Backstab","Dodge and Roll+1","Poisoned Stab","Flying Knee","Prepared"],"picked":"SKIP","floor":18.0},{"not_picked":["Grand Finale","Die Die Die","A Thousand Cuts","Tools of the Trade","MostiFishMod:Wind"],"picked":"SKIP","floor":23.0},{"not_picked":["MostiFishMod:Listen","Bullet Time","MostiFishMod:AdrenalineArouse","MostiFishMod:Confrontation","Poison Darts"],"picked":"SKIP","floor":25.0},{"not_picked":["MostiFishMod:Neurotoxin","Bullet Time","MostiFishMod:Dislodge","MostiFishMod:SpreadingSpore","Storm of Steel"],"picked":"SKIP","floor":27.0},{"not_picked":["Atom Bomb","Corpse Explosion","MostiFishMod:Confrontation","MostiFishMod:ShivMaster","MostiFishMod:Opportunism"],"picked":"SKIP","floor":28.0},{"not_picked":["MostiFishMod:GrandStart","Phantasmal Killer","MostiFishMod:Neurotoxin","Bullet Time","A Thousand Cuts"],"picked":"SKIP","floor":30.0},{"not_picked":["Die Die Die","MostiFishMod:Dislodge","After Image","Bullet Time","MostiFishMod:SpreadingSpore"],"picked":"SKIP","floor":31.0},{"not_picked":["Dodge and Roll+1","Poisoned Stab","Blade Dance+1","Toxin Wave","Slice+1"],"picked":"SKIP","floor":35.0},{"not_picked":["MostiFishMod:Neurotoxin","Glass Knife","Night Terror","MostiFishMod:ShivMaster","Venomology"],"picked":"SKIP","floor":40.0},{"not_picked":["Replay:Bag of Tricks","MostiFishMod:Confrontation","Malaise","MostiFishMod:Listen"],"picked":"MostiFishMod:HiddenBlade","floor":41.0},{"not_picked":["Die Die Die","ReplayTheSpireMod:From All Sides","Malaise","Phantasmal Killer","Replay:Bag of Tricks"],"picked":"SKIP","floor":42.0},{"not_picked":["MostiFishMod:ShivMaster","Burst","Grand Finale","MostiFishMod:AdrenalineArouse","ReplayTheSpireMod:Necrosis"],"picked":"SKIP","floor":44.0},{"not_picked":["MostiFishMod:AdrenalineArouse","MostiFishMod:GrandStart","ReplayTheSpireMod:From All Sides","Glass Knife","Doppelganger"],"picked":"SKIP","floor":46.0},{"not_picked":["MostiFishMod:Neurotoxin","MostiFishMod:SpreadingSpore","A Thousand Cuts","Corpse Explosion","ReplayTheSpireMod:From All Sides"],"picked":"SKIP","floor":55}],"player_experience":85456,"relics_obtained":[{"floor":1.0,"key":"SynthV:TestCard"},{"floor":3.0,"key":"Bottled Lightning"},{"floor":6.0,"key":"Vajra"},{"floor":7.0,"key":"reliquary:PrincelyHelmet"},{"floor":8.0,"key":"Replay:Bottled Snecko"},{"floor":10.0,"key":"Eternal Feather"},{"floor":12.0,"key":"Snack Pack"},{"floor":13.0,"key":"Thread and Needle"},{"floor":14.0,"key":"SynthV:C4"},{"floor":23.0,"key":"reliquary:Buckler"},{"floor":25.0,"key":"Pen Nib"},{"floor":26.0,"key":"Anchor"},{"floor":27.0,"key":"reliquary:BallBearing"},{"floor":28.0,"key":"ReplayTheSpireMod:Shallot"},{"floor":30.0,"key":"Girya"},{"floor":31.0,"key":"Replay:Ringing Soul"},{"floor":40.0,"key":"Mirror"},{"floor":41.0,"key":"MealTicket"},{"floor":42.0,"key":"reliquary:WeakTea"},{"floor":43.0,"key":"Pantograph"},{"floor":44.0,"key":"reliquary:Aerogel"},{"floor":46.0,"key":"BionicSphere"},{"floor":55,"key":"Replay:Accelerometer"}],"event_choices":[{"damage_healed":0.0,"max_hp_gain":0.0,"max_hp_loss":0.0,"gold_gain":0.0,"cards_transformed":["Defend_G"],"event_name":"Living Wall","player_choice":"Change","floor":2.0,"gold_loss":0.0,"damage_taken":0.0,"cards_obtained":["Concentrate"]},{"damage_healed":0.0,"max_hp_gain":0.0,"max_hp_loss":0.0,"gold_gain":75.0,"event_name":"World of Goop","player_choice":"Gather Gold","floor":4.0,"gold_loss":0.0,"damage_taken":11.0},{"damage_healed":0.0,"max_hp_gain":0.0,"max_hp_loss":0.0,"gold_gain":0.0,"event_name":"Lab","player_choice":"Got Potions","floor":5.0,"gold_loss":0.0,"damage_taken":0.0},{"damage_healed":0.0,"max_hp_gain":0.0,"max_hp_loss":0.0,"gold_gain":0.0,"event_name":"The Joust","player_choice":"Bet on Murderer","floor":21.0,"gold_loss":50.0,"damage_taken":0.0},{"cards_removed":["Catalyst"],"damage_healed":0.0,"max_hp_gain":0.0,"max_hp_loss":0.0,"gold_gain":0.0,"event_name":"Falling","player_choice":"Removed Skill","floor":38.0,"gold_loss":0.0,"damage_taken":0.0},{"damage_healed":0.0,"max_hp_gain":0.0,"max_hp_loss":0.0,"gold_gain":0.0,"event_name":"Tomb of Lord Red Mask","player_choice":"Ignored","floor":47.0,"gold_loss":0.0,"damage_taken":0.0}],"is_beta":false,"boss_relics":[{"not_picked":["Replay:Drink Me","Ectoplasm"],"picked":"RhineCircuit"},{"not_picked":["Honey Jar","BloodWine"],"picked":"Fusion Hammer"}],"items_purged_floors":[],"is_endless":false,"potions_floor_spawned":[6,7,14,27,28,31,33,41,42],"ascension_level":20}}