{"host":"0s8kyghz8ihx2r41","time":1612491243,"event":{"mods":["100% Spire Juice","2.2 Compatiblity","Act Like it!","Bard","BaseMod","CapriCore","Chen","Conspire","Downfall","Friendly Minions","GungeonMod","Hermit","HololiveMod","Hubris","Koishi","Lobotomy","LobotomyExtend","Marisa（霧雨　魔理沙）","Minty Spire (QoL Compilation)","Monster B Gone","Morshu Shopkeeper","Prisma Mod","Reimu（博??梦）","Reliquary","Replay The Spire","Spire Birthday Party","StSLib","The Administrix","The Alterego","The Clintock","The Construct","The Cursed","The Disciple","The Edgeheg","The Gatherer","The Immortal","The Marked","The Mystic","The Servant 0.9.4","TheBandit","TheSwordswoman","TheVacant","Waifu the Spire","Yakumo Yukari mod","Yuyuko","everything is the same but u backflip on backflip","slay the spire mod where everything is the same but ironclad has a cowboy hat"],"gold_per_floor":[115,115,215,225,225,254,254,254,278,307,324,406,133,133,133,133,133],"floor_reached":16,"language":"ENG","playtime":587,"items_purged":[],"score":106,"play_id":"9be4c65c-3863-43fe-8aa8-716fedba2181","local_time":"20210204211403","is_ascension_mode":false,"campfire_choices":[{"floor":7,"key":"REST"},{"floor":15,"key":"REST"}],"circlet_count":0,"master_deck":["Strike_P","Strike_P","Strike_P","Strike_P","Defend_P","Defend_P","Defend_P","Defend_P","Eruption","Vigilance","FlurryOfBlows+1","BowlingBash","WaveOfTheHand","Pray","Halt","PathToVictory","Replay:Battleflow"],"relics":["PureWater","LetterFromLob","DemoMod:GundromedaStrain","Happy Flower","reliquary:IvoryTrinket","Quantum Egg","TentaclePot:ReiMu"],"acts_visited":["Exordium"],"potions_floor_usage":[16],"damage_taken":[{"damage":14,"enemies":"Jaw Worm","floor":1,"turns":6},{"damage":9,"enemies":"Small Slimes","floor":4,"turns":3},{"damage":32,"enemies":"Lagavulin","floor":6,"turns":6},{"damage":26,"enemies":"3 Sentries","floor":10,"turns":9},{"damage":3,"enemies":"Cultist","floor":11,"turns":3},{"damage":43,"enemies":"Slime Boss","floor":16,"turns":6}],"seed_played":"1422119528240751987","potions_obtained":[{"floor":10,"key":"AttackPotion"},{"floor":11,"key":"FearPotion"}],"is_trial":false,"path_per_floor":["M","?","?","M","?","E","R","E","T","E","M","T","$","?","R","B"],"character_chosen":"WATCHER","items_purchased":["TentaclePot:ReiMu","PathToVictory","Replay:Battleflow"],"campfire_rested":2,"item_purchase_floors":[13,13,13],"current_hp_per_floor":[63,63,63,54,49,17,40,40,40,14,11,11,11,11,34,0,0],"gold":133,"neow_bonus":"RANDOM_EVENT","is_daily":false,"chose_seed":false,"campfire_upgraded":0,"win_rate":0.0,"timestamp":1612491243,"path_taken":["M","?","?","?","?","E","R","E","T","E","M","?","$","?","R","BOSS"],"items_purchased_type":["Relic","Card","Card"],"build_version":"2020-12-22","purchased_purges":0,"victory":false,"max_hp_per_floor":[77,77,77,77,77,77,77,77,77,77,77,77,77,77,77,77,77],"card_choices":[{"not_picked":["ClearTheMind","SignatureMove"],"picked":"FlurryOfBlows","floor":1},{"not_picked":["Replay:Vibes","MentalFortress"],"picked":"BowlingBash","floor":4},{"not_picked":["ForeignInfluence","DevaForm"],"picked":"WaveOfTheHand","floor":6},{"not_picked":["FlurryOfBlows","Replay:AtTheReady"],"picked":"Pray","floor":10},{"not_picked":["ReachHeaven","JustLucky"],"picked":"Halt","floor":11}],"player_experience":350851,"relics_obtained":[{"floor":1,"key":"LetterFromLob"},{"floor":6,"key":"DemoMod:GundromedaStrain"},{"floor":9,"key":"Happy Flower"},{"floor":10,"key":"reliquary:IvoryTrinket"},{"floor":12,"key":"Quantum Egg"}],"event_choices":[{"damage_healed":0,"gold_gain":0,"player_choice":"Donut","damage_taken":0,"max_hp_gain":5,"max_hp_loss":0,"event_name":"Big Fish","floor":0,"gold_loss":0},{"damage_healed":0,"gold_gain":100,"player_choice":"Pray","damage_taken":0,"max_hp_gain":0,"max_hp_loss":0,"event_name":"Golden Shrine","floor":3,"gold_loss":0},{"damage_healed":0,"gold_gain":0,"player_choice":"Searched \u00270\u0027 times","damage_taken":0,"max_hp_gain":0,"max_hp_loss":0,"event_name":"Dead Adventurer","floor":14,"gold_loss":0}],"is_beta":false,"boss_relics":[],"items_purged_floors":[],"is_endless":false,"potions_floor_spawned":[10,11],"killed_by":"Slime Boss","ascension_level":0}}