{"host":"hpt6dcq85ksi3d55","time":1612564804,"event":{"mods":["AchievementEnabler","BaseMod","Colored Map","Colored Powertips","Downfall","Highlight Path","Marisa????????","Minty Spire (QoL Compilation)","Remilia??????","Shop Mod","StSLib","The Animator","The Cursed","The Necromancer","The Servant 0.9.4"],"gold_per_floor":[199,216,228,220,248,284,330,354,381,381,414,436,236,299,319,426,426,426,458,458,482,482,509,509,549,566,583,691,379,379,379,400,503,503,503,503,522,548,548,594,594,615,388,288,288,315,338,377,412,412,412,412],"floor_reached":50,"language":"ENG","playtime":8148,"items_purged":["Pain"],"score":604,"play_id":"7ef06426-15c1-4737-accc-4300db3cf2f1","local_time":"20210205174004","is_ascension_mode":false,"campfire_choices":[{"floor":1.0,"key":"RECALL"},{"data":"hexamod:FastForward","floor":13.0,"key":"SMITH"},{"data":"hexamod:GhostflameInferno","floor":18.0,"key":"SMITH"},{"data":"hexamod:BurningTouch","floor":30,"key":"SMITH"},{"data":"hexamod:TimeOfNeed","floor":35,"key":"SMITH"},{"data":"J.A.X.","floor":44,"key":"SMITH"}],"circlet_count":0,"master_deck":["hexamod:Strike","hexamod:Strike","hexamod:Defend","hexamod:Defend","hexamod:Sear","hexamod:Float","hexamod:ThermalTransfer","hexamod:SpectersWail","hexamod:SecondSeal","hexamod:FirstSeal","hexamod:FourthSeal","hexamod:GhostShield","hexamod:ForkedFlame","hexamod:SpectersWail","hexamod:RecurringNightmare","hexamod:AdvancingGuard","hexamod:FastForward+1","hexamod:InspiringFlames","hexamod:BacktrackSmack","hexamod:GhostflameInferno+1","hexamod:SwordOfDarkness+1","hexamod:BurningTouch+1","hexamod:TimeOfNeed+1","hexamod:StepThrough+1","hexamod:Rewind","hexamod:DynamicBlow+1","hexamod:ExtraCrispy","hexamod:EmpoweredFlame","J.A.X.+1","hexamod:HauntingEcho+1","Swift Strike","hexamod:HeatMetal+1","hexamod:SearingWound","hexamod:FastForward+1","Parasite"],"relics":["hexamod:SpiritBrand","Anchor","Toy Ornithopter","Bird Faced Urn","downfall:HeartBlessingRed","downfall:HeartBlessingGreen","hexamod:MatchstickCase","Coffee Dripper","Shuriken","Centennial Puzzle","MutagenicStrength","Bronze Scales","MerchantsRug","Bag of Preparation","Busted Crown","CaptainsWheel","Strange Spoon","downfall:HeartBlessingBlue","Oddly Smooth Stone","Happy Flower"],"acts_visited":["Exordium","TheCity","TheBeyond"],"potions_floor_usage":[21,23,25,27,28,29,32,33,33,42,43,46,49,49,50],"damage_taken":[{"damage":0.0,"enemies":"Jaw Worm","floor":2.0,"turns":3.0},{"damage":0.0,"enemies":"Small Slimes","floor":3.0,"turns":4.0},{"damage":5.0,"enemies":"2 Louse","floor":5.0,"turns":3.0},{"damage":23.0,"enemies":"3 Sentries","floor":6.0,"turns":12.0},{"damage":0.0,"enemies":"Exordium Wildlife","floor":8.0,"turns":3.0},{"damage":0.0,"enemies":"Large Slime","floor":9.0,"turns":4.0},{"damage":5.0,"enemies":"Lagavulin","floor":11.0,"turns":7.0},{"damage":0.0,"enemies":"The Mushroom Lair","floor":12.0,"turns":4.0},{"damage":0.0,"enemies":"3 Sentries","floor":14.0,"turns":6.0},{"damage":0.0,"enemies":"Lots of Slimes","floor":15.0,"turns":3.0},{"damage":5.0,"enemies":"IC_STATUS_ARCHETYPE","floor":16.0,"turns":9.0},{"damage":0.0,"enemies":"Chosen","floor":19.0,"turns":4.0},{"damage":2,"enemies":"Snecko","floor":21,"turns":4},{"damage":0,"enemies":"3 Cultists","floor":23,"turns":4},{"damage":23,"enemies":"Book of Stabbing","floor":25,"turns":5},{"damage":0,"enemies":"Snake Plant","floor":26,"turns":3},{"damage":0,"enemies":"Shelled Parasite and Fungi","floor":27,"turns":3},{"damage":21,"enemies":"downfall:Augmenter","floor":28,"turns":6},{"damage":3,"enemies":"downfall:FleeingMerchant","floor":29,"turns":4},{"damage":5,"enemies":"3 Cultists","floor":32,"turns":4},{"damage":45,"enemies":"SI_MIRROR_ARCHETYPE","floor":33,"turns":8},{"damage":3,"enemies":"Orb Walker","floor":37,"turns":3},{"damage":16,"enemies":"3 Darklings","floor":38,"turns":3},{"damage":10,"enemies":"Writhing Mass","floor":42,"turns":4},{"damage":7,"enemies":"downfall:FleeingMerchant","floor":43,"turns":4},{"damage":2,"enemies":"Sphere and 2 Shapes","floor":46,"turns":3},{"damage":18,"enemies":"Reptomancer","floor":48,"turns":5},{"damage":16,"enemies":"Maw","floor":49,"turns":6},{"damage":106,"enemies":"DF_ARCHETYPE_ORBS","floor":50,"turns":8}],"seed_played":"-1891418652117024478","potions_obtained":[{"floor":3.0,"key":"AttackPotion"},{"floor":5.0,"key":"Ancient Potion"},{"floor":5.0,"key":"Regen Potion"},{"floor":6.0,"key":"sneckomod:MuddlingPotion"},{"floor":8.0,"key":"Energy Potion"},{"floor":9.0,"key":"Guardian:BlockOnCardUsePotion"},{"floor":11.0,"key":"sneckomod:MuddlingPotion"},{"floor":11.0,"key":"AttackPotion"},{"floor":12.0,"key":"Slimebound:ThreeZeroPotion"},{"floor":14.0,"key":"SmokeBomb"},{"floor":14.0,"key":"Fruit Juice"},{"floor":15.0,"key":"DuplicationPotion"},{"floor":15.0,"key":"EssenceOfSteel"},{"floor":16.0,"key":"bronze:BurnAndBuffPotion"},{"floor":19.0,"key":"Ancient Potion"},{"floor":21,"key":"FairyPotion"},{"floor":25,"key":"DuplicationPotion"},{"floor":25,"key":"Block Potion"},{"floor":26,"key":"hexamod:EctoCoolerPotion"},{"floor":28,"key":"champ:CounterPotion"},{"floor":29,"key":"EssenceOfSteel"},{"floor":32,"key":"Ancient Potion"},{"floor":32,"key":"Swift Potion"},{"floor":33,"key":"SteroidPotion"},{"floor":33,"key":"Ancient Potion"},{"floor":36,"key":"EntropicBrew"},{"floor":37,"key":"hexamod:DoubleChargePotion"},{"floor":38,"key":"Regen Potion"},{"floor":42,"key":"FairyPotion"},{"floor":43,"key":"hexamod:EctoCoolerPotion"},{"floor":46,"key":"Fruit Juice"},{"floor":48,"key":"Energy Potion"},{"floor":49,"key":"SteroidPotion"},{"floor":49,"key":"EssenceOfSteel"}],"is_trial":false,"path_per_floor":["R","M","M","?","M","E","T","M","M","?","E","?","R","?","M","B",null,"R","M","?","M","?","M","T","E","M","M","?","$","R","?","M","B",null,"R","?","M","M","?","T","T","M","$","R","?","M","T","E","M","B"],"character_chosen":"THE_SPIRIT","items_purchased":["Bronze Scales","MerchantsRug","Swift Strike","Strange Spoon"],"campfire_rested":0,"item_purchase_floors":[29,29,29,43],"current_hp_per_floor":[70,70,70,63,65,57,57,64,70,70,70,70,70,70,75,75,75,75,75,75,75,75,75,75,70,74,75,69,75,75,75,75,48,75,75,75,72,60,60,60,60,72,75,85,85,90,90,77,90,0,0,0],"gold":412,"neow_bonus":"HUNDRED_GOLD","is_daily":false,"chose_seed":false,"campfire_upgraded":5,"win_rate":0.0,"timestamp":1612564804,"path_taken":["R","M","M","?","M","E","T","M","M","?","E","?","R","?","M","BOSS","R","M","?","M","?","M","T","E","?","M","?","$","R","?","M","BOSS","R","?","?","M","?","?","T","?","$","R","?","?","?","E","M","BOSS"],"items_purchased_type":["Relic","Relic","Card","Relic"],"build_version":"2020-12-22","purchased_purges":1,"victory":false,"max_hp_per_floor":[70,70,70,70,70,70,70,70,70,70,70,70,70,70,75,75,75,75,75,75,75,75,75,75,75,75,75,75,75,75,75,75,75,75,75,75,75,75,75,75,75,75,75,85,85,90,90,90,90,90,90,90],"card_choices":[{"not_picked":["hexamod:RetreatToShadows","hexamod:Hexaguard"],"picked":"hexamod:ThermalTransfer","floor":2.0},{"not_picked":["hexamod:GhostflameBarrier","hexamod:HauntingEcho"],"picked":"hexamod:SpectersWail","floor":3.0},{"not_picked":["hexamod:FirstSeal","hexamod:ThermalTransfer"],"picked":"hexamod:GhostShield","floor":5.0},{"not_picked":["hexamod:BacktrackSmack","hexamod:FirstSeal"],"picked":"hexamod:ForkedFlame","floor":6.0},{"not_picked":["hexamod:Firestarter","hexamod:PhantomCloak"],"picked":"hexamod:SpectersWail","floor":8.0},{"not_picked":["hexamod:SpectersWail","hexamod:FirstSeal"],"picked":"hexamod:RecurringNightmare","floor":9.0},{"not_picked":["hexamod:SwordOfDarkness","hexamod:PhantomCloak"],"picked":"hexamod:AdvancingGuard","floor":11.0},{"not_picked":["hexamod:ThermalTransfer","hexamod:ShieldOfDarkness"],"picked":"hexamod:FastForward","floor":12.0},{"not_picked":["hexamod:Hexaguard","hexamod:GhostShield"],"picked":"hexamod:InspiringFlames","floor":14.0},{"not_picked":["hexamod:InspiringFlames","hexamod:HauntingEcho"],"picked":"hexamod:BacktrackSmack","floor":15.0},{"not_picked":["hexamod:UnleashSpirits","hexamod:WildfireWeapon"],"picked":"hexamod:GhostflameInferno","floor":16.0},{"not_picked":["hexamod:FastForward","hexamod:NightmareGuise"],"picked":"hexamod:SwordOfDarkness+1","floor":19.0},{"not_picked":["hexamod:GhostShield","hexamod:GhostOfSpireFuture"],"picked":"hexamod:BurningTouch","floor":21},{"not_picked":["hexamod:GhostOfSpirePast","hexamod:PhantomCloak+1"],"picked":"hexamod:TimeOfNeed","floor":23},{"not_picked":["hexamod:Incineration","hexamod:ShieldOfDarkness"],"picked":"hexamod:StepThrough+1","floor":25},{"not_picked":["hexamod:SecondSeal","hexamod:NightmareStrike"],"picked":"hexamod:Rewind","floor":26},{"not_picked":["hexamod:Again","hexamod:Rewind+1"],"picked":"hexamod:DynamicBlow+1","floor":27},{"not_picked":[],"picked":"J.A.X.","floor":28},{"not_picked":["hexamod:GhostShield+1","hexamod:GhostflameBarrier"],"picked":"hexamod:HauntingEcho+1","floor":28},{"not_picked":["hexamod:SwordOfDarkness+1","hexamod:Haunt","hexamod:HauntingEcho"],"picked":"SKIP","floor":29},{"not_picked":["hexamod:Hexaguard","hexamod:GhostShield"],"picked":"hexamod:HeatMetal+1","floor":32},{"not_picked":["hexamod:GhostflameInferno","hexamod:UnleashSpirits"],"picked":"hexamod:SearingWound","floor":33},{"not_picked":[],"picked":"hexamod:FastForward+1","floor":37},{"not_picked":["hexamod:GhostShield"],"picked":"SKIP","floor":38},{"not_picked":["hexamod:ThirdSeal"],"picked":"SKIP","floor":42},{"not_picked":["hexamod:HeatMetal+1"],"picked":"SKIP","floor":43},{"not_picked":["hexamod:RadiantFlame"],"picked":"SKIP","floor":46},{"not_picked":["hexamod:InspiringFlames"],"picked":"SKIP","floor":48},{"not_picked":["hexamod:ChargedBarrage+1"],"picked":"SKIP","floor":49}],"player_experience":182078,"relics_obtained":[{"floor":6.0,"key":"Anchor"},{"floor":7.0,"key":"Toy Ornithopter"},{"floor":11.0,"key":"Bird Faced Urn"},{"floor":12.0,"key":"Odd Mushroom"},{"floor":14.0,"key":"hexamod:MatchstickCase"},{"floor":24,"key":"Shuriken"},{"floor":25,"key":"Centennial Puzzle"},{"floor":27,"key":"Boot"},{"floor":28,"key":"MutagenicStrength"},{"floor":41,"key":"CaptainsWheel"},{"floor":47,"key":"Oddly Smooth Stone"},{"floor":48,"key":"Happy Flower"}],"event_choices":[{"damage_healed":0.0,"max_hp_gain":0.0,"max_hp_loss":0.0,"gold_gain":0.0,"event_name":"Mushrooms","player_choice":"Fought Mushrooms","floor":12.0,"gold_loss":0.0,"damage_taken":0.0},{"damage_healed":0,"gold_gain":0,"player_choice":"Got Potions","damage_taken":0,"max_hp_gain":0,"max_hp_loss":0,"event_name":"Lab","floor":36,"gold_loss":0}],"is_beta":false,"boss_relics":[{"not_picked":["Empty Cage","Astrolabe"],"picked":"Coffee Dripper"},{"not_picked":["Runic Dome","bronze:MakeshiftBattery"],"picked":"Busted Crown"}],"items_purged_floors":[43],"is_endless":false,"potions_floor_spawned":[3,5,6,11,14,15,25,26,32,33,37,46,49],"killed_by":"DF_ARCHETYPE_ORBS","ascension_level":0}}