{"host":"8a72fthmlk1o8pdb","time":1612511375,"event":{"mods":["AchievementEnabler","Aspiration","Astrologer","Bard","BaseMod","Beaked The Cultist","Better Sensory Stone","Better Skull","Better Third Choice","ChefMod","Colored Map","Colored Powertips","Dark Map","Downfall","Friendly Minions","GifTheSpireLib","Googly Eyes","Gremlin Mod","Hermit","JesterMod","Jorbs\u0027s Wanderer Trilogy","Marisa????????","Minty Spire (QoL Compilation)","Permanent Neow","Random Character Button","Rare Cards Sparkle","Relic Stats","Reliquary","Robot Space Explorer","Shade Mod","Shop Mod","Somnambulant","StSLib","The Alterego","The Animator","The Blue Laboratory","The Construct","The Cursed","The Disciple","The Hayseed","The Hierophant","The Marked","The Necromancer","The Poker Player","The Problem Sleuth","The Runesmith","thorton"],"gold_per_floor":[116,66,84,84,101,101,113,113,113,123,136,155,170,183,183,285,285,303,303,228,246,146,146,162,188,188,188,219,231,106,120,120,120,120],"floor_reached":33,"language":"ENG","playtime":1186,"items_purged":["Strike_R","Strike_R","Strike_R"],"score":323,"play_id":"1789ec24-d2f6-47b3-985a-ce2b4c51d875","local_time":"20210204234935","is_ascension_mode":true,"campfire_choices":[{"data":"Bloodletting","floor":6,"key":"SMITH"},{"data":"Whirlwind","floor":15,"key":"SMITH"},{"data":"Double Tap","floor":23,"key":"SMITH"},{"floor":32,"key":"REST"}],"circlet_count":0,"master_deck":["Strike_R","Defend_R","Defend_R","Defend_R","Defend_R","Bash","Bloodletting+1","Thunderclap","Seeing Red+1","Whirlwind+1","Dropkick","Double Tap+1","Seeing Red+1","Rage"],"relics":["jesterMod:MachoBrace","Cursed Key","reliquary:Buckler","reliquary:Boomerang"],"acts_visited":["Exordium","TheCity"],"potions_floor_usage":[13,14,16,16,28,31,33],"damage_taken":[{"damage":6,"enemies":"2 Louse","floor":1,"turns":3},{"damage":1,"enemies":"Jaw Worm","floor":3,"turns":4},{"damage":6,"enemies":"Cultist","floor":5,"turns":4},{"damage":1,"enemies":"2 Fungi Beasts","floor":7,"turns":3},{"damage":7,"enemies":"Exordium Thugs","floor":10,"turns":6},{"damage":5,"enemies":"Looter","floor":11,"turns":3},{"damage":0,"enemies":"Lots of Slimes","floor":12,"turns":1},{"damage":3,"enemies":"Blue Slaver","floor":13,"turns":2},{"damage":2,"enemies":"Exordium Wildlife","floor":14,"turns":4},{"damage":19,"enemies":"Slime Boss","floor":16,"turns":10},{"damage":8,"enemies":"Spheric Guardian","floor":18,"turns":3},{"damage":5,"enemies":"3 Byrds","floor":21,"turns":2},{"damage":3,"enemies":"3 Cultists","floor":24,"turns":2},{"damage":0,"enemies":"Slavers","floor":25,"turns":1},{"damage":28,"enemies":"Book of Stabbing","floor":28,"turns":4},{"damage":19,"enemies":"Snecko","floor":29,"turns":5},{"damage":5,"enemies":"Snake Plant","floor":31,"turns":4},{"damage":59,"enemies":"Automaton","floor":33,"turns":6}],"seed_played":"-3132582840023069156","potions_obtained":[{"floor":1,"key":"blueLaboratory:HummingbirdPotion"},{"floor":5,"key":"blueLaboratory:BubblePotion"},{"floor":12,"key":"LiquidMemories"},{"floor":13,"key":"Weak Potion"},{"floor":14,"key":"Explosive Potion"},{"floor":16,"key":"Fire Potion"},{"floor":21,"key":"blueLaboratory:LimitlessPotion"},{"floor":25,"key":"blueLaboratory:StoneskinPotion"},{"floor":31,"key":"SteroidPotion"}],"is_trial":false,"path_per_floor":["M","?","M","$","M","R","M","?","T","M","M","M","M","M","R","B",null,"M","?","$","M","$","R","M","E","T","?","E","M","$","M","R","B"],"character_chosen":"IRONCLAD","items_purchased":[],"campfire_rested":1,"item_purchase_floors":[],"current_hp_per_floor":[74,74,73,73,67,67,66,66,66,59,54,54,51,49,49,30,80,72,72,72,67,67,67,64,64,64,64,36,17,17,12,36,0,0],"gold":120,"neow_bonus":"BOSS_RELIC","is_daily":false,"chose_seed":false,"campfire_upgraded":3,"win_rate":0.0,"timestamp":1612511375,"path_taken":["M","?","M","$","M","R","M","?","T","M","M","M","M","?","R","BOSS","M","?","$","M","?","R","M","E","T","?","E","M","$","?","R","BOSS"],"items_purchased_type":[],"build_version":"2020-12-22","purchased_purges":3,"victory":false,"max_hp_per_floor":[80,80,80,80,80,80,80,80,80,80,80,80,80,80,80,80,80,80,80,80,80,80,80,80,80,80,80,80,80,80,80,80,80,80],"relic_stats":{"counters":[18,67],"Cursed Key":0,"obtain_stats":[{"reliquary:Boomerang":28,"jesterMod:MachoBrace":0,"reliquary:Buckler":25,"Cursed Key":17,"Burning Blood":0},{"reliquary:Boomerang":15,"jesterMod:MachoBrace":0,"reliquary:Buckler":14,"Cursed Key":10,"Burning Blood":0},{"reliquary:Boomerang":52,"jesterMod:MachoBrace":0,"reliquary:Buckler":48,"Cursed Key":40,"Burning Blood":0}]},"card_choices":[{"not_picked":["Iron Wave","Reckless Charge"],"picked":"Bloodletting","floor":1},{"not_picked":["Ghostly Armor","Shockwave"],"picked":"Thunderclap","floor":3},{"not_picked":["Iron Wave","Body Slam","Disarm"],"picked":"SKIP","floor":5},{"not_picked":["True Grit","Warcry"],"picked":"Seeing Red","floor":7},{"not_picked":["Heavy Blade","True Grit","Thunderclap"],"picked":"SKIP","floor":10},{"not_picked":["Clothesline","Evolve"],"picked":"Whirlwind","floor":11},{"not_picked":["Armaments","Cleave"],"picked":"Dropkick","floor":12},{"not_picked":["True Grit","Anger","Iron Wave"],"picked":"SKIP","floor":13},{"not_picked":["Clash","Cleave","Perfected Strike"],"picked":"SKIP","floor":14},{"not_picked":["Reaper","Impervious"],"picked":"Double Tap","floor":16},{"not_picked":["Heavy Blade","Warcry+1","Iron Wave+1"],"picked":"SKIP","floor":18},{"not_picked":["Pommel Strike","Warcry+1"],"picked":"Seeing Red","floor":21},{"not_picked":["Iron Wave","Infernal Blade"],"picked":"Rage","floor":24},{"not_picked":["Inflame+1","Pommel Strike","Cleave"],"picked":"SKIP","floor":25},{"not_picked":["Clash+1","Bludgeon","Corruption"],"picked":"SKIP","floor":28},{"not_picked":["Flex+1","Warcry","Cleave"],"picked":"SKIP","floor":29},{"not_picked":["Clash+1","Body Slam+1","Second Wind+1"],"picked":"SKIP","floor":31}],"player_experience":168322,"relics_obtained":[{"floor":25,"key":"reliquary:Buckler"},{"floor":28,"key":"reliquary:Boomerang"}],"event_choices":[{"cards_removed":["Strike_R"],"damage_healed":0,"gold_gain":0,"player_choice":"Card Removal","damage_taken":0,"max_hp_gain":0,"max_hp_loss":0,"event_name":"The Cleric","floor":2,"gold_loss":50},{"damage_healed":0,"gold_gain":0,"player_choice":"Leave","damage_taken":0,"max_hp_gain":0,"max_hp_loss":0,"event_name":"FaceTrader","floor":8,"gold_loss":0},{"damage_healed":0,"gold_gain":0,"player_choice":"Ignored","damage_taken":0,"max_hp_gain":0,"max_hp_loss":0,"event_name":"N\u0027loth","floor":19,"gold_loss":0}],"is_beta":false,"boss_relics":[{"not_picked":["aspiration:RitualDagger","Runic Dome"],"picked":"Cursed Key"}],"items_purged_floors":[20,22,30],"is_endless":false,"potions_floor_spawned":[1,5,12,13,14,16,21,25,31],"killed_by":"Automaton","ascension_level":1}}