{"host":"Bilverbakes","time":1612553151,"event":{"mods":["2.2 Compatiblity","AchievementEnabler","BaseMod","Bestiary","Colored Map","Minty Spire (QoL Compilation)","Relic Stats","StSLib","ojb\u0027s Info Mod"],"gold_per_floor":[116,116,35,35,55,55,90,90,90,109,119,142,65,90,90,174,174,183,18,18,45,67,67,67],"floor_reached":23,"language":"ENG","playtime":948,"items_purged":[],"score":498,"play_id":"ee74e486-456a-489c-a703-861e9bb1a731","local_time":"20210205132551","is_ascension_mode":true,"campfire_choices":[{"floor":6,"key":"DIG"},{"floor":8,"key":"DIG"},{"floor":15,"key":"DIG"}],"circlet_count":0,"master_deck":["AscendersBane","Strike_P","Strike_P","Strike_P","Strike_P","Defend_P+1","Defend_P","Defend_P","Defend_P","Eruption","Vigilance","TalkToTheHand","Vengeance","Conclude+1","EmptyFist","CarveReality","FlurryOfBlows","DeceiveReality","Wireheading","Wish","Halt","CutThroughFate"],"relics":["PureWater","Shovel","Singing Bowl","CeramicFish","StoneCalendar","Yang","Bag of Marbles","Smiling Mask","Coffee Dripper","OrangePellets","Ancient Tea Set"],"acts_visited":["Exordium","TheCity"],"potions_floor_usage":[7,16,16,18],"damage_taken":[{"damage":7.0,"enemies":"Jaw Worm","floor":1.0,"turns":5.0},{"damage":0,"enemies":"Cultist","floor":5,"turns":2},{"damage":15,"enemies":"3 Sentries","floor":7,"turns":3},{"damage":0,"enemies":"2 Louse","floor":10,"turns":2},{"damage":2,"enemies":"Blue Slaver","floor":11,"turns":3},{"damage":7,"enemies":"Exordium Wildlife","floor":12,"turns":3},{"damage":2,"enemies":"Lagavulin","floor":14,"turns":7},{"damage":0,"enemies":"Hexaghost","floor":16,"turns":7},{"damage":0,"enemies":"2 Thieves","floor":18,"turns":4},{"damage":3,"enemies":"Spheric Guardian","floor":22,"turns":5},{"damage":32,"enemies":"Slavers","floor":23,"turns":3}],"seed_played":"-944908123213348212","potions_obtained":[{"floor":1.0,"key":"AttackPotion"},{"floor":5,"key":"PowerPotion"},{"floor":11,"key":"SkillPotion"},{"floor":16,"key":"SkillPotion"}],"is_trial":false,"path_per_floor":["M","?","$","?","M","R","E","R","T","M","M","M","$","E","R","B",null,"M","$","?","T","M","E"],"character_chosen":"WATCHER","items_purchased":["Conclude","Wireheading","OrangePellets"],"campfire_rested":0,"item_purchase_floors":[3,13,19],"current_hp_per_floor":[54,54,54,35,35,35,20,20,20,20,20,13,13,13,13,13,53,53,53,53,53,50,18,18],"gold":67,"neow_bonus":"ONE_RARE_RELIC","is_daily":false,"chose_seed":false,"campfire_upgraded":0,"win_rate":0.0,"timestamp":1612553151,"path_taken":["M","?","?","?","M","R","E","R","T","M","M","M","$","E","R","BOSS","M","$","?","?","M","E"],"items_purchased_type":["Card","Card","Relic"],"build_version":"2020-12-18","purchased_purges":0,"victory":false,"max_hp_per_floor":[62,62,62,62,62,62,62,62,62,62,64,64,64,66,66,66,66,66,66,66,66,66,66,66],"relic_stats":{"OrangePellets":[2],"Shovel":3,"Singing Bowl":4,"counters":[11,44],"CeramicFish":63,"StoneCalendar":[0],"Yang":[76],"Smiling Mask":0,"obtain_stats":[{"OrangePellets":19,"Shovel":0,"Singing Bowl":6,"CeramicFish":7,"StoneCalendar":8,"Yang":9,"Bag of Marbles":14,"Coffee Dripper":17,"PureWater":0,"Smiling Mask":15,"Ancient Tea Set":21},{"OrangePellets":9,"Shovel":0,"Singing Bowl":2,"CeramicFish":3,"StoneCalendar":3,"Yang":3,"Bag of Marbles":7,"Coffee Dripper":8,"PureWater":0,"Smiling Mask":7,"Ancient Tea Set":9},{"OrangePellets":36,"Shovel":0,"Singing Bowl":7,"CeramicFish":10,"StoneCalendar":10,"Yang":10,"Bag of Marbles":25,"Coffee Dripper":32,"PureWater":0,"Smiling Mask":25,"Ancient Tea Set":36}]},"card_choices":[{"not_picked":["SignatureMove","FlurryOfBlows"],"picked":"TalkToTheHand","floor":1.0},{"not_picked":["CrushJoints","PathToVictory"],"picked":"EmptyFist","floor":5},{"not_picked":["SashWhip","CutThroughFate"],"picked":"CarveReality","floor":7},{"not_picked":["Protect","Crescendo"],"picked":"FlurryOfBlows","floor":10},{"not_picked":["SpiritShield","CarveReality","FlyingSleeves"],"picked":"Singing Bowl","floor":11},{"not_picked":["FlyingSleeves","Crescendo"],"picked":"DeceiveReality","floor":12},{"not_picked":["LikeWater","FollowUp","WindmillStrike"],"picked":"Singing Bowl","floor":14},{"not_picked":["Establishment","ConjureBlade"],"picked":"Wish","floor":16},{"not_picked":["MentalFortress","Perseverance"],"picked":"Halt","floor":18},{"not_picked":["CrushJoints","ClearTheMind"],"picked":"CutThroughFate","floor":22}],"player_experience":902099,"relics_obtained":[{"floor":6,"key":"Singing Bowl"},{"floor":7,"key":"CeramicFish"},{"floor":8,"key":"StoneCalendar"},{"floor":9,"key":"Yang"},{"floor":14,"key":"Bag of Marbles"},{"floor":15,"key":"Smiling Mask"},{"floor":21,"key":"Ancient Tea Set"}],"event_choices":[{"damage_healed":0,"gold_gain":0,"player_choice":"1 cards matched","damage_taken":0,"max_hp_gain":0,"max_hp_loss":0,"event_name":"Match and Keep!","floor":2,"gold_loss":0,"cards_obtained":["Vengeance"]},{"damage_healed":0,"gold_gain":0,"player_choice":"Entered Light","damage_taken":19,"max_hp_gain":0,"max_hp_loss":0,"event_name":"Shining Light","floor":4,"gold_loss":0,"cards_upgraded":["Defend_P","Conclude"]}],"is_beta":true,"boss_relics":[{"not_picked":["Philosopher\u0027s Stone","Black Star"],"picked":"Coffee Dripper"}],"items_purged_floors":[],"is_endless":false,"potions_floor_spawned":[1,5,11,16],"killed_by":"Slavers","ascension_level":20}}