{"host":"3qkmyeoym75lj4wn","time":1612556896,"event":{"mods":["2.2 Compatiblity","BaseMod","Block Reminder","Colored Powertips","Highlight Path","Minty Spire (QoL Compilation)","Permanent Neow","Potion Indicator Mod","Rare Cards Sparkle","Relic Stats","StSLib","Unceasing Turn Reminder"],"gold_per_floor":[114,124,124,142,142,142,142],"floor_reached":6,"language":"ENG","playtime":186,"items_purged":[],"score":72,"play_id":"4e504784-8177-4403-a747-6c3c095a72fe","local_time":"20210205202816","is_ascension_mode":true,"campfire_choices":[],"circlet_count":0,"master_deck":["AscendersBane","Strike_G","Strike_G","Strike_G","Strike_G","Strike_G","Defend_G","Defend_G","Defend_G","Defend_G","Defend_G","Survivor","Neutralize","Footwork","Poisoned Stab","Pain","Dagger Spray"],"relics":["Ring of the Snake","Nunchaku","WarpedTongs"],"acts_visited":["Exordium"],"potions_floor_usage":[4,6],"damage_taken":[{"damage":19,"enemies":"Jaw Worm","floor":1,"turns":9},{"damage":6,"enemies":"Cultist","floor":2,"turns":5},{"damage":1,"enemies":"2 Louse","floor":4,"turns":2},{"damage":41,"enemies":"Lagavulin","floor":6,"turns":8}],"seed_played":"2773731400277662575","potions_obtained":[{"floor":2,"key":"Explosive Potion"},{"floor":4,"key":"Block Potion"}],"is_trial":false,"path_per_floor":["M","M","?","M","?","E"],"character_chosen":"THE_SILENT","items_purchased":[],"campfire_rested":0,"item_purchase_floors":[],"current_hp_per_floor":[40,34,34,33,33,0,0],"gold":142,"neow_bonus":"RANDOM_COMMON_RELIC","is_daily":false,"chose_seed":false,"campfire_upgraded":0,"win_rate":0.0,"timestamp":1612556896,"path_taken":["M","M","?","?","?","E"],"items_purchased_type":[],"build_version":"2020-12-22","purchased_purges":0,"victory":false,"max_hp_per_floor":[66,66,66,66,66,66,66],"relic_stats":{"Nunchaku":[3],"counters":[4,24],"obtain_stats":[{"Nunchaku":0,"Ring of the Snake":0,"WarpedTongs":3},{"Nunchaku":0,"Ring of the Snake":0,"WarpedTongs":2},{"Nunchaku":0,"Ring of the Snake":0,"WarpedTongs":14}],"Ring of the Snake":[8],"WarpedTongs":[10]},"card_choices":[{"not_picked":["Slice","Flying Knee"],"picked":"Footwork","floor":1},{"not_picked":["PiercingWail","Tactician"],"picked":"Poisoned Stab","floor":2},{"not_picked":["Backstab","Deflect"],"picked":"Dagger Spray","floor":4}],"player_experience":1731044,"relics_obtained":[],"event_choices":[{"damage_healed":0,"gold_gain":0,"player_choice":"Rummage","damage_taken":0,"relics_obtained":["WarpedTongs"],"max_hp_gain":0,"max_hp_loss":0,"event_name":"Accursed Blacksmith","floor":3,"gold_loss":0,"cards_obtained":["Pain"]},{"damage_healed":0,"gold_gain":0,"player_choice":"Ignored","damage_taken":0,"max_hp_gain":0,"max_hp_loss":0,"event_name":"Golden Wing","floor":5,"gold_loss":0}],"is_beta":false,"boss_relics":[],"items_purged_floors":[],"is_endless":false,"potions_floor_spawned":[2,4],"killed_by":"Lagavulin","ascension_level":20}}