{"host":"ko40t1o51xotjt2v","time":1612547672,"event":{"mods":["2.2 Compatiblity","AchievementEnabler","Aspiration","BaseMod","Better Match","Better Third Choice","Better Vampires","Conspire","Downfall","Energized Spire","GifTheSpireLib","Halation","Hubris","Jedi Mod","Minty Spire (QoL Compilation)","MostiFishMod","Reliquary","Spicy Shops","Spikes Relics","StSLib","Stuff the Spire","TestMod","??????REMEMod"],"gold_per_floor":[99,114,114,129,144,174,199,214,214,229,254,14,14,43,57,156,156,156,170,184,198,33,47,71,100,100,25,25,54,68,82,96,96,96,96],"floor_reached":33,"language":"SPA","playtime":3305,"items_purged":["Guardian:Strike_Guardian"],"score":351,"play_id":"126d56fd-0a98-4359-85a7-cd504e7f8dda","local_time":"20210205185432","daily_mods":["downfall:Improvised","ControlledChaos","Night Terrors"],"is_ascension_mode":false,"campfire_choices":[{"data":"sneckomod:UnknownCommonAttack","floor":1,"key":"SMITH"},{"floor":13,"key":"REST"},{"data":"Guardian:AncientConstruct","floor":18,"key":"SMITH"}],"circlet_count":0,"master_deck":["Guardian:Strike_Guardian","Guardian:Strike_Guardian","Guardian:Defend_Guardian","Guardian:Defend_Guardian","Guardian:Defend_Guardian","Guardian:Defend_Guardian","Guardian:CurlUp","Guardian:TwinSlam","sneckomod:UnknownCommonAttack+1","sneckomod:UnknownCommonAttack","sneckomod:UnknownCommonAttack","sneckomod:UnknownCommonSkill","sneckomod:UnknownCommonSkill","sneckomod:UnknownCommonSkill","sneckomod:UnknownUncommonAttack","sneckomod:UnknownUncommonSkill","sneckomod:UnknownUncommonPower","Guardian:PrimingBeam","Guardian:AncientConstruct+1","Guardian:FloatingOrbs+1","Guardian:Gem_Fragmented","Guardian:BronzeArmor+1","Guardian:Gem_Lightblue"],"relics":["Guardian:ModeShifter","Frozen Eye","DaveBox","testmod-TestBox","REME_ComplimentaryCards","downfall:ShatteredFragment","testmod-AssaultLearning","reliquary:TatteredRug","testmod-Charity","Potion Belt","testmod-HarvestTotem","champ:Barbells","StuffTheSpire:Barrel","StuffTheSpire:OldFever","hubris:Towel","Mummified Hand"],"acts_visited":["Exordium","TheCity"],"potions_floor_usage":[8,10,14,16,25],"damage_taken":[{"damage":1,"enemies":"2 Louse","floor":2,"turns":3},{"damage":0,"enemies":"Small Slimes","floor":4,"turns":3},{"damage":0,"enemies":"Cultist","floor":5,"turns":3},{"damage":15,"enemies":"3 Sentries","floor":6,"turns":4},{"damage":3,"enemies":"Exordium Wildlife","floor":8,"turns":3},{"damage":12,"enemies":"Blue Slaver","floor":10,"turns":2},{"damage":3,"enemies":"downfall:FleeingMerchant","floor":12,"turns":4},{"damage":14,"enemies":"Gremlin Nob","floor":14,"turns":3},{"damage":3,"enemies":"Exordium Thugs","floor":15,"turns":5},{"damage":20,"enemies":"SI_SHIV_ARCHETYPE","floor":16,"turns":9},{"damage":10,"enemies":"Spheric Guardian","floor":19,"turns":4},{"damage":21,"enemies":"conspire:FuzzyDice","floor":20,"turns":7},{"damage":18,"enemies":"Snake Plant","floor":21,"turns":6},{"damage":9,"enemies":"downfall:FleeingMerchant","floor":22,"turns":4},{"damage":13,"enemies":"Snecko","floor":23,"turns":6},{"damage":52,"enemies":"Gremlin Leader","floor":25,"turns":8},{"damage":48,"enemies":"Slavers","floor":29,"turns":7},{"damage":14,"enemies":"Chosen and Byrds","floor":30,"turns":5},{"damage":7,"enemies":"Cultist and Chosen","floor":31,"turns":5},{"damage":0,"enemies":"conspire:HollyBat","floor":32,"turns":9},{"damage":23,"enemies":"WA_ARCHETYPE_CALM","floor":33,"turns":10}],"seed_played":"-8643747277835071688","potions_obtained":[{"floor":2,"key":"ColorlessPotion"},{"floor":5,"key":"hexamod:SoulburnPotion"},{"floor":6,"key":"Fire Potion"},{"floor":14,"key":"DuplicationPotion"},{"floor":23,"key":"Guardian:DefensiveModePotion"},{"floor":25,"key":"SpeedPotion"},{"floor":30,"key":"Strength Potion"},{"floor":31,"key":"BlessingOfTheForge"}],"is_trial":false,"path_per_floor":["R","M","?","M","M","E","T","M","?","M","T","$","R","E","M","B",null,"R","M","M","M","$","M","T","E","?","?","?","E","M","M","M","B"],"character_chosen":"GUARDIAN","items_purchased":["testmod-Charity","champ:Barbells"],"campfire_rested":1,"item_purchase_floors":[12,22],"current_hp_per_floor":[80,79,55,55,55,40,40,37,37,25,25,22,75,69,67,48,156,156,150,133,119,110,101,105,57,57,57,57,29,19,16,20,0,0,0],"gold":96,"neow_bonus":"","is_daily":true,"chose_seed":false,"campfire_upgraded":2,"win_rate":0.0,"timestamp":1612547672,"path_taken":["R","M","?","M","M","E","T","M","?","?","?","?","R","E","M","BOSS","R","M","M","M","$","M","T","E","?","?","?","E","M","M","M","BOSS"],"items_purchased_type":["Relic","Relic"],"build_version":"2020-12-22","purchased_purges":1,"victory":false,"max_hp_per_floor":[80,80,80,80,80,80,80,80,80,80,80,80,75,76,77,78,156,156,158,160,162,162,164,166,168,168,168,168,170,172,174,176,176,176,176],"card_choices":[{"not_picked":["Guardian:DecasProtection","Guardian:Incinerate","Guardian:Reroute"],"picked":"SKIP","floor":2},{"not_picked":["Guardian:PrismaticBeam","Guardian:Gem_Lightblue"],"picked":"Guardian:Gem_Purple","floor":4},{"not_picked":["Guardian:Incinerate","Guardian:PolyBeam"],"picked":"Guardian:Gem_Cyan","floor":5},{"not_picked":["Guardian:Gem_Green","Guardian:Clone","Guardian:Reroute"],"picked":"SKIP","floor":6},{"not_picked":["Guardian:Gem_Yellow","Guardian:ShieldCharger","Guardian:VentSteam"],"picked":"SKIP","floor":8},{"not_picked":["Guardian:Recover","Guardian:Gem_Lightblue","Guardian:ChargeCore"],"picked":"SKIP","floor":10},{"not_picked":["Guardian:Gem_Red","Guardian:HyperBeam_Guardian"],"picked":"Guardian:Gem_Cyan","floor":12},{"not_picked":["Guardian:TemporalShield","Guardian:DonusPower","Guardian:SpikerProtocol"],"picked":"SKIP","floor":14},{"not_picked":["Guardian:ShieldCharger","Guardian:Emergency"],"picked":"Guardian:PrimingBeam","floor":15},{"not_picked":["Guardian:BaubleBeam","Guardian:HyperBeam_Guardian"],"picked":"Guardian:AncientConstruct","floor":16},{"not_picked":["Guardian:PiercingHide+1","Guardian:Gem_Red"],"picked":"Guardian:FloatingOrbs+1","floor":19},{"not_picked":["Guardian:PrimingBeam","Guardian:Gem_Green","Guardian:GuardianWhirl+1"],"picked":"SKIP","floor":20},{"not_picked":["Guardian:Clone","Guardian:Suspension","Guardian:MultiBeam"],"picked":"SKIP","floor":21},{"not_picked":["Guardian:Gem_Green","Guardian:ChargeCore","Guardian:Incinerate+1"],"picked":"SKIP","floor":22},{"not_picked":["Guardian:WalkerClaw","Guardian:FuturePlans","Guardian:Gem_Cyan"],"picked":"SKIP","floor":23},{"not_picked":["Guardian:Gem_Crimson","Guardian:Gem_White"],"picked":"Guardian:Gem_Fragmented","floor":25},{"not_picked":["Guardian:DonusPower+1","Guardian:Gem_Crimson"],"picked":"Guardian:BronzeArmor+1","floor":27},{"not_picked":["Guardian:RollAttack","Guardian:Repulse+1","Guardian:Orbwalk"],"picked":"SKIP","floor":29},{"not_picked":["Guardian:ShieldCharger","Guardian:WalkerClaw","Guardian:PrismaticBeam"],"picked":"SKIP","floor":30},{"not_picked":["Guardian:VentSteam","Guardian:TimeCapacitor","Guardian:ArmoredProtocol"],"picked":"SKIP","floor":31},{"not_picked":["Guardian:Reroute+1","Guardian:PrismaticBeam","Guardian:ExploitGems"],"picked":"SKIP","floor":32}],"player_experience":492926,"relics_obtained":[{"floor":6,"key":"testmod-AssaultLearning"},{"floor":11,"key":"reliquary:TatteredRug"},{"floor":14,"key":"Potion Belt"},{"floor":24,"key":"StuffTheSpire:Barrel"},{"floor":25,"key":"StuffTheSpire:OldFever"},{"floor":29,"key":"Mummified Hand"}],"event_choices":[{"damage_healed":0,"gold_gain":0,"player_choice":"2","damage_taken":0,"max_hp_gain":0,"max_hp_loss":0,"event_name":"betterMatch:BetterMatch","floor":27,"gold_loss":0,"cards_obtained":["betterMatch:UncommonCard"]}],"is_beta":false,"boss_relics":[{"not_picked":["hubris:RunicObelisk","NightmareShop"],"picked":"testmod-HarvestTotem"}],"items_purged_floors":[12],"is_endless":false,"potions_floor_spawned":[2,5,6,14,23,25,30,31],"killed_by":"WA_ARCHETYPE_CALM","ascension_level":0}}