{"host":"9slw7l0ws16384qq","time":1612547892,"event":{"mods":["A Penny For Your Troubles","BaseMod","Colored Map","Downfall","Evolution","Hubris","Minty Spire (QoL Compilation)","Replay The Spire","StS++","StSLib"],"gold_per_floor":[99,99,119,136,136,136,136,136,136,155,185,185,213,213,227,324,324,324,337,337,354,354,382,382,396,396,396,396,396],"floor_reached":27,"language":"FRA","playtime":969,"items_purged":[],"score":335,"play_id":"53eedf73-8c2f-417a-bf7c-a1fe6b89bb37","local_time":"20210205185812","is_ascension_mode":true,"campfire_choices":[{"floor":1,"key":"DIG"},{"data":"Slimebound:CorrosiveSpit","floor":6,"key":"SMITH"},{"data":"Slimebound:Split","floor":8,"key":"SMITH"},{"data":"Slimebound:LeadByExample","floor":12,"key":"SMITH"},{"floor":18,"key":"DIG"}],"circlet_count":0,"master_deck":["Slimebound:LeechingTouch+1","Slimebound:LeechingTouch","Slimebound:Tackle","Slimebound:Defend_Slimebound","Slimebound:Defend_Slimebound","Slimebound:Defend_Slimebound","Slimebound:Split+1","Slimebound:CorrosiveSpit+1","Slimebound:LeadByExample+1","Slimebound:AcidTongue","Slimebound:OozeBath","Slimebound:AcidTongue","Slimebound:SpikyOuterGoop","Slimebound:Schlurp+1"],"relics":["Slimebound:AbsorbEndCombat","EVO:Axolotl","Smiling Mask","Matryoshka","Gambling Chip","Regal Pillow","Shovel","Lantern","Busted Crown","Eternal Feather","StSpp:WoodenPendulum","Darkstone Periapt","hubris:BundleOfHerbs"],"acts_visited":["Exordium","TheCity"],"potions_floor_usage":[13,19,23],"damage_taken":[{"damage":2,"enemies":"Jaw Worm","floor":3,"turns":5},{"damage":2,"enemies":"Small Slimes","floor":4,"turns":4},{"damage":0,"enemies":"2 Louse","floor":10,"turns":2},{"damage":5,"enemies":"Replay:BlueRogue","floor":11,"turns":6},{"damage":23,"enemies":"3 Sentries","floor":13,"turns":6},{"damage":4,"enemies":"Red Slaver","floor":15,"turns":4},{"damage":13,"enemies":"DF_ARCHETYPE_STREAMLINE","floor":16,"turns":8},{"damage":25,"enemies":"3 Byrds","floor":19,"turns":6},{"damage":0,"enemies":"Spheric Guardian","floor":21,"turns":4},{"damage":14,"enemies":"Book of Stabbing","floor":23,"turns":5},{"damage":7,"enemies":"Cultist and Chosen","floor":25,"turns":4},{"damage":29,"enemies":"Slavers","floor":27,"turns":1}],"seed_played":"-8447427687589246917","potions_obtained":[{"floor":4,"key":"Explosive Potion"},{"floor":13,"key":"sneckomod:MuddlingPotion"},{"floor":15,"key":"Milkshake"},{"floor":16,"key":"LifebloodPotion"},{"floor":19,"key":"SkillPotion"}],"is_trial":false,"path_per_floor":["R_BF","?","M","M","?","R","T","R","?","M","E","R","E","T","M","B",null,"R_BF","M","?","M","?","E","T","M","?","E"],"character_chosen":"SLIMEBOUND","items_purchased":[],"campfire_rested":0,"item_purchase_floors":[],"current_hp_per_floor":[59,59,59,59,59,59,59,59,59,59,59,59,44,44,46,41,55,55,38,38,44,44,38,38,39,29,0,0,0],"gold":396,"neow_bonus":"REMOVE_TWO","is_daily":false,"chose_seed":false,"campfire_upgraded":3,"win_rate":0.0,"timestamp":1612547892,"path_taken":["R_BF","?","M","M","?","R","T","R","?","M","E","R","E","?","M","BOSS","R_BF","M","?","?","?","E","T","M","?","E"],"items_purchased_type":[],"build_version":"2020-12-22","purchased_purges":0,"victory":false,"max_hp_per_floor":[59,59,59,59,59,59,59,59,59,59,59,59,59,59,59,59,59,59,59,59,59,59,59,59,59,64,64,64,64],"card_choices":[{"not_picked":["Slimebound:SplitMire","Slimebound:GoopSpray","Slimebound:RainOfGoop"],"picked":"SKIP","floor":3},{"not_picked":["Slimebound:GoopTackle","Slimebound:SlimeBrawl","Slimebound:SplitMire"],"picked":"SKIP","floor":4},{"not_picked":["Slimebound:GoopTackle","Slimebound:SlimeBrawl","Slimebound:SplitMire"],"picked":"SKIP","floor":4},{"not_picked":["Slimebound:BestDefense","Slimebound:LeechingTouch"],"picked":"Slimebound:LeadByExample","floor":10},{"not_picked":["Slimebound:ComboTackle","Slimebound:SplitBruiser","Slimebound:FormOfPuddle"],"picked":"SKIP","floor":11},{"not_picked":["Slimebound:SlimeBrawl","Slimebound:Replication","Slimebound:Prepare"],"picked":"SKIP","floor":13},{"not_picked":["Slimebound:BestDefense","Slimebound:ComboTackle"],"picked":"Slimebound:AcidTongue","floor":15},{"not_picked":["Slimebound:PrepareCrush","Slimebound:Recycling"],"picked":"Slimebound:OozeBath","floor":16},{"not_picked":["Slimebound:SplitAcid"],"picked":"SKIP","floor":19},{"not_picked":["Slimebound:GoopTackle"],"picked":"SKIP","floor":21},{"not_picked":["Slimebound:Replication"],"picked":"SKIP","floor":23},{"not_picked":["Slimebound:TongueLash","Slimebound:FinishingTackle+1"],"picked":"Slimebound:Schlurp+1","floor":25}],"player_experience":1624519,"relics_obtained":[{"floor":1,"key":"Smiling Mask"},{"floor":7,"key":"Matryoshka"},{"floor":11,"key":"Gambling Chip"},{"floor":13,"key":"Regal Pillow"},{"floor":14,"key":"Shovel"},{"floor":14,"key":"Lantern"},{"floor":18,"key":"Eternal Feather"},{"floor":23,"key":"StSpp:WoodenPendulum"},{"floor":24,"key":"Darkstone Periapt"},{"floor":24,"key":"hubris:BundleOfHerbs"}],"event_choices":[{"damage_healed":0,"gold_gain":0,"player_choice":"Read","damage_taken":0,"max_hp_gain":0,"max_hp_loss":0,"event_name":"The Library","floor":22,"gold_loss":0,"cards_obtained":["Slimebound:SpikyOuterGoop"]}],"is_beta":false,"boss_relics":[{"not_picked":["Kintsugi","Cursed Key"],"picked":"Busted Crown"}],"items_purged_floors":[],"is_endless":false,"potions_floor_spawned":[4,13,15,16,19,21],"killed_by":"Slavers","ascension_level":8}}