{"host":"19r1ww88x2tc73i0","time":1612534967,"event":{"mods":["BaseMod","BetterRewards","Colored Map","Minty Spire (QoL Compilation)","Relic Stats","StSLib","SuperFastMode","slay the spire mod where everything is the same but ironclad has a cowboy hat"],"gold_per_floor":[116,116,57,57,74,74,102,102,128,153,182,182,232,232,232,309,309,323,338,29,39,39,39,39],"floor_reached":23,"language":"ENG","playtime":627,"items_purged":[],"score":460,"play_id":"a9e00121-204c-42d7-9074-e3c8778a3791","local_time":"25640205212247","is_ascension_mode":true,"campfire_choices":[{"data":"Dagger Spray","floor":6,"key":"SMITH"},{"data":"Quick Slash","floor":8,"key":"SMITH"},{"data":"Venomology","floor":12,"key":"SMITH"},{"data":"Poisoned Stab","floor":15,"key":"SMITH"}],"circlet_count":0,"master_deck":["AscendersBane","Strike_G","Strike_G","Strike_G","Strike_G","Strike_G","Defend_G","Defend_G+1","Defend_G","Defend_G+1","Defend_G+1","Survivor+1","Neutralize","Bane","Dagger Spray+1","Quick Slash+1","Venomology+1","Die Die Die","Poisoned Stab+1","Envenom","Infinite Blades","PiercingWail"],"relics":["Ring of the Snake","NeowsBlessing","Toy Ornithopter","Strawberry","War Paint","Odd Mushroom","Turnip","Matryoshka","Black Star","HornCleat"],"acts_visited":["Exordium","TheCity"],"potions_floor_usage":[10,10,13,13,16,16,16,16,18,19,19,21,21,23],"damage_taken":[{"damage":0,"enemies":"Small Slimes","floor":1,"turns":1},{"damage":0,"enemies":"2 Louse","floor":5,"turns":1},{"damage":0,"enemies":"Lagavulin","floor":7,"turns":1},{"damage":3,"enemies":"Gremlin Nob","floor":10,"turns":3},{"damage":0,"enemies":"The Mushroom Lair","floor":11,"turns":1},{"damage":8,"enemies":"Lagavulin","floor":13,"turns":4},{"damage":71,"enemies":"The Guardian","floor":16,"turns":15},{"damage":17,"enemies":"Shell Parasite","floor":18,"turns":8},{"damage":12,"enemies":"Chosen","floor":19,"turns":4},{"damage":23,"enemies":"Centurion and Healer","floor":21,"turns":5},{"damage":12,"enemies":"Book of Stabbing","floor":23,"turns":4}],"seed_played":"-5577823177671092183","potions_obtained":[{"floor":7,"key":"AttackPotion"},{"floor":10,"key":"ColorlessPotion"},{"floor":13,"key":"EntropicBrew"},{"floor":16,"key":"PowerPotion"},{"floor":19,"key":"AttackPotion"},{"floor":21,"key":"Explosive Potion"}],"is_trial":false,"path_per_floor":["M","?","$","?","M","R","E","R","T","E","?","R","E","T","R","B",null,"M","M","$","M","?","E"],"character_chosen":"THE_SILENT","items_purchased":["Dagger Spray","HornCleat","PiercingWail"],"campfire_rested":0,"item_purchase_floors":[3,20,20],"current_hp_per_floor":[59,39,39,35,35,35,35,35,42,49,49,49,51,51,51,9,57,45,43,43,30,30,23,23],"gold":39,"neow_bonus":"THREE_ENEMY_KILL","is_daily":false,"chose_seed":false,"campfire_upgraded":4,"win_rate":0.0,"timestamp":1612534967,"path_taken":["M","?","$","?","?","R","E","R","T","E","?","R","E","?","R","BOSS","M","M","$","M","?","E"],"items_purchased_type":["Card","Relic","Card"],"build_version":"2020-12-22","purchased_purges":0,"victory":false,"max_hp_per_floor":[66,66,66,66,66,66,66,66,73,73,73,73,73,73,73,73,73,73,73,73,73,73,73,73],"relic_stats":{"counters":[11,47],"Turnip":[4],"Black Star":0,"War Paint":["Defend_G","Survivor"],"obtain_stats":[{"Matryoshka":14,"HornCleat":20,"NeowsBlessing":0,"Strawberry":9,"Turnip":13,"Black Star":17,"War Paint":10,"Odd Mushroom":11,"Toy Ornithopter":7,"Ring of the Snake":0},{"Matryoshka":6,"HornCleat":9,"NeowsBlessing":0,"Strawberry":3,"Turnip":6,"Black Star":7,"War Paint":4,"Odd Mushroom":5,"Toy Ornithopter":3,"Ring of the Snake":0},{"Matryoshka":11,"HornCleat":38,"NeowsBlessing":0,"Strawberry":3,"Turnip":11,"Black Star":26,"War Paint":6,"Odd Mushroom":7,"Toy Ornithopter":3,"Ring of the Snake":0}],"Toy Ornithopter":70,"Ring of the Snake":[22]},"card_choices":[{"not_picked":["Heel Hook","Masterful Stab"],"picked":"Bane","floor":1},{"not_picked":["Calculated Gamble","PiercingWail"],"picked":"Quick Slash","floor":5},{"not_picked":["Caltrops","Prepared"],"picked":"Venomology","floor":7},{"not_picked":["Sucker Punch","Well Laid Plans"],"picked":"Die Die Die","floor":10},{"not_picked":["Underhanded Strike","Slice"],"picked":"Poisoned Stab","floor":11},{"not_picked":["Slice","Dagger Throw","Bane"],"picked":"SKIP","floor":13},{"not_picked":["Tools of the Trade","Unload"],"picked":"Envenom","floor":16},{"not_picked":["Eviscerate","Choke"],"picked":"Infinite Blades","floor":18},{"not_picked":["Infinite Blades","Well Laid Plans","Dagger Throw"],"picked":"SKIP","floor":19},{"not_picked":["Reflex","Dagger Throw","Eviscerate"],"picked":"SKIP","floor":21}],"player_experience":1009763,"relics_obtained":[{"floor":7,"key":"Toy Ornithopter"},{"floor":9,"key":"Strawberry"},{"floor":10,"key":"War Paint"},{"floor":11,"key":"Odd Mushroom"},{"floor":13,"key":"Turnip"},{"floor":14,"key":"Matryoshka"}],"event_choices":[{"damage_healed":0,"gold_gain":0,"player_choice":"Entered Light","damage_taken":20,"max_hp_gain":0,"max_hp_loss":0,"event_name":"Shining Light","floor":2,"gold_loss":0,"cards_upgraded":["Defend_G","Defend_G"]},{"damage_healed":0,"gold_gain":0,"player_choice":"Bought 0 Potions","damage_taken":0,"max_hp_gain":0,"max_hp_loss":0,"event_name":"The Woman in Blue","floor":4,"gold_loss":0},{"damage_healed":0,"gold_gain":0,"player_choice":"Fought Mushrooms","damage_taken":0,"max_hp_gain":0,"max_hp_loss":0,"event_name":"Mushrooms","floor":11,"gold_loss":0},{"damage_healed":0,"gold_gain":0,"player_choice":"Ignored","damage_taken":0,"max_hp_gain":0,"max_hp_loss":0,"event_name":"Ghosts","floor":22,"gold_loss":0}],"is_beta":false,"boss_relics":[{"not_picked":["WristBlade","Runic Dome"],"picked":"Black Star"}],"items_purged_floors":[],"is_endless":false,"potions_floor_spawned":[7,10,13,16,19,21],"killed_by":"Book of Stabbing","ascension_level":20}}