{"host":"df48i9djcn92c5sx","time":1612534071,"event":{"mods":["Act Like it!","Arknights","BaseMod","Decade(王小明)","Downfall","Gensokyo","Marisa（F雨　魔理沙）","Minty Spire (QoL Compilation)","READ ME - Guardian Mod","READ ME - Snecko Mod","Reimu（博丽灵梦）","Remilia（蕾米莉亚）","Shop Mod","StSLib","The Jungle","The Servant 0.9.4"],"gold_per_floor":[114,129,147,34,34,34,50,81,81,81,114,114,114,130,130,235,235,252,252,252,252,265,265,19,31,56,84,84,84,84,96,96,195,195,206,65,65,81,161,161,188,188,188,201,201,54,72,72,72,72],"floor_reached":51,"language":"ZHS","playtime":2037,"items_purged":["Strike_S"],"score":1132,"play_id":"315687ab-200e-4856-87cf-56dd00d3271e","local_time":"20210205220751","is_ascension_mode":true,"campfire_choices":[{"data":"Barrier","floor":6.0,"key":"SMITH"},{"data":"Dilation","floor":10.0,"key":"SMITH"},{"data":"Dilation","floor":12.0,"key":"SMITH"},{"data":"Moonlight","floor":15.0,"key":"SMITH"},{"data":"SoulSculpture","floor":23.0,"key":"SMITH"},{"data":"SilverBlades","floor":28.0,"key":"SMITH"},{"data":"Dilation","floor":32.0,"key":"SMITH"},{"data":"MurderousAura","floor":40.0,"key":"SMITH"},{"data":"Initiator","floor":42.0,"key":"SMITH"},{"data":"Collapse","floor":49,"key":"SMITH"}],"circlet_count":0,"master_deck":["Strike_S","Strike_S","Strike_S","Defend_S","Defend_S","Defend_S","Defend_S","KidneyShot","Exchange","Ricochet","Moonlight+1","Barrier+1","Dilation+1","Misdirection","Dilation+1","Moondial+1","Rearm","SoulSculpture+1","SilverBlades+1","DancingSilver","Dilation+1","Initiator+1","MurderousAura+1","FloweringNight","Collapse+1"],"relics":["Uniform","NeowsBlessing","Ornamental Fan","Kunai","Toy Ornithopter","sneckomod:SneckoTalon","Torii","Gensokyo:ConquerorOfFear","Matryoshka","Tiny Chest","Anchor","Bronze Scales","Gensokyo:SongOfSouls","Philosopher\u0027s Stone","Gensokyo:TheCrow","StrikeDummy","Bottled Tornado","MealTicket","PureWhite:ReiMu","Toolbox"],"acts_visited":["Exordium","Gensokyo:Gensokyo","Gensokyo:Gensokyoer"],"potions_floor_usage":[50,50],"damage_taken":[{"damage":0.0,"enemies":"Gensokyo:Python","floor":1.0,"turns":1.0},{"damage":0.0,"enemies":"Gensokyo:Gryphon","floor":2.0,"turns":1.0},{"damage":0.0,"enemies":"Gensokyo:2_Kodama","floor":3.0,"turns":1.0},{"damage":2.0,"enemies":"Gensokyo:5_Fairies","floor":7.0,"turns":5.0},{"damage":19.0,"enemies":"Gensokyo:Cirno","floor":8.0,"turns":7.0},{"damage":0.0,"enemies":"Gensokyo:Aya","floor":11.0,"turns":4.0},{"damage":0.0,"enemies":"Gensokyo:LivingMonolith","floor":14.0,"turns":2.0},{"damage":0.0,"enemies":"Gensokyo:Yukari","floor":16.0,"turns":17.0},{"damage":0.0,"enemies":"Gensokyo:2_Gloops","floor":18.0,"turns":6.0},{"damage":0.0,"enemies":"Gensokyo:CosmicMonolith","floor":22.0,"turns":4.0},{"damage":8.0,"enemies":"Gensokyo:Slime_Group","floor":25.0,"turns":4.0},{"damage":0.0,"enemies":"Gensokyo:Koishi","floor":27.0,"turns":5.0},{"damage":0.0,"enemies":"Gensokyo:Wraith","floor":31.0,"turns":4.0},{"damage":5.0,"enemies":"Gensokyo:Eiki","floor":33.0,"turns":9.0},{"damage":0.0,"enemies":"Gensokyo:3_Bats","floor":35.0,"turns":5.0},{"damage":0.0,"enemies":"Gensokyo:3_Boulders","floor":38.0,"turns":4.0},{"damage":12.0,"enemies":"Gensokyo:Marisa","floor":41.0,"turns":4.0},{"damage":0.0,"enemies":"Gensokyo:Dusk_and_Dawn","floor":44.0,"turns":3.0},{"damage":0,"enemies":"Gensokyo:Rafflesia","floor":47,"turns":4},{"damage":0,"enemies":"Gensokyo:Scarlet_Devils","floor":50,"turns":6}],"seed_played":"-6039664834251451730","potions_obtained":[{"floor":2.0,"key":"Fire Potion"},{"floor":8.0,"key":"champ:CounterPotion"},{"floor":16.0,"key":"EssenceOfSteel"},{"floor":22.0,"key":"EssenceOfSteel"},{"floor":25.0,"key":"bronze:BurnAndBuffPotion"},{"floor":33.0,"key":"LiquidBronze"},{"floor":41.0,"key":"Fire Potion"}],"is_trial":false,"path_per_floor":["M","M","M","$","?","R","M","E","T","R","E","R","?","M","R","B",null,"M","?","?","?","M","R","$","M","T","E","R","$","?","M","R","B",null,"M","$","?","M","T","R","E","R","T","M","?","COS","M","?","R","B",null],"character_chosen":"THE_SERVANT","items_purchased":["Barrier","Matryoshka","MurderousAura"],"campfire_rested":0,"item_purchase_floors":[4,24,36],"current_hp_per_floor":[59,59,59,59,59,59,57,38,38,38,38,38,38,38,38,38,58,58,58,58,58,58,58,58,50,50,55,55,55,55,55,55,55,59,59,59,59,59,59,59,48,48,48,48,48,48,48,48,48,58],"gold":72,"neow_bonus":"THREE_ENEMY_KILL","is_daily":false,"chose_seed":false,"campfire_upgraded":10,"win_rate":0.0,"timestamp":1612534071,"path_taken":["M","M","?","$","?","R","M","E","T","R","E","R","?","?","R","BOSS","M","?","?","?","?","R","$","M","T","E","R","?","?","M","R","BOSS","M","$","?","M","?","R","E","R","T","?","?","COS","M","?","R","BOSS"],"items_purchased_type":["Card","Relic","Card"],"build_version":"2020-12-22","purchased_purges":1,"victory":true,"max_hp_per_floor":[65,65,65,65,65,65,65,65,65,65,65,65,65,65,65,65,65,65,60,60,60,60,60,60,60,60,60,60,60,60,60,60,60,60,60,60,60,60,60,60,60,60,60,60,60,60,60,60,60,60],"card_choices":[{"not_picked":["BottledTime","Misdirection"],"picked":"Ricochet","floor":1.0},{"not_picked":["SpecialFormula","Ricochet","Unruled"],"picked":"SKIP","floor":2.0},{"not_picked":["FastForward","Contraction"],"picked":"Moonlight","floor":3.0},{"not_picked":["Revamp","Starlight"],"picked":"Dilation","floor":7.0},{"not_picked":["Replace","Starlight"],"picked":"Misdirection","floor":8.0},{"not_picked":["Replace","BottledTime"],"picked":"Dilation","floor":11.0},{"not_picked":["Moonlight","TimeWarp"],"picked":"Rearm","floor":14.0},{"not_picked":["PendulumOfEternity","TheWorld"],"picked":"SoulSculpture","floor":16.0},{"not_picked":["Starlight+1","FastForward","Replace"],"picked":"SKIP","floor":18.0},{"not_picked":["Starlight+1","FastForward","Replace"],"picked":"SKIP","floor":18.0},{"not_picked":["Starlight","DoubleEdge"],"picked":"DancingSilver","floor":22.0},{"not_picked":["WasteNot","RealityMarble","Ricochet"],"picked":"SKIP","floor":25.0},{"not_picked":["StarChef","Moondial"],"picked":"Dilation","floor":27.0},{"not_picked":["InstantArmor","Starlight","Potential"],"picked":"SKIP","floor":31.0},{"not_picked":["Deny","Dilation"],"picked":"Initiator","floor":33.0},{"not_picked":["Read+1","Rewind+1","Moondial"],"picked":"SKIP","floor":35.0},{"not_picked":["ShiftingGears+1","Spin+1","Ricochet"],"picked":"SKIP","floor":38.0},{"not_picked":["ShatteredReality","Starlight","TimeWarp"],"picked":"SKIP","floor":41.0},{"not_picked":["Hightail","Defy+1"],"picked":"FloweringNight","floor":44.0},{"not_picked":["DoubleEdge+1","Spin"],"picked":"Collapse","floor":47}],"player_experience":1517510,"relics_obtained":[{"floor":8.0,"key":"Ornamental Fan"},{"floor":9.0,"key":"Kunai"},{"floor":11.0,"key":"Toy Ornithopter"},{"floor":22.0,"key":"Gensokyo:ConquerorOfFear"},{"floor":26.0,"key":"Tiny Chest"},{"floor":26.0,"key":"Anchor"},{"floor":27.0,"key":"Bronze Scales"},{"floor":39.0,"key":"StrikeDummy"},{"floor":39.0,"key":"Bottled Tornado"},{"floor":41.0,"key":"MealTicket"},{"floor":43.0,"key":"PureWhite:ReiMu"}],"event_choices":[],"is_beta":false,"boss_relics":[{"not_picked":["StoneMask","Pandora\u0027s Box"],"picked":"sneckomod:SneckoTalon"},{"not_picked":["SplendidAttire","Black Star"],"picked":"Philosopher\u0027s Stone"}],"items_purged_floors":[4],"is_endless":false,"potions_floor_spawned":[2,8,16,22,25,33,41],"ascension_level":7}}