{"host":"1qtz69m1v1299zsn","time":1612538799,"event":{"mods":["BaseMod","Colored Powertips","Downfall","Infinite Spire","Minty Spire (QoL Compilation)","Replay The Spire","StSLib"],"gold_per_floor":[111,127,127,127,52,83,83,95,141,141,88,88,106,137,137,236,236,205,205,218,218,232,232,232,232,232,232,232,232],"floor_reached":28,"language":"ENG","playtime":1205,"items_purged":["Strike_B","Dualcast"],"score":249,"play_id":"78c0b109-55c6-4fe6-8013-c489e8286bf9","local_time":"20210205152639","is_ascension_mode":false,"campfire_choices":[{"data":"Glacier","floor":7,"key":"SMITH"},{"data":"FIFO Queue","floor":10,"key":"SMITH"},{"data":"Cold Snap","floor":12,"key":"SMITH"},{"data":"Barrage","floor":15,"key":"SMITH"}],"circlet_count":0,"master_deck":["Strike_B","Strike_B","Defend_B","Defend_B","Defend_B","Defend_B","Zap","Glacier+1","FIFO Queue+1","Leap","Cold Snap","Cold Snap+1","Barrage+1","Creative AI","CurseOfTheBell","Conserve Battery+1","Cold Snap+1","Conserve Battery+1","infinitespire:TheBestDefense"],"relics":["Cracked Core","NeowsBlessing","Replay:Bottled Flurry","Oddly Smooth Stone","infinitespire:BottledMercury","Toy Ornithopter","Regal Pillow","Calling Bell","PreservedInsect","Replay:Bottled Snecko","Replay:Multitool","Frozen Eye","MutagenicStrength","Matryoshka"],"acts_visited":["Exordium","TheCity"],"potions_floor_usage":[18],"damage_taken":[{"damage":0,"enemies":"Cultist","floor":1,"turns":1},{"damage":0,"enemies":"2 Louse","floor":2,"turns":1},{"damage":0,"enemies":"3 Sentries","floor":6,"turns":1},{"damage":0,"enemies":"Jaw Worm","floor":8,"turns":6},{"damage":0,"enemies":"Large Slime","floor":13,"turns":8},{"damage":15,"enemies":"Lagavulin","floor":14,"turns":7},{"damage":12,"enemies":"Hexaghost","floor":16,"turns":12},{"damage":26,"enemies":"2 Thieves","floor":18,"turns":5},{"damage":14,"enemies":"Chosen","floor":20,"turns":7},{"damage":32,"enemies":"Sentry and Sphere","floor":22,"turns":8},{"damage":52,"enemies":"3 Cultists","floor":28,"turns":7}],"seed_played":"5357324559118986110","potions_obtained":[{"floor":2,"key":"Guardian:BlockOnCardUsePotion"},{"floor":13,"key":"Death Potion"},{"floor":18,"key":"Venom Potion"},{"floor":22,"key":"DuplicationPotion"}],"is_trial":false,"path_per_floor":["M","M","T","?","$","E","R","M","T","R","$","R","M","E","R","B",null,"M","?","M","AVR","M","R","?","?","T","?","M"],"character_chosen":"DEFECT","items_purchased":["Cold Snap"],"campfire_rested":0,"item_purchase_floors":[11],"current_hp_per_floor":[75,75,75,75,75,75,75,75,75,75,75,75,75,60,60,48,75,54,54,40,40,8,45,45,45,45,45,0,0],"gold":232,"neow_bonus":"THREE_ENEMY_KILL","is_daily":false,"chose_seed":false,"campfire_upgraded":4,"win_rate":0.0,"timestamp":1612538799,"path_taken":["M","M","?","?","$","E","R","?","T","R","?","R","M","E","R","BOSS","M","?","M","AVR","M","R","?","?","T","?","M"],"items_purchased_type":["Card"],"build_version":"2020-12-22","purchased_purges":2,"victory":false,"max_hp_per_floor":[75,75,75,75,75,75,75,75,75,75,75,75,75,75,75,75,75,75,75,75,75,75,75,75,75,75,75,75,75],"card_choices":[{"not_picked":["Cold Snap","Crystallizer"],"picked":"Glacier","floor":1},{"not_picked":["Leap","Hologram"],"picked":"FIFO Queue","floor":2},{"not_picked":["Conserve Battery","BasicCrystalCard"],"picked":"Leap","floor":6},{"not_picked":["ReplayRNGCard","Ball Lightning"],"picked":"Cold Snap","floor":8},{"not_picked":["Doom and Gloom","Cold Snap"],"picked":"Barrage","floor":13},{"not_picked":["Doom and Gloom","Steam Power","Steam"],"picked":"SKIP","floor":14},{"not_picked":["Machine Learning","Meteor Strike"],"picked":"Creative AI","floor":16},{"not_picked":["BootSequence+1","Steam"],"picked":"Conserve Battery+1","floor":18},{"not_picked":["Redo","ReplayGash+1"],"picked":"Cold Snap+1","floor":20},{"not_picked":["Sweeping Beam+1","Hyperbeam"],"picked":"Conserve Battery+1","floor":22}],"player_experience":58939,"relics_obtained":[{"floor":3,"key":"Replay:Bottled Flurry"},{"floor":6,"key":"infinitespire:BottledMercury"},{"floor":9,"key":"Toy Ornithopter"},{"floor":14,"key":"Regal Pillow"},{"floor":17,"key":"PreservedInsect"},{"floor":17,"key":"Replay:Bottled Snecko"},{"floor":17,"key":"Replay:Multitool"},{"floor":26,"key":"Matryoshka"}],"event_choices":[{"damage_healed":0,"gold_gain":0,"player_choice":"Gave Potion","damage_taken":0,"relics_obtained":["Oddly Smooth Stone"],"max_hp_gain":0,"max_hp_loss":0,"event_name":"WeMeetAgain","floor":4,"gold_loss":0},{"damage_healed":0,"gold_gain":0,"player_choice":"Inject Mutagens","damage_taken":0,"relics_obtained":["MutagenicStrength"],"max_hp_gain":0,"max_hp_loss":0,"event_name":"Drug Dealer","floor":24,"gold_loss":0},{"cards_removed":["Strike_B"],"damage_healed":0,"gold_gain":0,"player_choice":"Elegance","damage_taken":0,"max_hp_gain":0,"max_hp_loss":0,"event_name":"Back to Basics","floor":25,"gold_loss":0},{"damage_healed":0,"gold_gain":0,"cards_transformed":["infinitespire:UltimateForm"],"player_choice":"Transformed","damage_taken":0,"max_hp_gain":0,"max_hp_loss":0,"event_name":"Transmorgrifier","floor":27,"gold_loss":0,"cards_obtained":["infinitespire:TheBestDefense"]}],"is_beta":false,"boss_relics":[{"not_picked":["Runic Dome","ChewingGum"],"picked":"Calling Bell"}],"items_purged_floors":[5,21],"is_endless":false,"potions_floor_spawned":[2,8,13,18,22],"killed_by":"3 Cultists","ascension_level":0}}