{"host":"0k696jvpnlqjk4gh","time":1612543997,"event":{"mods":["AchievementEnabler","BaseMod","Colored Map","Colored Powertips","Minty Spire (QoL Compilation)","Quick Restart"],"gold_per_floor":[116,116,116,116,130,168,168,191,191,229,229,81,106,130,130,130,130],"floor_reached":16,"language":"ENG","playtime":955,"items_purged":[],"score":130,"play_id":"121abae8-c284-43de-8ec6-47b0f416999d","local_time":"20210205165317","is_ascension_mode":true,"campfire_choices":[{"floor":7.0,"key":"REST"},{"floor":11.0,"key":"REST"},{"floor":15.0,"key":"REST"}],"circlet_count":0,"master_deck":["Strike_B","Strike_B","Strike_B","Strike_B","Defend_B","Defend_B","Defend_B","Defend_B+1","Zap","Dualcast","Rainbow+1","Leap","Coolheaded","Sweeping Beam","Redo","Conserve Battery","Gash","Cold Snap","Go for the Eyes"],"relics":["Nuclear Battery","Golden Idol","Art of War","Sundial","Toy Ornithopter","Orrery","Odd Mushroom"],"acts_visited":["Exordium"],"potions_floor_usage":[16],"damage_taken":[{"damage":6.0,"enemies":"Small Slimes","floor":1.0,"turns":3.0},{"damage":0.0,"enemies":"Jaw Worm","floor":5.0,"turns":3.0},{"damage":10.0,"enemies":"3 Sentries","floor":6.0,"turns":8.0},{"damage":0.0,"enemies":"2 Louse","floor":8.0,"turns":2.0},{"damage":54.0,"enemies":"Gremlin Nob","floor":10.0,"turns":5.0},{"damage":14.0,"enemies":"The Mushroom Lair","floor":13.0,"turns":4.0},{"damage":8.0,"enemies":"Exordium Thugs","floor":14.0,"turns":4.0},{"damage":41,"enemies":"Slime Boss","floor":16,"turns":8}],"seed_played":"4321185444534652953","potions_obtained":[{"floor":5.0,"key":"Explosive Potion"},{"floor":8.0,"key":"EssenceOfSteel"},{"floor":13.0,"key":"Energy Potion"},{"floor":14.0,"key":"Energy Potion"}],"is_trial":false,"path_per_floor":["M","?","?","?","M","E","R","M","T","E","R","$","?","M","R","B"],"character_chosen":"DEFECT","items_purchased":["Orrery"],"campfire_rested":3,"item_purchase_floors":[12],"current_hp_per_floor":[69,69,54,54,54,44,64,64,64,10,30,30,16,13,33,0,0],"gold":130,"neow_bonus":"BOSS_RELIC","is_daily":false,"chose_seed":false,"campfire_upgraded":0,"win_rate":0.0,"timestamp":1612543997,"path_taken":["M","?","?","?","M","E","R","M","T","E","R","$","?","?","R","BOSS"],"items_purchased_type":["Relic"],"build_version":"2020-12-22","purchased_purges":0,"victory":false,"max_hp_per_floor":[75,75,75,69,69,69,69,69,69,69,69,69,69,69,69,69,69],"card_choices":[{"not_picked":["Leap","Coolheaded"],"picked":"Beam Cell","floor":1.0},{"not_picked":["Ball Lightning","Stack"],"picked":"Leap","floor":5.0},{"not_picked":["Reprogram","Stack","Blizzard"],"picked":"SKIP","floor":6.0},{"not_picked":["Aggregate","Hologram","Rebound"],"picked":"SKIP","floor":8.0},{"not_picked":["Stack","Lockon"],"picked":"Coolheaded","floor":10.0},{"not_picked":["Compile Driver","Hologram"],"picked":"Sweeping Beam","floor":12.0},{"not_picked":["Hologram","Heatsinks"],"picked":"Redo","floor":12.0},{"not_picked":["Redo","Barrage"],"picked":"Conserve Battery","floor":12.0},{"not_picked":["Capacitor","Beam Cell"],"picked":"Gash","floor":12.0},{"not_picked":["Rip and Tear","Reprogram"],"picked":"Cold Snap","floor":13.0},{"not_picked":["Leap","Genetic Algorithm"],"picked":"Go for the Eyes","floor":14.0}],"player_experience":174668,"relics_obtained":[{"floor":6.0,"key":"Art of War"},{"floor":9.0,"key":"Sundial"},{"floor":10.0,"key":"Toy Ornithopter"},{"floor":13.0,"key":"Odd Mushroom"}],"event_choices":[{"damage_healed":0.0,"max_hp_gain":0.0,"max_hp_loss":0.0,"gold_gain":0.0,"cards_transformed":["Beam Cell"],"event_name":"Living Wall","player_choice":"Change","floor":2.0,"gold_loss":0.0,"damage_taken":0.0,"cards_obtained":["Rainbow"]},{"damage_healed":0.0,"max_hp_gain":0.0,"max_hp_loss":0.0,"gold_gain":0.0,"event_name":"Shining Light","player_choice":"Entered Light","floor":3.0,"gold_loss":0.0,"damage_taken":15.0,"cards_upgraded":["Defend_B","Rainbow"]},{"damage_healed":0.0,"max_hp_gain":0.0,"max_hp_loss":6.0,"gold_gain":0.0,"event_name":"Golden Idol","player_choice":"Lose Max HP","floor":4.0,"gold_loss":0.0,"damage_taken":0.0,"relics_obtained":["Golden Idol"]},{"damage_healed":0.0,"max_hp_gain":0.0,"max_hp_loss":0.0,"gold_gain":0.0,"event_name":"Mushrooms","player_choice":"Fought Mushrooms","floor":13.0,"gold_loss":0.0,"damage_taken":0.0}],"is_beta":false,"boss_relics":[],"items_purged_floors":[],"is_endless":false,"potions_floor_spawned":[5,8,13,14],"killed_by":"Slime Boss","ascension_level":4}}