{"host":"sc0o2qwpf9j16a4i","time":1612546186,"event":{"mods":["AchievementEnabler","BaseMod","BetterRewards","Block Reminder","Colored Map","Colored Powertips","Custom Start","Highlight Path","Minty Spire (QoL Compilation)","Relic Stats"],"gold_per_floor":[153,153,210,210,264,264,19,55,109,160,244,283,283,328,328,631,631,688,688,718,778,811,916,976,976,1001,1052,71,176,224,14,14,302,302,344,4,34,88,167,251,251,341,390,540,585,615,615,645,645,645],"floor_reached":51,"language":"ENG","playtime":3356,"items_purged":["Strike_R"],"score":932,"play_id":"1398f00b-e7bd-435e-a889-df755206083e","local_time":"20210205192946","daily_mods":["Specialized","Time Dilation","Midas"],"is_ascension_mode":false,"campfire_choices":[{"floor":6,"key":"REST"},{"floor":15,"key":"REST"},{"floor":32,"key":"REST"},{"floor":49,"key":"DIG"}],"circlet_count":0,"master_deck":["Strike_R","Strike_R","Strike_R","Strike_R","Defend_R","Defend_R","Defend_R+1","Defend_R+1","Bash","Spot Weakness+1","Spot Weakness","Spot Weakness","Spot Weakness","Spot Weakness","Evolve+1","Wild Strike","Shockwave","Wild Strike+1","Hemokinesis+1","Burning Pact","Shrug It Off","Heavy Blade+1","Feed+1","Ghostly Armor","Battle Trance","Shrug It Off","Exhume","Heavy Blade+1","Feel No Pain","Feel No Pain","Uppercut+1","Sentinel","True Grit","HandOfGreed+1","True Grit+1","Reaper+1","Dark Embrace","Limit Break","CurseOfTheBell","Power Through+1","Shrug It Off","Shrug It Off","Feel No Pain","Pommel Strike+1","Headbutt+1","True Grit+1","Pommel Strike+1","Shockwave+1","Second Wind+1"],"relics":["Burning Blood","NlothsMask","Molten Egg 2","War Paint","Art of War","Fusion Hammer","Thread and Needle","Nilry\u0027s Codex","PreservedInsect","Oddly Smooth Stone","Anchor","Frozen Eye","Singing Bowl","Calling Bell","Toy Ornithopter","InkBottle","Champion Belt","Girya","Frozen Egg 2","Torii","Bronze Scales","Shovel","Bag of Marbles"],"acts_visited":["Exordium","TheCity","TheBeyond"],"potions_floor_usage":[16,18,20,20,27,27,29,29,33,40,44,44,44,45,50,50],"damage_taken":[{"damage":1,"enemies":"Cultist","floor":1,"turns":3},{"damage":3,"enemies":"Jaw Worm","floor":3,"turns":4},{"damage":0,"enemies":"Small Slimes","floor":5,"turns":3},{"damage":7,"enemies":"Looter","floor":8,"turns":3},{"damage":20,"enemies":"Gremlin Gang","floor":10,"turns":4},{"damage":15,"enemies":"Gremlin Nob","floor":11,"turns":3},{"damage":8,"enemies":"Exordium Wildlife","floor":12,"turns":4},{"damage":2,"enemies":"Large Slime","floor":14,"turns":6},{"damage":20,"enemies":"Slime Boss","floor":16,"turns":4},{"damage":32,"enemies":"Shell Parasite","floor":18,"turns":6},{"damage":7,"enemies":"Chosen","floor":20,"turns":5},{"damage":17,"enemies":"Snecko","floor":21,"turns":4},{"damage":6,"enemies":"Chosen and Byrds","floor":22,"turns":4},{"damage":6,"enemies":"Book of Stabbing","floor":23,"turns":4},{"damage":14,"enemies":"Sentry and Sphere","floor":24,"turns":7},{"damage":31,"enemies":"Snake Plant","floor":27,"turns":5},{"damage":5,"enemies":"Gremlin Leader","floor":29,"turns":5},{"damage":2,"enemies":"Centurion and Healer","floor":30,"turns":10},{"damage":89,"enemies":"Collector","floor":33,"turns":12},{"damage":0,"enemies":"3 Shapes","floor":35,"turns":9},{"damage":8,"enemies":"Orb Walker","floor":37,"turns":7},{"damage":8,"enemies":"Maw","floor":38,"turns":8},{"damage":0,"enemies":"Sphere and 2 Shapes","floor":39,"turns":15},{"damage":19,"enemies":"Nemesis","floor":40,"turns":11},{"damage":43,"enemies":"Giant Head","floor":42,"turns":10},{"damage":1,"enemies":"Mind Bloom Boss Battle","floor":44,"turns":8},{"damage":27,"enemies":"Spire Growth","floor":45,"turns":6},{"damage":12,"enemies":"Maw","floor":46,"turns":14},{"damage":0,"enemies":"Writhing Mass","floor":48,"turns":10},{"damage":36,"enemies":"Time Eater","floor":50,"turns":15}],"seed_played":"-93166328800903475","potions_obtained":[{"floor":5,"key":"SpeedPotion"},{"floor":8,"key":"BlessingOfTheForge"},{"floor":10,"key":"ColorlessPotion"},{"floor":11,"key":"SteroidPotion"},{"floor":16,"key":"GamblersBrew"},{"floor":18,"key":"SkillPotion"},{"floor":22,"key":"Dexterity Potion"},{"floor":24,"key":"Regen Potion"},{"floor":27,"key":"Fruit Juice"},{"floor":33,"key":"PowerPotion"},{"floor":39,"key":"DistilledChaos"},{"floor":40,"key":"GamblersBrew"},{"floor":42,"key":"SpeedPotion"},{"floor":44,"key":"SkillPotion"},{"floor":46,"key":"Swift Potion"},{"floor":48,"key":"Regen Potion"}],"is_trial":true,"path_per_floor":["M","?","M","?","M","R","$","M","T","M","E","M","?","M","R","B",null,"M","?","M","M","M","E","M","?","T","M","$","E","M","$","R","B",null,"M","$","M","M","M","E","?","E","T","?","M","M","?","M","R","B",null],"character_chosen":"IRONCLAD","items_purchased":["Molten Egg 2","Feel No Pain","Oddly Smooth Stone","Anchor","Frozen Eye","Uppercut+1","Sentinel","True Grit","ColorlessPotion","HandOfGreed+1","Reaper+1","Dark Embrace","Girya","Shrug It Off"],"campfire_rested":3,"item_purchase_floors":[7,28,28,28,28,28,28,28,28,28,31,31,36,36],"current_hp_per_floor":[80,64,67,67,73,80,80,79,79,65,56,54,47,51,75,61,80,58,58,61,54,58,58,54,38,38,36,36,37,51,51,86,39,123,131,131,133,139,143,143,136,103,103,127,117,142,142,148,148,125],"gold":645,"neow_bonus":"","is_daily":false,"chose_seed":false,"campfire_upgraded":0,"win_rate":0.0,"timestamp":1612546186,"path_taken":["M","?","M","?","?","R","$","M","T","?","E","M","?","M","R","BOSS","M","?","?","M","M","E","M","?","T","M","$","E","M","$","R","BOSS","M","$","M","M","M","E","?","E","T","?","M","M","?","?","R","BOSS"],"items_purchased_type":["Relic","Card","Relic","Relic","Relic","Card","Card","Card","Potion","Card","Card","Card","Relic","Card"],"build_version":"2020-12-22","purchased_purges":1,"victory":true,"max_hp_per_floor":[80,80,80,80,80,80,80,80,80,80,80,80,80,80,80,80,80,84,84,88,92,96,96,100,100,100,109,109,109,119,119,119,123,123,131,131,135,139,143,143,136,140,140,144,150,154,154,154,154,154],"relic_stats":{"Singing Bowl":4,"Torii":13,"counters":[30,209],"PreservedInsect":216,"War Paint":["Defend_R","Defend_R"],"Burning Blood":152,"Shovel":1,"Bronze Scales":[237],"Art of War":[67],"Champion Belt":[33],"obtain_stats":[{"Girya":36,"Singing Bowl":29,"Torii":42,"Nilry\u0027s Codex":25,"Oddly Smooth Stone":28,"Thread and Needle":23,"PreservedInsect":26,"War Paint":11,"Frozen Egg 2":40,"Burning Blood":0,"Calling Bell":34,"Frozen Eye":28,"Anchor":28,"Shovel":44,"Bronze Scales":43,"Molten Egg 2":7,"Fusion Hammer":17,"Art of War":13,"Bag of Marbles":49,"Champion Belt":34,"Toy Ornithopter":34,"InkBottle":34,"NlothsMask":4},{"Girya":20,"Singing Bowl":17,"Torii":25,"Nilry\u0027s Codex":15,"Oddly Smooth Stone":16,"Thread and Needle":14,"PreservedInsect":15,"War Paint":6,"Frozen Egg 2":24,"Burning Blood":0,"Calling Bell":19,"Frozen Eye":16,"Anchor":16,"Shovel":26,"Bronze Scales":25,"Molten Egg 2":3,"Fusion Hammer":9,"Art of War":7,"Bag of Marbles":29,"Champion Belt":19,"Toy Ornithopter":19,"InkBottle":19,"NlothsMask":2},{"Girya":105,"Singing Bowl":74,"Torii":156,"Nilry\u0027s Codex":64,"Oddly Smooth Stone":69,"Thread and Needle":57,"PreservedInsect":64,"War Paint":20,"Frozen Egg 2":146,"Burning Blood":0,"Calling Bell":96,"Frozen Eye":69,"Anchor":69,"Shovel":164,"Bronze Scales":156,"Molten Egg 2":10,"Fusion Hammer":34,"Art of War":24,"Bag of Marbles":194,"Champion Belt":96,"Toy Ornithopter":96,"InkBottle":96,"NlothsMask":7}],"Toy Ornithopter":28,"InkBottle":[33]},"card_choices":[{"not_picked":["Body Slam","True Grit"],"picked":"Evolve","floor":1},{"not_picked":["Heavy Blade","Body Slam"],"picked":"Wild Strike","floor":3},{"not_picked":["Clash","Feel No Pain"],"picked":"Shockwave","floor":5},{"not_picked":["Disarm","Warcry"],"picked":"Wild Strike+1","floor":8},{"not_picked":["Warcry","Armaments"],"picked":"Hemokinesis+1","floor":10},{"not_picked":["Hemokinesis+1","Headbutt+1"],"picked":"Burning Pact","floor":11},{"not_picked":["Perfected Strike+1","Clothesline+1"],"picked":"Shrug It Off","floor":12},{"not_picked":["Evolve","Shrug It Off"],"picked":"Heavy Blade+1","floor":14},{"not_picked":["Impervious","Brutality"],"picked":"Feed+1","floor":16},{"not_picked":["Body Slam+1","Perfected Strike+1"],"picked":"Ghostly Armor","floor":18},{"not_picked":["Rampage+1","Dark Embrace+1"],"picked":"Battle Trance","floor":20},{"not_picked":["Searing Blow+1","Entrench","Fire Breathing"],"picked":"SKIP","floor":21},{"not_picked":["Iron Wave+1","Ghostly Armor"],"picked":"Shrug It Off","floor":22},{"not_picked":["Entrench","Body Slam+1"],"picked":"Exhume","floor":23},{"not_picked":["Wild Strike+1","Iron Wave+1"],"picked":"Heavy Blade+1","floor":24},{"not_picked":["Havoc+1","Second Wind"],"picked":"Feel No Pain","floor":27},{"not_picked":["Burning Pact+1","Sword Boomerang+1"],"picked":"True Grit+1","floor":29},{"not_picked":["Twin Strike+1","Heavy Blade+1","Clothesline+1"],"picked":"Singing Bowl","floor":30},{"not_picked":["Offering","Berserk"],"picked":"Limit Break","floor":33},{"not_picked":["Reckless Charge+1","True Grit+1"],"picked":"Power Through+1","floor":35},{"not_picked":["Headbutt+1","Reckless Charge+1"],"picked":"Shrug It Off","floor":37},{"not_picked":["Juggernaut","Battle Trance"],"picked":"Feel No Pain","floor":38},{"not_picked":["Clothesline+1","Clash+1"],"picked":"Pommel Strike+1","floor":39},{"not_picked":["Entrench+1","Armaments+1"],"picked":"Headbutt+1","floor":40},{"not_picked":["Clothesline+1","Flex+1"],"picked":"True Grit+1","floor":42},{"not_picked":["Heavy Blade+1","True Grit+1"],"picked":"Pommel Strike+1","floor":44},{"not_picked":["Armaments","True Grit+1","Pommel Strike+1"],"picked":"Singing Bowl","floor":45},{"not_picked":["Warcry+1","Pommel Strike+1"],"picked":"Shockwave+1","floor":46},{"not_picked":["Havoc","Hemokinesis+1"],"picked":"Second Wind+1","floor":48}],"player_experience":1209656,"relics_obtained":[{"floor":11,"key":"War Paint"},{"floor":23,"key":"Thread and Needle"},{"floor":25,"key":"Nilry\u0027s Codex"},{"floor":26,"key":"PreservedInsect"},{"floor":29,"key":"Singing Bowl"},{"floor":34,"key":"Toy Ornithopter"},{"floor":34,"key":"InkBottle"},{"floor":34,"key":"Champion Belt"},{"floor":40,"key":"Frozen Egg 2"},{"floor":42,"key":"Torii"},{"floor":43,"key":"Bronze Scales"},{"floor":44,"key":"Shovel"},{"floor":49,"key":"Bag of Marbles"}],"event_choices":[{"damage_healed":0,"gold_gain":0,"player_choice":"Entered Light","damage_taken":16,"max_hp_gain":0,"max_hp_loss":0,"event_name":"Shining Light","floor":2,"gold_loss":0,"cards_upgraded":["Spot Weakness","Evolve"]},{"damage_healed":0,"gold_gain":0,"player_choice":"Trade","damage_taken":0,"relics_obtained":["NlothsMask"],"max_hp_gain":0,"max_hp_loss":0,"event_name":"FaceTrader","floor":4,"gold_loss":0},{"damage_healed":0,"gold_gain":0,"player_choice":"Success","damage_taken":7,"relics_obtained":["Art of War"],"max_hp_gain":0,"max_hp_loss":0,"event_name":"Scrap Ooze","floor":13,"gold_loss":0},{"damage_healed":0,"gold_gain":0,"player_choice":"Got Potions","damage_taken":0,"max_hp_gain":0,"max_hp_loss":0,"event_name":"Lab","floor":19,"gold_loss":0},{"damage_healed":0,"gold_gain":0,"player_choice":"Obtained Book","damage_taken":16,"max_hp_gain":0,"max_hp_loss":0,"event_name":"Cursed Tome","floor":25,"gold_loss":0},{"damage_healed":0,"gold_gain":0,"player_choice":"Max HP","damage_taken":0,"max_hp_gain":0,"max_hp_loss":7,"event_name":"Winding Halls","floor":41,"gold_loss":0},{"damage_healed":0,"gold_gain":0,"player_choice":"Fight","damage_taken":0,"max_hp_gain":0,"max_hp_loss":0,"event_name":"MindBloom","floor":44,"gold_loss":0},{"damage_healed":0,"gold_gain":0,"player_choice":"Ignored","damage_taken":0,"max_hp_gain":0,"max_hp_loss":0,"event_name":"NoteForYourself","floor":47,"gold_loss":0}],"is_beta":false,"boss_relics":[{"not_picked":["Runic Cube","SlaversCollar"],"picked":"Fusion Hammer"},{"not_picked":["Runic Pyramid","SacredBark"],"picked":"Calling Bell"}],"items_purged_floors":[28],"is_endless":false,"potions_floor_spawned":[5,8,10,11,16,18,22,24,27,33,39,40,42,44,46,48],"ascension_level":0}}