{"host":"1ooxfz79hmpvpehx","time":1612545632,"event":{"mods":["BaseMod","Minty Spire (QoL Compilation)","Quick Restart","Replay The Spire","StSLib","SuperFastMode"],"gold_per_floor":[112,37,53,53,71,99,99,196,245,245,145,176,176,176,176],"floor_reached":14,"language":"ENG","playtime":195,"items_purged":["Strike_B","ReplayTheSpireMod:Splinters"],"score":101,"play_id":"b8e111a5-ea25-48a0-a2b5-d6ebcacaf1aa","local_time":"20210205142032","is_ascension_mode":true,"campfire_choices":[{"data":"Ball Lightning","floor":7,"key":"SMITH"},{"data":"Tempest","floor":13,"key":"SMITH"}],"circlet_count":0,"master_deck":["Strike_B","Strike_B","Strike_B+1","Defend_B","Defend_B","Defend_B+1","Defend_B","Zap","Dualcast","FIFO Queue","Ball Lightning","Ball Lightning+1","Tempest+1"],"relics":["Cracked Core","NeowsBlessing","CultistMask","Nunchaku","Juzu Bracelet","Simple Rune","Lantern"],"acts_visited":["Exordium"],"potions_floor_usage":[6],"damage_taken":[{"damage":0,"enemies":"2 Louse","floor":1,"turns":1},{"damage":0,"enemies":"Cultist","floor":3,"turns":1},{"damage":0,"enemies":"Jaw Worm","floor":5,"turns":1},{"damage":30,"enemies":"Gremlin Nob","floor":6,"turns":4},{"damage":32,"enemies":"Replay:BlueRogue","floor":12,"turns":5},{"damage":0,"enemies":"Lagavulin","floor":14,"turns":4}],"seed_played":"-5749249011017109895","potions_obtained":[{"floor":1,"key":"Explosive Potion"},{"floor":3,"key":"FocusPotion"},{"floor":6,"key":"Venom Potion"}],"is_trial":false,"path_per_floor":["M","$","M","?","M","E","R","?","T","?","$","E","R","E"],"character_chosen":"DEFECT","items_purchased":[],"campfire_rested":0,"item_purchase_floors":[],"current_hp_per_floor":[75,75,75,75,75,45,45,45,45,45,45,13,13,13,13],"gold":176,"neow_bonus":"THREE_ENEMY_KILL","is_daily":false,"chose_seed":false,"campfire_upgraded":2,"win_rate":0.0,"timestamp":1612545632,"path_taken":["M","$","M","?","?","E","R","?","T","?","$","E","R","E"],"items_purchased_type":[],"build_version":"2020-12-22","purchased_purges":2,"victory":false,"max_hp_per_floor":[75,75,75,75,75,75,75,75,75,75,75,75,75,75,75],"card_choices":[{"not_picked":["Crystallizer","Compile Driver"],"picked":"FIFO Queue","floor":1},{"not_picked":["Reinforced Body","Rebound"],"picked":"Ball Lightning","floor":3},{"not_picked":["Glacier","Steam"],"picked":"Ball Lightning","floor":5},{"not_picked":["Double Energy","Gash","Chill"],"picked":"SKIP","floor":6},{"not_picked":["Gash","BootSequence"],"picked":"Tempest","floor":12}],"player_experience":18735,"relics_obtained":[{"floor":6,"key":"Nunchaku"},{"floor":9,"key":"Juzu Bracelet"},{"floor":12,"key":"Lantern"}],"event_choices":[{"damage_healed":0,"gold_gain":0,"player_choice":"Trade","damage_taken":0,"relics_obtained":["CultistMask"],"max_hp_gain":0,"max_hp_loss":0,"event_name":"FaceTrader","floor":4,"gold_loss":0},{"damage_healed":0,"gold_gain":0,"player_choice":"Gave Potion","damage_taken":0,"relics_obtained":["Simple Rune"],"max_hp_gain":0,"max_hp_loss":0,"event_name":"WeMeetAgain","floor":10,"gold_loss":0}],"is_beta":false,"boss_relics":[],"items_purged_floors":[2,11],"is_endless":false,"potions_floor_spawned":[1,3,6],"killed_by":"Lagavulin","ascension_level":1}}