{"host":"eaiphzh066bwqdh7","time":1612533393,"event":{"mods":["BaseMod","Better Note","Halation","Hubris","Minty Spire (QoL Compilation)","Reliquary","Replay The Spire","StSLib"],"gold_per_floor":[18,18,18,18,18,18,44,44,70,81,114,39,55,87,87,189,189,204,220,220,180,194,194,212,212,212,212,244,263,279,279,279,380,380,397,397,397,411,13,38,38,38,38],"floor_reached":42,"language":"ENG","playtime":1019,"items_purged":["Defend_P"],"score":560,"play_id":"0f1887c6-a4d6-43f7-b225-4a30479e519e","local_time":"20210205085633","is_ascension_mode":true,"campfire_choices":[{"data":"Vigilance","floor":6,"key":"SMITH"},{"floor":8,"key":"REST"},{"data":"Eruption","floor":15,"key":"SMITH"},{"floor":23,"key":"REST"},{"data":"MasterReality","floor":25,"key":"SMITH"},{"data":"hubris:DuctTapeCard","floor":27,"key":"SMITH"},{"floor":41,"key":"REST"}],"circlet_count":0,"master_deck":["Strike_P+1","Strike_P+1","Eruption+1","Vigilance+1","MasterReality+1","hubris:DuctTapeCard+2","CarveReality+1","Devotion","PathToVictory","CarveReality+1"],"relics":["PureWater","Iron Hammer","Pocketwatch","reliquary:Buckler","Lantern","Meat on the Bone","hubris:ScarierMask","hubris:DuctTape","StoneCalendar","NlothsMask","Black Star","hubris:Icosahedron","reliquary:Aerogel","Letter Opener","Whetstone","hubris:CuriousFeather"],"acts_visited":["Exordium","TheCity","TheBeyond"],"potions_floor_usage":[14,18,18,22,22,30,33,33,40],"damage_taken":[{"damage":2,"enemies":"Jaw Worm","floor":1,"turns":3},{"damage":15,"enemies":"Lagavulin","floor":7,"turns":5},{"damage":3,"enemies":"2 Louse","floor":10,"turns":2},{"damage":10,"enemies":"3 Sentries","floor":11,"turns":6},{"damage":0,"enemies":"Cultist","floor":13,"turns":1},{"damage":0,"enemies":"Gremlin Nob","floor":14,"turns":2},{"damage":14,"enemies":"Fading Forest","floor":16,"turns":11},{"damage":24,"enemies":"Shell Parasite","floor":18,"turns":2},{"damage":0,"enemies":"2 Thieves","floor":19,"turns":2},{"damage":9,"enemies":"Snake Plant","floor":22,"turns":3},{"damage":0,"enemies":"Sentry and Sphere","floor":24,"turns":2},{"damage":18,"enemies":"Gremlin Leader","floor":28,"turns":4},{"damage":0,"enemies":"3 Cultists","floor":29,"turns":2},{"damage":4,"enemies":"Chosen and Byrds","floor":30,"turns":3},{"damage":71,"enemies":"Automaton","floor":33,"turns":7},{"damage":0,"enemies":"3 Shapes","floor":35,"turns":2},{"damage":19,"enemies":"3 Darklings","floor":38,"turns":3},{"damage":66,"enemies":"R_Hoarder","floor":40,"turns":7},{"damage":85,"enemies":"Nemesis","floor":42,"turns":4}],"seed_played":"4459622331024965895","potions_obtained":[{"floor":1,"key":"Fire Potion"},{"floor":11,"key":"BlessingOfTheForge"},{"floor":14,"key":"Adrenaline Potion"},{"floor":21,"key":"EssenceOfSteel"},{"floor":21,"key":"AttackPotion"},{"floor":21,"key":"Dexterity Potion"},{"floor":22,"key":"PowerPotion"},{"floor":28,"key":"FairyPotion"},{"floor":30,"key":"Strength Potion"},{"floor":33,"key":"DistilledChaos"},{"floor":35,"key":"SteroidPotion"},{"floor":40,"key":"Fire Potion"}],"is_trial":false,"path_per_floor":["M","?","?","T","$","R","E","R","T","M","E","$","M","E","R","B",null,"M","M","?","?","M","R","M","R","T","R","E","M","M","?","R","B",null,"M","?","?","M","$","E","R","E"],"character_chosen":"WATCHER","items_purchased":["reliquary:Aerogel","Letter Opener"],"campfire_rested":3,"item_purchase_floors":[39,39],"current_hp_per_floor":[70,75,78,78,78,78,63,80,80,77,67,67,67,67,67,61,80,56,56,56,56,47,71,71,71,71,71,53,53,49,49,73,14,80,80,76,76,57,57,25,47,0,0],"gold":38,"neow_bonus":"REMOVE_TWO","is_daily":false,"chose_seed":false,"campfire_upgraded":4,"win_rate":0.0,"timestamp":1612533393,"path_taken":["M","?","?","?","$","R","E","R","T","?","E","$","M","E","R","BOSS","M","?","?","?","M","R","M","R","T","R","E","?","M","?","R","BOSS","M","?","?","M","$","E","R","E"],"items_purchased_type":["Relic","Relic"],"build_version":"2020-12-22","purchased_purges":1,"victory":false,"max_hp_per_floor":[72,77,80,80,80,80,80,80,80,80,80,80,80,80,80,80,80,80,80,80,80,80,80,80,80,80,80,80,80,80,80,80,80,80,80,76,76,76,76,76,76,76,76],"card_choices":[{"not_picked":["SignatureMove","FlyingSleeves","Adaptation"],"picked":"SKIP","floor":1},{"not_picked":["JustLucky","ForeignInfluence","Evaluate"],"picked":"SKIP","floor":7},{"not_picked":["Consecrate","WreathOfFlame","BowlingBash"],"picked":"SKIP","floor":10},{"not_picked":["Tantrum","CrushJoints","CutThroughFate"],"picked":"SKIP","floor":11},{"not_picked":["FollowUp","Evaluate","Omniscience"],"picked":"SKIP","floor":13},{"not_picked":["Omniscience","Consecrate","EmptyBody"],"picked":"SKIP","floor":14},{"not_picked":["Replay:LoomingThreat","Establishment"],"picked":"MasterReality","floor":16},{"not_picked":["CrushJoints","BowlingBash","ClearTheMind"],"picked":"SKIP","floor":18},{"not_picked":["DeceiveReality+1","Replay:AtTheReady","EmptyMind+1"],"picked":"SKIP","floor":19},{"not_picked":["SashWhip","Consecrate","EmptyFist"],"picked":"SKIP","floor":22},{"not_picked":["ConjureBlade","Meditate","ClearTheMind"],"picked":"SKIP","floor":24},{"not_picked":["Replay:ManipulateFuture","EmptyBody"],"picked":"CarveReality+1","floor":28},{"not_picked":["EmptyFist","FollowUp","FlyingSleeves"],"picked":"SKIP","floor":29},{"not_picked":["Protect","CrushJoints","JustLucky"],"picked":"SKIP","floor":30},{"not_picked":["Replay:AllIn","Vault"],"picked":"Devotion","floor":33},{"not_picked":["Halt+1","Adaptation+1"],"picked":"PathToVictory","floor":35},{"not_picked":["Sanctity","Halt"],"picked":"CarveReality+1","floor":38},{"not_picked":["Replay:ManipulateFuture","Replay:BluntJabs+1","FlurryOfBlows"],"picked":"SKIP","floor":40}],"player_experience":259823,"relics_obtained":[{"floor":4,"key":"Iron Hammer"},{"floor":7,"key":"Pocketwatch"},{"floor":9,"key":"reliquary:Buckler"},{"floor":11,"key":"Lantern"},{"floor":14,"key":"Meat on the Bone"},{"floor":26,"key":"hubris:DuctTape"},{"floor":28,"key":"StoneCalendar"},{"floor":40,"key":"Whetstone"},{"floor":40,"key":"hubris:CuriousFeather"}],"event_choices":[{"damage_healed":0,"gold_gain":0,"player_choice":"Donut","damage_taken":0,"max_hp_gain":5,"max_hp_loss":0,"event_name":"Big Fish","floor":2,"gold_loss":0},{"cards_removed":["Strike_P"],"damage_healed":0,"gold_gain":0,"player_choice":"Elegance","damage_taken":0,"max_hp_gain":0,"max_hp_loss":0,"event_name":"Back to Basics","floor":20,"gold_loss":0},{"damage_healed":0,"gold_gain":0,"player_choice":"Bought 3 Potions","damage_taken":0,"max_hp_gain":0,"max_hp_loss":0,"event_name":"The Woman in Blue","floor":21,"gold_loss":0},{"damage_healed":0,"gold_gain":0,"player_choice":"Trade","damage_taken":0,"relics_obtained":["NlothsMask"],"max_hp_gain":0,"max_hp_loss":0,"event_name":"FaceTrader","floor":31,"gold_loss":0},{"damage_healed":0,"gold_gain":0,"player_choice":"Max HP","damage_taken":0,"max_hp_gain":0,"max_hp_loss":4,"event_name":"Winding Halls","floor":36,"gold_loss":0}],"is_beta":false,"boss_relics":[{"not_picked":["hubris:BlackHole","hubris:TerracottaHorce"],"picked":"hubris:ScarierMask"},{"not_picked":["Calling Bell","Runic Pyramid"],"picked":"Black Star"}],"items_purged_floors":[12],"is_endless":false,"potions_floor_spawned":[1,11,14,22,28,30,33,35,40],"killed_by":"Nemesis","ascension_level":3}}