{"host":"8is2j71l4wmybkoi","time":1612520364,"event":{"mods":["AchievementEnabler","BaseMod","Colored Map","Minty Spire (QoL Compilation)","Rare Cards Sparkle","StSLib","SuperFastMode"],"gold_per_floor":[113,113,130,130,144,174,174,205,205,205,48,22,22,48,48,119,119,130,130,148,60,94,128,128,155,155,166,166,184,184,198,198,275,275,287,302,321,338,354,354,380,380,428,459,471,483,528,554,566,578,590,602,38,64,64],"floor_reached":56,"language":"KOR","playtime":2272,"items_purged":["Strike_R","Defend_R"],"score":2164,"play_id":"ea6d7e0b-d37f-4788-85ec-7204640007f2","local_time":"20210205191924","is_ascension_mode":true,"campfire_choices":[{"data":"Immolate","floor":7.0,"key":"SMITH"},{"data":"Armaments","floor":13.0,"key":"SMITH"},{"data":"Strike_R","floor":15.0,"key":"PURGE"},{"data":"Strike_R","floor":24.0,"key":"PURGE"},{"data":"Bludgeon","floor":28.0,"key":"SMITH"},{"data":"Defend_R","floor":30,"key":"PURGE"},{"data":"Evolve","floor":32,"key":"SMITH"},{"floor":40,"key":"RECALL"},{"data":"Defend_R","floor":42,"key":"PURGE"},{"data":"Defend_R","floor":49,"key":"PURGE"},{"data":"Body Slam","floor":52,"key":"SMITH"}],"circlet_count":0,"master_deck":["AscendersBane","Immolate+1","Armaments+1","Body Slam+1","Bludgeon+1","Blind+1","True Grit+1","Double Tap+1","Entrench+1","Panacea+1","Warcry+1","Evolve+1","Reaper","Power Through+1","Impervious+1","Seeing Red+1","True Grit+1","Dark Embrace"],"relics":["Burning Blood","Omamori","Mercury Hourglass","Toxic Egg 2","Peace Pipe","HornCleat","Cursed Key","Red Mask","Incense Burner","Bag of Marbles","Coffee Dripper","Centennial Puzzle","MawBank","Ornamental Fan","Mango","Blood Vial"],"acts_visited":["Exordium","TheCity","TheBeyond","TheEnding"],"potions_floor_usage":[33,41,44,47,50,54,55,55],"damage_taken":[{"damage":0.0,"enemies":"2 Louse","floor":1.0,"turns":1.0},{"damage":2.0,"enemies":"Jaw Worm","floor":3.0,"turns":3.0},{"damage":10.0,"enemies":"Small Slimes","floor":5.0,"turns":2.0},{"damage":35.0,"enemies":"Lagavulin","floor":6.0,"turns":8.0},{"damage":8.0,"enemies":"Gremlin Nob","floor":8.0,"turns":3.0},{"damage":30.0,"enemies":"Lagavulin","floor":14.0,"turns":6.0},{"damage":9.0,"enemies":"Slime Boss","floor":16.0,"turns":9.0},{"damage":0.0,"enemies":"Shell Parasite","floor":18.0,"turns":1.0},{"damage":0.0,"enemies":"Chosen","floor":20.0,"turns":3.0},{"damage":0.0,"enemies":"Masked Bandits","floor":22.0,"turns":2.0},{"damage":0.0,"enemies":"Slavers","floor":23.0,"turns":2.0},{"damage":0.0,"enemies":"Gremlin Leader","floor":25.0,"turns":7.0},{"damage":6.0,"enemies":"Centurion and Healer","floor":27.0,"turns":6.0},{"damage":0,"enemies":"Cultist and Chosen","floor":29,"turns":4},{"damage":0,"enemies":"Snake Plant","floor":31,"turns":2},{"damage":24,"enemies":"Champ","floor":33,"turns":7},{"damage":3,"enemies":"3 Darklings","floor":35,"turns":2},{"damage":0,"enemies":"Orb Walker","floor":36,"turns":2},{"damage":18,"enemies":"Transient","floor":37,"turns":5},{"damage":0,"enemies":"4 Shapes","floor":38,"turns":1},{"damage":11,"enemies":"3 Darklings","floor":39,"turns":5},{"damage":22,"enemies":"Nemesis","floor":41,"turns":5},{"damage":0,"enemies":"Transient","floor":44,"turns":5},{"damage":6,"enemies":"Reptomancer","floor":47,"turns":3},{"damage":6,"enemies":"Maw","floor":48,"turns":6},{"damage":22,"enemies":"Donu and Deca","floor":50,"turns":7},{"damage":0,"enemies":"Shield and Spear","floor":54,"turns":4},{"damage":88,"enemies":"The Heart","floor":55,"turns":12}],"seed_played":"-6811223694810963372","potions_obtained":[{"floor":6.0,"key":"EssenceOfSteel"},{"floor":8.0,"key":"SkillPotion"},{"floor":14.0,"key":"SteroidPotion"},{"floor":16.0,"key":"SneckoOil"},{"floor":20.0,"key":"BloodPotion"},{"floor":23.0,"key":"SkillPotion"},{"floor":25.0,"key":"Regen Potion"},{"floor":27.0,"key":"PowerPotion"},{"floor":36,"key":"HeartOfIron"},{"floor":41,"key":"SkillPotion"},{"floor":44,"key":"PowerPotion"},{"floor":48,"key":"AttackPotion"},{"floor":54,"key":"PowerPotion"}],"is_trial":false,"path_per_floor":["M","?","M","?","M","E","R","E","T","T","$","$","R","E","R","B",null,"M","?","M","$","?","E","R","E","T","M","R","M","R","M","R","B",null,"M","M","M","M","M","R","E","R","T","M","?","?","E","M","R","B",null,"R","$","E","B",null],"character_chosen":"IRONCLAD","items_purchased":["Blind+1","True Grit+1","Panacea+1","True Grit+1","Dark Embrace","Weak Potion","Mango"],"campfire_rested":0,"item_purchase_floors":[11,12,21,53,53,53,53],"current_hp_per_floor":[74,79,80,80,76,47,47,45,45,45,45,45,45,21,21,18,65,71,71,77,77,80,80,80,80,80,80,80,80,80,80,80,62,76,80,80,68,74,75,75,59,59,59,80,76,76,76,76,76,60,72,72,86,90,9],"gold":64,"neow_bonus":"ONE_RANDOM_RARE_CARD","is_daily":false,"chose_seed":false,"campfire_upgraded":5,"win_rate":0.0,"timestamp":1612520364,"path_taken":["M","?","M","?","M","E","R","E","T","?","?","$","R","E","R","BOSS","M","?","?","$","?","E","R","E","T","M","R","M","R","M","R","BOSS","M","M","M","M","M","R","E","R","T","M","?","?","E","M","R","BOSS","R","$","E","BOSS"],"items_purchased_type":["Card","Card","Card","Card","Card","Potion","Relic"],"build_version":"2020-12-22","purchased_purges":2,"victory":true,"max_hp_per_floor":[75,80,80,80,80,80,80,80,80,80,80,80,80,80,80,80,80,80,80,80,80,80,80,80,80,80,80,80,80,80,80,80,80,80,80,80,80,80,80,80,80,80,80,80,76,76,76,76,76,76,76,76,90,90,90],"card_choices":[{"not_picked":["Havoc","Wild Strike"],"picked":"Armaments","floor":1.0},{"not_picked":["Dual Wield","Warcry"],"picked":"Body Slam","floor":3.0},{"not_picked":["Cleave","Havoc","Warcry"],"picked":"SKIP","floor":5.0},{"not_picked":["Exhume","Seeing Red"],"picked":"Bludgeon","floor":6.0},{"not_picked":["Searing Blow","Metallicize","Sever Soul"],"picked":"SKIP","floor":8.0},{"not_picked":["Body Slam","Rampage","Anger"],"picked":"SKIP","floor":14.0},{"not_picked":["Immolate","Juggernaut"],"picked":"Double Tap+1","floor":16.0},{"not_picked":["Wild Strike","Body Slam","Clash"],"picked":"SKIP","floor":18.0},{"not_picked":["Twin Strike","Sword Boomerang"],"picked":"Entrench+1","floor":20.0},{"not_picked":["Bludgeon","Uppercut","Armaments+1"],"picked":"SKIP","floor":23.0},{"not_picked":["Clothesline","Bludgeon","Hemokinesis"],"picked":"SKIP","floor":25.0},{"not_picked":["Twin Strike","Perfected Strike","Feel No Pain"],"picked":"SKIP","floor":27.0},{"not_picked":["Whirlwind","Cleave"],"picked":"Warcry+1","floor":29},{"not_picked":["Inflame","Armaments+1"],"picked":"Evolve","floor":31},{"not_picked":["Juggernaut","Corruption"],"picked":"Reaper","floor":33},{"not_picked":["Iron Wave+1","Flex+1","Bloodletting+1"],"picked":"SKIP","floor":35},{"not_picked":["Sword Boomerang","Heavy Blade","Bloodletting+1"],"picked":"SKIP","floor":36},{"not_picked":["Iron Wave","Cleave","Hemokinesis+1"],"picked":"SKIP","floor":37},{"not_picked":["Flex+1","Anger","Intimidate+1"],"picked":"SKIP","floor":38},{"not_picked":["Clash","Sword Boomerang"],"picked":"Power Through+1","floor":39},{"not_picked":["Fire Breathing","Anger","Cleave"],"picked":"SKIP","floor":41},{"not_picked":["Seeing Red+1","Evolve"],"picked":"Impervious+1","floor":44},{"not_picked":["Reckless Charge","Combust","Dropkick"],"picked":"SKIP","floor":47},{"not_picked":["Iron Wave","Searing Blow"],"picked":"Seeing Red+1","floor":48},{"not_picked":["Rupture+1","Carnage","Wild Strike"],"picked":"SKIP","floor":54}],"player_experience":983800,"relics_obtained":[{"floor":6.0,"key":"Omamori"},{"floor":8.0,"key":"Mercury Hourglass"},{"floor":9.0,"key":"Toxic Egg 2"},{"floor":10.0,"key":"Peace Pipe"},{"floor":14.0,"key":"HornCleat"},{"floor":22.0,"key":"Red Mask"},{"floor":23.0,"key":"Incense Burner"},{"floor":25.0,"key":"Bag of Marbles"},{"floor":41,"key":"Centennial Puzzle"},{"floor":43,"key":"MawBank"},{"floor":47,"key":"Ornamental Fan"},{"floor":54,"key":"Blood Vial"}],"event_choices":[{"damage_healed":0.0,"max_hp_gain":5.0,"max_hp_loss":0.0,"gold_gain":0.0,"event_name":"Big Fish","player_choice":"Donut","floor":2.0,"gold_loss":0.0,"damage_taken":0.0},{"cards_removed":["Strike_R"],"damage_healed":0.0,"max_hp_gain":0.0,"max_hp_loss":0.0,"gold_gain":0.0,"event_name":"Living Wall","player_choice":"Forget","floor":4.0,"gold_loss":0.0,"damage_taken":0.0},{"cards_removed":["Strike_R"],"damage_healed":0.0,"max_hp_gain":0.0,"max_hp_loss":0.0,"gold_gain":0.0,"event_name":"Bonfire Elementals","player_choice":"Offered Basic","floor":19.0,"gold_loss":0.0,"damage_taken":0.0},{"damage_healed":0.0,"max_hp_gain":0.0,"max_hp_loss":0.0,"gold_gain":0.0,"event_name":"Masked Bandits","player_choice":"Fought Bandits","floor":22.0,"gold_loss":0.0,"damage_taken":0.0},{"damage_healed":0,"gold_gain":0,"player_choice":"Max HP","damage_taken":0,"max_hp_gain":0,"max_hp_loss":4,"event_name":"Winding Halls","floor":45,"gold_loss":0},{"cards_removed":["Bash"],"damage_healed":0,"gold_gain":0,"player_choice":"Removed Attack","damage_taken":0,"max_hp_gain":0,"max_hp_loss":0,"event_name":"Falling","floor":46,"gold_loss":0}],"is_beta":false,"boss_relics":[{"not_picked":["Mark of Pain","SacredBark"],"picked":"Cursed Key"},{"not_picked":["Runic Dome","Pandora\u0027s Box"],"picked":"Coffee Dripper"}],"items_purged_floors":[11,53],"is_endless":false,"potions_floor_spawned":[6,8,14,16,20,23,25,27,36,39,41,44,48,54],"ascension_level":15}}