{"host":"kjehzzhcyp0nyrrl","time":1612534120,"event":{"mods":["100% Spire Juice","AchievementEnabler","BaseMod","Hermit","Keyboard Shortcuts","Koishi","Minty Spire (QoL Compilation)","StSLib","SuperFastMode","The Dragon Tamer","everything is the same but u backflip on backflip"],"gold_per_floor":[91,111,111,128,148,148,177,177,177,177,57,57,57,57,57,153,33,48,48,63,63,82,82,96,110,110,110,123,142,22,33,33,33,33],"floor_reached":33,"language":"KOR","playtime":944,"items_purged":[],"score":299,"play_id":"036bbee3-2ee5-4202-bad5-b977dde67579","local_time":"20210205230840","is_ascension_mode":false,"campfire_choices":[{"data":"Moonworks:CloudOfSeagulls","floor":6.0,"key":"SMITH"},{"data":"Moonworks:IndiscriminateFireSupport","floor":8.0,"key":"SMITH"},{"data":"Moonworks:Ambush","floor":13.0,"key":"SMITH"},{"data":"Moonworks:NicePresent","floor":15,"key":"SMITH"},{"data":"Moonworks:AnotherUltimateWeapon","floor":23,"key":"SMITH"},{"data":"Moonworks:x16BigRocket","floor":27,"key":"SMITH"},{"data":"Moonworks:x16BigRocket+1","floor":32,"key":"SMITH"}],"circlet_count":0,"master_deck":["Moonworks:Strike","Moonworks:Strike","Moonworks:Strike","Moonworks:Defend","Moonworks:Defend","Moonworks:Defend","Moonworks:Defend","Moonworks:Ambush+1","Moonworks:LongDistanceShot","Moonworks:CloudOfSeagulls+1","Moonworks:NicePresent+1","Moonworks:IndiscriminateFireSupport+1","Moonworks:EvilSpyWorkPreparation","Moonworks:AnotherUltimateWeapon+1","Moonworks:x16BigRocket+2","Moonworks:CompletionReward","Moonworks:Flamethrower"],"relics":["Moonworks:BrokenBomb","Moonworks:Homemark","Bag of Marbles","The Courier","Calipers","Sozu","Ornamental Fan"],"acts_visited":["Exordium","TheCity"],"potions_floor_usage":[33],"damage_taken":[{"damage":5.0,"enemies":"Small Slimes","floor":1.0,"turns":3.0},{"damage":4.0,"enemies":"Cultist","floor":2.0,"turns":4.0},{"damage":4.0,"enemies":"Jaw Worm","floor":4.0,"turns":4.0},{"damage":0.0,"enemies":"Exordium Wildlife","floor":5.0,"turns":1.0},{"damage":25.0,"enemies":"Lagavulin","floor":7.0,"turns":6.0},{"damage":0,"enemies":"Slime Boss","floor":16,"turns":4},{"damage":0,"enemies":"Spheric Guardian","floor":18,"turns":3},{"damage":0,"enemies":"Chosen","floor":20,"turns":3},{"damage":17,"enemies":"Centurion and Healer","floor":22,"turns":4},{"damage":0,"enemies":"Snake Plant","floor":24,"turns":3},{"damage":7,"enemies":"Shelled Parasite and Fungi","floor":25,"turns":5},{"damage":0,"enemies":"Centurion and Healer","floor":28,"turns":3},{"damage":6,"enemies":"Snake Plant","floor":29,"turns":3},{"damage":0,"enemies":"Cultist and Chosen","floor":31,"turns":3},{"damage":34,"enemies":"Champ","floor":33,"turns":6}],"seed_played":"-7901329338868921018","potions_obtained":[{"floor":2.0,"key":"Explosive Potion"},{"floor":4.0,"key":"ColorlessPotion"},{"floor":16,"key":"Block Potion"}],"is_trial":false,"path_per_floor":["M","M","?","M","M","R","E","R","T","?","$","?","R","?","R","B",null,"M","?","M","?","M","R","M","M","T","R","M","M","$","M","R","B"],"character_chosen":"THE_STARBREAKER","items_purchased":[],"campfire_rested":0,"item_purchase_floors":[],"current_hp_per_floor":[55,51,51,47,47,47,22,22,22,15,15,15,15,15,15,15,60,60,60,60,60,43,43,43,36,36,36,36,30,30,30,30,0,0],"gold":33,"neow_bonus":"HUNDRED_GOLD","is_daily":false,"chose_seed":false,"campfire_upgraded":7,"win_rate":0.0,"timestamp":1612534120,"path_taken":["M","M","?","?","M","R","E","R","T","?","?","?","R","?","R","BOSS","M","?","M","?","M","R","?","M","T","R","M","?","$","M","R","BOSS"],"items_purchased_type":[],"build_version":"2020-12-22","purchased_purges":0,"victory":false,"max_hp_per_floor":[60,60,60,60,60,60,60,60,60,60,60,60,60,60,60,60,60,60,60,60,60,60,60,60,60,60,60,60,60,60,60,60,60,60],"card_choices":[{"not_picked":["Moonworks:LuckyCharm","Moonworks:SelfDestruct"],"picked":"Moonworks:CloudOfSeagulls","floor":1.0},{"not_picked":["Moonworks:LulusLuckyEgg","Moonworks:Assault"],"picked":"Moonworks:NicePresent","floor":2.0},{"not_picked":["Moonworks:BigMagnum","Moonworks:LuckyCharm"],"picked":"Moonworks:IndiscriminateFireSupport","floor":4.0},{"not_picked":["Moonworks:Assault","Moonworks:ScrambledEve","Moonworks:UnpaidWork"],"picked":"SKIP","floor":5.0},{"not_picked":["Moonworks:SealedMemories","Moonworks:Encore"],"picked":"Moonworks:EvilSpyWorkPreparation","floor":7.0},{"not_picked":["Moonworks:AccelHyper","Moonworks:WeAreWaruda"],"picked":"Moonworks:AnotherUltimateWeapon","floor":16},{"not_picked":["Moonworks:ImOnFire","Moonworks:BigMagnum"],"picked":"Moonworks:x16BigRocket","floor":18},{"not_picked":["Moonworks:Bloodlust","Moonworks:SealedMemories+1","Moonworks:DeployBits"],"picked":"SKIP","floor":20},{"not_picked":["Moonworks:LulusLuckyEgg","Moonworks:BeyondHell","Moonworks:DeployBits"],"picked":"SKIP","floor":22},{"not_picked":["Moonworks:JonathanRush+1","Moonworks:ImOnFire+1"],"picked":"Moonworks:CompletionReward","floor":24},{"not_picked":["Moonworks:SakisCookie","Moonworks:x16BigRocket","Moonworks:LulusLuckyEgg"],"picked":"SKIP","floor":25},{"not_picked":["Moonworks:ImOnFire","Moonworks:SakisCookie","Moonworks:Assault"],"picked":"SKIP","floor":28},{"not_picked":["Moonworks:SakisCookie+1","Moonworks:JonathanRush","Moonworks:DeployBits"],"picked":"SKIP","floor":29},{"not_picked":["Moonworks:LuckyCharm+1","Moonworks:LulusLuckyEgg+1"],"picked":"Moonworks:Flamethrower","floor":31}],"player_experience":390879,"relics_obtained":[{"floor":7.0,"key":"The Courier"},{"floor":26,"key":"Ornamental Fan"}],"event_choices":[{"damage_healed":0.0,"max_hp_gain":0.0,"max_hp_loss":0.0,"gold_gain":0.0,"event_name":"WeMeetAgain","player_choice":"Gave Potion","floor":3.0,"gold_loss":0.0,"damage_taken":0.0,"relics_obtained":["Bag of Marbles"]},{"cards_removed":["Moonworks:Strike"],"damage_healed":0.0,"max_hp_gain":0.0,"max_hp_loss":0.0,"gold_gain":0.0,"event_name":"Golden Wing","player_choice":"Card Removal","floor":10.0,"gold_loss":0.0,"damage_taken":7.0},{"damage_healed":0.0,"max_hp_gain":0.0,"max_hp_loss":0.0,"gold_gain":0.0,"event_name":"Dead Adventurer","player_choice":"Searched \u00271\u0027 times","floor":12.0,"gold_loss":0.0,"damage_taken":0.0,"relics_obtained":["Calipers"]},{"damage_healed":0,"gold_gain":0,"player_choice":"Fled","damage_taken":0,"max_hp_gain":0,"max_hp_loss":0,"event_name":"Scrap Ooze","floor":14,"gold_loss":0},{"damage_healed":0,"gold_gain":0,"player_choice":"Ignored","damage_taken":0,"max_hp_gain":0,"max_hp_loss":0,"event_name":"Ghosts","floor":19,"gold_loss":0},{"damage_healed":0,"gold_gain":0,"player_choice":"Ignored","damage_taken":0,"max_hp_gain":0,"max_hp_loss":0,"event_name":"NoteForYourself","floor":21,"gold_loss":0}],"is_beta":false,"boss_relics":[{"not_picked":["Coffee Dripper","Pandora\u0027s Box"],"picked":"Sozu"}],"items_purged_floors":[],"is_endless":false,"potions_floor_spawned":[2,4,16,22,28,31],"killed_by":"Champ","ascension_level":0}}