{"host":"pletss163z7s8pvv","time":1612506071,"event":{"mods":["AchievementEnabler","BaseMod","Better Altar","Better Match","Better Note","Better Sensory Stone","Better Skull","Better Third Choice","BetterRewards","CapriCore","ChefMod","Colored Map","Colored Powertips","Conspire","Energized Spire","Evolution","GifTheSpireLib","Hermit","Ironclad Rager","Marked Mod","Minty Spire (QoL Compilation)","Retaliation","Spicy Shops","StS++","StSLib","The Alterego","The Blue Laboratory","The Cursed","The Disciple","The Forsaken"],"gold_per_floor":[118,141,216,228,174,207,227,227,227,24,38,38,56,6,6,106,156,172,172,172,172,87,14,14,14,59,77,77,15,29,42,42,146,146,159,234,580,580,345,345,364,395,420,32,51,51,71,71,71],"floor_reached":48,"language":"ENG","playtime":1248,"items_purged":["Normality","Injury"],"score":606,"play_id":"37155ee3-8fc1-4fe0-a80f-edacd0b85024","local_time":"20210205002111","is_ascension_mode":false,"campfire_choices":[{"floor":8,"key":"REST"},{"floor":15,"key":"REST"},{"data":"Envenom","floor":24,"key":"SMITH"},{"floor":28,"key":"RECALL"},{"data":"After Image","floor":32,"key":"SMITH"},{"floor":40,"key":"REST"}],"circlet_count":0,"master_deck":["Bane+1","Bane","Bane","Bane","Bane","Dodge and Roll+1","Dodge and Roll","Dodge and Roll","Defend_G","Defend_G","Survivor","Neutralize+1","Poisoned Stab","Deflect+1","conspire:PoisonWeapons","Bouncing Flask","Bouncing Flask","Envenom+1","Quick Slash","Outmaneuver","Quick Slash","Cloak And Dagger","Dagger Spray","Deadly Poison","After Image+1","Sucker Punch","StSpp:PoisonousPunch+1","Die Die Die+1","Outmaneuver","Blade Dance","Slice","Riddle With Holes","Setup","Adrenaline","CurseOfTheBell","Bane","Crippling Poison","Dark Shackles","Poisoned Stab+1","Underhanded Strike+1","Corpse Explosion","PiercingWail","Sucker Punch","Deadly Poison+1"],"relics":["Ring of the Snake","EVO:Axolotl","Regal Pillow","StSpp:Monolith","Pen Nib","Boot","Orrery","Lantern","Tiny House","Eternal Feather","Membership Card","conspire:TopHat","Calling Bell","StSpp:BrokenTotem","Matryoshka","Du-Vu Doll","Old Coin","Cauldron","conspire:DeflatedDodgeball","StSpp:WoodenPendulum","PreservedInsect","Bag of Marbles","War Paint","StSpp:SailingBoat","Oddly Smooth Stone"],"acts_visited":["Exordium","TheCity","TheBeyond"],"potions_floor_usage":[33,48],"damage_taken":[{"damage":0,"enemies":"Cultist","floor":1,"turns":4},{"damage":8,"enemies":"2 Louse","floor":4,"turns":2},{"damage":18,"enemies":"3 Sentries","floor":6,"turns":9},{"damage":0,"enemies":"Small Slimes","floor":7,"turns":2},{"damage":0,"enemies":"Gremlin Gang","floor":11,"turns":4},{"damage":5,"enemies":"Red Slaver","floor":13,"turns":2},{"damage":36,"enemies":"Hexaghost","floor":16,"turns":6},{"damage":2,"enemies":"Chosen","floor":18,"turns":3},{"damage":0,"enemies":"3 Byrds","floor":27,"turns":2},{"damage":2,"enemies":"Snecko","floor":30,"turns":3},{"damage":6,"enemies":"Centurion and Healer","floor":31,"turns":4},{"damage":35,"enemies":"Automaton","floor":33,"turns":8},{"damage":17,"enemies":"3 Shapes","floor":35,"turns":4},{"damage":29,"enemies":"2 Orb Walkers","floor":37,"turns":4},{"damage":9,"enemies":"Orb Walker","floor":41,"turns":3},{"damage":22,"enemies":"Reptomancer","floor":42,"turns":8},{"damage":6,"enemies":"Jaw Worm Horde","floor":45,"turns":4},{"damage":14,"enemies":"Transient","floor":47,"turns":5},{"damage":28,"enemies":"Writhing Mass","floor":48,"turns":3}],"seed_played":"-3426970921547178413","potions_obtained":[{"floor":1,"key":"Explosive Potion"},{"floor":6,"key":"DDmod:CleansePotion"},{"floor":13,"key":"GamblersBrew"},{"floor":17,"key":"blueLaboratory:HeartbeatPotion"},{"floor":30,"key":"blueLaboratory:ArtificerPotion"},{"floor":35,"key":"SpeedPotion"},{"floor":39,"key":"blueLaboratory:HeartbeatPotion"}],"is_trial":false,"path_per_floor":["M","T","?","M","?","E","M","R","T","$","M","?","M","$","R","B",null,"M","?","?","?","?","$","R","$","T","M","R","$","M","M","R","B",null,"M","?","?","?","$","R","M","E","T","$","M","?","M","M"],"character_chosen":"THE_SILENT","items_purchased":["Boot","Orrery","Deadly Poison","Membership Card","Blade Dance","Slice","Strength Potion","Cauldron","conspire:DeflatedDodgeball","Dark Shackles","War Paint","StSpp:SailingBoat","Oddly Smooth Stone","Corpse Explosion","PiercingWail"],"campfire_rested":3,"item_purchase_floors":[10,10,14,23,29,29,29,39,39,39,44,44,44,44,44],"current_hp_per_floor":[70,70,59,51,51,33,33,69,69,69,69,52,47,47,70,34,75,73,75,75,75,75,75,75,75,75,75,75,75,73,67,75,40,75,58,58,29,29,29,75,66,44,44,44,38,42,28,0,0],"gold":71,"neow_bonus":"UPGRADE_CARD","is_daily":false,"chose_seed":false,"campfire_upgraded":2,"win_rate":0.0,"timestamp":1612506071,"path_taken":["M","?","?","M","?","E","?","R","T","?","M","?","?","$","R","BOSS","M","?","?","?","?","?","R","$","T","?","R","$","M","M","R","BOSS","M","?","?","?","$","R","M","E","T","$","M","?","M","?"],"items_purchased_type":["Relic","Relic","Card","Relic","Card","Card","Potion","Relic","Relic","Card","Relic","Relic","Relic","Card","Card"],"build_version":"2020-12-22","purchased_purges":2,"victory":false,"max_hp_per_floor":[70,70,70,70,70,70,70,70,70,70,70,70,70,70,70,70,75,75,75,75,75,75,75,75,75,75,75,75,75,75,75,75,75,75,75,75,75,75,75,75,75,75,75,75,75,75,75,75,75],"card_choices":[{"not_picked":["Riddle With Holes","Blur"],"picked":"Poisoned Stab","floor":1},{"not_picked":["Backflip","Concentrate"],"picked":"Deflect","floor":4},{"not_picked":["Flying Knee","Flechettes"],"picked":"conspire:PoisonWeapons","floor":6},{"not_picked":["Sucker Punch","Reflex"],"picked":"Bouncing Flask","floor":7},{"not_picked":["Riddle With Holes","Acrobatics"],"picked":"Bouncing Flask","floor":10},{"not_picked":["conspire:PoisonWeapons","StSpp:TimeParadox"],"picked":"Envenom","floor":10},{"not_picked":["Acrobatics","Dodge and Roll"],"picked":"Quick Slash","floor":10},{"not_picked":["Escape Plan","StSpp:ChainedTrap"],"picked":"Outmaneuver","floor":10},{"not_picked":["Tactician","StSpp:Landslide"],"picked":"Quick Slash","floor":10},{"not_picked":["Expertise","All Out Attack"],"picked":"Cloak And Dagger","floor":11},{"not_picked":["StSpp:TimeParadox","StSpp:Dive"],"picked":"Dagger Spray","floor":13},{"not_picked":["Storm of Steel","Glass Knife"],"picked":"After Image","floor":16},{"not_picked":["Masterful Stab","Cloak And Dagger"],"picked":"Sucker Punch","floor":17},{"not_picked":["Dagger Spray+1","Backflip"],"picked":"StSpp:PoisonousPunch+1","floor":18},{"not_picked":["Underhanded Strike","StSpp:TimeParadox"],"picked":"Outmaneuver","floor":27},{"not_picked":["Reflex+1","Dagger Throw"],"picked":"Riddle With Holes","floor":30},{"not_picked":["Malaise","Dodge and Roll+1"],"picked":"Setup","floor":31},{"not_picked":["Glass Knife","Grand Finale"],"picked":"Adrenaline","floor":33},{"not_picked":["StSpp:Landslide","Outmaneuver"],"picked":"Bane","floor":35},{"not_picked":["Flying Knee+1","Acrobatics"],"picked":"Crippling Poison","floor":37},{"not_picked":["Skewer","Dagger Spray"],"picked":"Poisoned Stab+1","floor":41},{"not_picked":["Finisher","Quick Slash"],"picked":"Underhanded Strike+1","floor":42},{"not_picked":["StSpp:Dive+1","Cloak And Dagger","Blade Dance+1","Grand Finale"],"picked":"Sucker Punch","floor":45},{"not_picked":["All Out Attack+1","Sucker Punch+1","Dagger Throw+1","Dagger Spray+1"],"picked":"Deadly Poison+1","floor":47}],"player_experience":495630,"relics_obtained":[{"floor":2,"key":"Regal Pillow"},{"floor":6,"key":"Pen Nib"},{"floor":26,"key":"conspire:TopHat"},{"floor":34,"key":"StSpp:BrokenTotem"},{"floor":34,"key":"Matryoshka"},{"floor":34,"key":"Du-Vu Doll"},{"floor":37,"key":"Old Coin"},{"floor":42,"key":"StSpp:WoodenPendulum"},{"floor":43,"key":"PreservedInsect"},{"floor":43,"key":"Bag of Marbles"}],"event_choices":[{"damage_healed":0,"gold_gain":75,"player_choice":"Gold","damage_taken":11,"max_hp_gain":0,"max_hp_loss":0,"event_name":"betterThird:BetterGoop","floor":3,"gold_loss":0},{"damage_healed":0,"gold_gain":0,"player_choice":"Paid Gold","damage_taken":0,"relics_obtained":["StSpp:Monolith"],"max_hp_gain":0,"max_hp_loss":0,"event_name":"WeMeetAgain","floor":5,"gold_loss":54},{"damage_healed":0,"gold_gain":0,"player_choice":"RE ","damage_taken":19,"relics_obtained":["Lantern"],"max_hp_gain":0,"max_hp_loss":0,"event_name":"betterSkull:BetterSkull","floor":12,"gold_loss":0,"cards_upgraded":[]},{"damage_healed":4,"gold_gain":0,"player_choice":"LEAVE ","damage_taken":0,"relics_obtained":[],"max_hp_gain":0,"max_hp_loss":0,"event_name":"betterSkull:BetterSkull","floor":19,"gold_loss":0,"cards_upgraded":[]},{"cards_removed":["StSpp:PoisonousPunch"],"damage_healed":0,"gold_gain":0,"player_choice":"Take \u0026 Give","damage_taken":0,"max_hp_gain":0,"max_hp_loss":0,"event_name":"betterNote:BetterNote","floor":20,"gold_loss":0,"cards_obtained":["Die Die Die"]},{"damage_healed":0,"gold_gain":0,"player_choice":"Leave","damage_taken":0,"max_hp_gain":0,"max_hp_loss":0,"event_name":"conspire:Investor","floor":21,"gold_loss":0},{"damage_healed":0,"gold_gain":0,"player_choice":"Obtained Relic","damage_taken":0,"relics_obtained":["Eternal Feather"],"max_hp_gain":0,"max_hp_loss":0,"event_name":"Addict","floor":22,"gold_loss":85},{"damage_healed":0,"gold_gain":0,"player_choice":"Fight","damage_taken":0,"max_hp_gain":0,"max_hp_loss":0,"event_name":"Mysterious Sphere","floor":37,"gold_loss":0},{"damage_healed":0,"gold_gain":0,"player_choice":"Random: Green","damage_taken":0,"max_hp_gain":0,"max_hp_loss":0,"event_name":"betterThird:BetterPortal","floor":46,"gold_loss":0},{"damage_healed":4,"gold_gain":0,"player_choice":"LEAVE ","damage_taken":0,"relics_obtained":[],"max_hp_gain":0,"max_hp_loss":0,"event_name":"betterSkull:BetterSkull","floor":46,"gold_loss":0,"cards_upgraded":[]}],"is_beta":false,"boss_relics":[{"not_picked":["Busted Crown","conspire:RunicOctahedron"],"picked":"Tiny House"},{"not_picked":["StSpp:PileOfSugar","energizedSpire:DeadBattery"],"picked":"Calling Bell"}],"items_purged_floors":[39,44],"is_endless":false,"potions_floor_spawned":[1,6,13,16,27,30,31,35,42,45],"killed_by":"Writhing Mass","ascension_level":0}}