{"host":"fmegyk2zep2mz06j","time":1612556422,"event":{"mods":["BaseMod","Beaked The Cultist","Downfall","Fiend Mod","Hubris","Marisa????????","Minty Spire (QoL Compilation)","Onozuka Komachi Mod","READ ME - Guardian Mod","READ ME - Snecko Mod","StSLib","The Construct","The Cursed","The Disciple","The Dragon Tamer","The Judge","The Mystic","The Necromancer","The Runesmith","The Servant 0.9.4","thorton"],"gold_per_floor":[99,118,118,135,155,168,168,202,267,267,267,267],"floor_reached":10,"language":"ENG","playtime":693,"items_purged":[],"score":68,"play_id":"81fe3d5f-3c85-4085-98fc-dd13c37117c5","local_time":"20210205212022","is_ascension_mode":false,"campfire_choices":[{"floor":1,"key":"RECALL"}],"circlet_count":0,"master_deck":["hexamod:Strike","hexamod:Strike","hexamod:Strike","hexamod:Strike","hexamod:Defend","hexamod:Defend","hexamod:Defend","hexamod:Defend","hexamod:Sear","hexamod:Float","hexamod:Firestarter","hexamod:Sear","hexamod:HeatMetal","hexamod:SpectersWail","hexamod:HauntingEcho","hexamod:NightmareStrike","hexamod:Firestarter"],"relics":["hexamod:SpiritBrand","Boot","The Courier"],"acts_visited":["Exordium"],"potions_floor_usage":[],"damage_taken":[{"damage":0,"enemies":"Small Slimes","floor":2,"turns":4},{"damage":0,"enemies":"Cultist","floor":4,"turns":3},{"damage":6,"enemies":"Jaw Worm","floor":5,"turns":3},{"damage":7,"enemies":"Blue Slaver","floor":6,"turns":3},{"damage":8,"enemies":"Gremlin Nob","floor":8,"turns":3},{"damage":27,"enemies":"Gremlin Nob","floor":9,"turns":4},{"damage":31,"enemies":"Lagavulin","floor":10,"turns":5}],"seed_played":"-8485980133300775770","potions_obtained":[{"floor":4,"key":"Fire Potion"},{"floor":5,"key":"BlessingOfTheForge"}],"is_trial":false,"path_per_floor":["R","M","?","M","M","M","T","E","?","E"],"character_chosen":"THE_SPIRIT","items_purchased":[],"campfire_rested":0,"item_purchase_floors":[],"current_hp_per_floor":[77,77,77,77,71,64,64,56,29,0,0,0],"gold":267,"neow_bonus":"TEN_PERCENT_HP_BONUS","is_daily":false,"chose_seed":false,"campfire_upgraded":0,"win_rate":0.0,"timestamp":1612556422,"path_taken":["R","M","?","?","M","M","T","E","?","E"],"items_purchased_type":[],"build_version":"2020-12-22","purchased_purges":0,"victory":false,"max_hp_per_floor":[77,77,77,77,77,77,77,77,77,77,77,77],"card_choices":[{"not_picked":["hexamod:HauntingEcho","hexamod:SwordOfDarkness"],"picked":"hexamod:Firestarter","floor":2},{"not_picked":["hexamod:GhostShield","hexamod:Again"],"picked":"hexamod:HeatMetal","floor":4},{"not_picked":["hexamod:SwordOfDarkness","hexamod:BacktrackSmack"],"picked":"hexamod:SpectersWail","floor":5},{"not_picked":["hexamod:SpectersWail","hexamod:SpectralAdrenaline"],"picked":"hexamod:HauntingEcho","floor":6},{"not_picked":["hexamod:GhostflameBarrier","hexamod:UnlimitedPower"],"picked":"hexamod:NightmareStrike","floor":8},{"not_picked":["hexamod:Hexaguard","hexamod:BacktrackSmack"],"picked":"hexamod:Firestarter","floor":9}],"player_experience":124950,"relics_obtained":[{"floor":8,"key":"Boot"},{"floor":9,"key":"The Courier"}],"event_choices":[],"is_beta":false,"boss_relics":[],"items_purged_floors":[],"is_endless":false,"potions_floor_spawned":[4,5],"killed_by":"Lagavulin","ascension_level":0}}