{"host":"188x3om7sf6mgxv1","time":1612566582,"event":{"mods":["BaseMod","Block Reminder","Jorbs\u0027s Wanderer Trilogy","Minty Spire (QoL Compilation)","Relic Stats","StSLib"],"gold_per_floor":[138,138,173,198,210,251,263,275,358,36,77,7,40,65,65,186,186,206,60,79,29,29,67,67,80,80,113,138,23,38,61,61,185,185,203,222,322,380,713,746,759,131,156,0,0,0,20,38,38,38,38,38,38,67,67,67],"floor_reached":55,"language":"ENG","playtime":3846,"items_purged":["stsjorbsmod:Strike_Wanderer"],"score":724,"play_id":"7f15baa7-1250-4815-b5cb-522dbaa6ae8b","local_time":"20210205180942","is_ascension_mode":false,"campfire_choices":[{"data":"stsjorbsmod:FreshAdventure","floor":8.0,"key":"SMITH"},{"floor":15.0,"key":"REST"},{"floor":24.0,"key":"REST"},{"floor":32.0,"key":"RECALL"},{"floor":46.0,"key":"REST"},{"floor":49.0,"key":"REST"},{"floor":52.0,"key":"REST"}],"circlet_count":0,"master_deck":["stsjorbsmod:ForbiddenGrimoire+1","stsjorbsmod:Strike_Wanderer","stsjorbsmod:Strike_Wanderer","stsjorbsmod:Strike_Wanderer","stsjorbsmod:Defend_Wanderer","stsjorbsmod:Defend_Wanderer","stsjorbsmod:Defend_Wanderer","stsjorbsmod:Defend_Wanderer","stsjorbsmod:FreshAdventure+1","stsjorbsmod:EyeOfTheStorm","stsjorbsmod:WanderingMind","stsjorbsmod:FracturedMind+1","stsjorbsmod:HedgeWizard+1","stsjorbsmod:MistyStep","stsjorbsmod:RayOfFrost","stsjorbsmod:TinyHut","stsjorbsmod:Fireball","stsjorbsmod:Rediscovery","stsjorbsmod:Prestidigitation","stsjorbsmod:MagicMissiles","stsjorbsmod:FranticSearch","stsjorbsmod:ScorchingRay","stsjorbsmod:BookOfTongues","stsjorbsmod:MagicMissiles","stsjorbsmod:Entangle+1","stsjorbsmod:MageArmor+1","stsjorbsmod:FindFamiliar","stsjorbsmod:Stalwart+1","stsjorbsmod:Message","Panache","Flash of Steel","stsjorbsmod:Patron+1","stsjorbsmod:Prestidigitation","stsjorbsmod:SchoolsOfMagic"],"relics":["stsjorbsmod:GrimoireRelic","MawBank","Pocketwatch","Kunai","Blood Vial","Fusion Hammer","PreservedInsect","CaptainsWheel","Unceasing Top","SlaversCollar","Thread and Needle","Eternal Feather","Bag of Preparation","Red Mask","Oddly Smooth Stone"],"acts_visited":["Exordium","TheCity","TheBeyond","TheEnding"],"potions_floor_usage":[54,55,55],"damage_taken":[{"damage":0.0,"enemies":"2 Louse","floor":1.0,"turns":3.0},{"damage":1.0,"enemies":"Jaw Worm","floor":3.0,"turns":5.0},{"damage":1.0,"enemies":"Cultist","floor":4.0,"turns":4.0},{"damage":15.0,"enemies":"Exordium Wildlife","floor":6.0,"turns":6.0},{"damage":7.0,"enemies":"Gremlin Nob","floor":11.0,"turns":5.0},{"damage":17.0,"enemies":"Lagavulin","floor":13.0,"turns":7.0},{"damage":0.0,"enemies":"Red Slaver","floor":14.0,"turns":4.0},{"damage":32.0,"enemies":"Slime Boss","floor":16.0,"turns":9.0},{"damage":0.0,"enemies":"Chosen","floor":18.0,"turns":4.0},{"damage":7.0,"enemies":"Shell Parasite","floor":20.0,"turns":5.0},{"damage":22.0,"enemies":"Slavers","floor":23.0,"turns":4.0},{"damage":0.0,"enemies":"Centurion and Healer","floor":25.0,"turns":4.0},{"damage":3.0,"enemies":"Book of Stabbing","floor":27.0,"turns":4.0},{"damage":7.0,"enemies":"Cultist and Chosen","floor":28.0,"turns":6.0},{"damage":1.0,"enemies":"Snake Plant","floor":30.0,"turns":5.0},{"damage":9.0,"enemies":"Centurion and Healer","floor":31.0,"turns":4.0},{"damage":45.0,"enemies":"Automaton","floor":33.0,"turns":9.0},{"damage":10.0,"enemies":"3 Shapes","floor":35.0,"turns":7.0},{"damage":27.0,"enemies":"3 Darklings","floor":36.0,"turns":5.0},{"damage":1.0,"enemies":"4 Shapes","floor":38.0,"turns":5.0},{"damage":14.0,"enemies":"Nemesis","floor":40.0,"turns":5.0},{"damage":6.0,"enemies":"Writhing Mass","floor":41.0,"turns":6.0},{"damage":0.0,"enemies":"Maw","floor":47.0,"turns":6.0},{"damage":0.0,"enemies":"3 Darklings","floor":48.0,"turns":4.0},{"damage":41.0,"enemies":"Time Eater","floor":50.0,"turns":7.0},{"damage":20,"enemies":"Shield and Spear","floor":54,"turns":4},{"damage":72,"enemies":"The Heart","floor":55,"turns":5}],"seed_played":"1914833481793330677","potions_obtained":[{"floor":3.0,"key":"Swift Potion"},{"floor":6.0,"key":"GamblersBrew"},{"floor":11.0,"key":"SteroidPotion"}],"is_trial":false,"path_per_floor":["M","?","M","M","?","M","?","R","T","$","E","$","E","M","R","B",null,"M","$","M","?","$","E","R","M","T","E","M","$","M","M","R","B",null,"M","M","?","M","?","E","M","$","T","?","?","R","M","M","R","B",null,"R","$","E","B"],"character_chosen":"WANDERER","items_purchased":["Pocketwatch","stsjorbsmod:RayOfFrost","stsjorbsmod:TinyHut","PreservedInsect","stsjorbsmod:BookOfTongues","stsjorbsmod:MagicMissiles","stsjorbsmod:Message","Eternal Feather","Panache","Flash of Steel"],"campfire_rested":5,"item_purchase_floors":[10,10,12,19,29,29,42,42,42,42],"current_hp_per_floor":[74,56,57,59,59,46,32,32,32,32,26,26,9,12,32,2,69,69,69,65,65,65,46,66,69,69,69,65,65,68,63,63,20,69,62,39,39,42,42,36,38,38,38,38,38,69,69,69,69,28,69,69,69,55,0,0],"gold":67,"neow_bonus":"TEN_PERCENT_HP_BONUS","is_daily":false,"chose_seed":false,"campfire_upgraded":1,"win_rate":0.0,"timestamp":1612566582,"path_taken":["M","?","M","M","?","M","?","R","T","?","E","?","E","M","R","BOSS","M","$","M","?","?","E","R","M","T","E","M","?","?","M","R","BOSS","M","M","?","?","?","E","M","$","T","?","?","R","M","M","R","BOSS","R","$","E","BOSS"],"items_purchased_type":["Relic","Card","Card","Relic","Card","Card","Card","Relic","Card","Card"],"build_version":"2020-12-22","purchased_purges":1,"victory":false,"max_hp_per_floor":[74,74,74,74,69,69,69,69,69,69,69,69,69,69,69,69,69,69,69,69,69,69,69,69,69,69,69,69,69,69,69,69,69,69,69,69,69,69,69,69,69,69,69,69,69,69,69,69,69,69,69,69,69,69,69,69],"relic_stats":{"Blood Vial":23,"counters":[27,142],"Eternal Feather":18,"PreservedInsect":205,"Bag of Preparation":[10],"Kunai":[16],"MawBank":96,"obtain_stats":[{"Golden Idol":5,"Oddly Smooth Stone":54,"stsjorbsmod:GrimoireRelic":0,"Thread and Needle":40,"Eternal Feather":42,"PreservedInsect":19,"Bag of Preparation":43,"MawBank":2,"Blood Vial":13,"SlaversCollar":34,"CaptainsWheel":23,"Fusion Hammer":17,"Red Mask":44,"Kunai":11,"Unceasing Top":27,"Pocketwatch":10},{"Golden Idol":3,"Oddly Smooth Stone":26,"stsjorbsmod:GrimoireRelic":0,"Thread and Needle":21,"Eternal Feather":22,"PreservedInsect":9,"Bag of Preparation":22,"MawBank":1,"Blood Vial":6,"SlaversCollar":17,"CaptainsWheel":11,"Fusion Hammer":8,"Red Mask":22,"Kunai":5,"Unceasing Top":13,"Pocketwatch":4},{"Golden Idol":12,"Oddly Smooth Stone":137,"stsjorbsmod:GrimoireRelic":0,"Thread and Needle":110,"Eternal Feather":116,"PreservedInsect":47,"Bag of Preparation":116,"MawBank":3,"Blood Vial":30,"SlaversCollar":88,"CaptainsWheel":56,"Fusion Hammer":43,"Red Mask":116,"Kunai":23,"Unceasing Top":64,"Pocketwatch":18}],"Unceasing Top":[5],"Pocketwatch":[116]},"card_choices":[{"not_picked":["stsjorbsmod:Channel","stsjorbsmod:RefuseToForget"],"picked":"stsjorbsmod:WanderingMind","floor":1.0},{"not_picked":["stsjorbsmod:WeightOfMemory","stsjorbsmod:Thorns"],"picked":"stsjorbsmod:FracturedMind","floor":3.0},{"not_picked":["stsjorbsmod:UnseenServant","stsjorbsmod:OldPocket"],"picked":"stsjorbsmod:HedgeWizard","floor":4.0},{"not_picked":["stsjorbsmod:LocateObject","stsjorbsmod:Index"],"picked":"stsjorbsmod:MistyStep","floor":6.0},{"not_picked":["stsjorbsmod:ChatteringStrike","stsjorbsmod:FracturedMind","stsjorbsmod:Prepare"],"picked":"SKIP","floor":11.0},{"not_picked":["stsjorbsmod:Prestidigitation","stsjorbsmod:FracturedMind"],"picked":"stsjorbsmod:Fireball","floor":13.0},{"not_picked":["stsjorbsmod:AnimateObjects","stsjorbsmod:TinyHut","stsjorbsmod:Aid"],"picked":"SKIP","floor":14.0},{"not_picked":["stsjorbsmod:Fear","stsjorbsmod:HoldMonster"],"picked":"stsjorbsmod:Rediscovery","floor":16.0},{"not_picked":["stsjorbsmod:Index","stsjorbsmod:ArcaneWeapon"],"picked":"stsjorbsmod:Prestidigitation","floor":18.0},{"not_picked":["stsjorbsmod:TinyHut","stsjorbsmod:Firebolt"],"picked":"stsjorbsmod:MagicMissiles","floor":20.0},{"not_picked":["stsjorbsmod:SchoolsOfMagic","stsjorbsmod:ColorSpray+1","stsjorbsmod:Determination"],"picked":"SKIP","floor":23.0},{"not_picked":["stsjorbsmod:SchoolsOfMagic","stsjorbsmod:FindFamiliar"],"picked":"stsjorbsmod:FranticSearch","floor":25.0},{"not_picked":["stsjorbsmod:MistyStep","stsjorbsmod:OldPocket"],"picked":"stsjorbsmod:ScorchingRay","floor":27.0},{"not_picked":["stsjorbsmod:TrueStrike","stsjorbsmod:Channel","stsjorbsmod:AnimateObjects"],"picked":"SKIP","floor":28.0},{"not_picked":["stsjorbsmod:Stalwart","stsjorbsmod:Will","stsjorbsmod:MageArmor"],"picked":"SKIP","floor":30.0},{"not_picked":["stsjorbsmod:WanderingMind","stsjorbsmod:Mending","stsjorbsmod:Channel+1"],"picked":"SKIP","floor":31.0},{"not_picked":["stsjorbsmod:HoldMonster","stsjorbsmod:MirrorImage"],"picked":"stsjorbsmod:Entangle","floor":33.0},{"not_picked":["stsjorbsmod:Mending","stsjorbsmod:MagicMissiles","stsjorbsmod:BurningFlask"],"picked":"SKIP","floor":35.0},{"not_picked":["stsjorbsmod:Rest+1","stsjorbsmod:Channel"],"picked":"stsjorbsmod:MageArmor+1","floor":36.0},{"not_picked":["stsjorbsmod:Hurt","stsjorbsmod:BurningFlask"],"picked":"stsjorbsmod:FindFamiliar","floor":38.0},{"not_picked":["stsjorbsmod:Message+1","stsjorbsmod:Mending"],"picked":"stsjorbsmod:Stalwart+1","floor":40.0},{"not_picked":["stsjorbsmod:FracturedMind","stsjorbsmod:Fear","stsjorbsmod:TinyHut+1"],"picked":"SKIP","floor":41.0},{"not_picked":["stsjorbsmod:BlackTentacles+1","stsjorbsmod:ParryingBlow"],"picked":"stsjorbsmod:Patron+1","floor":47.0},{"not_picked":["stsjorbsmod:TollTheDead","stsjorbsmod:Hibernate"],"picked":"stsjorbsmod:Prestidigitation","floor":48.0},{"not_picked":["stsjorbsmod:ScorchingRay","stsjorbsmod:ChatteringStrike"],"picked":"stsjorbsmod:SchoolsOfMagic","floor":54}],"player_experience":12407,"relics_obtained":[{"floor":11.0,"key":"Kunai"},{"floor":13.0,"key":"Blood Vial"},{"floor":23.0,"key":"CaptainsWheel"},{"floor":27.0,"key":"Unceasing Top"},{"floor":40.0,"key":"Thread and Needle"},{"floor":43.0,"key":"Bag of Preparation"},{"floor":54,"key":"Oddly Smooth Stone"}],"event_choices":[{"damage_healed":0.0,"max_hp_gain":0.0,"max_hp_loss":0.0,"gold_gain":0.0,"event_name":"Scrap Ooze","player_choice":"Success","floor":2.0,"gold_loss":0.0,"damage_taken":18.0,"relics_obtained":["MawBank"]},{"damage_healed":0.0,"max_hp_gain":0.0,"max_hp_loss":5.0,"gold_gain":0.0,"event_name":"Golden Idol","player_choice":"Lose Max HP","floor":5.0,"gold_loss":0.0,"damage_taken":0.0,"relics_obtained":["Golden Idol"]},{"damage_healed":0.0,"max_hp_gain":0.0,"max_hp_loss":0.0,"gold_gain":0.0,"event_name":"Shining Light","player_choice":"Entered Light","floor":7.0,"gold_loss":0.0,"damage_taken":14.0,"cards_upgraded":["stsjorbsmod:FracturedMind","stsjorbsmod:HedgeWizard"]},{"damage_healed":0.0,"max_hp_gain":0.0,"max_hp_loss":0.0,"gold_gain":0.0,"event_name":"The Joust","player_choice":"Bet on Owner","floor":21.0,"gold_loss":50.0,"damage_taken":0.0},{"damage_healed":0.0,"max_hp_gain":0.0,"max_hp_loss":0.0,"gold_gain":100.0,"event_name":"Golden Shrine","player_choice":"Pray","floor":37.0,"gold_loss":0.0,"damage_taken":0.0},{"damage_healed":0.0,"max_hp_gain":0.0,"max_hp_loss":0.0,"gold_gain":333.0,"event_name":"The Moai Head","player_choice":"Gave Idol","floor":39.0,"relics_lost":["Golden Idol"],"gold_loss":0.0,"damage_taken":0.0},{"damage_healed":0.0,"max_hp_gain":0.0,"max_hp_loss":0.0,"gold_gain":0.0,"event_name":"Tomb of Lord Red Mask","player_choice":"Paid","floor":44.0,"gold_loss":156.0,"damage_taken":0.0,"relics_obtained":["Red Mask"]},{"damage_healed":0.0,"max_hp_gain":0.0,"max_hp_loss":0.0,"gold_gain":0.0,"event_name":"Mysterious Sphere","player_choice":"Ignored","floor":45.0,"gold_loss":0.0,"damage_taken":0.0}],"is_beta":false,"boss_relics":[{"not_picked":["Empty Cage","Black Star"],"picked":"Fusion Hammer"},{"not_picked":["Tiny House","Runic Dome"],"picked":"SlaversCollar"}],"items_purged_floors":[42],"is_endless":false,"potions_floor_spawned":[3,6,11,13,20,23,27,28,33,35,36],"killed_by":"The Heart","ascension_level":0}}