{"host":"onjcd8pn3ar4eq0z","time":1612523877,"event":{"mods":["2.2 Compatiblity","AchievementEnabler","Act Like it!","BaseMod","Bestiary","Better Third Choice","BetterRewards","ChefMod","Colored Map","Colored Powertips","Conspire","Downfall","Elementarium","Friendly Minions","Gensokyo","GifTheSpireLib","Gremlin Mod","Hallownest","Hermit","Highlight Path","Hubris","Infinite Spire","Jorbs\u0027s Wanderer Trilogy","Koishi","Lobotomy","LobotomyExtend","Marisa????????","Mimic Mod","Minty Spire (QoL Compilation)","Pale of the Ancients","Potionbrewer","Practice Mode","Relic Sorter","Reliquary","Remilia??????","Replay The Spire","Shop Mod","Spicy Shops","StSLib","Synergy Search","The Administrix","The Animator","The Blue Laboratory","The Bug Knight","The Cursed","The Disciple","The Jungle","The Mystic","The Necromancer","The Runesmith","The Sage","The Servant 0.9.4","TheBandit","Wandering Minibosses","Yohane!","Yuyuko"],"gold_per_floor":[99,115,140,173,173,173,173,184,230,257,273,11,36,36,47,148,148,148,167,183,22,22,34,60,78,78,78,105,125,136,161,181,282,282,82,92,108,127,177,195,218,118,118,150,163,193,212,223,240,240,240,240,240],"floor_reached":52,"language":"ENG","playtime":14874,"items_purged":[],"score":901,"play_id":"9e6bf23b-4414-419f-9c18-ea8849c2870d","local_time":"20210205051757","is_ascension_mode":false,"campfire_choices":[{"data":"animator:DolaSchwi","floor":1.0,"key":"SMITH"},{"data":"animator:Viivi","floor":18.0,"key":"SMITH"},{"floor":27.0,"key":"REST"},{"floor":35.0,"key":"RECALL"},{"data":"animator:Melzalgald","floor":42.0,"key":"SMITH"}],"circlet_count":0,"master_deck":["animator:Strike_NoGameNoLife","animator:Defend_NoGameNoLife","animator:Strike","animator:Strike","animator:Defend","animator:Defend","animator:Defend","animator:DolaSchwi+1","animator:DolaCouronne","animator:Megumin+12","animator:Viivi+1","animator:Entoma+9","animator:RoyMustang","animator:YaoHaDucy","animator:AcuraAkari","animator:RinTohsaka","Pot Of Greed","Pot Of Greed","animator:Gillette","animator:Kazuma","animator:Tet","animator:DolaStephanie+1","hubris:NaturalOne","animator:Albedo","animator:NarberalGamma","Pot Of Greed","animator:PandorasActor","animator:Melzalgald+1","animator:Darkness","animator:Gluttony+1","animator:Berserker+1","animator:Illya","animator:Gluttony","animator:DolaRiku","animator:Sloth+1","animator:Hans","animator:Sloth+1","Pot Of Greed","animator:RoryMercury","animator:Mitsurugi+1","animator:MaesHughes+1","animator:Genos+1","animator:Verdia+1","animator:NagisaMomoe","animator:OrikoMikuni","animator:Shalltear","animator:ShinjiMatou+1","animator:Ainz","animator:NarberalGamma+1","animator:Gluttony","Pot Of Greed","animator:Illya","animator:Viivi"],"relics":["animator:LivingPicture","Replay:Accelerometer","hubris:Icosahedron","animator:TheMissingPiece","animator:PurgingStone","LetterFromLob","infinitespire:BottledMercury","animator:WornHelmet","Grinning Jar","Hallownest:DreamNailRelic","hubris:RunicObelisk","MerchantsRug","Oddly Smooth Stone","Orichalcum","Replay:Grab Bag","bronze:MakeshiftBattery","reliquary:KinkedSpring","animator:HolyGrailRelic","downfall:HeartBlessingBlue","downfall:HeartBlessingGreen","Prayer Wheel","reliquary:Boomerang","downfall:HeartBlessingRed","conspire:TopHat","paleoftheancients:Timepiece","paleoftheancients:KeyRelic","CultistMask"],"acts_visited":["Hallownest:Greenpath","Hallownest:Greenpath","TheBeyond","paleoftheancients:PaleOfTheAncients"],"potions_floor_usage":[50,50,50],"damage_taken":[{"damage":0.0,"enemies":"Hallownest:monsterHuskWarrior","floor":2.0,"turns":3.0},{"damage":1.0,"enemies":"Hallownest:2_Baldur","floor":3.0,"turns":4.0},{"damage":0.0,"enemies":"Hallownest:2_MossCreeps","floor":4.0,"turns":7.0},{"damage":0.0,"enemies":"Hallownest:2_MossCreeps","floor":8.0,"turns":5.0},{"damage":0.0,"enemies":"Hallownest:2_Tiktiks_1_Baldur_1_Crawlid","floor":10.0,"turns":3.0},{"damage":10.0,"enemies":"Hallownest:1_Baldur_1_Crawlid_1_Warrior","floor":11.0,"turns":4.0},{"damage":0.0,"enemies":"downfall:FleeingMerchant","floor":12.0,"turns":4.0},{"damage":6.0,"enemies":"Hallownest:MossCreep_and_Mosskin","floor":13.0,"turns":3.0},{"damage":2.0,"enemies":"Hallownest:2_Tiktiks_1_Baldur_1_Crawlid","floor":15.0,"turns":2.0},{"damage":7.0,"enemies":"SI_SHIV_ARCHETYPE","floor":16.0,"turns":8.0},{"damage":7.0,"enemies":"theJungle:Flameango_and_Byrd","floor":19.0,"turns":5.0},{"damage":9.0,"enemies":"theJungle:GiantWrat","floor":20.0,"turns":4.0},{"damage":5.0,"enemies":"downfall:FleeingMerchant","floor":21.0,"turns":4.0},{"damage":12.0,"enemies":"Snake Plant","floor":23.0,"turns":4.0},{"damage":9.0,"enemies":"theJungle:SlimyTreeVines","floor":25.0,"turns":5.0},{"damage":36.0,"enemies":"theJungle:2_Phrogs","floor":28.0,"turns":7.0},{"damage":1.0,"enemies":"theJungle:Snecko_Cultist_And_Trap","floor":29.0,"turns":4.0},{"damage":10.0,"enemies":"theJungle:Lyon","floor":30.0,"turns":4.0},{"damage":7.0,"enemies":"theJungle:JungleHuntersEncounter","floor":31.0,"turns":6.0},{"damage":5.0,"enemies":"theJungle:SlimyTreeVines","floor":32.0,"turns":5.0},{"damage":29.0,"enemies":"WA_ARCHETYPE_CALM","floor":33.0,"turns":9.0},{"damage":0.0,"enemies":"Orb Walker","floor":36.0,"turns":2.0},{"damage":3.0,"enemies":"3 Darklings","floor":37.0,"turns":4.0},{"damage":0.0,"enemies":"4 Shapes","floor":38.0,"turns":2.0},{"damage":10.0,"enemies":"2 Orb Walkers","floor":39.0,"turns":4.0},{"damage":0.0,"enemies":"Sphere and 2 Shapes","floor":40.0,"turns":1.0},{"damage":48.0,"enemies":"Nemesis","floor":44.0,"turns":7.0},{"damage":1.0,"enemies":"Maw","floor":45.0,"turns":4.0},{"damage":12.0,"enemies":"R_Hoarder","floor":46.0,"turns":6.0},{"damage":7.0,"enemies":"Jaw Worm Horde","floor":47.0,"turns":4.0},{"damage":1.0,"enemies":"Spire Growth","floor":48.0,"turns":3.0},{"damage":25.0,"enemies":"Maw","floor":49.0,"turns":6.0},{"damage":16,"enemies":"DF_ARCHETYPE_ORBS","floor":50,"turns":8},{"damage":145,"enemies":"DF_ARCHETYPE_ORBS","floor":51,"turns":9},{"damage":168,"enemies":"DF_ARCHETYPE_ORBS","floor":52,"turns":9}],"seed_played":"-9080490855170471402","potions_obtained":[{"floor":8.0,"key":"PowerPotion"},{"floor":10.0,"key":"Doom Potion"},{"floor":25.0,"key":"PowerPotion"},{"floor":28.0,"key":"Block Potion"},{"floor":29.0,"key":"potionbrewer:InfectionPotion"},{"floor":31.0,"key":"Block Potion"},{"floor":32.0,"key":"potionbrewer:DiscountPotion"},{"floor":37.0,"key":"blueLaboratory:PolymorphPotion"},{"floor":44.0,"key":"potionbrewer:DiscountPotion"},{"floor":46.0,"key":"potionbrewer:NoxiousPotion"},{"floor":48.0,"key":"EssenceOfSteel"}],"is_trial":false,"path_per_floor":["R","M","M","MIM","?","?","T","M","T","M","M","$","M","?","M","B",null,"R","M","M","$","?","M","T","M","?","R","E","M","M","M","M","B",null,"R_BF","M","M","M","?","M","T","R","?","E","M","E","M","M","M","B","M","M"],"character_chosen":"THE_ANIMATOR","items_purchased":["Grinning Jar","animator:Gillette","animator:Kazuma","MerchantsRug"],"campfire_rested":1,"item_purchase_floors":[12,12,12,21],"current_hp_per_floor":[66,66,65,65,65,66,66,68,68,70,63,63,59,59,60,53,78,78,73,64,59,59,47,47,44,44,68,59,62,56,49,54,29,88,98,102,104,108,105,107,107,107,107,61,70,68,67,76,61,129,131,0,0],"gold":240,"neow_bonus":"","is_daily":false,"chose_seed":false,"campfire_upgraded":3,"win_rate":0.0,"timestamp":1612523877,"path_taken":["R","M","M","?","?","?","T","M","?","M","M","$","?","?","M","BOSS","R","M","M","$","?","?","T","M","?","R","E","M","?","M","M","BOSS","R_BF","M","?","M","?","M","T","R","?","E","M","E","M","M","M","BOSS","M","M"],"items_purchased_type":["Relic","Card","Card","Relic"],"build_version":"2020-12-22","purchased_purges":0,"victory":false,"max_hp_per_floor":[66,66,66,66,66,66,66,68,68,70,73,73,75,75,78,78,78,78,80,80,80,80,80,80,80,80,80,80,80,80,80,80,80,88,98,102,107,111,113,115,115,115,115,117,119,121,123,125,127,129,131,131,131],"card_choices":[{"not_picked":["animator:Vanir","animator:MaesHughes"],"picked":"animator:Megumin","floor":2.0},{"not_picked":["animator:Kuribayashi","animator:Verdia"],"picked":"animator:Viivi","floor":3.0},{"not_picked":["animator:EmiyaShirou","animator:YaoHaDucy"],"picked":"animator:Entoma","floor":4.0},{"not_picked":["animator:Alexander","animator:Rider"],"picked":"animator:RoyMustang","floor":8.0},{"not_picked":["animator:LeleiLaLalena","animator:Arpeggio"],"picked":"animator:YaoHaDucy","floor":10.0},{"not_picked":["animator:DolaSchwi","animator:Mitsurugi"],"picked":"animator:AcuraAkari","floor":11.0},{"not_picked":["animator:Viivi","animator:RoryMercury"],"picked":"animator:RinTohsaka","floor":12.0},{"not_picked":["animator:OrikoMikuni","animator:ElricEdward"],"picked":"animator:Tet","floor":13.0},{"not_picked":["animator:DolaSchwi","animator:Tet"],"picked":"animator:DolaStephanie","floor":15.0},{"not_picked":["animator:Boros","animator:MadokaKaname"],"picked":"animator:Albedo","floor":16.0},{"not_picked":["animator:Vanir+1","animator:ChaikaBohdan"],"picked":"animator:NarberalGamma","floor":19.0},{"not_picked":["animator:DolaRiku","animator:Gluttony+1"],"picked":"animator:PandorasActor","floor":20.0},{"not_picked":["animator:Lancer","animator:YachiyoNanami"],"picked":"animator:Melzalgald","floor":21.0},{"not_picked":["animator:Vanir","animator:Megumin"],"picked":"animator:Darkness","floor":23.0},{"not_picked":["animator:Vanir","animator:PandorasActor"],"picked":"animator:Gluttony+1","floor":25.0},{"not_picked":["animator:Mitsurugi+1","animator:Kazuma"],"picked":"animator:Berserker+1","floor":28.0},{"not_picked":["animator:Darkness","animator:Evileye"],"picked":"animator:Illya","floor":29.0},{"not_picked":["animator:ElricEdward","animator:WinryRockbell"],"picked":"animator:Gluttony","floor":30.0},{"not_picked":["animator:Darkness","animator:Lancer"],"picked":"animator:DolaRiku","floor":31.0},{"not_picked":["animator:Kazuma","animator:Mitsurugi+1"],"picked":"animator:Sloth+1","floor":32.0},{"not_picked":["animator:Father","animator:Shiro"],"picked":"animator:Hans","floor":33.0},{"not_picked":["animator:Fredrika","animator:Jibril"],"picked":"animator:Sloth+1","floor":36.0},{"not_picked":["animator:Arpeggio","animator:LeleiLaLalena"],"picked":"animator:RoryMercury","floor":37.0},{"not_picked":["animator:YunYun","animator:Pride"],"picked":"animator:Mitsurugi+1","floor":38.0},{"not_picked":["animator:Gluttony","animator:Assassin+1"],"picked":"animator:MaesHughes+1","floor":39.0},{"not_picked":["animator:ChaikaBohdan","animator:SakuraMatou"],"picked":"animator:Genos+1","floor":40.0},{"not_picked":["animator:Vanir","animator:ElricEdward"],"picked":"animator:Verdia+1","floor":40.0},{"not_picked":["animator:MamiTomoe+1","animator:FielNirvalen"],"picked":"animator:NagisaMomoe","floor":44.0},{"not_picked":["animator:Jibril+1","animator:RinTohsaka"],"picked":"animator:OrikoMikuni","floor":45.0},{"not_picked":["animator:Evileye","animator:NarberalGamma"],"picked":"animator:Shalltear","floor":45.0},{"not_picked":["animator:Viivi","animator:Chris+1"],"picked":"animator:ShinjiMatou+1","floor":46.0},{"not_picked":["animator:LeleiLaLalena","animator:Vanir"],"picked":"animator:Ainz","floor":47.0},{"not_picked":["animator:SakuraMatou","animator:Alexander"],"picked":"animator:NarberalGamma+1","floor":47.0},{"not_picked":["animator:AcuraAkari","animator:Verdia"],"picked":"animator:Gluttony","floor":48.0},{"not_picked":["animator:NarberalGamma+1","animator:Viivi","animator:Fredrika+1"],"picked":"SKIP","floor":48.0},{"not_picked":["animator:Kuribayashi","animator:Vanir"],"picked":"animator:Illya","floor":49.0},{"not_picked":["animator:Layla","animator:ChaikaBohdan"],"picked":"animator:Viivi","floor":49.0}],"player_experience":433979,"relics_obtained":[{"floor":2.0,"key":"LetterFromLob"},{"floor":7.0,"key":"infinitespire:BottledMercury"},{"floor":9.0,"key":"animator:WornHelmet"},{"floor":24.0,"key":"Oddly Smooth Stone"},{"floor":28.0,"key":"Orichalcum"},{"floor":39.0,"key":"Prayer Wheel"},{"floor":41.0,"key":"reliquary:Boomerang"},{"floor":44.0,"key":"conspire:TopHat"},{"floor":46.0,"key":"Replay:Accelerometer"}],"event_choices":[{"damage_healed":0.0,"max_hp_gain":0.0,"max_hp_loss":0.0,"gold_gain":0.0,"event_name":"Mysterious Sphere","player_choice":"Fight","floor":39.0,"gold_loss":0.0,"damage_taken":0.0}],"is_beta":false,"boss_relics":[{"not_picked":["Cursed Key","conspire:RoyalGoblet"],"picked":"hubris:RunicObelisk"},{"not_picked":["hubris:VirtuousBlindfold","ChewingGum"],"picked":"Replay:Grab Bag"},{"not_picked":["ReplayTheSpireMod:DimensionalGlitch","Replay:Fungal Core"],"picked":"bronze:MakeshiftBattery"},{"not_picked":["conspire:SeveredTorchhead","reliquary:Craggleroot"],"picked":"reliquary:KinkedSpring"},{"not_picked":["Kintsugi","animator:CursedBlade"],"picked":"animator:HolyGrailRelic"}],"items_purged_floors":[],"is_endless":false,"potions_floor_spawned":[8,10,13,15,25,28,29,31,32,37,44,46,48],"killed_by":"DF_ARCHETYPE_ORBS","ascension_level":0}}