{"host":"51f0ad793vly1w6u","time":1612501037,"event":{"mods":["BaseMod","Colored Map","DeckTracker","Minty Spire (QoL Compilation)","StSLib","SuperFastMode"],"gold_per_floor":[217,72,72,83,8,42,42,76,152,152,152,187,187,199,199,271,271,290,290,84,84,84,110,110,123,123,123,157,157,175,188,188,264,264,281,291,71,89,106,133,133,147,171,201,212,212,242,255,255,255,255,255,255,46,71,71],"floor_reached":57,"language":"KOR","playtime":1719,"items_purged":["Writhe","Defend_G"],"score":3021,"play_id":"89e4b6b9-2504-4490-b76e-dbac7dce8663","local_time":"20210205135717","is_ascension_mode":true,"campfire_choices":[{"data":"Tactician","floor":7,"key":"SMITH"},{"data":"Blur","floor":13,"key":"SMITH"},{"data":"Blur","floor":15,"key":"SMITH"},{"data":"Tools of the Trade","floor":24,"key":"SMITH"},{"data":"Prepared","floor":27,"key":"SMITH"},{"data":"Footwork","floor":32,"key":"SMITH"},{"data":"Calculated Gamble","floor":41,"key":"SMITH"},{"data":"Acrobatics","floor":46,"key":"SMITH"},{"data":"Wraith Form v2","floor":49,"key":"SMITH"},{"data":"Night Terror","floor":53,"key":"SMITH"}],"circlet_count":0,"master_deck":["AscendersBane","Defend_G","Defend_G","Survivor","A Thousand Cuts+1","A Thousand Cuts+1","A Thousand Cuts+1","A Thousand Cuts+1","A Thousand Cuts+1","Blur+1","Tactician+1","Prepared+1","Blur+1","Deflect","After Image","Escape Plan","PiercingWail","Tools of the Trade+1","Prepared+1","Footwork+1","Night Terror+1","Acrobatics+1","Backflip","Calculated Gamble+1","Calculated Gamble+1","Wraith Form v2+1","PiercingWail+1"],"relics":["Ring of the Snake","Bird Faced Urn","Mummified Hand","Toy Ornithopter","StrikeDummy","Pear","Mercury Hourglass","Runic Pyramid","InkBottle","MutagenicStrength","Ancient Tea Set","Regal Pillow","Nloth\u0027s Gift","Philosopher\u0027s Stone","Potion Belt","Eternal Feather","PreservedInsect","Omamori","HornCleat","Anchor"],"acts_visited":["Exordium","TheCity","TheBeyond","TheEnding"],"potions_floor_usage":[8,16,30,31,50,56,56,56,56],"damage_taken":[{"damage":4,"enemies":"Jaw Worm","floor":1,"turns":4},{"damage":0,"enemies":"2 Louse","floor":4,"turns":1},{"damage":0,"enemies":"Lagavulin","floor":6,"turns":5},{"damage":36,"enemies":"Gremlin Nob","floor":8,"turns":4},{"damage":2,"enemies":"3 Sentries","floor":12,"turns":3},{"damage":4,"enemies":"Small Slimes","floor":14,"turns":3},{"damage":2,"enemies":"Hexaghost","floor":16,"turns":10},{"damage":14,"enemies":"2 Thieves","floor":18,"turns":3},{"damage":0,"enemies":"Slavers","floor":23,"turns":2},{"damage":0,"enemies":"Chosen","floor":25,"turns":5},{"damage":0,"enemies":"Gremlin Leader","floor":28,"turns":4},{"damage":4,"enemies":"Sentry and Sphere","floor":30,"turns":4},{"damage":0,"enemies":"Snecko","floor":31,"turns":5},{"damage":1,"enemies":"Automaton","floor":33,"turns":6},{"damage":0,"enemies":"3 Shapes","floor":35,"turns":2},{"damage":1,"enemies":"Orb Walker","floor":36,"turns":3},{"damage":4,"enemies":"Jaw Worm Horde","floor":38,"turns":2},{"damage":12,"enemies":"Transient","floor":39,"turns":6},{"damage":9,"enemies":"Reptomancer","floor":40,"turns":3},{"damage":18,"enemies":"4 Shapes","floor":42,"turns":3},{"damage":1,"enemies":"Giant Head","floor":44,"turns":4},{"damage":40,"enemies":"Writhing Mass","floor":45,"turns":3},{"damage":0,"enemies":"Reptomancer","floor":47,"turns":3},{"damage":0,"enemies":"Spire Growth","floor":48,"turns":3},{"damage":21,"enemies":"Donu and Deca","floor":50,"turns":6},{"damage":17,"enemies":"Time Eater","floor":51,"turns":10},{"damage":18,"enemies":"Shield and Spear","floor":55,"turns":3},{"damage":19,"enemies":"The Heart","floor":56,"turns":9}],"seed_played":"-2612170740857826120","potions_obtained":[{"floor":6,"key":"EssenceOfSteel"},{"floor":12,"key":"Regen Potion"},{"floor":14,"key":"FearPotion"},{"floor":16,"key":"ColorlessPotion"},{"floor":30,"key":"FearPotion"},{"floor":33,"key":"Strength Potion"},{"floor":35,"key":"DuplicationPotion"},{"floor":40,"key":"FearPotion"},{"floor":44,"key":"BlessingOfTheForge"},{"floor":45,"key":"Explosive Potion"}],"is_trial":false,"path_per_floor":["M","$","?","M","?","E","R","E","T","?","?","E","R","M","R","B",null,"M","?","$","?","?","E","R","M","T","R","E","?","M","M","R","B",null,"M","M","$","M","M","E","R","M","T","E","M","R","E","M","R","B","B",null,"R","$","E","B",null],"character_chosen":"THE_SILENT","items_purchased":["Tactician","Prepared","Escape Plan","PiercingWail","Acrobatics","Potion Belt","Dexterity Potion","Weak Potion"],"campfire_rested":0,"item_purchase_floors":[2,2,20,20,37,37,54,54],"current_hp_per_floor":[62,62,62,66,66,66,66,36,46,39,44,50,50,52,52,65,77,73,73,73,73,73,81,81,81,81,81,81,81,79,81,81,81,81,81,81,81,81,81,80,81,73,73,81,49,64,80,81,81,74,78,80,81,81,77,81],"gold":71,"neow_bonus":"HUNDRED_GOLD","is_daily":false,"chose_seed":false,"campfire_upgraded":10,"win_rate":0.0,"timestamp":1612501037,"path_taken":["M","$","?","M","?","E","R","E","T","?","?","E","R","M","R","BOSS","M","?","$","?","?","E","R","M","T","R","E","?","M","M","R","BOSS","M","M","$","M","M","E","R","M","T","E","M","R","E","M","R","BOSS","BOSS","R","$","E","BOSS"],"items_purchased_type":["Card","Card","Card","Card","Card","Relic","Potion","Potion"],"build_version":"2020-12-22","purchased_purges":2,"victory":true,"max_hp_per_floor":[66,66,66,66,66,66,66,66,76,76,81,81,81,81,81,81,81,81,81,81,81,81,81,81,81,81,81,81,81,81,81,81,81,81,81,81,81,81,81,81,81,81,81,81,81,81,81,81,81,81,81,81,81,81,81,81],"card_choices":[{"not_picked":["PiercingWail","Underhanded Strike"],"picked":"Blur","floor":1},{"not_picked":["Bouncing Flask","Slice"],"picked":"Blur","floor":4},{"not_picked":["Underhanded Strike","Noxious Fumes","Cloak And Dagger"],"picked":"SKIP","floor":6},{"not_picked":["Choke","Masterful Stab","Setup"],"picked":"SKIP","floor":8},{"not_picked":["Heel Hook","Blade Dance"],"picked":"Deflect","floor":12},{"not_picked":["Underhanded Strike","Poisoned Stab","Masterful Stab"],"picked":"SKIP","floor":14},{"not_picked":["Storm of Steel","Die Die Die"],"picked":"After Image","floor":16},{"not_picked":["Eviscerate+1","Riddle With Holes","Quick Slash+1"],"picked":"SKIP","floor":18},{"not_picked":["Poisoned Stab","Deadly Poison"],"picked":"Tools of the Trade","floor":23},{"not_picked":["Deflect","Bane+1"],"picked":"Prepared","floor":25},{"not_picked":["Choke","Flechettes+1","Masterful Stab"],"picked":"SKIP","floor":28},{"not_picked":["Endless Agony","Dagger Spray","Quick Slash"],"picked":"SKIP","floor":30},{"not_picked":["Setup+1","Doppelganger"],"picked":"Footwork","floor":31},{"not_picked":["Bullet Time","Doppelganger"],"picked":"Night Terror","floor":33},{"not_picked":["Storm of Steel","Noxious Fumes","Blade Dance"],"picked":"SKIP","floor":35},{"not_picked":["Outmaneuver","Underhanded Strike+1","Masterful Stab+1"],"picked":"SKIP","floor":36},{"not_picked":["Infinite Blades","Underhanded Strike+1","Finisher"],"picked":"SKIP","floor":38},{"not_picked":["Deadly Poison+1","Blade Dance+1"],"picked":"Backflip","floor":39},{"not_picked":["Dash","Finisher"],"picked":"Calculated Gamble","floor":40},{"not_picked":["Bane+1","Terror","Sucker Punch"],"picked":"SKIP","floor":42},{"not_picked":["All Out Attack+1","Grand Finale","Accuracy+1"],"picked":"SKIP","floor":44},{"not_picked":["Outmaneuver+1","Slice"],"picked":"Calculated Gamble+1","floor":45},{"not_picked":["Sucker Punch+1","Accuracy"],"picked":"Wraith Form v2","floor":47},{"not_picked":["Deflect","Skewer","Outmaneuver"],"picked":"SKIP","floor":48},{"not_picked":["Deadly Poison","Deflect"],"picked":"PiercingWail+1","floor":55}],"player_experience":1439878,"relics_obtained":[{"floor":6,"key":"Toy Ornithopter"},{"floor":8,"key":"StrikeDummy"},{"floor":9,"key":"Pear"},{"floor":12,"key":"Mercury Hourglass"},{"floor":23,"key":"Darkstone Periapt"},{"floor":26,"key":"Ancient Tea Set"},{"floor":28,"key":"Regal Pillow"},{"floor":40,"key":"Eternal Feather"},{"floor":43,"key":"PreservedInsect"},{"floor":44,"key":"Omamori"},{"floor":47,"key":"HornCleat"},{"floor":55,"key":"Anchor"}],"event_choices":[{"damage_healed":0,"gold_gain":0,"player_choice":"Grow","damage_taken":0,"max_hp_gain":0,"max_hp_loss":0,"event_name":"Living Wall","floor":3,"gold_loss":0,"cards_upgraded":["Prepared"]},{"cards_removed":["Defend_G"],"damage_healed":0,"gold_gain":0,"player_choice":"Card Removal","damage_taken":0,"max_hp_gain":0,"max_hp_loss":0,"event_name":"The Cleric","floor":5,"gold_loss":75},{"cards_removed":["Defend_G"],"damage_healed":0,"gold_gain":0,"player_choice":"Card Removal","damage_taken":7,"max_hp_gain":0,"max_hp_loss":0,"event_name":"Golden Wing","floor":10,"gold_loss":0},{"damage_healed":0,"gold_gain":0,"player_choice":"Donut","damage_taken":0,"max_hp_gain":5,"max_hp_loss":0,"event_name":"Big Fish","floor":11,"gold_loss":0},{"damage_healed":0,"gold_gain":0,"player_choice":"Opened","damage_taken":0,"relics_obtained":["InkBottle"],"max_hp_gain":0,"max_hp_loss":0,"event_name":"The Mausoleum","floor":19,"gold_loss":0,"cards_obtained":["Writhe"]},{"damage_healed":0,"gold_gain":0,"player_choice":"Ignored","damage_taken":0,"max_hp_gain":0,"max_hp_loss":0,"event_name":"Vampires","floor":21,"gold_loss":0},{"damage_healed":0,"gold_gain":0,"player_choice":"Inject Mutagens","damage_taken":0,"relics_obtained":["MutagenicStrength"],"max_hp_gain":0,"max_hp_loss":0,"event_name":"Drug Dealer","floor":22,"gold_loss":0},{"damage_healed":0,"gold_gain":0,"player_choice":"Traded Relic","damage_taken":0,"relics_obtained":["Nloth\u0027s Gift"],"max_hp_gain":0,"max_hp_loss":0,"event_name":"N\u0027loth","floor":29,"relics_lost":["Darkstone Periapt"],"gold_loss":0}],"is_beta":false,"boss_relics":[{"not_picked":["Velvet Choker","Tiny House"],"picked":"Runic Pyramid"},{"not_picked":["Empty Cage","Calling Bell"],"picked":"Philosopher\u0027s Stone"}],"items_purged_floors":[20,54],"is_endless":false,"potions_floor_spawned":[6,12,14,16,18,28,30,33,35,36,40,44,45],"ascension_level":20}}