{"host":"k7m72kgq8xdir5ne","time":1612489293,"event":{"mods":["ATMod(阿瑾Mod)","AchievementEnabler","Act Like it!","Arknights","BaseMod","Friendly Minions","Gensokyo","LagranYue(拉格朗・月)","Luminous","Minty Spire (QoL Compilation)","Quick Restart","RumiaBox-露米娅的神秘盒子","Shop Mod","Spicy Shops","StSLib","SuperFastMode","TestMod","TheSwordswoman","【功能Mod】Neow奖励","【功能Mod】混沌之环修复补丁","篝火指南"],"gold_per_floor":[114,289,289,307,707,484,514,529,529,556,23,23,81,122,122,287,287,390,390,390,87,159,159,274,349,349,426,467,539,615,681,270,469,469,569,121,0,0,40,40,86,234,258,369,438,49,87,87,32,1083,1083,769,84,370,506],"floor_reached":56,"language":"ZHS","playtime":2320,"items_purged":["Doubt","Luminous:Defend_Luminous","Decay","Luminous:Light_Flash_Shower+1","Luminous:Light_Flash_Shower+1","Luminous:Dark_Abyssal_Drop+1","Luminous:Defend_Luminous+1","Luminous:Defend_Luminous+1","Luminous:Defend_Luminous+1","Luminous:Dark_Abyssal_Drop+1"],"score":1519,"play_id":"8ed8bfcc-ae33-43bb-ba40-4be56aac0bf8","local_time":"20210205094133","is_ascension_mode":false,"campfire_choices":[{"data":"AT_FocusSwordFire","floor":15,"key":"SMITH"},{"floor":23,"key":"RECALL"},{"data":"Luminous:Freud_Wisdom1_Luminous","floor":40,"key":"SMITH"}],"circlet_count":0,"master_deck":["Luminous:Dark_Abyssal_Drop+1","Luminous:Switch_Luminous","AT_FocusSwordFire+1","Luminous:Light_Glare","Luminous:Balance_Aether_Conduit","Luminous:Fast_Spell_Luminous","Luminous:Flash_Blink_Luminous","Luminous:Tune_Luminous","Luminous:Darks_Surge_Luminous","Luminous:Lunar_Tide_Luminous","Luminous:Dark_Pressure_Void","Luminous:Freud_Wisdom1_Luminous+1","Luminous:Dark_Raid","Luminous:Hero_Will_Luminous","Luminous:Light_Glare","Luminous:Dark_Crescendo_Luminous","Luminous:Light_Glare","Luminous:Arcane_Rage_Luminous+1","Luminous:Dark_Arcane_Pitch+1","testmod-Illusory+1","AT_CelerityRune","Luminous:Dark_Apocalypse+1","Luminous:Chase_Spell_Luminous+1","Luminous:Dark_Extract+1","Luminous:Darks_Surge_Luminous+1","Luminous:Mana_Well_Luminous+1"],"relics":["Luminous:MirrorRelic","AT_ATBox","testmod-Nyarlathotep","LagranYue:RandomDrawCardRelic","NeowsBlessing","SSSystem","AT_SeraphEmbrace","testmod-TheFather","AT_MibuBalloonWealth","Oddly Smooth Stone","testmod-SaigiyounoYou","MerchantsRug","Orichalcum","Shuriken","Toxic Egg 2","testmod-Justice","AT_TrinityForce","Pantograph","TheAbacus","Red Mask","AT_BladeRuinedKing","Dead Branch","testmod-Antiphasic","Membership Card","Letter Opener","AT_TheCollector","LagranYue:NewUniverseRelic","Thread and Needle","Gambling Chip","Luminous:BlackBlessingRelic","OrangePellets","AT_SpeedBoots","Vajra","Medical Kit","testmod-TurbochargingSystem"],"acts_visited":["Exordium","TheCity","TheBeyond","TheEnding"],"potions_floor_usage":[31,35],"damage_taken":[{"damage":0,"enemies":"Jaw Worm","floor":1,"turns":1},{"damage":0,"enemies":"Small Slimes","floor":4,"turns":1},{"damage":0,"enemies":"3 Sentries","floor":7,"turns":1},{"damage":0,"enemies":"Cultist","floor":8,"turns":3},{"damage":19,"enemies":"Lagavulin","floor":10,"turns":6},{"damage":29,"enemies":"Gremlin Nob","floor":13,"turns":6},{"damage":0,"enemies":"Looter","floor":14,"turns":2},{"damage":0,"enemies":"Slime Boss","floor":16,"turns":4},{"damage":0,"enemies":"3 Byrds","floor":18,"turns":4},{"damage":1,"enemies":"2 Thieves","floor":22,"turns":2},{"damage":7,"enemies":"Gremlin Leader","floor":24,"turns":2},{"damage":0,"enemies":"Cultist and Chosen","floor":25,"turns":3},{"damage":0,"enemies":"Centurion and Healer","floor":27,"turns":1},{"damage":3,"enemies":"Snecko","floor":28,"turns":5},{"damage":0,"enemies":"Shelled Parasite and Fungi","floor":29,"turns":3},{"damage":0,"enemies":"Centurion and Healer","floor":30,"turns":4},{"damage":0,"enemies":"Cultist and Chosen","floor":31,"turns":3},{"damage":11,"enemies":"Automaton","floor":33,"turns":7},{"damage":0,"enemies":"3 Shapes","floor":35,"turns":2},{"damage":0,"enemies":"Orb Walker","floor":39,"turns":4},{"damage":0,"enemies":"Maw","floor":41,"turns":3},{"damage":0,"enemies":"3 Darklings","floor":42,"turns":1},{"damage":0,"enemies":"2 Orb Walkers","floor":44,"turns":1},{"damage":0,"enemies":"Giant Head","floor":45,"turns":2},{"damage":0,"enemies":"Spire Growth","floor":47,"turns":1},{"damage":0,"enemies":"Awakened One","floor":50,"turns":2},{"damage":0,"enemies":"Shield and Spear","floor":54,"turns":1},{"damage":2,"enemies":"The Heart","floor":55,"turns":3}],"seed_played":"4668954266023889476","potions_obtained":[{"floor":8,"key":"Swift Potion"},{"floor":13,"key":"BlessingOfTheForge"},{"floor":14,"key":"Dexterity Potion"},{"floor":16,"key":"Swift Potion"},{"floor":24,"key":"testmod-TestPotion"},{"floor":28,"key":"Strength Potion"},{"floor":31,"key":"Regen Potion"},{"floor":33,"key":"BlessingOfTheForge"},{"floor":41,"key":"SkillPotion"},{"floor":45,"key":"SneckoOil"},{"floor":47,"key":"testmod-TestPotion"},{"floor":54,"key":"Weak Potion"}],"is_trial":false,"path_per_floor":["M","?","?","M","?","R","E","M","T","E","$","?","E","M","R","B",null,"M","?","?","$","M","R","E","M","T","M","M","M","M","M","R","B",null,"M","$","?","?","M","R","M","M","T","?","E","$","M","T","R","B",null,"R","$","E","B",null],"character_chosen":"LuminousClass","items_purchased":["SSSystem","testmod-TheFather","AT_MibuBalloonWealth","MerchantsRug","Orichalcum","testmod-Justice","Pantograph","TheAbacus","Membership Card","Letter Opener","Luminous:Darks_Surge_Luminous+1","AT_TheCollector","LagranYue:NewUniverseRelic","Thread and Needle","Gambling Chip","Luminous:BlackBlessingRelic","OrangePellets","AT_SpeedBoots","Vajra","Medical Kit"],"campfire_rested":0,"item_purchase_floors":[6,11,11,21,21,32,36,36,46,46,46,49,49,52,52,53,53,53,53,53],"current_hp_per_floor":[75,75,75,75,75,75,75,75,75,56,56,56,27,27,27,27,75,75,75,75,75,75,75,75,75,75,75,75,75,75,75,75,75,75,75,75,75,65,75,75,75,75,75,75,75,75,75,75,75,75,75,75,75,75,75],"gold":506,"neow_bonus":"THREE_ENEMY_KILL","is_daily":false,"chose_seed":false,"campfire_upgraded":2,"win_rate":0.0,"timestamp":1612489293,"path_taken":["M","?","?","M","?","R","E","M","T","E","$","?","E","M","R","BOSS","M","?","?","?","M","R","E","M","T","M","M","M","M","M","R","BOSS","M","?","?","?","M","R","M","M","T","?","E","$","M","?","R","BOSS","R","$","E","BOSS"],"items_purchased_type":["Relic","Relic","Relic","Relic","Relic","Relic","Relic","Relic","Relic","Relic","Card","Relic","Relic","Relic","Relic","Relic","Relic","Relic","Relic","Relic"],"build_version":"2020-12-22","purchased_purges":10,"victory":true,"max_hp_per_floor":[75,75,75,75,75,75,75,75,75,75,75,75,75,75,75,75,75,75,75,75,75,75,75,75,75,75,75,75,75,75,75,75,75,75,75,75,75,75,75,75,75,75,75,75,75,75,75,75,75,75,75,75,75,75,75],"card_choices":[{"not_picked":["Luminous:Blinding_Pillar_Luminous","Luminous:Reverse_Spell_Luminous"],"picked":"Luminous:Light_Glare","floor":1},{"not_picked":["Luminous:Blinding_Pillar_Luminous","Luminous:Dark_Dim_Erosion"],"picked":"Luminous:Fast_Spell_Luminous","floor":4},{"not_picked":["Luminous:Dark_Raid","Luminous:Ethereal_Form_Luminous"],"picked":"Luminous:Flash_Blink_Luminous","floor":7},{"not_picked":["Luminous:Dark_Raid","Luminous:Light_Sylvan_Lance"],"picked":"Luminous:Tune_Luminous","floor":8},{"not_picked":["Luminous:Concentrate_Luminous","Luminous:Flash_Blink_Luminous"],"picked":"Luminous:Darks_Surge_Luminous","floor":10},{"not_picked":["Luminous:Dusk_Guard_Luminous","Luminous:Blinding_Pillar_Luminous"],"picked":"Luminous:Lunar_Tide_Luminous","floor":13},{"not_picked":["Luminous:Blinding_Pillar_Luminous","Luminous:Light_Wash_Luminous"],"picked":"Luminous:Dark_Pressure_Void","floor":14},{"not_picked":["Luminous:Mirror_Force_Luminous","Luminous:Date_of_Light_Luminous"],"picked":"Luminous:Freud_Wisdom1_Luminous","floor":16},{"not_picked":["Luminous:Accumulation_Luminous","Luminous:Dark_Dim_Erosion+1"],"picked":"Luminous:Dark_Raid","floor":18},{"not_picked":["Luminous:Accumulation_Luminous+1","Luminous:Light_Track"],"picked":"Luminous:Hero_Will_Luminous","floor":22},{"not_picked":["Luminous:Balance_Death_Scythe","Luminous:Blinding_Pillar_Luminous","Luminous:Light_Sylvan_Lance"],"picked":"SKIP","floor":24},{"not_picked":["Luminous:Light_Disperse+1","Luminous:Light_Spectral_Light"],"picked":"Luminous:Light_Glare","floor":25},{"not_picked":["Luminous:Dark_Dim_Erosion","Luminous:Light_Disperse","Luminous:Dark_Pressure_Void"],"picked":"SKIP","floor":27},{"not_picked":["Luminous:Accumulation_Luminous+1","Luminous:Dark_Dim_Erosion"],"picked":"Luminous:Dark_Crescendo_Luminous","floor":28},{"not_picked":["Luminous:Light_Gather+1","Luminous:Magic_Guard_Luminous+1"],"picked":"Luminous:Light_Glare","floor":29},{"not_picked":["Luminous:Light_Disperse","Luminous:Dark_Raid+1","Luminous:Blinding_Pillar_Luminous+1"],"picked":"SKIP","floor":30},{"not_picked":["Luminous:Light_Ray_of_Redemption+1","Luminous:Magic_Boost_Luminous+1","Luminous:Light_Disperse+1"],"picked":"SKIP","floor":31},{"not_picked":["Luminous:Mirror_Force_Luminous+1","Luminous:Chaos_Field_Luminous+1"],"picked":"Luminous:Arcane_Rage_Luminous+1","floor":33},{"not_picked":["Luminous:Darks_Surge_Luminous+1","Luminous:Dark_Dim_Erosion+1"],"picked":"Luminous:Dark_Arcane_Pitch+1","floor":35},{"not_picked":["Dark Shackles+1","Blind+1"],"picked":"testmod-Illusory+1","floor":38},{"not_picked":["AT_PowerWithin","Thinking Ahead+1"],"picked":"AT_CelerityRune","floor":38},{"not_picked":["Luminous:Balance_Death_Scythe+1","Luminous:Flash_Blink_Luminous+1","Luminous:Blinding_Pillar_Luminous+1"],"picked":"SKIP","floor":39},{"not_picked":["Luminous:Light_Spectral_Light+1","Luminous:Hero_Will_Luminous+1"],"picked":"Luminous:Dark_Apocalypse+1","floor":41},{"not_picked":["Luminous:Blinding_Pillar_Luminous+1","Luminous:Light_Sylvan_Lance"],"picked":"Luminous:Chase_Spell_Luminous+1","floor":42},{"not_picked":["Luminous:Phantom_Treasure_Luminous+1","Luminous:Blinding_Pillar_Luminous+1"],"picked":"Luminous:Dark_Extract+1","floor":45},{"not_picked":["Luminous:Balance_Ender+1","Luminous:Magic_Boost_Luminous+1"],"picked":"Luminous:Mana_Well_Luminous+1","floor":47},{"not_picked":["Luminous:Blinding_Pillar_Luminous+1","Luminous:Fast_Spell_Luminous+1","Luminous:Dark_Pressure_Void"],"picked":"SKIP","floor":54}],"player_experience":68511,"relics_obtained":[{"floor":7,"key":"AT_ArchangelStaff"},{"floor":10,"key":"Bag of Preparation"},{"floor":13,"key":"Oddly Smooth Stone"},{"floor":24,"key":"Shuriken"},{"floor":26,"key":"Toxic Egg 2"},{"floor":43,"key":"AT_BladeRuinedKing"},{"floor":44,"key":"Dead Branch"},{"floor":45,"key":"testmod-Antiphasic"},{"floor":48,"key":"testmod-BouquetWithThorns"},{"floor":54,"key":"testmod-TurbochargingSystem"}],"event_choices":[{"damage_healed":0,"gold_gain":175,"player_choice":"AGREE","damage_taken":0,"max_hp_gain":0,"max_hp_loss":0,"event_name":"Liars Game","floor":2,"gold_loss":0,"cards_obtained":["Doubt"]},{"damage_healed":0,"gold_gain":0,"cards_transformed":["Luminous:Light_Flash_Shower"],"player_choice":"Change","damage_taken":0,"max_hp_gain":0,"max_hp_loss":0,"event_name":"Living Wall","floor":3,"gold_loss":0,"cards_obtained":["Luminous:Balance_Aether_Conduit"]},{"damage_healed":0,"gold_gain":400,"player_choice":"Sell","damage_taken":0,"max_hp_gain":0,"max_hp_loss":0,"event_name":"恩洛斯的盘子","floor":5,"relics_lost":["testmod-TestBox"],"gold_loss":0},{"damage_healed":0,"gold_gain":0,"player_choice":"Ignored","damage_taken":0,"max_hp_gain":0,"max_hp_loss":0,"event_name":"NoteForYourself","floor":12,"gold_loss":0},{"damage_healed":0,"gold_gain":0,"player_choice":"Simplicity","damage_taken":0,"max_hp_gain":0,"max_hp_loss":0,"event_name":"Back to Basics","floor":19,"gold_loss":0,"cards_upgraded":["Luminous:Light_Flash_Shower","Luminous:Light_Flash_Shower","Luminous:Dark_Abyssal_Drop","Luminous:Dark_Abyssal_Drop","Luminous:Dark_Abyssal_Drop","Luminous:Defend_Luminous","Luminous:Defend_Luminous","Luminous:Defend_Luminous"]},{"damage_healed":0,"gold_gain":0,"player_choice":"Swap Relic","damage_taken":0,"relics_obtained":["Velvet Choker"],"max_hp_gain":0,"max_hp_loss":0,"event_name":"给自己的盒子","floor":20,"relics_lost":["Velvet Choker"],"gold_loss":0},{"damage_healed":0,"gold_gain":0,"player_choice":"Paid","damage_taken":0,"relics_obtained":["Red Mask"],"max_hp_gain":0,"max_hp_loss":0,"event_name":"Tomb of Lord Red Mask","floor":37,"gold_loss":121},{"damage_healed":0,"gold_gain":0,"player_choice":"Memory 3","damage_taken":10,"max_hp_gain":0,"max_hp_loss":0,"event_name":"SensoryStone","floor":38,"gold_loss":0},{"damage_healed":0,"gold_gain":0,"player_choice":"Fight","damage_taken":0,"max_hp_gain":0,"max_hp_loss":0,"event_name":"Mysterious Sphere","floor":44,"gold_loss":0}],"is_beta":false,"boss_relics":[{"not_picked":["testmod-KeyOfTheVoid","testmod-EnergyCheck"],"picked":"testmod-SaigiyounoYou"},{"not_picked":["Sozu","testmod-Recursion"],"picked":"AT_TrinityForce"}],"items_purged_floors":[6,11,21,32,36,46,52,52,53,53],"is_endless":false,"potions_floor_spawned":[8,13,14,16,24,28,30,31,33,41,42,45,47,54],"ascension_level":0}}