{"host":"1bmpebsu0h6jmm2g","time":1612536305,"event":{"mods":["BaseMod","BetterRewards","Colored Map","DeckTracker","Highlight Path","Keyboard Shortcuts","Minty Spire (QoL Compilation)","Permanent Neow","Quick Restart","Relic Stats","Slay the Relics Exporter","Spicy Shops","StSLib","SuperFastMode"],"gold_per_floor":[115,115,134,149,149,149,164,164,188,218,230,260,272,295,307,396,408,432,458,470,482,482],"floor_reached":21,"language":"KOR","playtime":558,"items_purged":["Strike_B","Defend_B"],"score":506,"play_id":"57048964-12fa-45b7-8486-431562ce589d","local_time":"20210205234505","is_ascension_mode":true,"campfire_choices":[{"floor":6.0,"key":"REST"},{"floor":8.0,"key":"REST"},{"data":"Deep Breath","floor":11.0,"key":"SMITH"},{"data":"Loop","floor":15,"key":"SMITH"}],"circlet_count":0,"master_deck":["AscendersBane","Strike_B","Strike_B","Strike_B","Defend_B","Defend_B","Defend_B","Zap","Dualcast","Deep Breath+1","Master of Strategy+1","Deep Breath+1","Loop+1","Coolheaded","Beam Cell","Core Surge"],"relics":["Cracked Core","DollysMirror","Membership Card","Regal Pillow","Ancient Tea Set","MawBank","Inserter","Nilry\u0027s Codex"],"acts_visited":["Exordium","TheCity"],"potions_floor_usage":[16,18,21],"damage_taken":[{"damage":1.0,"enemies":"Cultist","floor":1.0,"turns":4.0},{"damage":0.0,"enemies":"Small Slimes","floor":3.0,"turns":4.0},{"damage":2.0,"enemies":"Jaw Worm","floor":4.0,"turns":4.0},{"damage":18.0,"enemies":"3 Louse","floor":7.0,"turns":3.0},{"damage":30.0,"enemies":"Gremlin Nob","floor":10.0,"turns":4.0},{"damage":3,"enemies":"Blue Slaver","floor":12,"turns":2},{"damage":5,"enemies":"Looter","floor":14,"turns":3},{"damage":9,"enemies":"The Guardian","floor":16,"turns":15},{"damage":10,"enemies":"3 Byrds","floor":18,"turns":4},{"damage":13,"enemies":"Chosen","floor":19,"turns":4},{"damage":14,"enemies":"3 Cultists","floor":21,"turns":3}],"seed_played":"-1422865049365853176","potions_obtained":[{"floor":4.0,"key":"SpeedPotion"},{"floor":7.0,"key":"EssenceOfSteel"},{"floor":14,"key":"Explosive Potion"},{"floor":19,"key":"BlessingOfTheForge"}],"is_trial":false,"path_per_floor":["M","?","M","M","?","R","M","R","T","E","R","M","?","M","R","B",null,"M","M","?","M"],"character_chosen":"DEFECT","items_purchased":["Deep Breath","Master of Strategy","DollysMirror","Membership Card","Regal Pillow"],"campfire_rested":2,"item_purchase_floors":[0,0,0,0,0],"current_hp_per_floor":[32,11,11,9,9,45,27,63,63,33,33,30,30,25,25,16,57,47,34,13,0,0],"gold":482,"neow_bonus":"","is_daily":false,"chose_seed":false,"campfire_upgraded":2,"win_rate":0.0,"timestamp":1612536305,"path_taken":["M","?","M","M","?","R","M","R","T","E","R","M","?","M","R","BOSS","M","M","?","M"],"items_purchased_type":["Card","Card","Relic","Relic","Relic"],"build_version":"2020-12-22","purchased_purges":2,"victory":false,"max_hp_per_floor":[71,71,71,71,71,71,71,71,71,71,71,71,71,71,71,71,71,71,71,71,71,71],"relic_stats":{"Regal Pillow":30,"Inserter":[46],"counters":[47,210],"MawBank":132,"obtain_stats":[{"Girya":6,"Regal Pillow":0,"Inserter":17,"Tiny House":34,"Singing Bowl":6,"Nilry\u0027s Codex":20,"Oddly Smooth Stone":43,"PreservedInsect":9,"Pen Nib":26,"Letter Opener":48,"Ancient Tea Set":9,"MawBank":10,"Old Coin":41,"Nunchaku":23,"CaptainsWheel":44,"TheAbacus":27,"DollysMirror":0,"MutagenicStrength":19,"HandDrill":0,"Red Mask":39,"Membership Card":0,"Cracked Core":0},{"Girya":12,"Regal Pillow":36,"Inserter":18,"Tiny House":27,"Singing Bowl":4,"Nilry\u0027s Codex":46,"Oddly Smooth Stone":32,"PreservedInsect":14,"Pen Nib":23,"Letter Opener":35,"Ancient Tea Set":40,"MawBank":41,"Old Coin":31,"Nunchaku":21,"CaptainsWheel":33,"TheAbacus":23,"DollysMirror":36,"MutagenicStrength":19,"HandDrill":6,"Red Mask":30,"Membership Card":36,"Cracked Core":0},{"Girya":53,"Regal Pillow":160,"Inserter":77,"Tiny House":112,"Singing Bowl":20,"Nilry\u0027s Codex":207,"Oddly Smooth Stone":135,"PreservedInsect":59,"Pen Nib":94,"Letter Opener":154,"Ancient Tea Set":175,"MawBank":179,"Old Coin":130,"Nunchaku":86,"CaptainsWheel":142,"TheAbacus":94,"DollysMirror":160,"MutagenicStrength":81,"HandDrill":28,"Red Mask":126,"Membership Card":160,"Cracked Core":0}]},"card_choices":[{"not_picked":["Hello World","Steam","Storm"],"picked":"SKIP","floor":1.0},{"not_picked":["Undo","Hologram"],"picked":"Loop","floor":3.0},{"not_picked":["Leap","Capacitor","Turbo"],"picked":"SKIP","floor":4.0},{"not_picked":["Rip and Tear","Defragment"],"picked":"Coolheaded","floor":7.0},{"not_picked":["Turbo","Storm"],"picked":"Beam Cell","floor":10.0},{"not_picked":["Hello World","FTL","Lockon"],"picked":"SKIP","floor":12},{"not_picked":["Sweeping Beam","Double Energy","Go for the Eyes"],"picked":"SKIP","floor":14},{"not_picked":["Machine Learning","Meteor Strike"],"picked":"Core Surge","floor":16},{"not_picked":["Coolheaded","Beam Cell","Conserve Battery"],"picked":"SKIP","floor":18},{"not_picked":["Cold Snap","Tempest","Darkness"],"picked":"SKIP","floor":19}],"player_experience":499071,"relics_obtained":[{"floor":9.0,"key":"Ancient Tea Set"},{"floor":10.0,"key":"MawBank"},{"floor":20,"key":"Nilry\u0027s Codex"}],"event_choices":[{"damage_healed":0.0,"max_hp_gain":0.0,"max_hp_loss":0.0,"gold_gain":0.0,"event_name":"Shining Light","player_choice":"Entered Light","floor":2.0,"gold_loss":0.0,"damage_taken":21.0,"cards_upgraded":["Master of Strategy","Deep Breath"]},{"damage_healed":0.0,"max_hp_gain":0.0,"max_hp_loss":0.0,"gold_gain":0.0,"event_name":"Liars Game","player_choice":"Ignored","floor":5.0,"gold_loss":0.0,"damage_taken":0.0},{"damage_healed":0,"gold_gain":0,"player_choice":"0 cards matched","damage_taken":0,"max_hp_gain":0,"max_hp_loss":0,"event_name":"Match and Keep!","floor":13,"gold_loss":0,"cards_obtained":[]},{"damage_healed":0,"gold_gain":0,"player_choice":"Obtained Book","damage_taken":21,"max_hp_gain":0,"max_hp_loss":0,"event_name":"Cursed Tome","floor":20,"gold_loss":0}],"is_beta":false,"boss_relics":[{"not_picked":["Tiny House","Velvet Choker"],"picked":"Inserter"}],"items_purged_floors":[0,0],"is_endless":false,"potions_floor_spawned":[4,7,12,14,19],"killed_by":"3 Cultists","ascension_level":16}}