{"host":"hw9lt6p3yhr90vz0","time":1612559683,"event":{"mods":["BaseMod","DeckTracker","Minty Spire (QoL Compilation)","Relic Stats"],"gold_per_floor":[116,131,131,131,141,141,174,204,231,247,247,275,275,286,286,385,385,397,397,379,36,36,36,46,46,72,88,88,99,112,145,145,243,243,254,271,271,271,290,290,290,290],"floor_reached":41,"language":"ENG","playtime":4788,"items_purged":[],"score":582,"play_id":"704e4d43-546d-4dce-9ee1-22a6850fd9c1","local_time":"20210205161443","is_ascension_mode":true,"campfire_choices":[{"floor":6,"key":"RECALL"},{"floor":11,"key":"REST"},{"data":"True Grit","floor":15,"key":"SMITH"},{"floor":23,"key":"REST"},{"floor":25,"key":"REST"},{"data":"Metallicize","floor":28,"key":"SMITH"},{"floor":32,"key":"REST"},{"floor":40,"key":"REST"}],"circlet_count":0,"master_deck":["Defend_R","Defend_R","Defend_R","Defend_R","Bash","Spot Weakness","Rage","Uppercut","Power Through","Heavy Blade","Dark Embrace","Fire Breathing","Barricade+1","Spot Weakness","Iron Wave","PanicButton","Cleave","Havoc","Flame Barrier+1","Metallicize+1","Power Through","Dual Wield","Armaments+1","Berserk","Pummel+1","Warcry+1","Dropkick+1","Power Through+1","Ghostly Armor","PanicButton","Mayhem","The Bomb","Decay","Metallicize+1"],"relics":["Burning Blood","Magic Flower","Happy Flower","Bird Faced Urn","Ornamental Fan","Mark of Pain","Self Forming Clay","PreservedInsect","Sundial","Astrolabe"],"acts_visited":["Exordium","TheCity","TheBeyond"],"potions_floor_usage":[7,16,18,29,41],"damage_taken":[{"damage":1,"enemies":"Cultist","floor":1,"turns":3},{"damage":4,"enemies":"2 Louse","floor":2,"turns":3},{"damage":2,"enemies":"Small Slimes","floor":5,"turns":4},{"damage":43,"enemies":"Lagavulin","floor":7,"turns":7},{"damage":15,"enemies":"2 Fungi Beasts","floor":10,"turns":3},{"damage":30,"enemies":"Gremlin Nob","floor":12,"turns":4},{"damage":8,"enemies":"Looter","floor":14,"turns":3},{"damage":24,"enemies":"Hexaghost","floor":16,"turns":9},{"damage":18,"enemies":"Shell Parasite","floor":18,"turns":8},{"damage":30,"enemies":"2 Thieves","floor":20,"turns":4},{"damage":39,"enemies":"Snecko","floor":24,"turns":7},{"damage":20,"enemies":"3 Cultists","floor":27,"turns":7},{"damage":28,"enemies":"Snake Plant","floor":29,"turns":6},{"damage":7,"enemies":"Shelled Parasite and Fungi","floor":30,"turns":9},{"damage":31,"enemies":"Book of Stabbing","floor":31,"turns":8},{"damage":22,"enemies":"Champ","floor":33,"turns":15},{"damage":0,"enemies":"3 Darklings","floor":35,"turns":9},{"damage":3,"enemies":"3 Shapes","floor":36,"turns":4},{"damage":34,"enemies":"3 Darklings","floor":39,"turns":8},{"damage":137,"enemies":"Giant Head","floor":41,"turns":10}],"seed_played":"6825064460868504411","potions_obtained":[{"floor":2,"key":"SkillPotion"},{"floor":10,"key":"Dexterity Potion"},{"floor":14,"key":"DuplicationPotion"},{"floor":18,"key":"ElixirPotion"},{"floor":24,"key":"Swift Potion"},{"floor":31,"key":"GamblersBrew"},{"floor":36,"key":"Explosive Potion"},{"floor":39,"key":"ElixirPotion"}],"is_trial":false,"path_per_floor":["M","M","?","$","M","R","E","?","T","M","R","E","?","M","R","B",null,"M","?","M","$","?","R","M","R","T","M","R","M","M","E","R","B",null,"M","M","?","?","M","R","E"],"character_chosen":"IRONCLAD","items_purchased":["Self Forming Clay","PanicButton"],"campfire_rested":5,"item_purchase_floors":[21,21],"current_hp_per_floor":[59,64,64,64,71,71,37,37,37,31,55,34,34,35,35,23,66,66,66,51,51,51,75,51,75,75,69,69,59,73,58,80,76,79,80,80,70,70,57,80,0,0],"gold":290,"neow_bonus":"ONE_RARE_RELIC","is_daily":false,"chose_seed":false,"campfire_upgraded":2,"win_rate":0.0,"timestamp":1612559683,"path_taken":["M","M","?","?","M","R","E","?","T","M","R","E","?","M","R","BOSS","M","?","M","?","?","R","M","R","T","M","R","M","M","E","R","BOSS","M","M","?","?","M","R","E"],"items_purchased_type":["Relic","Card"],"build_version":"2020-12-22","purchased_purges":0,"victory":false,"max_hp_per_floor":[80,80,80,80,80,80,80,80,80,80,80,80,80,80,80,80,80,80,80,80,80,80,80,80,80,80,80,80,80,80,80,80,80,80,80,80,80,80,80,80,80,80],"relic_stats":{"Happy Flower":[38],"counters":[20,131],"Ornamental Fan":[0],"Self Forming Clay":[90],"Sundial":[4],"Bird Faced Urn":[85],"Astrolabe":["Pummel","Warcry","Dropkick"],"Magic Flower":[78],"PreservedInsect":165,"obtain_stats":[{"Happy Flower":7,"Ornamental Fan":12,"Self Forming Clay":21,"Sundial":31,"Bird Faced Urn":8,"Astrolabe":34,"Magic Flower":0,"Mark of Pain":17,"PreservedInsect":26,"Burning Blood":0},{"Happy Flower":4,"Ornamental Fan":6,"Self Forming Clay":10,"Sundial":15,"Bird Faced Urn":4,"Astrolabe":16,"Magic Flower":0,"Mark of Pain":8,"PreservedInsect":11,"Burning Blood":0},{"Happy Flower":17,"Ornamental Fan":24,"Self Forming Clay":48,"Sundial":85,"Bird Faced Urn":17,"Astrolabe":100,"Magic Flower":0,"Mark of Pain":36,"PreservedInsect":55,"Burning Blood":0}],"Burning Blood":156},"card_choices":[{"not_picked":["Cleave","Perfected Strike"],"picked":"Spot Weakness","floor":1},{"not_picked":["Second Wind","Anger"],"picked":"Rage","floor":2},{"not_picked":["Wild Strike","Warcry"],"picked":"Uppercut","floor":5},{"not_picked":["Rupture","Sword Boomerang"],"picked":"Power Through","floor":7},{"not_picked":["Anger","Clothesline"],"picked":"Heavy Blade","floor":10},{"not_picked":["Rupture","Intimidate"],"picked":"Dark Embrace","floor":12},{"not_picked":["Hemokinesis","Anger"],"picked":"True Grit","floor":14},{"not_picked":["Impervious","Offering"],"picked":"Barricade","floor":16},{"not_picked":["Dual Wield","Havoc"],"picked":"Spot Weakness","floor":18},{"not_picked":["Sword Boomerang","Disarm"],"picked":"Iron Wave","floor":20},{"not_picked":["Armaments","Hemokinesis"],"picked":"Flame Barrier+1","floor":24},{"not_picked":["Havoc","Demon Form"],"picked":"Metallicize","floor":27},{"not_picked":["Sword Boomerang","Uppercut+1"],"picked":"Power Through","floor":29},{"not_picked":["True Grit+1","Shrug It Off+1"],"picked":"Dual Wield","floor":30},{"not_picked":["Anger","Warcry"],"picked":"Armaments+1","floor":31},{"not_picked":["Offering","Barricade"],"picked":"Berserk","floor":33},{"not_picked":["Anger+1","Rage"],"picked":"Power Through+1","floor":35},{"not_picked":["Clash","Whirlwind+1"],"picked":"Ghostly Armor","floor":36},{"not_picked":["Finesse","Discovery"],"picked":"PanicButton","floor":37},{"not_picked":["Jack Of All Trades","Thinking Ahead"],"picked":"Mayhem","floor":37},{"not_picked":["PanicButton","HandOfGreed"],"picked":"The Bomb","floor":37},{"not_picked":["Warcry+1","Disarm+1"],"picked":"Metallicize+1","floor":39}],"player_experience":1298984,"relics_obtained":[{"floor":7,"key":"Happy Flower"},{"floor":12,"key":"Ornamental Fan"},{"floor":26,"key":"PreservedInsect"},{"floor":31,"key":"Sundial"}],"event_choices":[{"damage_healed":0,"gold_gain":0,"player_choice":"Bought 0 Potions","damage_taken":0,"max_hp_gain":0,"max_hp_loss":0,"event_name":"The Woman in Blue","floor":3,"gold_loss":0},{"damage_healed":0,"gold_gain":30,"player_choice":"Searched \u00273\u0027 times","damage_taken":0,"relics_obtained":["Bird Faced Urn"],"max_hp_gain":0,"max_hp_loss":0,"event_name":"Dead Adventurer","floor":8,"gold_loss":0},{"damage_healed":0,"gold_gain":0,"cards_transformed":["Strike_R"],"player_choice":"Change","damage_taken":0,"max_hp_gain":0,"max_hp_loss":0,"event_name":"Living Wall","floor":13,"gold_loss":0,"cards_obtained":["Fire Breathing"]},{"damage_healed":0,"gold_gain":0,"player_choice":"Upgraded","damage_taken":0,"max_hp_gain":0,"max_hp_loss":0,"event_name":"Upgrade Shrine","floor":19,"gold_loss":0,"cards_upgraded":["Barricade"]},{"damage_healed":0,"gold_gain":0,"cards_transformed":["Strike_R","Strike_R"],"player_choice":"Became Test Subject","damage_taken":0,"max_hp_gain":0,"max_hp_loss":0,"event_name":"Drug Dealer","floor":22,"gold_loss":0,"cards_obtained":["Cleave","Havoc"]},{"damage_healed":0,"gold_gain":0,"player_choice":"Memory 3","damage_taken":10,"max_hp_gain":0,"max_hp_loss":0,"event_name":"SensoryStone","floor":37,"gold_loss":0},{"damage_healed":0,"gold_gain":0,"player_choice":"Cursed","damage_taken":0,"max_hp_gain":0,"max_hp_loss":0,"event_name":"Wheel of Change","floor":38,"gold_loss":0,"cards_obtained":["Decay"]}],"is_beta":false,"boss_relics":[{"not_picked":["SacredBark","Black Star"],"picked":"Mark of Pain"},{"not_picked":["Velvet Choker","Tiny House"],"picked":"Astrolabe"}],"items_purged_floors":[],"is_endless":false,"potions_floor_spawned":[2,10,14,18,24,31,36,39],"killed_by":"Giant Head","ascension_level":6}}