{"host":"andja9kgajlggmm4","time":1612539616,"event":{"mods":["BaseMod","Downfall","Hubris","Infinite Spire","MarisaÅiñ∂âJÅ@ñÇóùçπÅj","Minty Spire (QoL Compilation)","StSLib","The Cursed","The Servant 0.9.4"],"gold_per_floor":[15,31,45,60,79,111,111,139,139,151,161,161,39,55,55,156,156,168,180,1,14,14,47,57,73,73,90,90,102,102,120,120,216,216,234,244,224,234,234,234,251,265,289,17,17,17,17,36,36,36],"floor_reached":51,"language":"ENG","playtime":3031,"items_purged":["Strike_G","Parasite","Strike_G","infinitespire:Pacifist","hubris:Wrath"],"score":514,"play_id":"474dc0cd-b0a7-443a-89af-547dfb3d765d","local_time":"20210205164016","is_ascension_mode":false,"campfire_choices":[{"data":"Neutralize","floor":7,"key":"SMITH"},{"data":"Noxious Fumes","floor":15,"key":"SMITH"},{"floor":30,"key":"REST"},{"floor":32,"key":"REST"},{"data":"Survivor","floor":40,"key":"SMITH"},{"data":"hubris:Fate","floor":46,"key":"SMITH"},{"floor":49,"key":"REST"}],"circlet_count":0,"master_deck":["Strike_G","Strike_G","Strike_G","Defend_G","Defend_G","Defend_G","Defend_G","Defend_G","Survivor+1","Neutralize+1","Dagger Throw","Masterful Stab","Glass Knife","Noxious Fumes+1","Endless Agony","All Out Attack","Quick Slash","Infinite Blades","Noxious Fumes","Quick Slash","Dagger Spray","A Thousand Cuts+1","Bane","Poisoned Stab","Poisoned Stab","Dodge and Roll","Blade Dance","Bane","Predator","Glass Knife","Blur","Escape Plan","Distraction","Expertise+1","Infinite Blades+1","Crippling Poison+1","hubris:Fate+1","Envenom+1","Acrobatics+1","Well Laid Plans+1","Backstab","Dodge and Roll","Distraction+1","Noxious Fumes+1","Blade Dance","Noxious Fumes+1","hubris:Sniper+1","Acrobatics+1","Backstab","Bouncing Flask+1","Prepared+1","Heel Hook+1","Masterful Stab+1","infinitespire:UltimateForm+1","Noxious Fumes+1","Dagger Spray+1","Pain","Deflect+1","Sucker Punch+1"],"relics":["Ring of the Serpent","Prayer Wheel","Bag of Preparation","Frozen Egg 2","Darkstone Periapt","Cursed Key","Ornamental Fan","Omamori","Orichalcum","hubris:TenFootPole","Potion Belt","Juzu Bracelet","infinitespire:Midas Blood"],"acts_visited":["Exordium","TheCity","TheBeyond"],"potions_floor_usage":[8,8,8,16,16,25,29,36,36,48],"damage_taken":[{"damage":0,"enemies":"Cultist","floor":1,"turns":4},{"damage":0,"enemies":"Jaw Worm","floor":2,"turns":3},{"damage":5,"enemies":"Small Slimes","floor":3,"turns":3},{"damage":9,"enemies":"3 Louse","floor":4,"turns":2},{"damage":4,"enemies":"Gremlin Gang","floor":5,"turns":3},{"damage":10,"enemies":"3 Sentries","floor":6,"turns":5},{"damage":10,"enemies":"Lagavulin","floor":8,"turns":5},{"damage":13,"enemies":"Lots of Slimes","floor":10,"turns":2},{"damage":1,"enemies":"Red Slaver","floor":11,"turns":2},{"damage":0,"enemies":"3 Louse","floor":14,"turns":2},{"damage":22,"enemies":"The Guardian","floor":16,"turns":8},{"damage":10,"enemies":"2 Thieves","floor":18,"turns":3},{"damage":5,"enemies":"Chosen","floor":19,"turns":4},{"damage":14,"enemies":"Shelled Parasite and Fungi","floor":21,"turns":6},{"damage":19,"enemies":"Gremlin Leader","floor":23,"turns":6},{"damage":23,"enemies":"Snecko","floor":24,"turns":6},{"damage":0,"enemies":"3 Cultists","floor":25,"turns":2},{"damage":0,"enemies":"Chosen and Byrds","floor":27,"turns":3},{"damage":0,"enemies":"Snecko","floor":29,"turns":3},{"damage":19,"enemies":"Sentry and Sphere","floor":31,"turns":4},{"damage":0,"enemies":"Collector","floor":33,"turns":1},{"damage":6,"enemies":"3 Shapes","floor":35,"turns":4},{"damage":19,"enemies":"3 Darklings","floor":36,"turns":5},{"damage":1,"enemies":"Transient","floor":38,"turns":5},{"damage":0,"enemies":"Jaw Worm Horde","floor":41,"turns":1},{"damage":8,"enemies":"Maw","floor":42,"turns":6},{"damage":0,"enemies":"Spire Growth","floor":48,"turns":1},{"damage":0,"enemies":"infinitespire:MassOfShapes","floor":50,"turns":1}],"seed_played":"4174317923835975356","potions_obtained":[{"floor":1,"key":"DuplicationPotion"},{"floor":3,"key":"LiquidMemories"},{"floor":5,"key":"LiquidMemories"},{"floor":10,"key":"PowerPotion"},{"floor":11,"key":"Fire Potion"},{"floor":21,"key":"CunningPotion"},{"floor":23,"key":"Energy Potion"},{"floor":24,"key":"Fire Potion"},{"floor":29,"key":"GamblersBrew"},{"floor":33,"key":"FearPotion"},{"floor":36,"key":"CunningPotion"},{"floor":37,"key":"GamblersBrew"}],"is_trial":false,"path_per_floor":["M","M","M","M","M","E","R","E","T","M","M","?","$","M","R","B",null,"M","M","$","M","AVR","E","M","M","T","M","?","M","R","M","R","B",null,"M","M","?","M","AVR","R","M","M","T","$","T","R","?","M","R","B",null],"character_chosen":"THE_SILENT","items_purchased":["Blade Dance","Infinite Blades+1","Juzu Bracelet"],"campfire_rested":3,"item_purchase_floors":[13,20,44],"current_hp_per_floor":[70,70,65,56,52,42,42,32,32,19,18,41,41,41,41,19,76,66,61,61,47,47,28,5,5,5,5,11,11,34,15,38,38,79,73,54,54,53,53,53,53,45,51,51,57,57,57,57,84,84],"gold":36,"neow_bonus":"ONE_RARE_RELIC","is_daily":false,"chose_seed":false,"campfire_upgraded":4,"win_rate":0.0,"timestamp":1612539616,"path_taken":["M","M","M","M","M","E","R","E","T","?","M","?","$","M","R","BOSS","M","M","$","M","AVR","E","M","M","T","M","?","M","R","M","R","BOSS","M","M","?","M","AVR","R","?","?","T","$","?","R","?","M","R","BOSS"],"items_purchased_type":["Card","Card","Relic"],"build_version":"2020-12-22","purchased_purges":5,"victory":true,"max_hp_per_floor":[70,70,70,70,70,70,70,70,70,70,70,76,76,76,76,76,76,76,76,73,73,73,73,73,73,73,73,79,79,79,79,79,79,79,79,79,79,79,79,79,79,79,85,85,91,91,91,91,91,91],"card_choices":[{"not_picked":["Acrobatics","Flying Knee"],"picked":"Dagger Throw","floor":1},{"not_picked":["Flying Knee","Dagger Throw"],"picked":"Masterful Stab","floor":1},{"not_picked":["Outmaneuver","hubris:Sniper"],"picked":"Glass Knife","floor":2},{"not_picked":["PiercingWail","Dagger Throw"],"picked":"Noxious Fumes","floor":2},{"not_picked":["Deadly Poison","PiercingWail"],"picked":"Endless Agony","floor":3},{"not_picked":["Envenom","Backstab"],"picked":"All Out Attack","floor":3},{"not_picked":["Poisoned Stab","Outmaneuver"],"picked":"Quick Slash","floor":4},{"not_picked":["Predator","hubris:SlightOfHand"],"picked":"Infinite Blades","floor":4},{"not_picked":["hubris:TrickCloak","Caltrops"],"picked":"Noxious Fumes","floor":5},{"not_picked":["Flying Knee","Sucker Punch"],"picked":"Quick Slash","floor":5},{"not_picked":["Dagger Throw","Eviscerate"],"picked":"Dagger Spray","floor":6},{"not_picked":["Flechettes","Dagger Spray"],"picked":"A Thousand Cuts+1","floor":8},{"not_picked":["Poisoned Stab","Finisher"],"picked":"Bane","floor":10},{"not_picked":["hubris:SlightOfHand","Quick Slash"],"picked":"Poisoned Stab","floor":10},{"not_picked":["Terror","All Out Attack"],"picked":"Poisoned Stab","floor":11},{"not_picked":["Reflex","Deflect"],"picked":"Dodge and Roll","floor":11},{"not_picked":["Underhanded Strike","Tactician"],"picked":"Bane","floor":14},{"not_picked":["Slice","Skewer"],"picked":"Predator","floor":14},{"not_picked":["Doppelganger","Burst"],"picked":"Glass Knife","floor":16},{"not_picked":["Acrobatics","Finisher"],"picked":"Blur","floor":18},{"not_picked":["Dagger Spray","PiercingWail"],"picked":"Escape Plan","floor":18},{"not_picked":["Prepared","All Out Attack"],"picked":"Distraction","floor":19},{"not_picked":["Finisher","hubris:TrickCloak"],"picked":"Expertise+1","floor":19},{"not_picked":["Prepared","PiercingWail+1"],"picked":"Crippling Poison+1","floor":21},{"not_picked":["Bane","Poisoned Stab","Outmaneuver"],"picked":"SKIP","floor":21},{"not_picked":["Heel Hook","Flying Knee"],"picked":"Envenom+1","floor":23},{"not_picked":["Poisoned Stab+1","Calculated Gamble"],"picked":"Acrobatics+1","floor":24},{"not_picked":["Sucker Punch","Quick Slash"],"picked":"Well Laid Plans+1","floor":24},{"not_picked":["Outmaneuver","Sucker Punch"],"picked":"Backstab","floor":25},{"not_picked":["Outmaneuver","Dodge and Roll","Deadly Poison"],"picked":"SKIP","floor":25},{"not_picked":["Glass Knife","Prepared"],"picked":"Dodge and Roll","floor":27},{"not_picked":["Quick Slash","Predator+1"],"picked":"Distraction+1","floor":27},{"not_picked":["infinitespire:FinalStrike","infinitespire:Oblivion"],"picked":"infinitespire:SealOfDarkness+","floor":28},{"not_picked":["Riddle With Holes","Catalyst"],"picked":"Noxious Fumes+1","floor":29},{"not_picked":["Prepared","Underhanded Strike"],"picked":"Blade Dance","floor":29},{"not_picked":["Dodge and Roll+1","Endless Agony"],"picked":"Noxious Fumes+1","floor":31},{"not_picked":["Leg Sweep","Blade Dance"],"picked":"hubris:Sniper+1","floor":31},{"not_picked":["Reflex","Quick Slash"],"picked":"Acrobatics+1","floor":35},{"not_picked":["hubris:Counter","Dagger Spray+1"],"picked":"Backstab","floor":35},{"not_picked":["PiercingWail+1","hubris:SlightOfHand"],"picked":"Bouncing Flask+1","floor":36},{"not_picked":["PiercingWail","Escape Plan+1"],"picked":"Prepared+1","floor":36},{"not_picked":["Leg Sweep+1","hubris:SlightOfHand"],"picked":"Heel Hook+1","floor":38},{"not_picked":["Calculated Gamble","Outmaneuver"],"picked":"Masterful Stab+1","floor":38},{"not_picked":["Underhanded Strike+1","Infinite Blades+1"],"picked":"Noxious Fumes+1","floor":41},{"not_picked":["Deadly Poison","Acrobatics"],"picked":"Dagger Spray+1","floor":41},{"not_picked":["Eviscerate+1","Poisoned Stab","Riddle With Holes+1"],"picked":"SKIP","floor":42},{"not_picked":["Wraith Form v2+1","Choke+1","Flying Knee"],"picked":"SKIP","floor":42},{"not_picked":["Poisoned Stab+1","PiercingWail"],"picked":"Deflect+1","floor":48},{"not_picked":["Prepared","Flying Knee"],"picked":"Sucker Punch+1","floor":48}],"player_experience":25104,"relics_obtained":[{"floor":6,"key":"Bag of Preparation"},{"floor":8,"key":"Frozen Egg 2"},{"floor":9,"key":"Darkstone Periapt"},{"floor":23,"key":"Omamori"},{"floor":26,"key":"Orichalcum"},{"floor":43,"key":"Potion Belt"},{"floor":45,"key":"infinitespire:Midas Blood"}],"event_choices":[{"damage_healed":17,"gold_gain":0,"player_choice":"Healed and dodged fight","damage_taken":0,"max_hp_gain":0,"max_hp_loss":0,"event_name":"Mushrooms","floor":12,"gold_loss":0,"cards_obtained":["Parasite"]},{"damage_healed":0,"gold_gain":0,"player_choice":"Bought 1 Potion","damage_taken":0,"max_hp_gain":0,"max_hp_loss":0,"event_name":"The Woman in Blue","floor":37,"gold_loss":0},{"damage_healed":0,"gold_gain":0,"player_choice":"Ignored","damage_taken":0,"max_hp_gain":0,"max_hp_loss":0,"event_name":"Mysterious Sphere","floor":47,"gold_loss":0}],"is_beta":false,"boss_relics":[{"not_picked":["Black Star","Sozu"],"picked":"Cursed Key"},{"not_picked":["hubris:Backtick","hubris:RunicObelisk"],"picked":"Ring of the Serpent"}],"items_purged_floors":[13,20,22,39,44],"is_endless":false,"potions_floor_spawned":[1,3,5,10,11,21,23,24,29,33,36,38,41,42],"ascension_level":0}}