{"host":"i0avyit1s6jb1siw","time":1612550270,"event":{"mods":["BaseMod","DeckTracker","Dota2Spire","Highlight Path","Minty Spire (QoL Compilation)","Quick Restart","StSLib","SuperFastMode"],"gold_per_floor":[99,99,99,99,99,99,59,22,22,22,22,22,22,22,22,22,22,22,22,0,0,0,0,0,0,0,0,0,0,0,0,0,0,0,0,0,0,0,0,0,0,0,0,0,0,0,0,0,0,0,0,0,0,0,0],"floor_reached":54,"language":"ENG","playtime":1273,"items_purged":[],"score":1098,"play_id":"953a40c9-9229-459b-a041-a74345a691f7","local_time":"20210205193750","is_ascension_mode":true,"campfire_choices":[{"data":"Skewer","floor":6.0,"key":"SMITH"},{"data":"Noxious Fumes","floor":13,"key":"SMITH"},{"data":"Deadly Poison","floor":16,"key":"SMITH"},{"data":"Wraith Form v2","floor":24,"key":"SMITH"},{"floor":26,"key":"REST"},{"floor":34,"key":"REST"},{"floor":42,"key":"REST"},{"floor":48,"key":"RECALL"},{"floor":52,"key":"REST"},{"floor":53,"key":"REST"}],"circlet_count":0,"master_deck":["AscendersBane","Strike_G","Strike_G","Strike_G","Strike_G","Defend_G","Defend_G","Defend_G","Defend_G","Defend_G","Survivor","Neutralize","Skewer+1","Deadly Poison+1","Tactician","PiercingWail","Noxious Fumes+1","Leg Sweep","Dash","Terror","Wraith Form v2+1","Eviscerate","Predator","Backflip","Backflip","PiercingWail+1","Crippling Poison+1","A Thousand Cuts","Backflip+1","Footwork"],"relics":["Ectoplasm","The Specimen","Oddly Smooth Stone","Dota2Spire:Desolator","Snecko Eye","Dota2Spire:DrumOfEndurance","Ice Cream","SlaversCollar","Dota2Spire:LotusOrb","MealTicket","Bottled Tornado"],"acts_visited":["Exordium","TheCity","TheBeyond"],"potions_floor_usage":[12,17,35,43,47],"damage_taken":[{"damage":4.0,"enemies":"Small Slimes","floor":1.0,"turns":4.0},{"damage":0.0,"enemies":"Cultist","floor":2.0,"turns":3.0},{"damage":13.0,"enemies":"Jaw Worm","floor":4.0,"turns":5.0},{"damage":8.0,"enemies":"Blue Slaver","floor":5.0,"turns":4.0},{"damage":0.0,"enemies":"Looter","floor":7.0,"turns":3.0},{"damage":0.0,"enemies":"2 Fungi Beasts","floor":11.0,"turns":3.0},{"damage":0,"enemies":"Gremlin Nob","floor":12,"turns":2},{"damage":0,"enemies":"Lots of Slimes","floor":14,"turns":5},{"damage":9,"enemies":"3 Louse","floor":15,"turns":4},{"damage":18,"enemies":"Hexaghost","floor":17,"turns":10},{"damage":1,"enemies":"3 Byrds","floor":19,"turns":4},{"damage":6,"enemies":"2 Thieves","floor":20,"turns":5},{"damage":0,"enemies":"Snecko","floor":21,"turns":5},{"damage":15,"enemies":"Slavers","floor":29,"turns":6},{"damage":0,"enemies":"Centurion and Healer","floor":30,"turns":4},{"damage":3,"enemies":"Chosen and Byrds","floor":32,"turns":7},{"damage":1,"enemies":"Collector","floor":35,"turns":9},{"damage":12,"enemies":"3 Darklings","floor":37,"turns":6},{"damage":10,"enemies":"3 Shapes","floor":38,"turns":4},{"damage":0,"enemies":"Jaw Worm Horde","floor":39,"turns":4},{"damage":27,"enemies":"3 Darklings","floor":40,"turns":6},{"damage":7,"enemies":"Sphere and 2 Shapes","floor":41,"turns":5},{"damage":3,"enemies":"Reptomancer","floor":43,"turns":6},{"damage":1,"enemies":"Jaw Worm Horde","floor":44,"turns":4},{"damage":5,"enemies":"4 Shapes","floor":47,"turns":3},{"damage":0,"enemies":"Writhing Mass","floor":50,"turns":7},{"damage":18,"enemies":"3 Darklings","floor":51,"turns":4},{"damage":48,"enemies":"Awakened One","floor":54,"turns":9}],"seed_played":"-2205516914828707409","potions_obtained":[{"floor":2.0,"key":"FearPotion"},{"floor":4.0,"key":"LiquidMemories"},{"floor":12,"key":"Block Potion"},{"floor":15,"key":"DuplicationPotion"},{"floor":17,"key":"Dexterity Potion"},{"floor":19,"key":"LiquidMemories"},{"floor":39,"key":"DistilledChaos"},{"floor":43,"key":"LiquidMemories"},{"floor":47,"key":"AttackPotion"}],"is_trial":false,"path_per_floor":["M","M","?","M","M","R","M","$","T","T","M","E","R","M","M","R","B",null,"M","M","M","?","?","R","?","R","T","T","E","M","$","M","$","R","B",null,"M","M","M","M","M","R","E","M","T","T","M","R","?","M","M","R","R","B"],"character_chosen":"THE_SILENT","items_purchased":["Dash"],"campfire_rested":5,"item_purchase_floors":[8],"current_hp_per_floor":[55,55,55,42,34,34,34,34,34,34,34,34,34,34,25,25,7,51,50,44,44,44,44,44,26,47,47,47,32,32,32,29,29,50,49,66,54,44,44,17,10,31,28,27,27,27,22,22,22,22,4,25,46,0,0],"gold":0,"neow_bonus":"BOSS_RELIC","is_daily":false,"chose_seed":false,"campfire_upgraded":4,"win_rate":0.0,"timestamp":1612550270,"path_taken":["M","M","?","M","M","R","M","$","T","T","?","E","R","?","M","R","BOSS","M","M","M","?","?","R","?","R","T","T","E","M","?","M","?","R","BOSS","M","M","M","M","M","R","E","M","T","T","M","R","?","M","M","R","R","BOSS"],"items_purchased_type":["Card"],"build_version":"2020-12-22","purchased_purges":0,"victory":false,"max_hp_per_floor":[66,66,66,66,66,66,66,66,66,66,66,66,66,66,66,66,66,66,66,66,66,66,66,66,71,71,71,71,71,71,71,71,71,71,71,71,71,71,71,71,71,71,71,71,71,71,71,71,71,71,71,71,71,71,71],"card_choices":[{"not_picked":["Acrobatics","Expertise"],"picked":"Skewer","floor":1.0},{"not_picked":["Cloak And Dagger","Dodge and Roll"],"picked":"Deadly Poison","floor":2.0},{"not_picked":["Flechettes","Dagger Spray"],"picked":"PiercingWail","floor":4.0},{"not_picked":["Dash","Accuracy"],"picked":"Noxious Fumes","floor":5.0},{"not_picked":["Eviscerate","Dodge and Roll"],"picked":"Leg Sweep","floor":7.0},{"not_picked":["Choke","Riddle With Holes","Slice"],"picked":"SKIP","floor":11.0},{"not_picked":["Backflip","Bane"],"picked":"Terror","floor":12},{"not_picked":["Dodge and Roll","Prepared","Poisoned Stab"],"picked":"SKIP","floor":14},{"not_picked":["Poisoned Stab","Masterful Stab","Skewer"],"picked":"SKIP","floor":15},{"not_picked":["Unload","Bullet Time"],"picked":"Wraith Form v2","floor":17},{"not_picked":["Outmaneuver","Accuracy"],"picked":"Eviscerate","floor":19},{"not_picked":["Slice","Endless Agony","Underhanded Strike"],"picked":"SKIP","floor":20},{"not_picked":["Tactician","Prepared+1"],"picked":"Predator","floor":21},{"not_picked":["Envenom","Flechettes","Dagger Throw"],"picked":"SKIP","floor":29},{"not_picked":["Slice","Eviscerate"],"picked":"Backflip","floor":30},{"not_picked":["Heel Hook+1","Finisher"],"picked":"Backflip","floor":32},{"not_picked":["Deadly Poison","Dagger Throw","Blade Dance+1"],"picked":"SKIP","floor":37},{"not_picked":["Cloak And Dagger","Slice+1"],"picked":"PiercingWail+1","floor":38},{"not_picked":["Noxious Fumes","Cloak And Dagger","Infinite Blades"],"picked":"SKIP","floor":39},{"not_picked":["Well Laid Plans","Dagger Throw","Slice"],"picked":"SKIP","floor":40},{"not_picked":["Deadly Poison","Acrobatics+1"],"picked":"Crippling Poison+1","floor":41},{"not_picked":["Outmaneuver","Flechettes"],"picked":"A Thousand Cuts","floor":43},{"not_picked":["Acrobatics","Finisher"],"picked":"Backflip+1","floor":44},{"not_picked":["Deadly Poison","Slice","Poisoned Stab"],"picked":"SKIP","floor":47},{"not_picked":["Calculated Gamble","Tactician"],"picked":"Footwork","floor":50},{"not_picked":["Quick Slash+1","Prepared","Dagger Throw"],"picked":"SKIP","floor":51}],"player_experience":2413729,"relics_obtained":[{"floor":9.0,"key":"The Specimen"},{"floor":10.0,"key":"Oddly Smooth Stone"},{"floor":12,"key":"Dota2Spire:Desolator"},{"floor":27,"key":"Dota2Spire:DrumOfEndurance"},{"floor":29,"key":"Ice Cream"},{"floor":43,"key":"Dota2Spire:LotusOrb"},{"floor":45,"key":"MealTicket"},{"floor":46,"key":"Bottled Tornado"}],"event_choices":[{"damage_healed":0.0,"max_hp_gain":0.0,"max_hp_loss":0.0,"gold_gain":0.0,"cards_transformed":["Strike_G"],"event_name":"Transmorgrifier","player_choice":"Transformed","floor":3.0,"gold_loss":0.0,"damage_taken":0.0,"cards_obtained":["Tactician"]},{"damage_healed":0,"gold_gain":0,"player_choice":"Ignored","damage_taken":0,"max_hp_gain":0,"max_hp_loss":0,"event_name":"The Mausoleum","floor":23,"gold_loss":0},{"damage_healed":0,"gold_gain":0,"player_choice":"Shed Blood","damage_taken":23,"max_hp_gain":5,"max_hp_loss":0,"event_name":"Forgotten Altar","floor":25,"gold_loss":0},{"damage_healed":0,"gold_gain":50,"player_choice":"Pray","damage_taken":0,"max_hp_gain":0,"max_hp_loss":0,"event_name":"Golden Shrine","floor":49,"gold_loss":0}],"is_beta":false,"boss_relics":[{"not_picked":["Velvet Choker","Pandora\u0027s Box"],"picked":"Snecko Eye"},{"not_picked":["Tiny House","Runic Dome"],"picked":"SlaversCollar"}],"items_purged_floors":[],"is_endless":false,"potions_floor_spawned":[2,4,12,15,17,19,21,39,43,47,50],"killed_by":"Awakened One","ascension_level":20}}