{"host":"zsnmfqgcm92hlreo","time":1612513087,"event":{"mods":["AchievementEnabler","BaseMod","Bestiary","Block Reminder","Colored Map","Colored Powertips","Minty Spire (QoL Compilation)","Permanent Neow","Quick Restart","Relic Stats","StSLib","Weighted Paths"],"gold_per_floor":[118,131,42,42,58,84,106,147,219,180,180,180,189,231,231,314,323,351,276,276,276,285,285,314,344,344,344,344],"floor_reached":27,"language":"ENG","playtime":794,"items_purged":[],"score":494,"play_id":"729776d9-a7f8-4c0d-af40-3cd3dc203254","local_time":"20210205021807","is_ascension_mode":true,"campfire_choices":[{"data":"Bash","floor":12.0,"key":"SMITH"},{"floor":15.0,"key":"REST"},{"data":"Spot Weakness","floor":23.0,"key":"SMITH"}],"circlet_count":0,"master_deck":["AscendersBane","Strike_R+1","Strike_R+1","Strike_R+1","Strike_R+1","Strike_R+1","Defend_R+1","Defend_R+1","Defend_R+1","Defend_R+1","Bash+1","Flame Barrier","Twin Strike","Offering","Clash","Heavy Blade","Battle Trance","Perfected Strike","Reaper","CurseOfTheBell","Heavy Blade","Spot Weakness+1","Heavy Blade","Twin Strike"],"relics":["Runic Dome","CeramicFish","Mango","The Courier","WarpedTongs","Whetstone","Calling Bell","Happy Flower","Pantograph","Prayer Wheel","Art of War","Gremlin Horn"],"acts_visited":["Exordium","TheCity"],"potions_floor_usage":[25],"damage_taken":[{"damage":10.0,"enemies":"Small Slimes","floor":1.0,"turns":3.0},{"damage":2.0,"enemies":"Jaw Worm","floor":2.0,"turns":3.0},{"damage":2.0,"enemies":"2 Louse","floor":5.0,"turns":2.0},{"damage":19.0,"enemies":"Lagavulin","floor":6.0,"turns":6.0},{"damage":17.0,"enemies":"2 Fungi Beasts","floor":7.0,"turns":3.0},{"damage":14.0,"enemies":"Gremlin Nob","floor":8.0,"turns":3.0},{"damage":25.0,"enemies":"3 Sentries","floor":14.0,"turns":8.0},{"damage":43.0,"enemies":"The Guardian","floor":16.0,"turns":8.0},{"damage":29.0,"enemies":"2 Thieves","floor":18.0,"turns":4.0},{"damage":54,"enemies":"Gremlin Leader","floor":24,"turns":6},{"damage":3,"enemies":"3 Byrds","floor":25,"turns":3},{"damage":13,"enemies":"Slavers","floor":27,"turns":1}],"seed_played":"5111272904388930164","potions_obtained":[{"floor":1.0,"key":"AttackPotion"},{"floor":7.0,"key":"Block Potion"},{"floor":18.0,"key":"LiquidBronze"}],"is_trial":false,"path_per_floor":["M","M","$","?","M","E","M","E","T","?","?","R","?","E","R","B",null,"M","?","?","?","?","R","E","M","T","E"],"character_chosen":"IRONCLAD","items_purchased":["Offering"],"campfire_rested":1,"item_purchase_floors":[3],"current_hp_per_floor":[58,56,56,56,54,35,18,18,18,18,47,47,47,22,48,5,68,49,49,49,49,49,49,7,4,4,0,0],"gold":344,"neow_bonus":"BOSS_RELIC","is_daily":false,"chose_seed":false,"campfire_upgraded":2,"win_rate":0.0,"timestamp":1612513087,"path_taken":["M","M","$","?","M","E","M","E","T","?","?","R","?","E","R","BOSS","M","?","?","?","?","R","E","M","T","E"],"items_purchased_type":["Card"],"build_version":"2020-12-22","purchased_purges":0,"victory":false,"max_hp_per_floor":[75,75,75,75,75,75,75,89,89,89,89,89,89,89,89,89,89,89,89,89,89,89,89,89,89,89,89,89],"relic_stats":{"Happy Flower":[4],"Gremlin Horn":[0,0],"counters":[12,50],"CeramicFish":90,"Pantograph":0,"Prayer Wheel":2,"Art of War":[0],"Whetstone":["Strike_R","Strike_R"],"obtain_stats":[{"Happy Flower":17,"Gremlin Horn":26,"CeramicFish":6,"Mango":8,"The Courier":9,"Whetstone":14,"Burning Blood":0,"WarpedTongs":13,"Calling Bell":17,"Runic Dome":0,"Pantograph":17,"Prayer Wheel":17,"Art of War":24},{"Happy Flower":8,"Gremlin Horn":11,"CeramicFish":4,"Mango":6,"The Courier":6,"Whetstone":7,"Burning Blood":0,"WarpedTongs":6,"Calling Bell":8,"Runic Dome":0,"Pantograph":8,"Prayer Wheel":8,"Art of War":10},{"Happy Flower":36,"Gremlin Horn":49,"CeramicFish":14,"Mango":20,"The Courier":20,"Whetstone":28,"Burning Blood":0,"WarpedTongs":20,"Calling Bell":36,"Runic Dome":0,"Pantograph":36,"Prayer Wheel":36,"Art of War":46}],"WarpedTongs":[28]},"card_choices":[{"not_picked":["Searing Blow","Havoc"],"picked":"Flame Barrier","floor":1.0},{"not_picked":["Combust","Flame Barrier"],"picked":"Twin Strike","floor":2.0},{"not_picked":["True Grit","Searing Blow"],"picked":"Clash","floor":5.0},{"not_picked":["Twin Strike","Dark Embrace","Sentinel"],"picked":"SKIP","floor":6.0},{"not_picked":["Searing Blow","Armaments"],"picked":"Heavy Blade","floor":7.0},{"not_picked":["Corruption","Headbutt"],"picked":"Battle Trance","floor":8.0},{"not_picked":["Reckless Charge","Dual Wield"],"picked":"Perfected Strike","floor":14.0},{"not_picked":["Fiend Fire","Double Tap"],"picked":"Reaper","floor":16.0},{"not_picked":["Headbutt+1","Intimidate"],"picked":"Heavy Blade","floor":18.0},{"not_picked":["Feel No Pain","Warcry","Armaments"],"picked":"SKIP","floor":18.0},{"not_picked":["Sentinel","Rampage","Twin Strike"],"picked":"SKIP","floor":24},{"not_picked":["Clash","Battle Trance"],"picked":"Heavy Blade","floor":25},{"not_picked":["Thunderclap","Anger"],"picked":"Twin Strike","floor":25}],"player_experience":1023736,"relics_obtained":[{"floor":6.0,"key":"CeramicFish"},{"floor":8.0,"key":"Mango"},{"floor":9.0,"key":"The Courier"},{"floor":14.0,"key":"Whetstone"},{"floor":17.0,"key":"Happy Flower"},{"floor":17.0,"key":"Pantograph"},{"floor":17.0,"key":"Prayer Wheel"},{"floor":24,"key":"Art of War"},{"floor":26,"key":"Gremlin Horn"}],"event_choices":[{"damage_healed":0.0,"max_hp_gain":0.0,"max_hp_loss":0.0,"gold_gain":0.0,"event_name":"Scrap Ooze","player_choice":"Fled","floor":4.0,"gold_loss":0.0,"damage_taken":0.0},{"damage_healed":0.0,"max_hp_gain":0.0,"max_hp_loss":0.0,"gold_gain":0.0,"event_name":"World of Goop","player_choice":"Left Gold","floor":10.0,"gold_loss":39.0,"damage_taken":0.0},{"damage_healed":29.0,"max_hp_gain":0.0,"max_hp_loss":0.0,"gold_gain":0.0,"event_name":"Big Fish","player_choice":"Banana","floor":11.0,"gold_loss":0.0,"damage_taken":0.0},{"damage_healed":0.0,"max_hp_gain":0.0,"max_hp_loss":0.0,"gold_gain":0.0,"event_name":"Accursed Blacksmith","player_choice":"Rummage","floor":13.0,"gold_loss":0.0,"damage_taken":0.0,"relics_obtained":["WarpedTongs"],"cards_obtained":["Pain"]},{"cards_removed":["Pain"],"damage_healed":0.0,"max_hp_gain":0.0,"max_hp_loss":0.0,"gold_gain":0.0,"event_name":"Beggar","player_choice":"Gave Gold","floor":19.0,"gold_loss":75.0,"damage_taken":0.0},{"damage_healed":0.0,"max_hp_gain":0.0,"max_hp_loss":0.0,"gold_gain":0.0,"event_name":"Vampires","player_choice":"Ignored","floor":20.0,"gold_loss":0.0,"damage_taken":0.0},{"damage_healed":0.0,"max_hp_gain":0.0,"max_hp_loss":0.0,"gold_gain":0.0,"event_name":"Back to Basics","player_choice":"Simplicity","floor":21.0,"gold_loss":0.0,"damage_taken":0.0,"cards_upgraded":["Strike_R","Strike_R","Strike_R","Defend_R","Defend_R","Defend_R","Defend_R"]},{"damage_healed":0.0,"max_hp_gain":0.0,"max_hp_loss":0.0,"gold_gain":0.0,"event_name":"The Library","player_choice":"Read","floor":22.0,"gold_loss":0.0,"damage_taken":0.0,"cards_obtained":["Spot Weakness"]}],"is_beta":false,"boss_relics":[{"not_picked":["Pandora\u0027s Box","Velvet Choker"],"picked":"Calling Bell"}],"items_purged_floors":[],"is_endless":false,"potions_floor_spawned":[1,7,18],"killed_by":"Slavers","ascension_level":20}}