{"host":"j4g6ia6asvpyu2b0","time":1612489881,"event":{"mods":["BaseMod","Colored Map","Downfall","Minty Spire (QoL Compilation)","Permanent Neow","Quick Restart","Relic Stats","StSLib","Unceasing Turn Reminder"],"gold_per_floor":[99,140,183,220,220,264,264,305,305,359,425,460,360,413,457,582,582,582,618,603,603,763,863,888,1013,1013,1070,1085,985,1002,1018,1028,1133,1133,1133,1174,1190,2189,1631,1669,1742,1762,1817,1717,1277,876,911,911,946,946,946,975,206,206,206,206,206,206],"floor_reached":56,"language":"ENG","playtime":4123,"items_purged":["Normality","Normality"],"score":916,"play_id":"423ce69d-4831-4b0e-938d-4a4462696c2b","local_time":"20210204185121","is_ascension_mode":false,"campfire_choices":[{"data":"HandOfGreed","floor":1,"key":"SMITH"},{"data":"Slimebound:Split","floor":9,"key":"SMITH"},{"data":"Slimebound:GoopSpray","floor":13,"key":"SMITH"},{"data":"Slimebound:LeadByExample","floor":18,"key":"SMITH"},{"floor":26,"key":"RECALL"},{"data":"Slimebound:LevelUp","floor":29,"key":"SMITH"},{"data":"Slimebound:MassFeed","floor":35,"key":"SMITH"},{"data":"Slimebound:MinionMaster","floor":44,"key":"SMITH"},{"floor":54,"key":"REST"}],"circlet_count":0,"master_deck":["Slimebound:Split+1","Slimebound:CorrosiveSpit","HandOfGreed+1","Slimebound:Repurpose","Slimebound:SplitAcid","Slimebound:Replication","Slimebound:SplitAcid","Slimebound:DouseInSlime","Slimebound:SlimeTap","Slimebound:PressTheAttack","Slimebound:GoopSpray+1","Slimebound:Prepare","Slimebound:MinionMaster+1","Slimebound:OneTwoCombo","Slimebound:LeadByExample+1","Slimebound:Repurpose","Slimebound:Prepare","Slimebound:Nibble","Slimebound:LeechEnergy","Slimebound:BestDefense","Slimebound:LevelUp+1","Slimebound:SlimeTap","Slimebound:Grow","Slimebound:Equalize","J.A.X.","Slimebound:SlimeBrawl","Slimebound:LeadByExample","Slimebound:OozeBath","Slimebound:Prepare","Slimebound:LevelUp","Slimebound:OozeBath","Slimebound:MassFeed+1","Slimebound:SpikyOuterGoop+1","Slimebound:Prepare+1","Slimebound:LevelUp","Slimebound:LeechEnergy+1","Slimebound:SpikyOuterGoop","expansioncontent:StudyTheSpire+1","Slimebound:AcidTongue","Slimebound:ProtectTheBoss+1","expansioncontent:Chronoboost","expansioncontent:AwakenDeath","expansioncontent:YouAreMine","Slimebound:PrepareCrush","Slimebound:SpikyOuterGoop","Slimebound:LevelUp","Panacea"],"relics":["Slimebound:AbsorbEndCombat","Mummified Hand","InkBottle","downfall:HeartBlessingGreen","Pen Nib","Pandora\u0027s Box","MutagenicStrength","Anchor","White Beast Statue","Lantern","downfall:HeartBlessingRed","bronze:MakeshiftBattery","Gambling Chip","Toolbox","Art of War","downfall:HeartBlessingBlue","Omamori","Happy Flower","Bronze Scales","Toy Ornithopter","TungstenRod","FossilizedHelix","Eternal Feather"],"acts_visited":["Exordium","TheCity","TheBeyond","TheEnding"],"potions_floor_usage":[10,14,15,27,33,42,43,50,50,55,56],"damage_taken":[{"damage":1,"enemies":"Cultist","floor":2,"turns":3},{"damage":0,"enemies":"2 Louse","floor":3,"turns":3},{"damage":5,"enemies":"Small Slimes","floor":4,"turns":3},{"damage":13,"enemies":"Red Slaver","floor":6,"turns":2},{"damage":16,"enemies":"Large Slime","floor":8,"turns":4},{"damage":12,"enemies":"3 Sentries","floor":10,"turns":6},{"damage":1,"enemies":"3 Louse","floor":11,"turns":5},{"damage":0,"enemies":"Large Slime","floor":12,"turns":3},{"damage":0,"enemies":"Gremlin Nob","floor":14,"turns":2},{"damage":20,"enemies":"Exordium Wildlife","floor":15,"turns":4},{"damage":11,"enemies":"WA_ARCHETYPE_RETAIN","floor":16,"turns":7},{"damage":0,"enemies":"Shell Parasite","floor":19,"turns":3},{"damage":0,"enemies":"downfall:FleeingMerchant","floor":20,"turns":4},{"damage":0,"enemies":"downfall:FleeingMerchant","floor":22,"turns":4},{"damage":24,"enemies":"downfall:Augmenter","floor":23,"turns":5},{"damage":12,"enemies":"downfall:LadyInBlue","floor":25,"turns":7},{"damage":9,"enemies":"Slavers","floor":27,"turns":3},{"damage":0,"enemies":"3 Byrds","floor":28,"turns":2},{"damage":3,"enemies":"Centurion and Healer","floor":30,"turns":4},{"damage":27,"enemies":"Chosen and Byrds","floor":31,"turns":5},{"damage":0,"enemies":"Snake Plant","floor":32,"turns":4},{"damage":34,"enemies":"DF_ARCHETYPE_CLAW","floor":33,"turns":5},{"damage":0,"enemies":"Orb Walker","floor":36,"turns":3},{"damage":6,"enemies":"3 Darklings","floor":37,"turns":4},{"damage":1,"enemies":"Maw","floor":40,"turns":5},{"damage":0,"enemies":"Writhing Mass","floor":42,"turns":3},{"damage":15,"enemies":"Giant Head","floor":43,"turns":6},{"damage":24,"enemies":"Nemesis","floor":47,"turns":4},{"damage":31,"enemies":"4 Shapes","floor":49,"turns":4},{"damage":12,"enemies":"SI_POISON_ARCHETYPE","floor":50,"turns":8},{"damage":63,"enemies":"downfall:CharBossMerchant","floor":52,"turns":7},{"damage":13,"enemies":"downfall:NeowBoss","floor":55,"turns":11},{"damage":120,"enemies":"downfall:NeowBossFinal","floor":56,"turns":8}],"seed_played":"-1605341245815332586","potions_obtained":[{"floor":4,"key":"DuplicationPotion"},{"floor":6,"key":"Block Potion"},{"floor":8,"key":"PowerPotion"},{"floor":11,"key":"Regen Potion"},{"floor":15,"key":"Fruit Juice"},{"floor":16,"key":"LiquidMemories"},{"floor":25,"key":"Slimebound:ThreeZeroPotion"},{"floor":27,"key":"sneckomod:MuddlingPotion"},{"floor":32,"key":"DuplicationPotion"},{"floor":33,"key":"EssenceOfSteel"},{"floor":36,"key":"Swift Potion"},{"floor":42,"key":"SteroidPotion"},{"floor":43,"key":"Slimebound:SlimedPotion"},{"floor":47,"key":"DuplicationPotion"},{"floor":49,"key":"PowerPotion"},{"floor":52,"key":"Guardian:BlockOnCardUsePotion"}],"is_trial":false,"path_per_floor":["R","M","M","M","?","M","T","M","R","E","M","M","R","E","M","B",null,"R","M","$","?","$","?","T","?","R","E","M","R","M","M","M","B",null,"R","M","M","?","$","M","T","M","E","R","?","$","E","?","M","B",null,"E","$","R","B","B"],"character_chosen":"SLIMEBOUND","items_purchased":["Slimebound:LevelUp","Slimebound:SlimeTap","Gambling Chip","Slimebound:LevelUp","Toolbox","Slimebound:SpikyOuterGoop","Omamori","Happy Flower","expansioncontent:StudyTheSpire+1","Bronze Scales","Slimebound:AcidTongue","FossilizedHelix","Eternal Feather","Slimebound:LevelUp","Dexterity Potion","Panacea"],"campfire_rested":1,"item_purchase_floors":[22,22,39,39,39,45,45,45,46,46,46,53,53,53,53,53],"current_hp_per_floor":[59,59,59,56,56,43,43,27,27,15,16,20,20,22,15,12,64,64,64,64,64,64,44,44,48,48,51,55,55,64,39,53,31,64,64,64,68,68,68,68,68,72,67,77,77,77,61,51,32,57,82,24,24,75,77,0,0,0],"gold":206,"neow_bonus":"RANDOM_COLORLESS_2","is_daily":false,"chose_seed":false,"campfire_upgraded":7,"win_rate":0.0,"timestamp":1612489881,"path_taken":["R","?","M","M","?","M","T","M","R","E","M","M","R","E","M","BOSS","R","M","$","?","$","?","T","?","R","E","?","R","M","M","M","BOSS","R","M","M","?","$","M","T","M","E","R","?","$","E","?","M","BOSS","E","$","R","BOSS","BOSS"],"items_purchased_type":["Card","Card","Relic","Card","Relic","Card","Relic","Relic","Card","Relic","Card","Relic","Relic","Card","Potion","Card"],"build_version":"2020-12-22","purchased_purges":2,"victory":false,"max_hp_per_floor":[59,59,59,59,59,59,59,59,59,59,59,59,59,59,64,64,64,64,64,64,64,64,64,64,64,64,64,64,64,64,64,64,64,64,64,64,68,68,68,68,68,72,72,82,82,82,82,82,82,82,82,82,82,82,82,82,82,82],"relic_stats":{"Happy Flower":[14],"counters":[33,151],"Eternal Feather":27,"Pen Nib":[21],"Mummified Hand":[280],"Gambling Chip":[15],"Bronze Scales":[61],"Pandora\u0027s Box":["Slimebound:DisruptingSlam","Slimebound:OneTwoCombo","Slimebound:LeadByExample","Slimebound:Repurpose","Slimebound:Prepare","Slimebound:Nibble"],"Art of War":[3],"obtain_stats":[{"Lantern":27,"downfall:HeartBlessingRed":29,"Happy Flower":45,"downfall:HeartBlessingGreen":13,"Eternal Feather":53,"Pen Nib":14,"Omamori":45,"White Beast Statue":25,"Anchor":24,"Mummified Hand":7,"downfall:HeartBlessingBlue":44,"MutagenicStrength":23,"Gambling Chip":39,"Bronze Scales":46,"Toolbox":39,"Pandora\u0027s Box":17,"Slimebound:AbsorbEndCombat":0,"Art of War":43,"InkBottle":10,"bronze:MakeshiftBattery":34,"Toy Ornithopter":47,"TungstenRod":52,"FossilizedHelix":53},{"Lantern":17,"downfall:HeartBlessingRed":18,"Happy Flower":27,"downfall:HeartBlessingGreen":8,"Eternal Feather":31,"Pen Nib":9,"Omamori":27,"White Beast Statue":16,"Anchor":15,"Mummified Hand":4,"downfall:HeartBlessingBlue":27,"MutagenicStrength":15,"Gambling Chip":24,"Bronze Scales":27,"Toolbox":24,"Pandora\u0027s Box":11,"Slimebound:AbsorbEndCombat":0,"Art of War":27,"InkBottle":6,"bronze:MakeshiftBattery":22,"Toy Ornithopter":28,"TungstenRod":31,"FossilizedHelix":31},{"Lantern":68,"downfall:HeartBlessingRed":70,"Happy Flower":109,"downfall:HeartBlessingGreen":29,"Eternal Feather":132,"Pen Nib":31,"Omamori":109,"White Beast Statue":65,"Anchor":58,"Mummified Hand":11,"downfall:HeartBlessingBlue":109,"MutagenicStrength":58,"Gambling Chip":95,"Bronze Scales":109,"Toolbox":95,"Pandora\u0027s Box":42,"Slimebound:AbsorbEndCombat":0,"Art of War":109,"InkBottle":21,"bronze:MakeshiftBattery":88,"Toy Ornithopter":113,"TungstenRod":132,"FossilizedHelix":132}],"InkBottle":[80],"Toy Ornithopter":20,"TungstenRod":15},"card_choices":[{"not_picked":["Metamorphosis","Thinking Ahead"],"picked":"HandOfGreed","floor":0},{"not_picked":["Slimebound:FinishingTackle","Slimebound:ComboTackle"],"picked":"Slimebound:Repurpose","floor":2},{"not_picked":["Slimebound:GoopTackle","Slimebound:SlimeSpikes"],"picked":"Slimebound:SplitAcid","floor":3},{"not_picked":["Slimebound:FlameTackle","Slimebound:SplitBruiser"],"picked":"Slimebound:Replication","floor":4},{"not_picked":["Slimebound:LeechingTouch","Slimebound:AcidTongue"],"picked":"Slimebound:SplitAcid","floor":6},{"not_picked":["Slimebound:LeechingTouch","Slimebound:SamplingLick"],"picked":"Slimebound:DouseInSlime","floor":8},{"not_picked":["Slimebound:Nibble","Slimebound:PressTheAttack"],"picked":"Slimebound:SlimeTap","floor":10},{"not_picked":["Slimebound:SlimeSpikes","Slimebound:Grow"],"picked":"Slimebound:PressTheAttack","floor":11},{"not_picked":["Slimebound:SlimeSpikes","Slimebound:ComboTackle"],"picked":"Slimebound:GoopSpray","floor":12},{"not_picked":["Slimebound:ViciousTackle","Slimebound:SplitBruiser"],"picked":"Slimebound:ItLooksTasty","floor":14},{"not_picked":["Slimebound:GoopTackle","Slimebound:HauntingLick"],"picked":"Slimebound:Prepare","floor":15},{"not_picked":["Slimebound:DouseInSlime","Slimebound:MassRepurpose"],"picked":"Slimebound:MinionMaster","floor":16},{"not_picked":["Slimebound:LivingWall","Slimebound:ItLooksTasty"],"picked":"Slimebound:LeechEnergy","floor":19},{"not_picked":["Slimebound:SamplingLick","Slimebound:ItLooksTasty"],"picked":"Slimebound:BestDefense","floor":20},{"not_picked":["Slimebound:FlameTackle","Slimebound:FinishingTackle","Slimebound:SplitBruiser"],"picked":"SKIP","floor":22},{"not_picked":[],"picked":"J.A.X.","floor":23},{"not_picked":["Slimebound:TongueLash+1","Slimebound:DisruptingSlam"],"picked":"Slimebound:SlimeBrawl","floor":23},{"not_picked":["Slimebound:Schlurp+1","Slimebound:DisruptingSlam"],"picked":"Slimebound:LeadByExample","floor":25},{"not_picked":["Slimebound:DisruptingSlam","Slimebound:SplitAcid","Slimebound:GoopTackle"],"picked":"SKIP","floor":27},{"not_picked":["Slimebound:TongueLash","Slimebound:SamplingLick"],"picked":"Slimebound:OozeBath","floor":28},{"not_picked":["Slimebound:GoopSpray","Slimebound:RollThrough"],"picked":"Slimebound:Prepare","floor":30},{"not_picked":["Slimebound:TongueLash","Slimebound:GrowthPunch+1"],"picked":"Slimebound:LevelUp","floor":31},{"not_picked":["Slimebound:Equalize+1","Slimebound:Prepare+1"],"picked":"Slimebound:OozeBath","floor":32},{"not_picked":["Slimebound:MassRepurpose","Slimebound:LeechLife"],"picked":"Slimebound:MassFeed","floor":33},{"not_picked":["Slimebound:SplitBruiser+1","Slimebound:SplitAcid+1"],"picked":"Slimebound:SpikyOuterGoop+1","floor":36},{"not_picked":["Slimebound:SplitMire+1","Slimebound:HauntingLick"],"picked":"Slimebound:Prepare+1","floor":37},{"not_picked":["Slimebound:LeechEnergy","Slimebound:GoopTackle+1","Slimebound:SamplingLick+1"],"picked":"SKIP","floor":40},{"not_picked":["Slimebound:SamplingLick+1","Slimebound:SplitAcid","Slimebound:FinishingTackle"],"picked":"SKIP","floor":42},{"not_picked":["Slimebound:SlimeBrawl","Slimebound:FormOfPuddle"],"picked":"Slimebound:LeechEnergy+1","floor":43},{"not_picked":["Slimebound:GrowthPunch","Slimebound:RollThrough+1"],"picked":"Slimebound:ProtectTheBoss+1","floor":47},{"not_picked":["expansioncontent:YouAreMine","expansioncontent:HyperBeam"],"picked":"expansioncontent:Chronoboost","floor":48},{"not_picked":["expansioncontent:Hexaburn","expansioncontent:InvincibleStrength"],"picked":"expansioncontent:AwakenDeath","floor":48},{"not_picked":["expansioncontent:HyperBeam","expansioncontent:Hexaburn"],"picked":"expansioncontent:YouAreMine","floor":48},{"not_picked":["Slimebound:FlameTackle+1","Slimebound:SplitAcid"],"picked":"Slimebound:PrepareCrush","floor":49},{"not_picked":["Slimebound:ItLooksTasty+1","Slimebound:SplitMire"],"picked":"Slimebound:SpikyOuterGoop","floor":52}],"player_experience":1150963,"relics_obtained":[{"floor":7,"key":"Mummified Hand"},{"floor":10,"key":"InkBottle"},{"floor":14,"key":"Pen Nib"},{"floor":23,"key":"MutagenicStrength"},{"floor":24,"key":"Anchor"},{"floor":25,"key":"White Beast Statue"},{"floor":27,"key":"Lantern"},{"floor":43,"key":"Art of War"},{"floor":47,"key":"Toy Ornithopter"},{"floor":52,"key":"TungstenRod"}],"event_choices":[{"cards_removed":["Slimebound:Strike_Slimebound"],"damage_healed":0,"gold_gain":0,"player_choice":"Offered Basic","damage_taken":0,"max_hp_gain":0,"max_hp_loss":0,"event_name":"Bonfire Elementals","floor":5,"gold_loss":0}],"is_beta":false,"boss_relics":[{"not_picked":["Runic Pyramid","Runic Dome"],"picked":"Pandora\u0027s Box"},{"not_picked":["Tiny House","Empty Cage"],"picked":"bronze:MakeshiftBattery"}],"items_purged_floors":[39,45],"is_endless":false,"potions_floor_spawned":[4,6,8,11,15,16,25,27,28,30,31,32,33,36,37,40,42,43,47,49,52],"killed_by":"downfall:NeowBossFinal","ascension_level":0}}