{"host":"312klq0911jlgvh2","time":1612487178,"event":{"mods":["100% Spire Juice","2.2 Compatiblity","AchievementEnabler","Act Like it!","Ascension Unlocker","Aspiration","Astrologer","BaseMod","Beaked The Cultist","Block Reminder","Chen","Clockwork Mod","Colored Powertips","Conspire","Custom Start","Downfall","Energized Spire","Evolution","Friendly Minions","Gensokyo","GifTheSpireLib","Gold Saver","GungeonMod","Halation","Hermit","HololiveMod","Hubris","Infinite Spire","Jedi Mod","Koishi","Marisa????????","Mimic Mod","Minty Spire (QoL Compilation)","Prisma Mod","Random Character Button","Reimu??????","Relic Sorter","Reliquary","Remilia??????","Replay The Spire","Retaliation","RumiaBox-????????","Spikes Relics","StS++","StSLib","Stuff the Spire","Synergy Search","The Animator","The Blue Laboratory","The Bug Knight","The Poker Player","TheVacant","Trackpad","Uncapped","UnlockEverythingMod","yUi"],"gold_per_floor":[193,206,206,224,224,240,240,274,308,327,359,235,235,251,251,251,251],"floor_reached":16,"language":"ENG","playtime":1096,"items_purged":["Strike_P"],"score":112,"play_id":"29f0841b-0220-48fc-8aff-20268a9c6cac","local_time":"20210204200618","is_ascension_mode":false,"campfire_choices":[{"data":"Prostrate","floor":7,"key":"SMITH"},{"floor":13,"key":"REST"},{"data":"Vigilance","floor":15,"key":"SMITH"}],"circlet_count":0,"master_deck":["Strike_P","Strike_P","Strike_P","Defend_P","Defend_P","Defend_P","Defend_P","Eruption","Vigilance+1","FlyingSleeves","Prostrate+1","StSpp:Renounce","CrushJoints","FlurryOfBlows","ClearTheMind","FlyingSleeves","SashWhip"],"relics":["PureWater","aspiration:DSix","EVO:Axolotl","reliquary:PorcupineQuills","Ancient Tea Set","hubris:Towel","halation:OrihimeAndHikoboshiSamaAndTears","Hololive_LightStick","SnailShell","GodSword1"],"acts_visited":["Exordium"],"potions_floor_usage":[],"damage_taken":[{"damage":0,"enemies":"2 Louse","floor":1,"turns":3},{"damage":8,"enemies":"Cultist","floor":2,"turns":4},{"damage":0,"enemies":"Small Slimes","floor":4,"turns":4},{"damage":2,"enemies":"Blue Slaver","floor":6,"turns":8},{"damage":37,"enemies":"Gremlin Nob","floor":8,"turns":6},{"damage":0,"enemies":"Large Slime","floor":9,"turns":8},{"damage":5,"enemies":"Large Slime","floor":10,"turns":6},{"damage":10,"enemies":"Replay:BlueRogue","floor":11,"turns":5},{"damage":0,"enemies":"3 Louse","floor":14,"turns":1},{"damage":33,"enemies":"Slime Boss","floor":16,"turns":11}],"seed_played":"2665464247846144453","potions_obtained":[],"is_trial":false,"path_per_floor":["M","M","?","M","?","M","R","E","MIM","M","E","$","R","M","R","B"],"character_chosen":"WATCHER","items_purchased":["FlyingSleeves"],"campfire_rested":1,"item_purchase_floors":[12],"current_hp_per_floor":[72,64,64,64,64,62,62,25,25,20,10,10,31,31,31,0,0],"gold":251,"neow_bonus":"DSIX","is_daily":false,"chose_seed":false,"campfire_upgraded":2,"win_rate":0.0,"timestamp":1612487178,"path_taken":["M","M","?","M","?","M","R","E","MIM","M","E","$","R","M","R","BOSS"],"items_purchased_type":["Card"],"build_version":"2020-12-22","purchased_purges":1,"victory":false,"max_hp_per_floor":[72,72,72,72,72,72,72,72,72,72,72,72,72,72,72,72,72],"card_choices":[{"not_picked":["Crescendo","PathToVictory"],"picked":"FlyingSleeves","floor":1},{"not_picked":["StSpp:Renounce","Study"],"picked":"Prostrate","floor":2},{"not_picked":["Wallop","Replay:Cycle"],"picked":"StSpp:Renounce","floor":4},{"not_picked":["StSpp:LatentStrike","StSpp:Renounce"],"picked":"CrushJoints","floor":6},{"not_picked":["Fasting2","TalkToTheHand"],"picked":"FlurryOfBlows","floor":8},{"not_picked":["ThirdEye","EmptyFist"],"picked":"ClearTheMind","floor":9},{"not_picked":["StSpp:TimeDodge","Indignation","StSpp:Purify"],"picked":"SKIP","floor":10},{"not_picked":["StSpp:Renounce","Crescendo","MentalFortress"],"picked":"SKIP","floor":11},{"not_picked":["ThirdEye","Replay:AtTheReady"],"picked":"SashWhip","floor":14}],"player_experience":559048,"relics_obtained":[{"floor":1,"key":"reliquary:PorcupineQuills"},{"floor":1,"key":"Ancient Tea Set"},{"floor":8,"key":"halation:OrihimeAndHikoboshiSamaAndTears"},{"floor":9,"key":"Hololive_LightStick"},{"floor":9,"key":"SnailShell"},{"floor":11,"key":"GodSword1"}],"event_choices":[{"damage_healed":0,"gold_gain":0,"player_choice":"Bought 0 Potions","damage_taken":0,"max_hp_gain":0,"max_hp_loss":0,"event_name":"The Woman in Blue","floor":5,"gold_loss":0}],"is_beta":false,"boss_relics":[],"items_purged_floors":[12],"is_endless":false,"potions_floor_spawned":[8,11],"killed_by":"Slime Boss","ascension_level":0}}