{"host":"c3lc60y5x60jlt1y","time":1612556184,"event":{"mods":["AchievementEnabler","BaseMod","Bestiary","Colored Map","Minty Spire (QoL Compilation)","Quick Restart","StSLib","ojb\u0027s Info Mod"],"gold_per_floor":[109,129,17,17,36,36,65,79,79,98,108,108,136,136,136,212,212,225,65,82,96,121,150,150,225,225,225,257,257,78,94,94,171,171,189,189,204,216,232,232,265,265,291,291,301,301,301],"floor_reached":46,"language":"ENG","playtime":15843,"items_purged":["Defend_P","Strike_P"],"score":1150,"play_id":"da8fcc85-9d15-4c1d-ba88-753eb550d13b","local_time":"20210205221624","is_ascension_mode":true,"campfire_choices":[{"data":"Conclude","floor":6.0,"key":"SMITH"},{"floor":12.0,"key":"REST"},{"data":"TalkToTheHand","floor":15.0,"key":"SMITH"},{"data":"Ragnarok","floor":24.0,"key":"SMITH"},{"data":"Eruption","floor":27.0,"key":"SMITH"},{"floor":29.0,"key":"REST"},{"data":"Defend_P","floor":32.0,"key":"PURGE"},{"data":"Strike_P","floor":40.0,"key":"PURGE"},{"floor":42.0,"key":"REST"}],"circlet_count":0,"master_deck":["AscendersBane","Strike_P","Eruption+1","Vigilance","CutThroughFate","TalkToTheHand","TalkToTheHand+1","Conclude+1","Protect","EmptyMind","CarveReality","Meditate+1","PathToVictory","Ragnarok+1","FearNoEvil+1","Vault+1","Blasphemy+1","Vengeance","WreathOfFlame","WaveOfTheHand","Sanctity","SashWhip+1","Scrawl+1","CutThroughFate+1","SpiritShield+1","DevaForm","Swivel+1","PathToVictory+1","Worship+1"],"relics":["Velvet Choker","White Beast Statue","Calipers","Peace Pipe","Astrolabe","Anchor","Red Mask","Toy Ornithopter","Molten Egg 2","Regal Pillow","Toxic Egg 2","SacredBark","Lantern"],"acts_visited":["Exordium","TheCity","TheBeyond"],"potions_floor_usage":[46,46],"damage_taken":[{"damage":5.0,"enemies":"2 Louse","floor":1.0,"turns":3.0},{"damage":0.0,"enemies":"Cultist","floor":2.0,"turns":3.0},{"damage":2.0,"enemies":"Jaw Worm","floor":5.0,"turns":3.0},{"damage":5.0,"enemies":"Lagavulin","floor":7.0,"turns":7.0},{"damage":23.0,"enemies":"Gremlin Gang","floor":8.0,"turns":3.0},{"damage":5.0,"enemies":"3 Louse","floor":10.0,"turns":3.0},{"damage":10.0,"enemies":"Lots of Slimes","floor":11.0,"turns":3.0},{"damage":16.0,"enemies":"3 Sentries","floor":13.0,"turns":6.0},{"damage":0.0,"enemies":"Hexaghost","floor":16.0,"turns":9.0},{"damage":0.0,"enemies":"Chosen","floor":18.0,"turns":3.0},{"damage":11.0,"enemies":"3 Byrds","floor":20.0,"turns":5.0},{"damage":13.0,"enemies":"Snake Plant","floor":21.0,"turns":4.0},{"damage":0.0,"enemies":"Masked Bandits","floor":22.0,"turns":2.0},{"damage":0.0,"enemies":"Book of Stabbing","floor":23.0,"turns":2.0},{"damage":28.0,"enemies":"Gremlin Leader","floor":28.0,"turns":5.0},{"damage":0.0,"enemies":"Centurion and Healer","floor":31.0,"turns":4.0},{"damage":26.0,"enemies":"Collector","floor":33.0,"turns":8.0},{"damage":0.0,"enemies":"3 Shapes","floor":35.0,"turns":2.0},{"damage":0.0,"enemies":"Orb Walker","floor":37.0,"turns":4.0},{"damage":0.0,"enemies":"Transient","floor":38.0,"turns":7.0},{"damage":12.0,"enemies":"Sphere and 2 Shapes","floor":39.0,"turns":6.0},{"damage":52.0,"enemies":"Nemesis","floor":41.0,"turns":7.0},{"damage":0.0,"enemies":"4 Shapes","floor":45.0,"turns":7.0},{"damage":63,"enemies":"Reptomancer","floor":46,"turns":2}],"seed_played":"6851222108326975456","potions_obtained":[{"floor":4.0,"key":"DistilledChaos"},{"floor":4.0,"key":"Fire Potion"},{"floor":7.0,"key":"DuplicationPotion"},{"floor":11.0,"key":"EssenceOfSteel"},{"floor":16.0,"key":"Fruit Juice"},{"floor":18.0,"key":"BottledMiracle"},{"floor":22.0,"key":"Swift Potion"},{"floor":28.0,"key":"Ancient Potion"},{"floor":31.0,"key":"Strength Potion"},{"floor":33.0,"key":"StancePotion"},{"floor":35.0,"key":"SkillPotion"},{"floor":38.0,"key":"AttackPotion"},{"floor":39.0,"key":"SteroidPotion"},{"floor":41.0,"key":"Strength Potion"},{"floor":45.0,"key":"SkillPotion"}],"is_trial":false,"path_per_floor":["M","M","$","?","M","R","E","M","T","M","M","R","E","?","R","B",null,"M","$","M","M","?","E","R","T","T","R","E","R","$","M","R","B",null,"M","?","M","M","M","R","E","R","T","?","M","E"],"character_chosen":"WATCHER","items_purchased":["TalkToTheHand","Anchor","Scrawl+1"],"campfire_rested":3,"item_purchase_floors":[3,19,30],"current_hp_per_floor":[56,56,56,56,54,54,49,26,26,21,11,31,15,15,15,15,55,60,60,49,36,36,36,36,36,36,36,18,54,54,54,54,38,64,64,64,64,69,62,62,15,51,51,51,51,0,0],"gold":301,"neow_bonus":"BOSS_RELIC","is_daily":false,"chose_seed":false,"campfire_upgraded":4,"win_rate":0.0,"timestamp":1612556184,"path_taken":["M","M","$","?","?","R","E","M","T","M","M","R","E","?","R","BOSS","M","?","?","M","?","E","R","?","T","R","E","R","$","?","R","BOSS","M","?","M","?","M","R","E","R","T","?","M","E"],"items_purchased_type":["Card","Relic","Card"],"build_version":"2020-12-22","purchased_purges":2,"victory":false,"max_hp_per_floor":[68,68,68,68,68,68,68,68,68,68,68,68,68,68,68,68,68,73,73,73,73,73,73,73,73,73,73,73,73,73,73,73,73,73,73,73,73,73,73,73,73,73,73,73,73,73,73],"card_choices":[{"not_picked":["EmptyBody","EmptyFist"],"picked":"CutThroughFate","floor":1.0},{"not_picked":["CrushJoints","ThirdEye"],"picked":"TalkToTheHand","floor":2.0},{"not_picked":["TalkToTheHand","MentalFortress"],"picked":"Conclude","floor":5.0},{"not_picked":["Brilliance","JustLucky"],"picked":"Protect","floor":7.0},{"not_picked":["ForeignInfluence","BowlingBash"],"picked":"EmptyMind","floor":8.0},{"not_picked":["EmptyBody","WheelKick"],"picked":"CarveReality","floor":10.0},{"not_picked":["Crescendo","EmptyFist"],"picked":"Meditate","floor":11.0},{"not_picked":["FollowUp","FlurryOfBlows"],"picked":"PathToVictory","floor":13.0},{"not_picked":["LessonLearned","Wish"],"picked":"Ragnarok","floor":16.0},{"not_picked":["BattleHymn","Weave"],"picked":"Vengeance","floor":18.0},{"not_picked":["WaveOfTheHand","Consecrate"],"picked":"WreathOfFlame","floor":20.0},{"not_picked":["ForeignInfluence","Meditate"],"picked":"WaveOfTheHand","floor":21.0},{"not_picked":["Prostrate","Crescendo"],"picked":"Sanctity","floor":23.0},{"not_picked":["FlyingSleeves+1","ReachHeaven+1"],"picked":"SashWhip+1","floor":28.0},{"not_picked":["InnerPeace+1","WaveOfTheHand+1"],"picked":"CutThroughFate+1","floor":31.0},{"not_picked":["Alpha+1","MasterReality"],"picked":"SpiritShield+1","floor":33.0},{"not_picked":["JustLucky+1","Sanctity+1","Study"],"picked":"SKIP","floor":35.0},{"not_picked":["Study","FlurryOfBlows+1"],"picked":"Swivel+1","floor":37.0},{"not_picked":["FlurryOfBlows+1","Sanctity+1","ClearTheMind+1"],"picked":"SKIP","floor":38.0},{"not_picked":["CutThroughFate+1","Consecrate+1"],"picked":"PathToVictory+1","floor":39.0},{"not_picked":["CrushJoints+1","Halt+1","FlyingSleeves+1"],"picked":"SKIP","floor":41.0},{"not_picked":["BowlingBash+1","CutThroughFate+1"],"picked":"Worship+1","floor":45.0}],"player_experience":9127146,"relics_obtained":[{"floor":7.0,"key":"White Beast Statue"},{"floor":9.0,"key":"Calipers"},{"floor":13.0,"key":"Peace Pipe"},{"floor":22.0,"key":"Red Mask"},{"floor":23.0,"key":"Toy Ornithopter"},{"floor":25.0,"key":"Molten Egg 2"},{"floor":26.0,"key":"Regal Pillow"},{"floor":28.0,"key":"Toxic Egg 2"},{"floor":41.0,"key":"Lantern"}],"event_choices":[{"damage_healed":0.0,"max_hp_gain":0.0,"max_hp_loss":0.0,"gold_gain":0.0,"event_name":"Lab","player_choice":"Got Potions","floor":4.0,"gold_loss":0.0,"damage_taken":0.0},{"damage_healed":0.0,"max_hp_gain":0.0,"max_hp_loss":0.0,"gold_gain":0.0,"event_name":"Upgrade Shrine","player_choice":"Upgraded","floor":14.0,"gold_loss":0.0,"damage_taken":0.0,"cards_upgraded":["Meditate"]},{"damage_healed":0.0,"max_hp_gain":0.0,"max_hp_loss":0.0,"gold_gain":0.0,"event_name":"Masked Bandits","player_choice":"Fought Bandits","floor":22.0,"gold_loss":0.0,"damage_taken":0.0},{"damage_healed":0.0,"max_hp_gain":0.0,"max_hp_loss":0.0,"gold_gain":0.0,"event_name":"Match and Keep!","player_choice":"1 cards matched","floor":36.0,"gold_loss":0.0,"damage_taken":0.0,"cards_obtained":["DevaForm"]},{"damage_healed":0.0,"max_hp_gain":0.0,"max_hp_loss":0.0,"gold_gain":0.0,"event_name":"SecretPortal","player_choice":"Ignored","floor":44.0,"gold_loss":0.0,"damage_taken":0.0}],"is_beta":false,"boss_relics":[{"not_picked":["Sozu","Busted Crown"],"picked":"Astrolabe"},{"not_picked":["Tiny House","Philosopher\u0027s Stone"],"picked":"SacredBark"}],"items_purged_floors":[3,30],"is_endless":false,"potions_floor_spawned":[5,7,8,10,11,13,16,18,20,21,22,23,28,31,33,35,37,38,39,41,45],"killed_by":"Reptomancer","ascension_level":20}}