{"host":"djoj10dqzzvtkauc","time":1612542971,"event":{"mods":["2.2 Compatiblity","BaseMod","Colored Map","DeckTracker","Highlight Path","Keyboard Shortcuts","Marisa£¨Ùöéë¡¡Øª×âÞÞ£©","Minty Spire (QoL Compilation)","Permanent Neow","Quick Restart","Random Character Button","StSLib","SuperFastMode","everything is the same but u backflip on backflip"],"gold_per_floor":[13,13,13,33,108,108,134,134,134,154,154,164,180,200,200,300,300,319,329,329,155,155,155,182,199,199,199,209,223,237,264,264,361,361,375,33,33,33],"floor_reached":37,"language":"KOR","playtime":1520,"items_purged":["Strike_G","Strike_G"],"score":411,"play_id":"ec6a1998-3055-420e-833a-dda7f8e11c3b","local_time":"20210206013611","is_ascension_mode":false,"campfire_choices":[{"data":"Cloak And Dagger","floor":6,"key":"SMITH"},{"data":"Cloak And Dagger","floor":8,"key":"SMITH"},{"data":"Backflip","floor":11,"key":"SMITH"},{"floor":15,"key":"REST"},{"data":"Dagger Spray","floor":23,"key":"SMITH"},{"floor":27,"key":"REST"},{"floor":32,"key":"REST"}],"circlet_count":0,"master_deck":["Strike_G","Strike_G+1","Defend_G","Defend_G","Defend_G+1","Defend_G","Survivor","Neutralize+1","Choke+1","Cloak And Dagger+1","Prepared+1","Backflip","Cloak And Dagger+1","Backflip+1","Wraith Form v2","Backstab","After Image","CurseOfTheBell","Prepared","Dagger Spray+1","Cloak And Dagger","Accuracy","Backflip+1","Wraith Form v2+1","Infinite Blades+1","Tools of the Trade+1","Blur+1"],"relics":["Ring of the Snake","War Paint","Oddly Smooth Stone","Calling Bell","Dream Catcher","Letter Opener","Tingsha","Orichalcum","White Beast Statue","Frozen Egg 2","Boot","HoveringKite","Kunai"],"acts_visited":["Exordium","TheCity","TheBeyond"],"potions_floor_usage":[7,21,33,33],"damage_taken":[{"damage":0,"enemies":"2 Louse","floor":1,"turns":2},{"damage":0,"enemies":"Small Slimes","floor":4,"turns":2},{"damage":11,"enemies":"Lagavulin","floor":7,"turns":6},{"damage":0,"enemies":"Jaw Worm","floor":10,"turns":1},{"damage":0,"enemies":"Large Slime","floor":12,"turns":5},{"damage":0,"enemies":"Exordium Wildlife","floor":13,"turns":3},{"damage":0,"enemies":"Gremlin Gang","floor":14,"turns":6},{"damage":2,"enemies":"The Guardian","floor":16,"turns":15},{"damage":2,"enemies":"3 Byrds","floor":18,"turns":4},{"damage":0,"enemies":"Chosen","floor":19,"turns":5},{"damage":32,"enemies":"Book of Stabbing","floor":24,"turns":8},{"damage":2,"enemies":"Centurion and Healer","floor":25,"turns":7},{"damage":0,"enemies":"Cultist and Chosen","floor":28,"turns":7},{"damage":0,"enemies":"3 Cultists","floor":29,"turns":6},{"damage":13,"enemies":"Snake Plant","floor":30,"turns":6},{"damage":16,"enemies":"Slavers","floor":31,"turns":5},{"damage":12,"enemies":"Collector","floor":33,"turns":14},{"damage":20,"enemies":"3 Shapes","floor":35,"turns":4},{"damage":34,"enemies":"3 Darklings","floor":37,"turns":3}],"seed_played":"-7212961243476503741","potions_obtained":[{"floor":4,"key":"Dexterity Potion"},{"floor":10,"key":"Weak Potion"},{"floor":13,"key":"LiquidBronze"},{"floor":14,"key":"Dexterity Potion"},{"floor":16,"key":"ColorlessPotion"},{"floor":24,"key":"DuplicationPotion"},{"floor":25,"key":"Energy Potion"},{"floor":28,"key":"SmokeBomb"},{"floor":33,"key":"Ancient Potion"},{"floor":35,"key":"PowerPotion"}],"is_trial":false,"path_per_floor":["M","?","?","M","?","R","E","R","T","M","R","M","M","M","R","B",null,"M","M","?","$","?","R","E","M","T","R","M","M","M","E","R","B",null,"M","$","M"],"character_chosen":"THE_SILENT","items_purchased":["Fruit Juice","Kunai"],"campfire_rested":3,"item_purchase_floors":[21,36],"current_hp_per_floor":[70,70,56,56,45,45,34,34,34,34,34,34,34,34,55,53,70,68,68,68,73,73,73,41,39,39,61,61,61,48,32,54,42,75,55,55,21,21],"gold":33,"neow_bonus":"TRANSFORM_TWO_CARDS","is_daily":false,"chose_seed":false,"campfire_upgraded":4,"win_rate":0.0,"timestamp":1612542971,"path_taken":["M","?","?","M","?","R","E","R","T","M","R","M","?","M","R","BOSS","M","M","?","$","?","R","E","M","T","R","?","M","M","E","R","BOSS","M","$","M"],"items_purchased_type":["Potion","Relic"],"build_version":"2020-12-22","purchased_purges":2,"victory":false,"max_hp_per_floor":[70,70,70,70,70,70,70,70,70,70,70,70,70,70,70,70,70,70,70,70,75,75,75,75,75,75,75,75,75,75,75,75,75,75,75,75,75,75],"card_choices":[{"not_picked":["Slice","Skewer"],"picked":"Prepared","floor":1},{"not_picked":["Dagger Spray","Outmaneuver"],"picked":"Backflip","floor":4},{"not_picked":["Terror","Endless Agony"],"picked":"Cloak And Dagger","floor":7},{"not_picked":["Outmaneuver","Dagger Spray"],"picked":"Backflip","floor":10},{"not_picked":["Outmaneuver","Choke"],"picked":"Wraith Form v2","floor":12},{"not_picked":["Cloak And Dagger","Prepared"],"picked":"Backstab","floor":13},{"not_picked":["Bane","Catalyst","Heel Hook"],"picked":"SKIP","floor":14},{"not_picked":["Doppelganger","Adrenaline"],"picked":"After Image","floor":16},{"not_picked":["Choke","Flying Knee"],"picked":"Prepared","floor":18},{"not_picked":["Deflect","Acrobatics"],"picked":"Dagger Spray","floor":19},{"not_picked":["All Out Attack","Deflect"],"picked":"Cloak And Dagger","floor":24},{"not_picked":["Underhanded Strike","Leg Sweep"],"picked":"Accuracy","floor":25},{"not_picked":["Deflect","Crippling Poison"],"picked":"Backflip+1","floor":27},{"not_picked":["Leg Sweep","Choke+1"],"picked":"Wraith Form v2+1","floor":28},{"not_picked":["Quick Slash","Masterful Stab","Sucker Punch+1"],"picked":"SKIP","floor":29},{"not_picked":["All Out Attack","Riddle With Holes+1","Quick Slash"],"picked":"SKIP","floor":30},{"not_picked":["Night Terror","Dagger Throw"],"picked":"Infinite Blades+1","floor":31},{"not_picked":["Bullet Time","Night Terror"],"picked":"Tools of the Trade+1","floor":33},{"not_picked":["Dagger Throw+1","Deadly Poison"],"picked":"Blur+1","floor":35}],"player_experience":173814,"relics_obtained":[{"floor":7,"key":"War Paint"},{"floor":9,"key":"Oddly Smooth Stone"},{"floor":17,"key":"Dream Catcher"},{"floor":17,"key":"Letter Opener"},{"floor":17,"key":"Tingsha"},{"floor":24,"key":"White Beast Statue"},{"floor":26,"key":"Frozen Egg 2"},{"floor":31,"key":"Boot"}],"event_choices":[{"damage_healed":0,"gold_gain":0,"player_choice":"Grow","damage_taken":0,"max_hp_gain":0,"max_hp_loss":0,"event_name":"Living Wall","floor":2,"gold_loss":0,"cards_upgraded":["Choke"]},{"damage_healed":0,"gold_gain":0,"player_choice":"Entered Light","damage_taken":14,"max_hp_gain":0,"max_hp_loss":0,"event_name":"Shining Light","floor":3,"gold_loss":0,"cards_upgraded":["Neutralize","Strike_G"]},{"damage_healed":0,"gold_gain":75,"player_choice":"Gather Gold","damage_taken":11,"max_hp_gain":0,"max_hp_loss":0,"event_name":"World of Goop","floor":5,"gold_loss":0},{"damage_healed":0,"gold_gain":0,"player_choice":"Ignored","damage_taken":0,"max_hp_gain":0,"max_hp_loss":0,"event_name":"Vampires","floor":20,"gold_loss":0},{"damage_healed":0,"gold_gain":0,"player_choice":"Gave Potion","damage_taken":0,"relics_obtained":["Orichalcum"],"max_hp_gain":0,"max_hp_loss":0,"event_name":"WeMeetAgain","floor":22,"gold_loss":0}],"is_beta":false,"boss_relics":[{"not_picked":["Velvet Choker","Fusion Hammer"],"picked":"Calling Bell"},{"not_picked":["Cursed Key","Astrolabe"],"picked":"HoveringKite"}],"items_purged_floors":[21,36],"is_endless":false,"potions_floor_spawned":[4,10,13,14,16,18,24,25,28,29,30,31,33,35],"killed_by":"3 Darklings","ascension_level":0}}