{"host":"u0hb5we0hmj7y3yv","time":1612530902,"event":{"mods":["BaseMod","Colored Powertips","Conspire","KinomotoSakuraMod(Ä¾Ö®±¾Ó£)","Minty Spire (QoL Compilation)"],"gold_per_floor":[116,132,148,3,3,30,41,57,57,57,67,102,113,147,147,246,246,266,319,329,329,4,38,38,69,96,96,128,156,170,188,188,289,289,306,306,306,323,323,355,371,406,406,406,420,420,451,471,471,471,471,471,29,63,63],"floor_reached":56,"language":"ZHS","playtime":3511,"items_purged":["ClowCardTheSword","ClowCardTheShield"],"score":1852,"play_id":"235d0e73-f0d8-4f03-8837-f10966ae6d5f","local_time":"20210205211502","is_ascension_mode":true,"campfire_choices":[{"data":"ClowCardTheMove","floor":10.0,"key":"SMITH"},{"data":"ClowCardTheMove","floor":15.0,"key":"SMITH"},{"data":"ClowCardTheWave","floor":24,"key":"SMITH"},{"data":"ClowCardTheRain","floor":32,"key":"SMITH"},{"data":"ClowCardTheWave","floor":44,"key":"SMITH"},{"floor":46,"key":"RECALL"},{"data":"ClowCardTheFlower","floor":49,"key":"SMITH"},{"data":"ClowCardTheWave","floor":52,"key":"SMITH"}],"circlet_count":0,"master_deck":["ClowCardTheFlower","SakuraCardTheFly+","ClowCardTheDash","ClowCardTheWave+1","ClowCardTheWave+1","ClowCardTheTime","SakuraCardTheBig+","ClowCardTheBubbles","ClowCardTheTwin","ClowCardTheWave+1","ClowCardTheRain+1","ClowCardTheFlower","ClowCardTheDash","ClowCardTheTime","SakuraCardTheShield+","ClowCardTheSword","ClowCardTheSword","ClowCardTheShield","SpellCardSeal","SpellCardRelease","ClowCardTheMove+1","ClowCardTheSweet","ClowCardTheBig+1","ClowCardTheTwin","ClowCardTheFirey","ClowCardTheTwin","ClowCardTheMove+1","ClowCardTheMirror","ClowCardTheMirror","ClowCardTheSweet","ClowCardTheDark","ClowCardTheLight+1","ClowCardTheWave+1","ClowCardTheGlow+1","ClowCardTheGlow+1","ClowCardTheFlower+1","ClowCardTheLittle"],"relics":["KSMOD_SealedBook","KSMOD_SealedWand","Nunchaku","KSMOD_Compass","Letter Opener","Calipers","Runic Dome","Kunai","Eternal Feather","Bronze Scales","conspire:TopHat","Tiny Chest","KSMOD_SwordJade","Red Mask","KSMOD_TouyasBicycle","Astrolabe","Dream Catcher","conspire:DeflatedDodgeball","Bottled Tornado","Singing Bowl","Vajra","Thread and Needle","FossilizedHelix","KSMOD_TeddyBear","Ornamental Fan"],"acts_visited":["Exordium","TheCity","TheBeyond","TheEnding"],"potions_floor_usage":[25,29,45,54,55,55,55,55,55],"damage_taken":[{"damage":1.0,"enemies":"Small Slimes","floor":1.0,"turns":4.0},{"damage":0.0,"enemies":"Cultist","floor":2.0,"turns":2.0},{"damage":0.0,"enemies":"2 Louse","floor":3.0,"turns":3.0},{"damage":11.0,"enemies":"3 Sentries","floor":6.0,"turns":7.0},{"damage":24.0,"enemies":"Large Slime","floor":7.0,"turns":5.0},{"damage":5.0,"enemies":"conspire:2 RoseBushes","floor":8.0,"turns":4.0},{"damage":0.0,"enemies":"Red Slaver","floor":11.0,"turns":4.0},{"damage":16.0,"enemies":"Gremlin Nob","floor":12.0,"turns":4.0},{"damage":6.0,"enemies":"3 Louse","floor":13.0,"turns":5.0},{"damage":0.0,"enemies":"Lagavulin","floor":14.0,"turns":4.0},{"damage":20.0,"enemies":"Hexaghost","floor":16.0,"turns":6.0},{"damage":0.0,"enemies":"Chosen","floor":18.0,"turns":3.0},{"damage":0.0,"enemies":"Spheric Guardian","floor":20.0,"turns":1.0},{"damage":0,"enemies":"Book of Stabbing","floor":23,"turns":2},{"damage":42,"enemies":"conspire:SneckoGhost","floor":25,"turns":3},{"damage":0,"enemies":"Masked Bandits","floor":28,"turns":2},{"damage":0,"enemies":"conspire:Head Lice","floor":29,"turns":5},{"damage":8,"enemies":"Cultist and Chosen","floor":30,"turns":6},{"damage":24,"enemies":"Snake Plant","floor":31,"turns":4},{"damage":26,"enemies":"conspire:MysteriousRune","floor":33,"turns":6},{"damage":16,"enemies":"3 Darklings","floor":35,"turns":4},{"damage":0,"enemies":"Orb Walker","floor":38,"turns":5},{"damage":0,"enemies":"Giant Head","floor":40,"turns":5},{"damage":22,"enemies":"Jaw Worm Horde","floor":41,"turns":4},{"damage":9,"enemies":"Nemesis","floor":42,"turns":6},{"damage":38,"enemies":"Transient","floor":45,"turns":5},{"damage":8,"enemies":"Reptomancer","floor":47,"turns":3},{"damage":0,"enemies":"3 Darklings","floor":48,"turns":1},{"damage":34,"enemies":"Awakened One","floor":50,"turns":7},{"damage":12,"enemies":"Shield and Spear","floor":54,"turns":6},{"damage":9,"enemies":"The Heart","floor":55,"turns":7}],"seed_played":"-2338566691947126118","potions_obtained":[{"floor":2.0,"key":"EntropicBrew"},{"floor":3.0,"key":"DuplicationPotion"},{"floor":8.0,"key":"KSMOD_MagickBottle"},{"floor":13.0,"key":"LiquidMemories"},{"floor":18.0,"key":"SpeedPotion"},{"floor":23,"key":"conspire:TimeTravelPotion"},{"floor":28,"key":"GamblersBrew"},{"floor":31,"key":"EssenceOfSteel"},{"floor":35,"key":"conspire:TimeTravelPotion"},{"floor":40,"key":"Regen Potion"},{"floor":45,"key":"Ancient Potion"}],"is_trial":false,"path_per_floor":["M","M","M","$","?","E","M","M","T","R","M","E","M","E","R","B",null,"M","T","M","?","$","E","R","E","T","?","?","E","M","M","R","B",null,"M","?","T","M","?","E","M","E","T","R","M","R","E","M","R","B",null,"R","$","E","B",null],"character_chosen":"KINOMOTOSAKURA","items_purchased":["ClowCardTheTwin","ClowCardTheFreeze","Kunai","KSMOD_TeddyBear","Swift Potion","DuplicationPotion","ClowCardTheLittle"],"campfire_rested":0,"item_purchase_floors":[4,4,22,53,53,53,53],"current_hp_per_floor":[62,62,67,67,67,68,56,51,51,51,56,40,39,44,44,24,59,70,70,70,70,70,70,70,59,59,59,59,68,60,46,61,45,64,63,63,63,70,80,80,65,78,78,84,84,84,78,80,88,74,85,88,88,78,90],"gold":63,"neow_bonus":"THREE_CARDS","is_daily":false,"chose_seed":false,"campfire_upgraded":7,"win_rate":0.0,"timestamp":1612530902,"path_taken":["M","M","M","$","?","E","M","M","T","R","M","E","M","E","R","BOSS","M","?","?","?","$","E","R","E","T","?","?","E","M","M","R","BOSS","M","?","?","M","?","E","M","E","T","R","?","R","E","M","R","BOSS","R","$","E","BOSS"],"items_purchased_type":["Card","Card","Relic","Relic","Potion","Potion","Card"],"build_version":"2020-12-22","purchased_purges":2,"victory":true,"max_hp_per_floor":[70,70,70,70,70,70,70,70,70,70,70,70,70,70,70,70,70,70,70,70,70,70,70,70,70,70,70,70,70,70,70,70,70,70,70,70,70,70,80,80,82,84,84,84,84,84,86,88,88,88,88,88,88,90,90],"card_choices":[{"not_picked":["ClowCardTheIllusion","ClowCardTheSong"],"picked":"ClowCardTheMove","floor":0.0},{"not_picked":["ClowCardTheCloud","ClowCardTheLock"],"picked":"ClowCardTheSweet","floor":1.0},{"not_picked":["ClowCardTheDream","ClowCardTheErase"],"picked":"ClowCardTheBig","floor":2.0},{"not_picked":["ClowCardTheSilent","ClowCardTheSweet","ClowCardTheMaze"],"picked":"SKIP","floor":3.0},{"not_picked":["ClowCardTheVoice","ClowCardTheStorm"],"picked":"ClowCardTheFirey","floor":6.0},{"not_picked":["ClowCardTheWood","ClowCardTheFlower"],"picked":"ClowCardTheTwin","floor":7.0},{"not_picked":["ClowCardTheWood","ClowCardTheStorm"],"picked":"ClowCardTheMove","floor":8.0},{"not_picked":["ClowCardTheShadow","ClowCardTheChange"],"picked":"ClowCardTheMirror","floor":11.0},{"not_picked":["ClowCardTheMist","ClowCardTheErase","ClowCardTheShadow"],"picked":"SKIP","floor":12.0},{"not_picked":["ClowCardTheReturn","ClowCardTheShadow","ClowCardTheIllusion"],"picked":"SKIP","floor":13.0},{"not_picked":["ClowCardTheEarthy","ClowCardTheErase"],"picked":"ClowCardTheMirror","floor":14.0},{"not_picked":["ClowCardTheThrough","ClowCardTheThunder"],"picked":"ClowCardTheCreate","floor":16.0},{"not_picked":["ClowCardTheArrow","ClowCardTheRain+1","ClowCardTheChange"],"picked":"SKIP","floor":18.0},{"not_picked":["ClowCardTheErase","ClowCardTheSand+1","ClowCardTheVoice"],"picked":"SKIP","floor":20.0},{"not_picked":["ClowCardTheDream+1","ClowCardTheChange","ClowCardTheFlower"],"picked":"SKIP","floor":23},{"not_picked":["ClowCardTheShot","ClowCardTheEarthy"],"picked":"ClowCardTheBig+1","floor":25},{"not_picked":["ClowCardTheMirror","ClowCardTheLittle","ClowCardTheCloud+1"],"picked":"SKIP","floor":29},{"not_picked":["ClowCardTheMove","ClowCardTheCloud","ClowCardTheMist"],"picked":"SKIP","floor":30},{"not_picked":["ClowCardTheJump","ClowCardTheLock"],"picked":"ClowCardTheSweet","floor":31},{"not_picked":["ClowCardTheThrough","ClowCardTheLight"],"picked":"ClowCardTheDark","floor":33},{"not_picked":["ClowCardTheVoice+1","ClowCardTheSilent"],"picked":"ClowCardTheGlow+1","floor":35},{"not_picked":["ClowCardTheWindy+1","ClowCardTheVoice"],"picked":"ClowCardTheGlow+1","floor":38},{"not_picked":["ClowCardTheWave+1","ClowCardTheFlower"],"picked":"ClowCardTheFly","floor":40},{"not_picked":["ClowCardTheMist","ClowCardTheCloud+1","ClowCardTheFirey+1"],"picked":"Singing Bowl","floor":41},{"not_picked":["ClowCardThePower","ClowCardTheRain+1","ClowCardTheDark"],"picked":"Singing Bowl","floor":42},{"not_picked":["ClowCardTheSnow+1","ClowCardTheSleep"],"picked":"ClowCardTheFlower","floor":45},{"not_picked":["ClowCardTheLock","ClowCardTheEarthy","ClowCardTheVoice"],"picked":"Singing Bowl","floor":47},{"not_picked":["ClowCardTheWatery+1","ClowCardTheErase+1","ClowCardTheLibra"],"picked":"Singing Bowl","floor":48},{"not_picked":["ClowCardTheRain","ClowCardTheIllusion+1","ClowCardTheFly"],"picked":"Singing Bowl","floor":54}],"player_experience":80695,"relics_obtained":[{"floor":6.0,"key":"Nunchaku"},{"floor":9.0,"key":"KSMOD_Compass"},{"floor":12.0,"key":"Letter Opener"},{"floor":14.0,"key":"Calipers"},{"floor":23,"key":"Eternal Feather"},{"floor":25,"key":"Bronze Scales"},{"floor":25,"key":"conspire:TopHat"},{"floor":26,"key":"Tiny Chest"},{"floor":28,"key":"Red Mask"},{"floor":29,"key":"KSMOD_TouyasBicycle"},{"floor":37,"key":"conspire:DeflatedDodgeball"},{"floor":38,"key":"Bottled Tornado"},{"floor":40,"key":"Singing Bowl"},{"floor":42,"key":"Vajra"},{"floor":43,"key":"Thread and Needle"},{"floor":47,"key":"FossilizedHelix"},{"floor":54,"key":"Ornamental Fan"}],"event_choices":[{"damage_healed":0.0,"max_hp_gain":0.0,"max_hp_loss":0.0,"gold_gain":0.0,"event_name":"Accursed Blacksmith","player_choice":"Forge","floor":5.0,"gold_loss":0.0,"damage_taken":0.0,"cards_upgraded":["ClowCardTheBig"]},{"damage_healed":0.0,"max_hp_gain":0.0,"max_hp_loss":0.0,"gold_gain":0.0,"event_name":"Vampires","player_choice":"Ignored","floor":21.0,"gold_loss":0.0,"damage_taken":0.0},{"damage_healed":0,"gold_gain":0,"player_choice":"Opened","damage_taken":0,"relics_obtained":["KSMOD_SwordJade"],"max_hp_gain":0,"max_hp_loss":0,"event_name":"The Mausoleum","floor":27,"gold_loss":0},{"damage_healed":0,"gold_gain":0,"player_choice":"Fought Bandits","damage_taken":0,"max_hp_gain":0,"max_hp_loss":0,"event_name":"Masked Bandits","floor":28,"gold_loss":0},{"damage_healed":0,"gold_gain":0,"player_choice":"Gave Potion","damage_taken":0,"relics_obtained":["Dream Catcher"],"max_hp_gain":0,"max_hp_loss":0,"event_name":"WeMeetAgain","floor":36,"gold_loss":0},{"cards_removed":["ClowCardTheLight"],"damage_healed":0,"gold_gain":0,"player_choice":"Offered Rare","damage_taken":0,"max_hp_gain":10,"max_hp_loss":0,"event_name":"Bonfire Elementals","floor":39,"gold_loss":0}],"is_beta":false,"boss_relics":[{"not_picked":["Coffee Dripper","conspire:SeveredTorchhead"],"picked":"Runic Dome"},{"not_picked":["Tiny House","SlaversCollar"],"picked":"Astrolabe"}],"items_purged_floors":[22,53],"is_endless":false,"potions_floor_spawned":[2,3,8,13,18,23,28,31,35,40,45],"ascension_level":6}}