{"host":"qxeepl7ydvsgmfdb","time":1612531960,"event":{"mods":["AchievementEnabler","BaseMod","Colored Powertips","Minty Spire (QoL Compilation)","Quick Restart","slay the spire mod where everything is the same but ironclad has a cowboy hat"],"gold_per_floor":[114,42,217,228,303,329,329,349,349,349,379,393,393,93,93,93,93],"floor_reached":16,"language":"ENG","playtime":497,"items_purged":["Doubt"],"score":148,"play_id":"bdfacb12-852d-4127-be6b-16ca0786da04","local_time":"20210205083240","is_ascension_mode":true,"campfire_choices":[{"data":"Zap","floor":7,"key":"SMITH"},{"data":"Chill","floor":10,"key":"SMITH"},{"data":"Ball Lightning","floor":15,"key":"SMITH"}],"circlet_count":0,"master_deck":["Strike_B","Strike_B","Strike_B","Strike_B","Defend_B","Defend_B","Defend_B","Defend_B","Zap+1","Dualcast","Auto Shields","Chill+1","Ball Lightning+1","Conserve Battery","Sweeping Beam"],"relics":["Cracked Core","NeowsBlessing","Gremlin Horn","Omamori","Odd Mushroom","The Courier","Ginger"],"acts_visited":["Exordium"],"potions_floor_usage":[],"damage_taken":[{"damage":0,"enemies":"2 Louse","floor":1,"turns":1},{"damage":0,"enemies":"Small Slimes","floor":4,"turns":1},{"damage":0,"enemies":"Gremlin Nob","floor":6,"turns":1},{"damage":0,"enemies":"Jaw Worm","floor":8,"turns":4},{"damage":4,"enemies":"The Mushroom Lair","floor":11,"turns":5},{"damage":8,"enemies":"Looter","floor":12,"turns":3},{"damage":56,"enemies":"Hexaghost","floor":16,"turns":9}],"seed_played":"-1541481391469696835","potions_obtained":[{"floor":8,"key":"Fire Potion"},{"floor":11,"key":"Swift Potion"},{"floor":12,"key":"DistilledChaos"}],"is_trial":false,"path_per_floor":["M","$","?","M","?","E","R","M","T","R","?","M","?","$","R","B"],"character_chosen":"DEFECT","items_purchased":["Chill","Ginger"],"campfire_rested":0,"item_purchase_floors":[2,14],"current_hp_per_floor":[75,75,75,75,64,64,64,64,64,64,60,52,52,52,52,0,0],"gold":93,"neow_bonus":"THREE_ENEMY_KILL","is_daily":false,"chose_seed":false,"campfire_upgraded":3,"win_rate":0.0,"timestamp":1612531960,"path_taken":["M","$","?","M","?","E","R","M","T","R","?","?","?","$","R","BOSS"],"items_purchased_type":["Card","Relic"],"build_version":"2020-12-22","purchased_purges":1,"victory":false,"max_hp_per_floor":[75,75,75,75,75,75,75,75,75,75,75,75,75,75,75,75,75],"card_choices":[{"not_picked":["Turbo","Beam Cell"],"picked":"Auto Shields","floor":1},{"not_picked":["Coolheaded","Hologram"],"picked":"Ball Lightning","floor":4},{"not_picked":["Compile Driver","Echo Form"],"picked":"Conserve Battery","floor":6},{"not_picked":["Glacier","Redo","Skim"],"picked":"SKIP","floor":8},{"not_picked":["Glacier","Consume"],"picked":"Sweeping Beam","floor":11},{"not_picked":["Hello World","Blizzard","Turbo"],"picked":"SKIP","floor":12}],"player_experience":173451,"relics_obtained":[{"floor":6,"key":"Gremlin Horn"},{"floor":9,"key":"Omamori"},{"floor":11,"key":"Odd Mushroom"}],"event_choices":[{"damage_healed":0,"gold_gain":175,"player_choice":"AGREE","damage_taken":0,"max_hp_gain":0,"max_hp_loss":0,"event_name":"Liars Game","floor":3,"gold_loss":0,"cards_obtained":["Doubt"]},{"damage_healed":0,"gold_gain":75,"player_choice":"Gather Gold","damage_taken":11,"max_hp_gain":0,"max_hp_loss":0,"event_name":"World of Goop","floor":5,"gold_loss":0},{"damage_healed":0,"gold_gain":0,"player_choice":"Fought Mushrooms","damage_taken":0,"max_hp_gain":0,"max_hp_loss":0,"event_name":"Mushrooms","floor":11,"gold_loss":0},{"damage_healed":0,"gold_gain":0,"player_choice":"Box","damage_taken":0,"relics_obtained":["The Courier"],"max_hp_gain":0,"max_hp_loss":0,"event_name":"Big Fish","floor":13,"gold_loss":0,"cards_obtained":["Regret"]}],"is_beta":false,"boss_relics":[],"items_purged_floors":[14],"is_endless":false,"potions_floor_spawned":[8,11,12],"killed_by":"Hexaghost","ascension_level":4}}