{"host":"b5jaqh8y266k2cz4","time":1612497171,"event":{"mods":["AchievementEnabler","Aspiration","BaseMod","Colored Powertips","Conspire","Downfall","Googly Eyes","Hermit","Highlight Path","Hubris","Infinite Spire","MarisaÅiñ∂âJÅ@ñÇóùçπÅj","Mimic Mod","Minty Spire (QoL Compilation)","Quick Restart","Replay The Spire","Spikes Relics","StSLib","Synergy Search","The Animator","The Cursed","The Jungle","The Necromancer","The Servant 0.9.4","The Wild Card","slay the spire mod where everything is the same but ironclad has a cowboy hat"],"gold_per_floor":[111,124,166,166,116,116,131,172,198,198,212,212,292,308,308,428,428,443,468,488,74,74,74,99,99,99,124,148,148,148],"floor_reached":29,"language":"ENG","playtime":1686,"items_purged":["Chill_Blood"],"score":263,"play_id":"9c95c39d-f0ad-4bd5-80c8-d1f28c2cd4e7","local_time":"20210204225251","is_ascension_mode":true,"campfire_choices":[{"data":"Death_March_Dance","floor":6,"key":"SMITH"},{"floor":10,"key":"REST"},{"floor":12,"key":"REST"},{"data":"Death_March_Dance","floor":15,"key":"SMITH"},{"data":"Negative_Energy_Mist","floor":23,"key":"SMITH"},{"data":"Bone_Armor","floor":25,"key":"SMITH"}],"circlet_count":0,"master_deck":["Strike_W","Strike_W","Strike_W","Strike_W","Defend_W","Defend_W","Defend_W","Defend_W","Negative_Energy_Arrows","Bone_Wall","Death_March_Dance","Death_March_Dance+1","Death_March_Dance+1","Blood_Curse","Blood_Curse","Death_March_Dance","Negative_Energy_Mist+1","Bone_Bullets","Skeleton_Dragon","Hallucinations","hermit:Covet","Skeleton_Dragon","Dramatic Entrance","infinitespire:Starlight","Bone_Shift+1","Spectral_Armor+1","Summon_Death_Knight","Bone_Bullets","Negative_Energy_Shield","Bone_Armor+1","Blood_Curse","Negative_Energy_Shield","Negative_Energy_Burst","Negative_Energy_Mist"],"relics":["Vampire_Amulet","infinitespire:Beetle Shell","Question Card","Golden Idol","infinitespire:Bottled Soul","ReplayTheSpireMod:TigerMarble","Bottled Lightning","ReplayTheSpireMod:SealedPack","Prayer Wheel","Iron Hammer"],"acts_visited":["Exordium","TheCity"],"potions_floor_usage":[8,13,16,16,19,20],"damage_taken":[{"damage":0,"enemies":"Small Slimes","floor":1,"turns":3},{"damage":0,"enemies":"2 Louse","floor":2,"turns":2},{"damage":28,"enemies":"conspire:MimicChest","floor":3,"turns":10},{"damage":14,"enemies":"Jaw Worm","floor":7,"turns":4},{"damage":36,"enemies":"3 Sentries","floor":8,"turns":12},{"damage":0,"enemies":"3 Louse","floor":11,"turns":3},{"damage":10,"enemies":"Gremlin Nob","floor":13,"turns":3},{"damage":6,"enemies":"Looter","floor":14,"turns":2},{"damage":10,"enemies":"Hexaghost","floor":16,"turns":8},{"damage":18,"enemies":"Spheric Guardian","floor":18,"turns":4},{"damage":21,"enemies":"conspire:FuzzyDice","floor":19,"turns":8},{"damage":1,"enemies":"3 Cultists","floor":20,"turns":5},{"damage":22,"enemies":"Snake Plant","floor":24,"turns":3},{"damage":19,"enemies":"Snecko","floor":27,"turns":4},{"damage":27,"enemies":"Cultist and Chosen","floor":28,"turns":8},{"damage":36,"enemies":"Nightmare","floor":29,"turns":9}],"seed_played":"2731191703656382146","potions_obtained":[{"floor":3,"key":"Regen Potion"},{"floor":7,"key":"Milkshake"},{"floor":8,"key":"hexamod:SoulburnPotion"},{"floor":13,"key":"champ:CounterPotion"},{"floor":14,"key":"LiquidMemories"},{"floor":18,"key":"SkillPotion"},{"floor":27,"key":"Death Potion"}],"is_trial":false,"path_per_floor":["M","M","?","?","$","R","M","E","T","R","M","R","?","M","R","B",null,"M","M","M","$","?","R","M","R","T","M","M","NM"],"character_chosen":"NECROMANCER","items_purchased":["Death_March_Dance","Prayer Wheel","Bone_Bullets"],"campfire_rested":2,"item_purchase_floors":[5,21,21],"current_hp_per_floor":[75,75,49,31,31,31,19,4,4,26,32,54,46,42,42,34,75,69,62,75,75,75,75,55,55,55,38,25,0,0],"gold":148,"neow_bonus":"RANDOM_COMMON_RELIC","is_daily":false,"chose_seed":false,"campfire_upgraded":4,"win_rate":0.0,"timestamp":1612497171,"path_taken":["M","M","?","?","$","R","M","E","T","R","M","R","?","M","R","BOSS","M","M","M","$","?","R","M","R","T","M","M","NM"],"items_purchased_type":["Card","Relic","Card"],"build_version":"2020-12-22","purchased_purges":1,"victory":false,"max_hp_per_floor":[75,75,75,75,75,75,75,75,75,75,75,75,75,75,75,75,75,75,75,75,75,75,75,75,75,75,75,75,75,75],"card_choices":[{"not_picked":["Negative_Energy_Burst","Negative_Energy_Javelin"],"picked":"Death_March_Dance","floor":1},{"not_picked":["Consume_Illness","Blood_Whip"],"picked":"Chill_Blood","floor":2},{"not_picked":["Chill_Blood","Toxic_Smoke_Screen"],"picked":"Death_March_Dance","floor":3},{"not_picked":["Negative_Energy_Mist","Finger_Of_Death","Summon_Death_Knight"],"picked":"Blood_Curse","floor":7},{"not_picked":["Death_Coil","Life_Drain","Flesh_Made_Foul"],"picked":"Blood_Curse","floor":8},{"not_picked":["Violent_Necrosis","Stop_Heart","Blood_Whip"],"picked":"Death_March_Dance","floor":11},{"not_picked":["Death_Coil","Bone_Armory","Necrotic_Claws"],"picked":"Negative_Energy_Mist","floor":13},{"not_picked":["Summon_Lich","Siphon_Strength","Vampiric_Strike"],"picked":"Bone_Bullets","floor":14},{"not_picked":["Summon_Vampire_Lady","Reap_The_Weak","Requiem"],"picked":"Skeleton_Dragon","floor":16},{"not_picked":["sneckomod:Unknown","Dualcast","hexamod:Float"],"picked":"hermit:Covet","floor":17},{"not_picked":["Summon_Death_Knight","Blood_Wake","Reap_The_Weak"],"picked":"Skeleton_Dragon","floor":17},{"not_picked":["Deep Breath","PanicButton","Replay:BasicMightCard"],"picked":"Dramatic Entrance","floor":17},{"not_picked":["hubris:Rewind","infinitespire:TheBestDefense","infinitespire:UltimateForm"],"picked":"infinitespire:Starlight","floor":17},{"not_picked":["Flesh_Made_Foul","Summon_Lich+1","Shackles_Of_Pain"],"picked":"Bone_Shift+1","floor":18},{"not_picked":["Blood_Whip","Scare+1","Finger_Of_Death"],"picked":"Spectral_Armor+1","floor":19},{"not_picked":["Spectral_Walk+1","Whirlwind_of_Bones+1","Corrupt"],"picked":"Summon_Death_Knight","floor":20},{"not_picked":["Blood_Is_Power","Death_March_Dance","Negative_Energy_Mist"],"picked":"Negative_Energy_Shield","floor":24},{"not_picked":["Vampiric_Strike","Chill_Blood+1","Life_Drain"],"picked":"Bone_Armor","floor":24},{"not_picked":["Necromantic_Selection","Shackles_Of_Pain","Necrotic_Claws"],"picked":"Blood_Curse","floor":27},{"not_picked":["Strike_from_Beyond+1","Finger_Of_Death","Slay_Living+1"],"picked":"Negative_Energy_Shield","floor":27},{"not_picked":["Violent_Necrosis","Blood_Whip+1","Blood_for_Blood+1"],"picked":"Negative_Energy_Burst","floor":28},{"not_picked":["Requiem","Summon_Undead_Army","Life_Drain"],"picked":"Negative_Energy_Mist","floor":28}],"player_experience":365957,"relics_obtained":[{"floor":3,"key":"Question Card"},{"floor":8,"key":"infinitespire:Bottled Soul"},{"floor":9,"key":"ReplayTheSpireMod:TigerMarble"},{"floor":13,"key":"Bottled Lightning"},{"floor":26,"key":"Iron Hammer"}],"event_choices":[{"damage_healed":0,"gold_gain":0,"player_choice":"Take Damage","damage_taken":18,"relics_obtained":["Golden Idol"],"max_hp_gain":0,"max_hp_loss":0,"event_name":"Golden Idol","floor":4,"gold_loss":0},{"damage_healed":0,"gold_gain":0,"player_choice":"Searched \u00271\u0027 times","damage_taken":0,"max_hp_gain":0,"max_hp_loss":0,"event_name":"Dead Adventurer","floor":13,"gold_loss":0}],"is_beta":false,"boss_relics":[{"not_picked":["hubris:CrackedHourglass","aspiration:WatcherSkillbook"],"picked":"ReplayTheSpireMod:SealedPack"}],"items_purged_floors":[21],"is_endless":false,"potions_floor_spawned":[3,7,8,13,14,18,27],"killed_by":"Nightmare","ascension_level":1}}