{"host":"t7mx8yfj1no5p62f","time":1612539890,"event":{"mods":["BaseMod","Colored Map","Colored Powertips","Curses Come First","Minty Spire (QoL Compilation)","Relic Stats","StSLib"],"gold_per_floor":[114,114,125,125,145,174,174,208,208,208,208,228,228,228],"floor_reached":13,"language":"ENG","playtime":387,"items_purged":[],"score":186,"play_id":"46fd9c03-a39e-474d-a65a-1a8a26c49b1e","local_time":"20210205104450","is_ascension_mode":true,"campfire_choices":[{"data":"Corruption","floor":7,"key":"SMITH"},{"data":"Pommel Strike","floor":10,"key":"SMITH"}],"circlet_count":0,"master_deck":["AscendersBane","Strike_R","Strike_R","Strike_R","Strike_R","Defend_R","Defend_R","Defend_R","Defend_R","Bash","Corruption+1","Feel No Pain","Infernal Blade","Pommel Strike+1","Twin Strike"],"relics":["Burning Blood","Ancient Tea Set","Mummified Hand","Omamori","Gremlin Horn"],"acts_visited":["Exordium"],"potions_floor_usage":[6,8,12],"damage_taken":[{"damage":9.0,"enemies":"2 Louse","floor":1.0,"turns":4.0},{"damage":10.0,"enemies":"Cultist","floor":3.0,"turns":5.0},{"damage":9.0,"enemies":"Jaw Worm","floor":5.0,"turns":4.0},{"damage":24,"enemies":"Lagavulin","floor":6,"turns":7},{"damage":25,"enemies":"Gremlin Nob","floor":8,"turns":4},{"damage":5,"enemies":"3 Louse","floor":12,"turns":5},{"damage":27,"enemies":"Lagavulin","floor":13,"turns":7}],"seed_played":"7067930900057409040","potions_obtained":[{"floor":1.0,"key":"Ancient Potion"},{"floor":3.0,"key":"LiquidBronze"},{"floor":8,"key":"Regen Potion"},{"floor":12,"key":"LiquidBronze"}],"is_trial":false,"path_per_floor":["M","?","M","?","M","E","R","E","T","R","?","M","E"],"character_chosen":"IRONCLAD","items_purchased":[],"campfire_rested":0,"item_purchase_floors":[],"current_hp_per_floor":[65,54,50,50,47,29,29,10,10,10,10,25,0,0],"gold":228,"neow_bonus":"THREE_RARE_CARDS","is_daily":false,"chose_seed":false,"campfire_upgraded":2,"win_rate":0.0,"timestamp":1612539890,"path_taken":["M","?","M","?","M","E","R","E","T","R","?","M","E"],"items_purchased_type":[],"build_version":"2020-12-22","purchased_purges":0,"victory":false,"max_hp_per_floor":[68,68,68,68,68,68,68,68,68,68,68,68,68,68],"relic_stats":{"Gremlin Horn":[2,2],"counters":[7,36],"Mummified Hand":[6],"obtain_stats":[{"Gremlin Horn":9,"Mummified Hand":6,"Omamori":8,"Ancient Tea Set":2,"Burning Blood":0},{"Gremlin Horn":5,"Mummified Hand":4,"Omamori":5,"Ancient Tea Set":1,"Burning Blood":0},{"Gremlin Horn":24,"Mummified Hand":20,"Omamori":24,"Ancient Tea Set":4,"Burning Blood":0}],"Burning Blood":36},"card_choices":[{"not_picked":["Berserk","Impervious"],"picked":"Corruption","floor":0.0},{"not_picked":["Battle Trance","Dark Embrace"],"picked":"Feel No Pain","floor":1.0},{"not_picked":["Havoc","Clash"],"picked":"Infernal Blade","floor":3.0},{"not_picked":["Second Wind","Flex"],"picked":"Pommel Strike","floor":5.0},{"not_picked":["Rampage","Perfected Strike"],"picked":"Twin Strike","floor":6},{"not_picked":["Armaments","Sword Boomerang","Wild Strike"],"picked":"SKIP","floor":8},{"not_picked":["Pummel","Havoc","Double Tap"],"picked":"SKIP","floor":12}],"player_experience":1935608,"relics_obtained":[{"floor":6,"key":"Mummified Hand"},{"floor":8,"key":"Omamori"},{"floor":9,"key":"Gremlin Horn"}],"event_choices":[{"damage_healed":0.0,"max_hp_gain":0.0,"max_hp_loss":0.0,"gold_gain":0.0,"event_name":"Scrap Ooze","player_choice":"Success","floor":2.0,"gold_loss":0.0,"damage_taken":11.0,"relics_obtained":["Ancient Tea Set"]},{"damage_healed":0.0,"max_hp_gain":0.0,"max_hp_loss":0.0,"gold_gain":0.0,"event_name":"Liars Game","player_choice":"Ignored","floor":4.0,"gold_loss":0.0,"damage_taken":0.0},{"cards_removed":["Strike_R"],"damage_healed":0,"gold_gain":0,"player_choice":"Card Removal","damage_taken":0,"max_hp_gain":0,"max_hp_loss":0,"event_name":"Wheel of Change","floor":11,"gold_loss":0}],"is_beta":false,"boss_relics":[],"items_purged_floors":[],"is_endless":false,"potions_floor_spawned":[1,3,8,12],"killed_by":"Lagavulin","ascension_level":20}}