{"host":"rq7gz685gkaokql0","time":1612497058,"event":{"mods":["BaseMod","Hubris","Infinite Spire","Minty Spire (QoL Compilation)","Replay The Spire","StSLib"],"gold_per_floor":[114,114,132,132,132,132,165,165,192,192,236,251,251,295,295,384,384,408,427,427,427,452,452,452],"floor_reached":23,"language":"ENG","playtime":1285,"items_purged":[],"score":464,"play_id":"180e1d70-e85d-4ad6-bf71-ef4834bc702e","local_time":"20210204175058","is_ascension_mode":true,"campfire_choices":[{"data":"Replay:Dark Deal","floor":6.0,"key":"SMITH"},{"floor":8.0,"key":"REST"},{"data":"Fluid Movement","floor":10.0,"key":"SMITH"},{"floor":13.0,"key":"REST"},{"floor":15,"key":"REST"}],"circlet_count":0,"master_deck":["AscendersBane","Strike_G","Strike_G","Strike_G","Strike_G","Strike_G","Defend_G","Defend_G","Defend_G","Defend_G","Defend_G","Survivor","Neutralize","Replay:Dark Deal+1","Dash","Poisoned Stab+1","Injury","Fluid Movement+1","ReplayTheSpireMod:Speed Training","Dagger Spray","Underhanded Strike+1","infinitespire:Neurotoxin","Crippling Poison","ReplayTheSpireMod:Scrap Shanks","Flying Knee+1"],"relics":["Replay:M_StaffOfTheSnake","Golden Idol","infinitespire:Cubic Diamond","hubris:BottledRain","Pen Nib","Replay:Bottled Eggs","Molten Egg 2","hubris:Backtick","TungstenRod","hubris:Towel","infinitespire:Golems Mask"],"acts_visited":["Exordium","TheCity"],"potions_floor_usage":[16,19,22,22],"damage_taken":[{"damage":4.0,"enemies":"2 Louse","floor":1.0,"turns":3.0},{"damage":0.0,"enemies":"Cultist","floor":3.0,"turns":4.0},{"damage":41.0,"enemies":"Lagavulin","floor":7.0,"turns":11.0},{"damage":22.0,"enemies":"3 Sentries","floor":11.0,"turns":3.0},{"damage":1.0,"enemies":"Small Slimes","floor":12.0,"turns":2.0},{"damage":14,"enemies":"Lagavulin","floor":14,"turns":11},{"damage":22,"enemies":"Slime Boss","floor":16,"turns":10},{"damage":27,"enemies":"3 Byrds","floor":18,"turns":9},{"damage":15,"enemies":"Shell Parasite","floor":19,"turns":5},{"damage":0,"enemies":"Cultist and Chosen","floor":22,"turns":7},{"damage":0,"enemies":"Book of Stabbing","floor":23,"turns":3}],"seed_played":"-7638742680334021426","potions_obtained":[{"floor":2.0,"key":"Energy Potion"},{"floor":2.0,"key":"infinitespire:BlackPotion"},{"floor":11.0,"key":"Energy Potion"},{"floor":18,"key":"Poison Potion"},{"floor":19,"key":"DistilledChaos"},{"floor":22,"key":"CunningPotion"}],"is_trial":false,"path_per_floor":["M","?","M","?","?","R","E","R","T","R","E","M","R","E","R","B",null,"M","M","?","AVR","M","E"],"character_chosen":"THE_SILENT","items_purchased":[],"campfire_rested":3,"item_purchase_floors":[],"current_hp_per_floor":[55,55,55,55,55,55,14,32,32,32,10,9,27,13,31,9,47,20,5,5,5,5,5,5],"gold":452,"neow_bonus":"RANDOM_COLORLESS_2","is_daily":false,"chose_seed":false,"campfire_upgraded":2,"win_rate":0.0,"timestamp":1612497058,"path_taken":["M","?","?","?","?","R","E","R","T","R","E","M","R","E","R","BOSS","M","M","?","AVR","M","E"],"items_purchased_type":[],"build_version":"2020-12-22","purchased_purges":0,"victory":false,"max_hp_per_floor":[60,60,60,60,60,60,60,60,60,60,60,60,60,60,60,60,60,60,60,60,60,60,60,60],"card_choices":[{"not_picked":["Panache","Thinking Ahead"],"picked":"Replay:Dark Deal","floor":0.0},{"not_picked":["Slice","Blade Dance"],"picked":"Dash","floor":1.0},{"not_picked":["Concentrate","Calculated Gamble"],"picked":"Poisoned Stab","floor":3.0},{"not_picked":["Blade Dance","PiercingWail"],"picked":"Fluid Movement","floor":7.0},{"not_picked":["Backflip","Doppelganger"],"picked":"ReplayTheSpireMod:Speed Training","floor":11.0},{"not_picked":["ReplayTheSpireMod:The Works","ReplayTheSpireMod:Speed Training"],"picked":"Dagger Spray","floor":12.0},{"not_picked":["Deflect","Storm of Steel"],"picked":"Underhanded Strike+1","floor":14},{"not_picked":["Atom Bomb+1","ReplayTheSpireMod:Necrosis"],"picked":"infinitespire:Neurotoxin","floor":16},{"not_picked":["hubris:TrickCloak","Sucker Punch+1"],"picked":"Crippling Poison","floor":18},{"not_picked":["hubris:TrickCloak+1","Calculated Gamble"],"picked":"ReplayTheSpireMod:Scrap Shanks","floor":19},{"not_picked":["hubris:SlightOfHand","Sucker Punch+1"],"picked":"Flying Knee+1","floor":22}],"player_experience":1251124,"relics_obtained":[{"floor":7.0,"key":"hubris:BottledRain"},{"floor":9.0,"key":"Pen Nib"},{"floor":11.0,"key":"Replay:Bottled Eggs"},{"floor":14,"key":"Molten Egg 2"}],"event_choices":[{"damage_healed":0.0,"max_hp_gain":0.0,"max_hp_loss":0.0,"gold_gain":0.0,"event_name":"Lab","player_choice":"Got Potions","floor":2.0,"gold_loss":0.0,"damage_taken":0.0},{"damage_healed":0.0,"max_hp_gain":0.0,"max_hp_loss":0.0,"gold_gain":0.0,"event_name":"Golden Idol","player_choice":"Take Wound","floor":4.0,"gold_loss":0.0,"damage_taken":0.0,"relics_obtained":["Golden Idol"],"cards_obtained":["Injury"]}],"is_beta":false,"boss_relics":[{"not_picked":["Snecko Heart","Ectoplasm"],"picked":"hubris:Backtick"}],"items_purged_floors":[],"is_endless":false,"potions_floor_spawned":[3,11,18,19,22],"killed_by":"Book of Stabbing","ascension_level":20}}