{"host":"w8xisjf5mgmfjvmt","time":1612517870,"event":{"mods":["BaseMod","BetterRewards","Challenge The Spire","Conspire","Energized Spire","Filter the Spire","Minty Spire (QoL Compilation)","Quarter Circle Forward PUNCH!","Quick Restart","Relic Filter Mod","Relic Stats","Reliquary","Replay The Spire","Shop Mod","Spicy Shops","StSLib","Thieving Mod","¡¾ÒÅÎï¿¨ÅÆ¡¿REMEMod","óô»ðÖ¸ÄÏ"],"gold_per_floor":[111,57,75,75,92,92,127,127,150,150,182,201,212,223,223,297,297,317,335,345,24,24,24],"floor_reached":22,"language":"ZHS","playtime":860,"items_purged":["Strike_R+1"],"score":396,"play_id":"dc0551f7-3d32-482a-ac9e-55ac2da33fc0","local_time":"20210205173750","is_ascension_mode":true,"campfire_choices":[{"data":"Abandon","floor":6.0,"key":"SMITH"},{"floor":15.0,"key":"REST"}],"circlet_count":0,"master_deck":["AscendersBane","Strike_R+2","Strike_R+2","Strike_R+1","Strike_R+3","Defend_R","Defend_R+1","Defend_R","Defend_R","Bash+1","LessonLearned+1","Run Through","Armaments+1","Shrug It Off+1","Abandon+1","True Grit","Pain","Flame Barrier+1","ReplayTheSpireMod:Stacked","Dark Embrace","Demonic Infusion","Body Slam","Pommel Strike+1","Rupture+1","Second Wind"],"relics":["REME_ComplimentaryCards","Runic Dome","Simple Rune","Blue Doll","WarpedTongs","ReplayTheSpireMod:Lightbulb","Black Star","Membership Card"],"acts_visited":["Exordium","TheCity"],"potions_floor_usage":[],"damage_taken":[{"damage":7.0,"enemies":"Small Slimes","floor":1.0,"turns":4.0},{"damage":0.0,"enemies":"Jaw Worm","floor":3.0,"turns":3.0},{"damage":0.0,"enemies":"Cultist","floor":5.0,"turns":3.0},{"damage":14.0,"enemies":"Lagavulin","floor":7.0,"turns":8.0},{"damage":10.0,"enemies":"Gremlin Nob","floor":11.0,"turns":3.0},{"damage":3.0,"enemies":"3 Louse","floor":12.0,"turns":3.0},{"damage":4.0,"enemies":"2 Fungi Beasts","floor":13.0,"turns":2.0},{"damage":6.0,"enemies":"Lots of Slimes","floor":14.0,"turns":4.0},{"damage":10.0,"enemies":"Slime Boss","floor":16.0,"turns":5.0},{"damage":20.0,"enemies":"2 Thieves","floor":18.0,"turns":4.0},{"damage":5.0,"enemies":"Shell Parasite","floor":19.0,"turns":6.0},{"damage":13.0,"enemies":"conspire:HollyBat","floor":20.0,"turns":7.0},{"damage":33,"enemies":"Centurion and Healer","floor":22,"turns":6}],"seed_played":"5364548807824079124","potions_obtained":[{"floor":3.0,"key":"Reflective Coating"},{"floor":7.0,"key":"SpeedPotion"},{"floor":12.0,"key":"AttackPotion"},{"floor":13.0,"key":"Swift Potion"},{"floor":19.0,"key":"AttackPotion"}],"is_trial":false,"path_per_floor":["M","$","M","?","M","R","E","?","T","?","E","M","M","M","R","B",null,"M","M","M","$","M"],"character_chosen":"IRONCLAD","items_purchased":["Armaments","Membership Card","Rupture+1","Second Wind"],"campfire_rested":1,"item_purchase_floors":[2,21,21,21],"current_hp_per_floor":[61,61,61,38,38,38,24,24,24,24,14,11,7,1,23,13,60,40,35,22,22,0,0],"gold":24,"neow_bonus":"BOSS_RELIC","is_daily":false,"chose_seed":false,"campfire_upgraded":1,"win_rate":0.0,"timestamp":1612517870,"path_taken":["M","$","M","?","M","R","E","?","T","?","E","M","M","M","R","BOSS","M","M","M","$","M"],"items_purchased_type":["Card","Relic","Card","Card"],"build_version":"2020-12-22","purchased_purges":1,"victory":false,"max_hp_per_floor":[75,75,75,75,75,75,75,75,75,75,75,75,75,75,75,75,75,75,75,75,75,75,75],"relic_stats":{"counters":[13,58],"Black Star":0,"obtain_stats":[{"Runic Dome":0,"Simple Rune":7,"Blue Doll":9,"Black Star":17,"Membership Card":21,"ReplayTheSpireMod:Lightbulb":11,"Burning Blood":0,"REME_ComplimentaryCards":0,"WarpedTongs":10},{"Runic Dome":0,"Simple Rune":4,"Blue Doll":4,"Black Star":9,"Membership Card":12,"ReplayTheSpireMod:Lightbulb":5,"Burning Blood":0,"REME_ComplimentaryCards":0,"WarpedTongs":4},{"Runic Dome":0,"Simple Rune":18,"Blue Doll":18,"Black Star":35,"Membership Card":52,"ReplayTheSpireMod:Lightbulb":21,"Burning Blood":0,"REME_ComplimentaryCards":0,"WarpedTongs":18}],"WarpedTongs":[40]},"card_choices":[{"not_picked":["Clash","Iron Wave"],"picked":"Run Through","floor":1.0},{"not_picked":["Dropkick","Ghostly Armor"],"picked":"Shrug It Off","floor":3.0},{"not_picked":["Brutality","Blood for Blood"],"picked":"Abandon","floor":5.0},{"not_picked":["Anger","Twin Strike"],"picked":"True Grit","floor":7.0},{"not_picked":["Heavy Blade","Havoc"],"picked":"Flame Barrier","floor":11.0},{"not_picked":["Rage","Dark Embrace"],"picked":"ReplayTheSpireMod:Stacked","floor":12.0},{"not_picked":["ReplayTheSpireMod:Stacked","Anger","Dropkick"],"picked":"SKIP","floor":13.0},{"not_picked":["ReplayTheSpireMod:Stacked","Anger","Dropkick"],"picked":"SKIP","floor":13.0},{"not_picked":["True Grit","Intimidate"],"picked":"Dark Embrace","floor":14.0},{"not_picked":["REME_ACTH","Fiend Fire"],"picked":"Demonic Infusion","floor":16.0},{"not_picked":["True Grit","Cleave"],"picked":"Body Slam","floor":18.0},{"not_picked":["Rampage","Armaments"],"picked":"Pommel Strike+1","floor":19.0},{"not_picked":["conspire:Charge","Massacre","REME_SingleHolding+1"],"picked":"SKIP","floor":20.0}],"player_experience":1276593,"relics_obtained":[{"floor":7.0,"key":"Simple Rune"},{"floor":9.0,"key":"Blue Doll"},{"floor":11.0,"key":"ReplayTheSpireMod:Lightbulb"}],"event_choices":[{"damage_healed":0.0,"max_hp_gain":0.0,"max_hp_loss":0.0,"gold_gain":0.0,"event_name":"Shining Light","player_choice":"Entered Light","floor":4.0,"gold_loss":0.0,"damage_taken":23.0,"cards_upgraded":["Strike_R","LessonLearned"]},{"damage_healed":0.0,"max_hp_gain":0.0,"max_hp_loss":0.0,"gold_gain":0.0,"event_name":"Scrap Ooze","player_choice":"Fled","floor":8.0,"gold_loss":0.0,"damage_taken":0.0},{"damage_healed":0.0,"max_hp_gain":0.0,"max_hp_loss":0.0,"gold_gain":0.0,"event_name":"Accursed Blacksmith","player_choice":"Rummage","floor":10.0,"gold_loss":0.0,"damage_taken":0.0,"relics_obtained":["WarpedTongs"],"cards_obtained":["Pain"]}],"is_beta":false,"boss_relics":[{"not_picked":["reliquary:WritOfMandamus","Philosopher\u0027s Stone"],"picked":"Black Star"}],"items_purged_floors":[21],"is_endless":false,"potions_floor_spawned":[3,7,12,13,19],"killed_by":"Centurion and Healer","ascension_level":20}}