{"host":"n9fx05aq4lr38byd","time":1612548513,"event":{"mods":["BaseMod","Minty Spire (QoL Compilation)","Permanent Neow","Relic Stats"],"gold_per_floor":[116,134,134,146,156,156,166,198,221,34,59,59,59,73,73,147,147,163,176,176,176,176],"floor_reached":21,"language":"ENG","playtime":1030,"items_purged":["Strike_G"],"score":446,"play_id":"12daf551-f598-40e6-81f9-3be074ef49e0","local_time":"20210205180833","is_ascension_mode":true,"campfire_choices":[{"data":"Neutralize","floor":6,"key":"SMITH"},{"floor":13,"key":"REST"},{"data":"Grand Finale","floor":15,"key":"SMITH"}],"circlet_count":0,"master_deck":["AscendersBane","Defend_G","Defend_G","Defend_G","Defend_G","Defend_G","Survivor","Neutralize+1","Grand Finale+1","Flying Knee","Acrobatics","Cloak And Dagger","After Image","Caltrops","Poisoned Stab","Adrenaline","PiercingWail","Outmaneuver+1","Bite","Bite","Bite","Bite","Bite"],"relics":["Ring of the Snake","Letter Opener","Toy Ornithopter","Ancient Tea Set","WristBlade"],"acts_visited":["Exordium","TheCity"],"potions_floor_usage":[7,8,8,11,16,16,21,21],"damage_taken":[{"damage":0,"enemies":"2 Louse","floor":1,"turns":4},{"damage":0,"enemies":"Small Slimes","floor":2,"turns":4},{"damage":10,"enemies":"Jaw Worm","floor":4,"turns":7},{"damage":4,"enemies":"Looter","floor":5,"turns":4},{"damage":11,"enemies":"Lots of Slimes","floor":7,"turns":5},{"damage":23,"enemies":"Lagavulin","floor":8,"turns":9},{"damage":0,"enemies":"Gremlin Nob","floor":11,"turns":3},{"damage":0,"enemies":"Red Slaver","floor":14,"turns":4},{"damage":22,"enemies":"Slime Boss","floor":16,"turns":9},{"damage":23,"enemies":"Spheric Guardian","floor":18,"turns":6},{"damage":35,"enemies":"Chosen","floor":19,"turns":8},{"damage":27,"enemies":"Snecko","floor":21,"turns":6}],"seed_played":"9173625773346669405","potions_obtained":[{"floor":1,"key":"FearPotion"},{"floor":5,"key":"FearPotion"},{"floor":7,"key":"PowerPotion"},{"floor":14,"key":"DistilledChaos"},{"floor":18,"key":"SpeedPotion"},{"floor":19,"key":"Block Potion"}],"is_trial":false,"path_per_floor":["M","M","?","M","M","R","M","E","T","$","E","?","R","M","R","B",null,"M","M","?","M"],"character_chosen":"THE_SILENT","items_purchased":["BlessingOfTheForge","PowerPotion"],"campfire_rested":1,"item_purchase_floors":[10,10],"current_hp_per_floor":[59,59,64,54,50,50,39,16,16,16,21,21,42,42,42,30,61,38,3,3,0,0],"gold":176,"neow_bonus":"TRANSFORM_CARD","is_daily":false,"chose_seed":false,"campfire_upgraded":2,"win_rate":0.0,"timestamp":1612548513,"path_taken":["M","M","?","M","M","R","M","E","T","$","E","?","R","M","R","BOSS","M","M","?","M"],"items_purchased_type":["Potion","Potion"],"build_version":"2020-12-22","purchased_purges":1,"victory":false,"max_hp_per_floor":[66,66,71,71,71,71,71,71,71,71,71,71,71,71,71,71,71,71,71,49,49,49],"relic_stats":{"counters":[12,69],"Letter Opener":[25],"obtain_stats":[{"WristBlade":17,"Letter Opener":8,"Ancient Tea Set":11,"Toy Ornithopter":9,"Ring of the Snake":0},{"WristBlade":9,"Letter Opener":6,"Ancient Tea Set":7,"Toy Ornithopter":6,"Ring of the Snake":0},{"WristBlade":49,"Letter Opener":33,"Ancient Tea Set":36,"Toy Ornithopter":33,"Ring of the Snake":0}],"Toy Ornithopter":25,"Ring of the Snake":[24]},"card_choices":[{"not_picked":["Setup","Sucker Punch"],"picked":"Flying Knee","floor":1},{"not_picked":["Expertise","Finisher"],"picked":"Acrobatics","floor":2},{"not_picked":["Underhanded Strike","Dagger Throw"],"picked":"Cloak And Dagger","floor":4},{"not_picked":["Acrobatics","Choke","Bane"],"picked":"SKIP","floor":5},{"not_picked":["Concentrate","Leg Sweep"],"picked":"After Image","floor":7},{"not_picked":["Prepared","Outmaneuver"],"picked":"Caltrops","floor":8},{"not_picked":["Reflex","Quick Slash","Backflip"],"picked":"SKIP","floor":11},{"not_picked":["Expertise","Quick Slash"],"picked":"Poisoned Stab","floor":14},{"not_picked":["Night Terror","Die Die Die"],"picked":"Adrenaline","floor":16},{"not_picked":["Catalyst","Setup"],"picked":"PiercingWail","floor":18},{"not_picked":["Noxious Fumes","Acrobatics"],"picked":"Outmaneuver+1","floor":19}],"player_experience":833700,"relics_obtained":[{"floor":8,"key":"Letter Opener"},{"floor":9,"key":"Toy Ornithopter"},{"floor":11,"key":"Ancient Tea Set"}],"event_choices":[{"damage_healed":0,"gold_gain":0,"player_choice":"Donut","damage_taken":0,"max_hp_gain":5,"max_hp_loss":0,"event_name":"Big Fish","floor":3,"gold_loss":0},{"damage_healed":0,"gold_gain":0,"player_choice":"Ignored","damage_taken":0,"max_hp_gain":0,"max_hp_loss":0,"event_name":"Shining Light","floor":12,"gold_loss":0},{"damage_healed":0,"gold_gain":0,"player_choice":"Became a vampire","damage_taken":0,"max_hp_gain":0,"max_hp_loss":22,"event_name":"Vampires","floor":20,"gold_loss":0,"cards_obtained":["Bite","Bite","Bite","Bite","Bite"]}],"is_beta":false,"boss_relics":[{"not_picked":["Sozu","Calling Bell"],"picked":"WristBlade"}],"items_purged_floors":[10],"is_endless":false,"potions_floor_spawned":[1,5,7,14,18,19],"killed_by":"Snecko","ascension_level":19}}