{"host":"rantoq7h0pygex6x","time":1612551269,"event":{"mods":["AchievementEnabler","BaseMod","BetterRewards","Minty Spire (QoL Compilation)"],"gold_per_floor":[118,130,130,149,160,160,160,170,170,170,190,245,245,263,263,340,340,360,360,377,395,209,209,209,209],"floor_reached":24,"language":"ENG","playtime":545,"items_purged":["Strike_B","Defend_B","Strike_B","Defend_B"],"score":580,"play_id":"a71d6d2c-2bec-405c-a11f-2618f0c42ccd","local_time":"20210206025429","is_ascension_mode":true,"campfire_choices":[{"data":"Defragment","floor":6,"key":"SMITH"},{"data":"Sunder","floor":13,"key":"SMITH"},{"floor":15,"key":"REST"},{"floor":23,"key":"REST"}],"circlet_count":0,"master_deck":["AscendersBane","Strike_B","Strike_B+1","Defend_B+1","Defend_B+1","Zap","Dualcast","Defragment+1","Stack+1","Ball Lightning","Loop","Glacier","Ball Lightning","Sunder+1","Hologram","Heatsinks","Coolheaded","FTL","Cold Snap","Defragment","Amplify","White Noise","Melter","Undo"],"relics":["Cracked Core","Lee\u0027s Waffle","Symbiotic Virus","War Paint","Bronze Scales","CaptainsWheel","Gremlin Horn","Centennial Puzzle","Empty Cage"],"acts_visited":["Exordium","TheCity"],"potions_floor_usage":[21],"damage_taken":[{"damage":0,"enemies":"Jaw Worm","floor":1,"turns":2},{"damage":0,"enemies":"Cultist","floor":2,"turns":2},{"damage":0,"enemies":"Small Slimes","floor":4,"turns":2},{"damage":2,"enemies":"Blue Slaver","floor":5,"turns":3},{"damage":6,"enemies":"3 Louse","floor":8,"turns":2},{"damage":3,"enemies":"Looter","floor":11,"turns":2},{"damage":20,"enemies":"Red Slaver","floor":14,"turns":3},{"damage":26,"enemies":"Slime Boss","floor":16,"turns":9},{"damage":9,"enemies":"2 Thieves","floor":18,"turns":3},{"damage":35,"enemies":"Shell Parasite","floor":20,"turns":4},{"damage":16,"enemies":"Centurion and Healer","floor":21,"turns":6},{"damage":32,"enemies":"Slavers","floor":24,"turns":1}],"seed_played":"-1550812219622930835","potions_obtained":[{"floor":1,"key":"Dexterity Potion"},{"floor":5,"key":"Dexterity Potion"},{"floor":21,"key":"CultistPotion"}],"is_trial":false,"path_per_floor":["M","M","?","M","M","R","?","M","T","?","M","T","R","M","R","B",null,"M","?","M","M","$","R","E"],"character_chosen":"DEFECT","items_purchased":["Defragment","Stack","Ball Lightning","Lee\u0027s Waffle","Loop","Symbiotic Virus","War Paint","Glacier","Ball Lightning","Bronze Scales","Sunder","Hologram","Heatsinks","Undo"],"campfire_rested":2,"item_purchase_floors":[0,0,0,0,0,0,0,0,0,0,0,0,0,22],"current_hp_per_floor":[78,78,78,78,76,76,76,70,70,47,44,44,44,24,47,21,64,55,55,20,4,4,27,0,0],"gold":209,"neow_bonus":"","is_daily":false,"chose_seed":false,"campfire_upgraded":2,"win_rate":0.0,"timestamp":1612551269,"path_taken":["M","M","?","?","M","R","?","M","T","?","M","?","R","M","R","BOSS","M","?","M","M","$","R","E"],"items_purchased_type":["Card","Card","Card","Relic","Card","Relic","Relic","Card","Card","Relic","Card","Card","Card","Card"],"build_version":"2020-12-22","purchased_purges":4,"victory":false,"max_hp_per_floor":[78,78,78,78,78,78,78,78,78,78,78,78,78,78,78,78,78,78,78,78,78,78,78,78,78],"card_choices":[{"not_picked":["Reprogram","Leap","Sweeping Beam"],"picked":"SKIP","floor":1},{"not_picked":["Stack","Scrape"],"picked":"Coolheaded","floor":2},{"not_picked":["Rebound","Stack"],"picked":"FTL","floor":4},{"not_picked":["Leap","Steam","Hologram"],"picked":"SKIP","floor":5},{"not_picked":["Rebound","Beam Cell","Coolheaded"],"picked":"SKIP","floor":8},{"not_picked":["Leap","Ball Lightning"],"picked":"Cold Snap","floor":11},{"not_picked":["Lockon","Chaos"],"picked":"Defragment","floor":14},{"not_picked":["Hyperbeam","Multi-Cast"],"picked":"Amplify","floor":16},{"not_picked":["Beam Cell","Hologram","Leap"],"picked":"SKIP","floor":18},{"not_picked":["Aggregate","Leap"],"picked":"Melter","floor":20},{"not_picked":["Go for the Eyes","Lockon","Coolheaded"],"picked":"SKIP","floor":21}],"player_experience":981886,"relics_obtained":[{"floor":9,"key":"Gremlin Horn"},{"floor":12,"key":"Centennial Puzzle"}],"event_choices":[{"damage_healed":0,"gold_gain":0,"player_choice":"Cursed","damage_taken":0,"max_hp_gain":0,"max_hp_loss":0,"event_name":"Wheel of Change","floor":3,"gold_loss":0,"cards_obtained":["Decay"]},{"damage_healed":0,"gold_gain":0,"player_choice":"Box","damage_taken":0,"relics_obtained":["CaptainsWheel"],"max_hp_gain":0,"max_hp_loss":0,"event_name":"Big Fish","floor":7,"gold_loss":0,"cards_obtained":["Regret"]},{"damage_healed":0,"gold_gain":0,"player_choice":"Entered Light","damage_taken":23,"max_hp_gain":0,"max_hp_loss":0,"event_name":"Shining Light","floor":10,"gold_loss":0,"cards_upgraded":["Stack","Strike_B"]},{"damage_healed":0,"gold_gain":0,"player_choice":"Read","damage_taken":0,"max_hp_gain":0,"max_hp_loss":0,"event_name":"The Library","floor":19,"gold_loss":0,"cards_obtained":["White Noise"]}],"is_beta":false,"boss_relics":[{"not_picked":["Busted Crown","Black Star"],"picked":"Empty Cage"}],"items_purged_floors":[0,0,0,22],"is_endless":false,"potions_floor_spawned":[1,5,14,21],"killed_by":"Slavers","ascension_level":20}}