{"host":"swphzoo6hmc78epl","time":1612498430,"event":{"mods":["BaseMod","Highlight Path","Minty Spire (QoL Compilation)","Quick Restart"],"gold_per_floor":[114,64,64,87,101,130,140,151,151,164,182,201,216,234,234,330,330,347,262,282,207,226,253,253,25,103,103,133,133,133,162,162,267,267,282,292,342,361,375,375,375],"floor_reached":40,"language":"ENG","playtime":1922,"items_purged":["Strike_B"],"score":608,"play_id":"196a1765-8558-4f22-b81e-83404b635b7c","local_time":"20210204231350","is_ascension_mode":true,"campfire_choices":[{"data":"Chaos","floor":15,"key":"SMITH"},{"floor":24,"key":"REST"},{"floor":30,"key":"REST"},{"data":"Thunder Strike","floor":32,"key":"SMITH"}],"circlet_count":0,"master_deck":["Defend_B","Defend_B","Defend_B","Defend_B","Zap","Dualcast","Compile Driver","Ball Lightning","Lockon","Tempest","White Noise","Electrodynamics","Loop","Chaos+1","Biased Cognition","Lockon+1","Chaos+1","Chaos","Chaos","Hologram+1","Necronomicurse","Thunder Strike+1","Amplify","Creative AI","Double Energy+1","Reinforced Body","Force Field","Defragment"],"relics":["Cracked Core","NeowsBlessing","Bag of Marbles","Regal Pillow","White Beast Statue","SlaversCollar","Prayer Wheel","Orichalcum","OrangePellets","Mummified Hand","Blue Candle","Necronomicon","Red Mask","Nuclear Battery","TungstenRod"],"acts_visited":["Exordium","TheCity","TheBeyond"],"potions_floor_usage":[8,14,18,20,22,22,22,22,23,23,23,28,31,37,39,39],"damage_taken":[{"damage":0,"enemies":"2 Louse","floor":1,"turns":1},{"damage":0,"enemies":"Small Slimes","floor":5,"turns":1},{"damage":0,"enemies":"Gremlin Nob","floor":6,"turns":1},{"damage":2,"enemies":"Jaw Worm","floor":7,"turns":2},{"damage":10,"enemies":"Lots of Slimes","floor":8,"turns":2},{"damage":6,"enemies":"Exordium Thugs","floor":10,"turns":3},{"damage":1,"enemies":"3 Louse","floor":11,"turns":3},{"damage":6,"enemies":"Looter","floor":12,"turns":3},{"damage":1,"enemies":"2 Fungi Beasts","floor":13,"turns":3},{"damage":15,"enemies":"3 Louse","floor":14,"turns":2},{"damage":0,"enemies":"Slime Boss","floor":16,"turns":4},{"damage":25,"enemies":"2 Thieves","floor":18,"turns":3},{"damage":12,"enemies":"Chosen","floor":20,"turns":3},{"damage":20,"enemies":"Sentry and Sphere","floor":22,"turns":4},{"damage":16,"enemies":"Gremlin Leader","floor":23,"turns":3},{"damage":30,"enemies":"Slavers","floor":28,"turns":5},{"damage":9,"enemies":"Masked Bandits","floor":31,"turns":4},{"damage":7,"enemies":"Champ","floor":33,"turns":5},{"damage":10,"enemies":"3 Shapes","floor":35,"turns":3},{"damage":0,"enemies":"3 Darklings","floor":36,"turns":2},{"damage":0,"enemies":"Mind Bloom Boss Battle","floor":37,"turns":3},{"damage":21,"enemies":"Spire Growth","floor":38,"turns":3},{"damage":13,"enemies":"Sphere and 2 Shapes","floor":39,"turns":5},{"damage":44,"enemies":"Reptomancer","floor":40,"turns":2}],"seed_played":"-8781060439926509274","potions_obtained":[{"floor":1,"key":"SkillPotion"},{"floor":7,"key":"DistilledChaos"},{"floor":10,"key":"DuplicationPotion"},{"floor":11,"key":"SteroidPotion"},{"floor":12,"key":"AttackPotion"},{"floor":14,"key":"LiquidBronze"},{"floor":18,"key":"FearPotion"},{"floor":20,"key":"EntropicBrew"},{"floor":22,"key":"DistilledChaos"},{"floor":23,"key":"Regen Potion"},{"floor":28,"key":"ColorlessPotion"},{"floor":31,"key":"Regen Potion"},{"floor":33,"key":"ColorlessPotion"},{"floor":35,"key":"SpeedPotion"},{"floor":37,"key":"SpeedPotion"},{"floor":38,"key":"Block Potion"},{"floor":39,"key":"Strength Potion"}],"is_trial":false,"path_per_floor":["M","?","?","T","M","E","M","M","T","M","M","M","M","M","R","B",null,"M","?","M","?","M","E","R","$","T","?","E","?","R","?","R","B",null,"M","M","?","M","M","E"],"character_chosen":"DEFECT","items_purchased":["OrangePellets"],"campfire_rested":2,"item_purchase_floors":[25],"current_hp_per_floor":[75,75,68,68,68,68,66,56,56,50,49,43,42,27,27,27,75,50,50,38,38,18,2,39,39,39,39,23,7,44,35,35,28,75,65,65,74,53,40,0,0],"gold":375,"neow_bonus":"THREE_ENEMY_KILL","is_daily":false,"chose_seed":false,"campfire_upgraded":2,"win_rate":0.0,"timestamp":1612498430,"path_taken":["M","?","?","?","M","E","M","M","T","M","?","M","M","M","R","BOSS","M","?","M","?","M","E","R","$","T","?","E","?","R","?","R","BOSS","M","M","?","M","M","E"],"items_purchased_type":["Relic"],"build_version":"2020-12-22","purchased_purges":1,"victory":false,"max_hp_per_floor":[75,75,75,75,75,75,75,75,75,75,75,75,75,75,75,75,75,75,75,75,75,75,75,75,75,75,75,75,75,75,75,75,75,75,75,75,75,75,75,75,75],"card_choices":[{"not_picked":["Heatsinks","Steam"],"picked":"Compile Driver","floor":1},{"not_picked":["Hologram","Leap"],"picked":"Beam Cell","floor":5},{"not_picked":["Sunder","Machine Learning"],"picked":"Ball Lightning","floor":6},{"not_picked":["Blizzard","Steam"],"picked":"Go for the Eyes","floor":7},{"not_picked":["Stack","Redo"],"picked":"Lockon","floor":8},{"not_picked":["Double Energy","Coolheaded"],"picked":"Tempest","floor":10},{"not_picked":["Ball Lightning","Coolheaded"],"picked":"White Noise","floor":11},{"not_picked":["Turbo","Rebound"],"picked":"Electrodynamics","floor":12},{"not_picked":["Rebound","Darkness"],"picked":"Loop","floor":13},{"not_picked":["Cold Snap","Steam"],"picked":"Chaos","floor":14},{"not_picked":["Core Surge","Reboot"],"picked":"Biased Cognition","floor":16},{"not_picked":["Barrage","Sweeping Beam"],"picked":"Lockon+1","floor":18},{"not_picked":["Compile Driver","Streamline+1","Skim"],"picked":"SKIP","floor":20},{"not_picked":["Streamline","Go for the Eyes","Ball Lightning+1"],"picked":"SKIP","floor":20},{"not_picked":["Reprogram+1","Compile Driver","Rebound"],"picked":"SKIP","floor":22},{"not_picked":["Multi-Cast","Rebound","Cold Snap"],"picked":"SKIP","floor":22},{"not_picked":["Rip and Tear","Barrage"],"picked":"Chaos+1","floor":23},{"not_picked":["Lockon","Recycle+1"],"picked":"Hologram+1","floor":28},{"not_picked":["Sweeping Beam+1","Stack"],"picked":"Thunder Strike","floor":31},{"not_picked":["Buffer","All For One"],"picked":"Amplify","floor":33},{"not_picked":["Reprogram+1","Rebound+1","Steam Power"],"picked":"SKIP","floor":35},{"not_picked":["Rebound","Beam Cell","Compile Driver+1"],"picked":"SKIP","floor":35},{"not_picked":["Coolheaded","Sweeping Beam","Blizzard+1"],"picked":"SKIP","floor":36},{"not_picked":["Fusion+1","Ball Lightning+1","Go for the Eyes"],"picked":"SKIP","floor":36},{"not_picked":["Compile Driver+1","Fusion"],"picked":"Creative AI","floor":37},{"not_picked":["Coolheaded","Compile Driver+1"],"picked":"Double Energy+1","floor":38},{"not_picked":["Barrage+1","Turbo"],"picked":"Reinforced Body","floor":38},{"not_picked":["Sweeping Beam+1","Streamline"],"picked":"Force Field","floor":39},{"not_picked":["Go for the Eyes","Meteor Strike"],"picked":"Defragment","floor":39}],"player_experience":868393,"relics_obtained":[{"floor":4,"key":"Bag of Marbles"},{"floor":6,"key":"Regal Pillow"},{"floor":9,"key":"White Beast Statue"},{"floor":23,"key":"Orichalcum"},{"floor":26,"key":"Mummified Hand"},{"floor":28,"key":"Blue Candle"},{"floor":29,"key":"Necronomicon"},{"floor":31,"key":"Red Mask"},{"floor":37,"key":"TungstenRod"}],"event_choices":[{"cards_removed":["Strike_B"],"damage_healed":0,"gold_gain":0,"player_choice":"Card Removal","damage_taken":0,"max_hp_gain":0,"max_hp_loss":0,"event_name":"The Cleric","floor":2,"gold_loss":50},{"cards_removed":["Strike_B"],"damage_healed":0,"gold_gain":0,"player_choice":"Card Removal","damage_taken":7,"max_hp_gain":0,"max_hp_loss":0,"event_name":"Golden Wing","floor":3,"gold_loss":0},{"damage_healed":0,"gold_gain":0,"player_choice":"Obtained Relic","damage_taken":0,"relics_obtained":["Prayer Wheel"],"max_hp_gain":0,"max_hp_loss":0,"event_name":"Addict","floor":19,"gold_loss":85},{"cards_removed":["Strike_B"],"damage_healed":0,"gold_gain":0,"player_choice":"Gave Gold","damage_taken":0,"max_hp_gain":0,"max_hp_loss":0,"event_name":"Beggar","floor":21,"gold_loss":75},{"damage_healed":0,"gold_gain":0,"cards_transformed":["Go for the Eyes","Beam Cell"],"player_choice":"Became Test Subject","damage_taken":0,"max_hp_gain":0,"max_hp_loss":0,"event_name":"Drug Dealer","floor":27,"gold_loss":0,"cards_obtained":["Chaos","Chaos"]},{"damage_healed":0,"gold_gain":0,"player_choice":"Obtained Book","damage_taken":16,"max_hp_gain":0,"max_hp_loss":0,"event_name":"Cursed Tome","floor":29,"gold_loss":0},{"damage_healed":0,"gold_gain":0,"player_choice":"Fought Bandits","damage_taken":0,"max_hp_gain":0,"max_hp_loss":0,"event_name":"Masked Bandits","floor":31,"gold_loss":0},{"damage_healed":0,"gold_gain":0,"player_choice":"Fight","damage_taken":0,"max_hp_gain":0,"max_hp_loss":0,"event_name":"MindBloom","floor":37,"gold_loss":0}],"is_beta":false,"boss_relics":[{"not_picked":["Runic Pyramid","Astrolabe"],"picked":"SlaversCollar"},{"not_picked":["Snecko Eye","Coffee Dripper"],"picked":"Nuclear Battery"}],"items_purged_floors":[25],"is_endless":false,"potions_floor_spawned":[1,7,10,11,12,13,14,16,18,20,22,23,28,31,33,35,36,37,38,39],"killed_by":"Reptomancer","ascension_level":3}}