{"host":"jbmvtpvel2a8rbg6","time":1612554850,"event":{"mods":["Aspiration","BaseMod","Better Match","Better Sensory Stone","Better Skull","Conspire","Downfall","Energized Spire","GungeonMod","Hubris","Infinite Spire","Minty Spire (QoL Compilation)","RRrroohrrRGHHhhh!!","Reliquary","Replay The Spire","StSLib","Wandering Minibosses"],"gold_per_floor":[116,82,82,97,115,144,144,144,169,204,204,234,234,248,248,345,345,361,361,361,381,381,408,424,349,349,349,380,398,418,436,436,533,533,550,550,562,578,578,613,613,613,613,613,456,456,491,509,509,509],"floor_reached":51,"language":"ENG","playtime":3990,"items_purged":["WreathOfFlame","Eruption"],"score":663,"play_id":"983e898b-8fa3-45ff-a973-a700414dfa04","local_time":"20210205115410","is_ascension_mode":false,"campfire_choices":[{"data":"PathToVictory","floor":13,"key":"SMITH"},{"data":"PathToVictory","floor":15,"key":"SMITH"},{"data":"hubris:Fate","floor":27,"key":"SMITH"},{"data":"rorgmod:Follow-Up","floor":32,"key":"SMITH"},{"data":"Establishment","floor":42,"key":"SMITH"},{"floor":49,"key":"REST"}],"circlet_count":0,"master_deck":["Strike_P+1","Defend_P","Defend_P","Defend_P","Defend_P+1","Vigilance+1","Wallop","rorgmod:Follow-Up+1","CurseOfTheBell","CurseOfTheBell","Clumsy","PathToVictory+1","PathToVictory+1","MasterReality","DevaForm","hubris:Fate+1","infinitespire:Punishment+1","Flechettes","Unload","Riddle With Holes","WreathOfFlame+1","FlyingSleeves+1","SandsOfTime+1","Establishment+1","PathToVictory","Flash of Steel+1","Pray+1","DevaForm","EmptyBody+1"],"relics":["PureWater","NeowsBlessing","ReplayTheSpireMod:TigerMarble","downfall:ExtraCursedBell","Pet Ghost","infinitespire:CheckeredPen","DemoMod:BigBoy","rorgmod:The Boot","reliquary:Buckler","reliquary:JackalopeAntler","DemoMod:MonsterBlood","Busted Crown","Snack Pack","hubris:Towel","Centennial Puzzle","Quantum Egg","Letter Opener","bronze:MakeshiftBattery","Replay:Kaleidoscope","Mummified Hand","hubris:BundleOfHerbs","infinitespire:Bottled Soul","Strawberry"],"acts_visited":["Exordium","TheCity","TheBeyond"],"potions_floor_usage":[6,6,18,24,29,31,33,40,40,50,50,50],"damage_taken":[{"damage":0,"enemies":"Jaw Worm","floor":1,"turns":1},{"damage":0,"enemies":"Cultist","floor":4,"turns":1},{"damage":0,"enemies":"2 Louse","floor":5,"turns":1},{"damage":19,"enemies":"Gremlin Nob","floor":6,"turns":5},{"damage":8,"enemies":"3 Sentries","floor":10,"turns":9},{"damage":0,"enemies":"Lagavulin","floor":12,"turns":3},{"damage":0,"enemies":"Looter","floor":14,"turns":3},{"damage":34,"enemies":"Hexaghost","floor":16,"turns":8},{"damage":14,"enemies":"Spheric Guardian","floor":18,"turns":4},{"damage":11,"enemies":"Shell Parasite","floor":21,"turns":2},{"damage":9,"enemies":"Replay:Snechameleon","floor":23,"turns":5},{"damage":10,"enemies":"Shelled Parasite and Fungi","floor":24,"turns":4},{"damage":0,"enemies":"Gremlin Leader","floor":28,"turns":5},{"damage":0,"enemies":"conspire:HollyBat","floor":29,"turns":5},{"damage":0,"enemies":"Centurion and Healer","floor":30,"turns":3},{"damage":8,"enemies":"Snake Plant","floor":31,"turns":2},{"damage":36,"enemies":"Automaton","floor":33,"turns":6},{"damage":0,"enemies":"3 Shapes","floor":35,"turns":1},{"damage":0,"enemies":"3 Darklings","floor":37,"turns":2},{"damage":0,"enemies":"4 Shapes","floor":38,"turns":4},{"damage":24,"enemies":"Nemesis","floor":40,"turns":4},{"damage":21,"enemies":"Reptomancer","floor":47,"turns":6},{"damage":10,"enemies":"Maw","floor":48,"turns":5},{"damage":83,"enemies":"Replay:Hell Engine","floor":50,"turns":10}],"seed_played":"-4865624648388616721","potions_obtained":[{"floor":1,"key":"SteroidPotion"},{"floor":3,"key":"LiquidMemories"},{"floor":3,"key":"Toxic Potion"},{"floor":4,"key":"Fruit Juice"},{"floor":14,"key":"Fire Potion"},{"floor":16,"key":"PowerPotion"},{"floor":24,"key":"DistilledChaos"},{"floor":28,"key":"Fruit Juice"},{"floor":30,"key":"BottledMiracle"},{"floor":31,"key":"Dexterity Potion"},{"floor":33,"key":"ColorlessPotion"},{"floor":40,"key":"DuplicationPotion"},{"floor":48,"key":"SpeedPotion"}],"is_trial":false,"path_per_floor":["M","$","?","M","M","E","?","?","T","E","T","E","R","M","R","B",null,"M","AVR","?","M","?","E","M","$","T","R","E","M","M","M","R","B",null,"M","?","M","M","T","E","AVR","R","T","?","$","?","E","M","R","B",null],"character_chosen":"WATCHER","items_purchased":["Wallop","Pray+1"],"campfire_rested":1,"item_purchase_floors":[2,45],"current_hp_per_floor":[72,72,72,72,72,53,58,58,58,50,50,58,58,59,59,25,86,72,72,72,61,61,54,44,44,44,44,48,67,69,66,66,51,91,91,91,91,91,91,72,72,72,72,72,72,72,70,64,94,23],"gold":509,"neow_bonus":"THREE_ENEMY_KILL","is_daily":false,"chose_seed":false,"campfire_upgraded":5,"win_rate":0.0,"timestamp":1612554850,"path_taken":["M","$","?","M","?","E","?","?","T","E","?","E","R","M","R","BOSS","M","AVR","?","?","?","E","M","$","T","R","E","M","M","M","R","BOSS","M","?","M","M","?","E","AVR","R","T","?","$","?","E","M","R","BOSS"],"items_purchased_type":["Card","Card"],"build_version":"2020-12-22","purchased_purges":2,"victory":true,"max_hp_per_floor":[72,72,72,72,72,72,77,77,77,77,77,85,85,86,86,86,86,86,86,86,86,86,86,86,86,86,86,86,86,86,91,91,91,91,91,91,91,91,91,96,96,96,96,96,96,96,103,103,103,103],"card_choices":[{"not_picked":["Protect","JustLucky","Crescendo"],"picked":"SKIP","floor":1},{"not_picked":["EmptyFist","ThirdEye"],"picked":"WreathOfFlame","floor":4},{"not_picked":["Evaluate","Adaptation"],"picked":"rorgmod:Follow-Up","floor":5},{"not_picked":["ThirdEye","Tantrum","Wallop"],"picked":"SKIP","floor":6},{"not_picked":["SashWhip","Sanctity"],"picked":"PathToVictory","floor":10},{"not_picked":["Replay:AtTheReady","Evaluate"],"picked":"PathToVictory","floor":12},{"not_picked":["rorgmod:Follow-Up","FlurryOfBlows"],"picked":"MasterReality","floor":14},{"not_picked":["Scrawl","LessonLearned"],"picked":"DevaForm","floor":16},{"not_picked":["Vengeance"],"picked":"SKIP","floor":18},{"not_picked":["Vengeance"],"picked":"SKIP","floor":21},{"not_picked":["Replay:AtTheReady"],"picked":"SKIP","floor":23},{"not_picked":[],"picked":"WreathOfFlame+1","floor":24},{"not_picked":["Replay:DivineShield"],"picked":"SKIP","floor":28},{"not_picked":[],"picked":"FlyingSleeves+1","floor":29},{"not_picked":[],"picked":"SandsOfTime+1","floor":30},{"not_picked":["CutThroughFate+1"],"picked":"SKIP","floor":31},{"not_picked":[],"picked":"Establishment","floor":33},{"not_picked":["JustLucky"],"picked":"SKIP","floor":35},{"not_picked":[],"picked":"PathToVictory","floor":37},{"not_picked":["DeceiveReality+1"],"picked":"SKIP","floor":38},{"not_picked":["ThirdEye"],"picked":"SKIP","floor":40},{"not_picked":[],"picked":"Flash of Steel+1","floor":44},{"not_picked":["Replay:ManipulateFuture+1"],"picked":"SKIP","floor":47},{"not_picked":[],"picked":"EmptyBody+1","floor":48}],"player_experience":840137,"relics_obtained":[{"floor":6,"key":"ReplayTheSpireMod:TigerMarble"},{"floor":7,"key":"Pet Ghost"},{"floor":7,"key":"infinitespire:CheckeredPen"},{"floor":7,"key":"DemoMod:BigBoy"},{"floor":9,"key":"rorgmod:The Boot"},{"floor":10,"key":"reliquary:Buckler"},{"floor":11,"key":"reliquary:JackalopeAntler"},{"floor":12,"key":"DemoMod:MonsterBlood"},{"floor":23,"key":"Centennial Puzzle"},{"floor":26,"key":"Quantum Egg"},{"floor":28,"key":"Letter Opener"},{"floor":39,"key":"Replay:Kaleidoscope"},{"floor":40,"key":"Mummified Hand"},{"floor":43,"key":"infinitespire:Bottled Soul"},{"floor":47,"key":"Strawberry"}],"event_choices":[{"damage_healed":0,"gold_gain":0,"player_choice":"Got Potions","damage_taken":0,"max_hp_gain":0,"max_hp_loss":0,"event_name":"Lab","floor":3,"gold_loss":0},{"damage_healed":0,"gold_gain":0,"player_choice":"Ignored","damage_taken":0,"max_hp_gain":0,"max_hp_loss":0,"event_name":"Tomb of Lord Red Mask","floor":36,"gold_loss":0},{"damage_healed":0,"gold_gain":0,"player_choice":"2","damage_taken":0,"max_hp_gain":0,"max_hp_loss":0,"event_name":"betterMatch:BetterMatch","floor":44,"gold_loss":0,"cards_obtained":["betterMatch:ColorlessUncommonCard"]}],"is_beta":false,"boss_relics":[{"not_picked":["hubris:TerracottaHorce","Replay:Ancient Bell"],"picked":"Busted Crown"},{"not_picked":["Runic Pyramid","energizedSpire:DeadBattery"],"picked":"bronze:MakeshiftBattery"}],"items_purged_floors":[25,45],"is_endless":false,"potions_floor_spawned":[1,4,14,16,24,28,30,31,33,40,48],"ascension_level":0}}