{"host":"d4nr47a59rmbesnz","time":1612533051,"event":{"mods":["A Magickal Journey","BaseMod","Better Third Choice","Hermit","Minty Spire (QoL Compilation)","Quick Restart","Replay The Spire","Shade Mod","StSLib","The Bladedancer","The Cursed","The Death Knight","The Disciple","The Forsaken","The Hierophant","The Necromancer","The Spell Scribe","The Valiant"],"gold_per_floor":[116,126,20,20,38,38,73,73,98,109,109,125,155,172,172,276,276,289,12,12,12,23,23,57,57,139,139,139],"floor_reached":27,"language":"ENG","playtime":4373,"items_purged":[],"score":241,"play_id":"758f5a9d-7957-420c-842c-b1d656ce82ba","local_time":"20210205165051","is_ascension_mode":false,"campfire_choices":[{"data":"Flex","floor":6,"key":"SMITH"},{"data":"Flame Barrier","floor":8,"key":"SMITH"},{"floor":15,"key":"REST"},{"floor":23,"key":"REST"},{"floor":25,"key":"REST"}],"circlet_count":0,"master_deck":["Strike_R","Strike_R","Strike_R","Strike_R","Strike_R","Defend_R","Defend_R","Defend_R","Defend_R","Bash+1","Flex+1","Thunderclap+1","Rupture","Pommel Strike","Flame Barrier+1","Flex","Combust+1","Demon Form+1","Heavy Blade","Demon Form+1","Flex+1","Combust","Anger+1","ReplayTheSpireMod:Strike From Hell+1","Twin Strike"],"relics":["Black Blood","Toy Ornithopter","Gremlin Food","ReplayFunnel","Toolbox","HornCleat","Gremlin Horn"],"acts_visited":["Exordium","TheCity"],"potions_floor_usage":[7,13,24,24],"damage_taken":[{"damage":0,"enemies":"Small Slimes","floor":1,"turns":4},{"damage":1,"enemies":"Cultist","floor":2,"turns":3},{"damage":8,"enemies":"2 Louse","floor":5,"turns":3},{"damage":30,"enemies":"3 Sentries","floor":7,"turns":6},{"damage":16,"enemies":"Large Slime","floor":10,"turns":5},{"damage":25,"enemies":"Exordium Wildlife","floor":12,"turns":6},{"damage":39,"enemies":"Lagavulin","floor":13,"turns":6},{"damage":19,"enemies":"Blue Slaver","floor":14,"turns":5},{"damage":60,"enemies":"Fading Forest","floor":16,"turns":11},{"damage":38,"enemies":"3 Byrds","floor":18,"turns":5},{"damage":24,"enemies":"Spheric Guardian","floor":22,"turns":5},{"damage":61,"enemies":"Book of Stabbing","floor":24,"turns":5},{"damage":54,"enemies":"Gremlin Leader","floor":27,"turns":5}],"seed_played":"6639317311624369731","potions_obtained":[{"floor":5,"key":"Ancient Potion"},{"floor":7,"key":"Toxic Potion"},{"floor":12,"key":"CultistPotion"},{"floor":14,"key":"BloodPotion"}],"is_trial":false,"path_per_floor":["M","M","$","?","M","R","E","R","T","M","?","M","E","M","R","B",null,"M","$","?","?","M","R","E","R","T","E"],"character_chosen":"IRONCLAD","items_purchased":["Explosive Potion","Rupture","Toolbox","Combust","Anger"],"campfire_rested":3,"item_purchase_floors":[3,3,19,19,19],"current_hp_per_floor":[88,88,88,88,86,86,62,62,62,52,88,69,41,28,54,24,88,62,62,62,36,24,50,28,54,54,0,0],"gold":139,"neow_bonus":"TEN_PERCENT_HP_BONUS","is_daily":false,"chose_seed":false,"campfire_upgraded":2,"win_rate":0.0,"timestamp":1612533051,"path_taken":["M","M","$","?","M","R","E","R","T","M","?","M","E","M","R","BOSS","M","$","?","?","M","R","E","R","T","E"],"items_purchased_type":["Potion","Card","Relic","Card","Card"],"build_version":"2020-12-22","purchased_purges":0,"victory":false,"max_hp_per_floor":[88,88,88,88,88,88,88,88,88,88,88,88,88,88,88,88,88,88,88,88,88,88,88,88,88,88,88,88],"card_choices":[{"not_picked":["Clash","Thunderclap"],"picked":"Flex","floor":1},{"not_picked":["Body Slam","Armaments"],"picked":"Thunderclap","floor":2},{"not_picked":["Battle Trance","Headbutt"],"picked":"Pommel Strike","floor":5},{"not_picked":["Thunderclap","ReplayReversal"],"picked":"Flame Barrier","floor":7},{"not_picked":["Warcry","Armaments"],"picked":"Flex","floor":10},{"not_picked":["Dark Embrace","Second Wind"],"picked":"Combust","floor":12},{"not_picked":["Pummel","Feel No Pain"],"picked":"Demon Form","floor":13},{"not_picked":["Replay:Undeath\u0027s Touch","Shockwave"],"picked":"Heavy Blade","floor":14},{"not_picked":["Brutality","Berserk"],"picked":"Demon Form","floor":16},{"not_picked":["Clothesline","ReplayTheSpireMod:Corrosion Curse"],"picked":"Flex+1","floor":18},{"not_picked":["Heavy Blade","Twin Strike"],"picked":"ReplayTheSpireMod:Strike From Hell+1","floor":22},{"not_picked":["ReplayTheSpireMod:Muscle Training","Demon Form"],"picked":"Twin Strike","floor":24}],"player_experience":76151,"relics_obtained":[{"floor":7,"key":"Toy Ornithopter"},{"floor":9,"key":"Gremlin Food"},{"floor":13,"key":"ReplayFunnel"},{"floor":24,"key":"HornCleat"},{"floor":26,"key":"Gremlin Horn"}],"event_choices":[{"cards_removed":["Rupture"],"damage_healed":36,"gold_gain":0,"player_choice":"Offered Uncommon","damage_taken":0,"max_hp_gain":0,"max_hp_loss":0,"event_name":"Bonfire Elementals","floor":11,"gold_loss":0},{"damage_healed":0,"gold_gain":0,"player_choice":"Ignored","damage_taken":0,"max_hp_gain":0,"max_hp_loss":0,"event_name":"Cursed Tome","floor":20,"gold_loss":0}],"is_beta":false,"boss_relics":[{"not_picked":["Cursed Key","Busted Crown"],"picked":"Black Blood"}],"items_purged_floors":[],"is_endless":false,"potions_floor_spawned":[5,7,12,14,22],"killed_by":"Gremlin Leader","ascension_level":0}}