{"host":"aq3xpixvif6gmjmv","time":1612518655,"event":{"mods":["BaseMod","CapriCore","Colored Map","Colored Powertips","Friendly Minions","Minty Spire (QoL Compilation)","StSLib","SuperFastMode","The Hierophant"],"gold_per_floor":[119,137,137,153,3,3,19,48,48,48,82,82,157,57,57,156,156,166,166,41,121,131,160,160,190,190,190,190,222,255,275,287,396,408,436,448,510,382,428,455,93,93,120,120,120,120,120,145,145,145],"floor_reached":51,"language":"KOR","playtime":1780,"items_purged":["Strike_R","Strike_R","Defend_R","Strike_R"],"score":911,"play_id":"cecdac80-9601-4879-af1f-d8e8ebddc42a","local_time":"20210205185055","daily_mods":["Vintage","Heirloom","Flight"],"is_ascension_mode":false,"campfire_choices":[{"data":"Warcry","floor":6,"key":"SMITH"},{"data":"Bash","floor":10,"key":"SMITH"},{"data":"Warcry","floor":12,"key":"SMITH"},{"data":"Battle Trance","floor":15,"key":"SMITH"},{"data":"Double Tap","floor":28,"key":"SMITH"},{"data":"Armaments","floor":32,"key":"SMITH"},{"data":"Pommel Strike","floor":42,"key":"SMITH"},{"data":"Iron Wave","floor":44,"key":"SMITH"},{"data":"Immolate","floor":46,"key":"SMITH"},{"data":"Twin Strike","floor":49,"key":"SMITH"}],"circlet_count":0,"master_deck":["Defend_R","Bash+1","Iron Wave+1","Warcry+1","Battle Trance+1","Warcry+1","Armaments+1","Double Tap+1","Pommel Strike+1","Headbutt+1","Twin Strike+1","Immolate+1","Shrug It Off+1"],"relics":["Burning Blood","Thread and Needle","Pear","Self Forming Clay","Gremlin Horn","HornCleat","TungstenRod","Bronze Scales","StrikeDummy","Mummified Hand","Sozu","Nunchaku","InkBottle","The Courier","Question Card","Red Mask","Turnip","Ice Cream","Vajra","Ornamental Fan","MawBank","Empty Cage","Bottled Flame","CaptainsWheel","Bird Faced Urn","Potion Belt","Gambling Chip","Bag of Preparation","Lantern","Oddly Smooth Stone","Happy Flower"],"acts_visited":["Exordium","TheCity","TheBeyond"],"potions_floor_usage":[16,23],"damage_taken":[{"damage":0,"enemies":"Cultist","floor":1,"turns":4},{"damage":0,"enemies":"2 Louse","floor":2,"turns":3},{"damage":1,"enemies":"Small Slimes","floor":4,"turns":3},{"damage":1,"enemies":"Looter","floor":7,"turns":3},{"damage":29,"enemies":"Lagavulin","floor":8,"turns":9},{"damage":0,"enemies":"3 Sentries","floor":11,"turns":6},{"damage":26,"enemies":"The Guardian","floor":16,"turns":9},{"damage":6,"enemies":"Spheric Guardian","floor":18,"turns":5},{"damage":0,"enemies":"Chosen","floor":22,"turns":3},{"damage":20,"enemies":"Slavers","floor":23,"turns":5},{"damage":5,"enemies":"Masked Bandits","floor":25,"turns":4},{"damage":4,"enemies":"Gremlin Leader","floor":29,"turns":5},{"damage":0,"enemies":"Book of Stabbing","floor":30,"turns":3},{"damage":0,"enemies":"Centurion and Healer","floor":31,"turns":4},{"damage":33,"enemies":"Collector","floor":33,"turns":9},{"damage":0,"enemies":"Orb Walker","floor":35,"turns":2},{"damage":0,"enemies":"Mind Bloom Boss Battle","floor":37,"turns":3},{"damage":12,"enemies":"2 Orb Walkers","floor":39,"turns":3},{"damage":0,"enemies":"Reptomancer","floor":40,"turns":2},{"damage":0,"enemies":"Nemesis","floor":48,"turns":3},{"damage":34,"enemies":"Awakened One","floor":50,"turns":8}],"seed_played":"-5216274183829462489","potions_obtained":[{"floor":1,"key":"Explosive Potion"},{"floor":2,"key":"CultistPotion"},{"floor":8,"key":"LiquidBronze"},{"floor":11,"key":"Swift Potion"}],"is_trial":true,"path_per_floor":["M","M","?","M","$","R","M","E","T","R","E","R","?","$","R","B",null,"M","?","$","T","M","E","$","?","T","?","R","E","E","M","R","B",null,"M","?","?","$","?","E","$","R","T","R","T","R","?","E","R","B",null],"character_chosen":"IRONCLAD","items_purchased":["Iron Wave","Warcry","Twin Strike","Gambling Chip","Bag of Preparation"],"campfire_rested":0,"item_purchase_floors":[5,5,38,41,41],"current_hp_per_floor":[90,90,83,88,88,88,90,67,67,67,73,73,63,63,63,43,90,90,90,90,90,90,76,76,77,77,77,77,79,85,90,90,63,90,90,90,90,90,84,90,90,90,90,90,90,90,85,85,85,57],"gold":145,"neow_bonus":"","is_daily":false,"chose_seed":false,"campfire_upgraded":10,"win_rate":0.0,"timestamp":1612518655,"path_taken":["M","?","?","M","$","R","M","E","T","R","E","R","?","$","R","BOSS","M","?","$","?","?","E","$","?","T","?","R","E","E","?","R","BOSS","M","?","?","$","?","E","$","R","T","R","?","R","?","E","R","BOSS"],"items_purchased_type":["Card","Card","Card","Relic","Relic"],"build_version":"2020-12-22","purchased_purges":4,"victory":true,"max_hp_per_floor":[90,90,90,90,90,90,90,90,90,90,90,90,90,90,90,90,90,90,90,90,90,90,90,90,90,90,90,90,90,90,90,90,90,90,90,90,90,90,90,90,90,90,90,90,90,90,85,85,85,85],"card_choices":[{"not_picked":["Headbutt","Juggernaut"],"picked":"Battle Trance","floor":8},{"not_picked":["Searing Blow","Exhume"],"picked":"Warcry","floor":11},{"not_picked":["Searing Blow","Dual Wield"],"picked":"Double Tap","floor":23},{"not_picked":["Bloodletting","Second Wind","Hemokinesis"],"picked":"Pommel Strike","floor":29},{"not_picked":["Fire Breathing","Havoc","Pommel Strike","Clash"],"picked":"SKIP","floor":30},{"not_picked":["Thunderclap+1","Clothesline+1","True Grit+1"],"picked":"Headbutt+1","floor":37},{"not_picked":["Bloodletting+1","Sever Soul","Pommel Strike+1"],"picked":"Immolate","floor":39},{"not_picked":["Combust+1","Armaments+1","Warcry"],"picked":"Shrug It Off+1","floor":40},{"not_picked":["Dual Wield","Havoc","Clothesline","Dark Embrace"],"picked":"SKIP","floor":48}],"player_experience":408501,"relics_obtained":[{"floor":1,"key":"Pear"},{"floor":2,"key":"Self Forming Clay"},{"floor":4,"key":"HornCleat"},{"floor":7,"key":"TungstenRod"},{"floor":8,"key":"Bronze Scales"},{"floor":9,"key":"StrikeDummy"},{"floor":11,"key":"Mummified Hand"},{"floor":18,"key":"Nunchaku"},{"floor":21,"key":"InkBottle"},{"floor":22,"key":"The Courier"},{"floor":23,"key":"Question Card"},{"floor":25,"key":"Red Mask"},{"floor":26,"key":"Turnip"},{"floor":29,"key":"Vajra"},{"floor":30,"key":"Ornamental Fan"},{"floor":31,"key":"MawBank"},{"floor":35,"key":"Bottled Flame"},{"floor":37,"key":"CaptainsWheel"},{"floor":39,"key":"Bird Faced Urn"},{"floor":40,"key":"Potion Belt"},{"floor":43,"key":"Lantern"},{"floor":45,"key":"Oddly Smooth Stone"},{"floor":48,"key":"Happy Flower"}],"event_choices":[{"damage_healed":0,"gold_gain":0,"player_choice":"Success","damage_taken":7,"relics_obtained":["Gremlin Horn"],"max_hp_gain":0,"max_hp_loss":0,"event_name":"Scrap Ooze","floor":3,"gold_loss":0},{"damage_healed":0,"gold_gain":75,"player_choice":"Gather Gold","damage_taken":11,"max_hp_gain":0,"max_hp_loss":0,"event_name":"World of Goop","floor":13,"gold_loss":0},{"damage_healed":0,"gold_gain":0,"cards_transformed":["Defend_R"],"player_choice":"Transformed","damage_taken":0,"max_hp_gain":0,"max_hp_loss":0,"event_name":"Transmorgrifier","floor":19,"gold_loss":0,"cards_obtained":["Armaments"]},{"damage_healed":0,"gold_gain":0,"player_choice":"Fought Bandits","damage_taken":0,"max_hp_gain":0,"max_hp_loss":0,"event_name":"Masked Bandits","floor":25,"gold_loss":0},{"damage_healed":0,"gold_gain":0,"player_choice":"Gave Potion","damage_taken":0,"relics_obtained":["Ice Cream"],"max_hp_gain":0,"max_hp_loss":0,"event_name":"WeMeetAgain","floor":27,"gold_loss":0},{"cards_removed":["Strike_R"],"damage_healed":0,"gold_gain":0,"player_choice":"Removed Attack","damage_taken":0,"max_hp_gain":0,"max_hp_loss":0,"event_name":"Falling","floor":36,"gold_loss":0},{"damage_healed":0,"gold_gain":0,"player_choice":"Fight","damage_taken":0,"max_hp_gain":0,"max_hp_loss":0,"event_name":"MindBloom","floor":37,"gold_loss":0},{"damage_healed":0,"gold_gain":0,"player_choice":"Fight","damage_taken":0,"max_hp_gain":0,"max_hp_loss":0,"event_name":"Mysterious Sphere","floor":39,"gold_loss":0},{"damage_healed":0,"gold_gain":0,"player_choice":"Max HP","damage_taken":0,"max_hp_gain":0,"max_hp_loss":5,"event_name":"Winding Halls","floor":47,"gold_loss":0}],"is_beta":false,"boss_relics":[{"not_picked":["Pandora\u0027s Box","Tiny House"],"picked":"Sozu"},{"not_picked":["Astrolabe","Runic Cube"],"picked":"Empty Cage"}],"items_purged_floors":[5,14,20,38],"is_endless":false,"potions_floor_spawned":[1,2,8,11,18,22,25,30,37,48],"ascension_level":0}}