{"host":"kh6fvhxn285ncg0o","time":1612496399,"event":{"mods":["Act Like it!","BaseMod","Colored Map","Friendly Minions","Keyboard Shortcuts","Minty Spire (QoL Compilation)","Quick Restart","Relic Stats","StSLib","SuperFastMode","UnlockEverythingMod"],"gold_per_floor":[116,116,116,133,149,174,192,220,232,278,290,321,345,375,387,472,484,515,542,568,580,507,549,561,153,153,180,180,214,231,263,263,334,334,349,349,349,249,266,294,294,324,348,376,401,276,276,304,304,304,304,304,304,131,162,162],"floor_reached":57,"language":"KOR","playtime":2165,"items_purged":["Pain","Strike_R","Strike_R"],"score":3307,"play_id":"cb9bacb3-6a55-49cb-a700-baa095c2ef5c","local_time":"20210205123959","is_ascension_mode":true,"campfire_choices":[{"floor":11.0,"key":"REST"},{"data":"Bash","floor":15.0,"key":"SMITH"},{"data":"Bludgeon","floor":24,"key":"SMITH"},{"data":"Feel No Pain","floor":32,"key":"SMITH"},{"data":"Juggernaut","floor":47,"key":"SMITH"},{"floor":49,"key":"RECALL"},{"data":"Shrug It Off","floor":53,"key":"SMITH"}],"circlet_count":0,"master_deck":["AscendersBane","Strike_R","Defend_R","Defend_R","Defend_R","Defend_R","Bash+1","Hemokinesis","Shrug It Off+1","Intimidate","Shrug It Off","Bludgeon+1","Power Through","Battle Trance","Feed","Entrench","Carnage","Headbutt","Evolve","Disarm","Second Wind","Feel No Pain+1","Juggernaut+1","Corruption","Body Slam","Immolate","Apotheosis","Shrug It Off","Flame Barrier","Corruption","Burning Pact"],"relics":["Burning Blood","Dead Branch","WarpedTongs","Orichalcum","MawBank","Self Forming Clay","CaptainsWheel","Snecko Eye","Red Skull","HornCleat","Omamori","Centennial Puzzle","Magic Flower","Bronze Scales","Bag of Marbles","Lantern","Calling Bell","Blood Vial","Mercury Hourglass","WingedGreaves","MealTicket","Pantograph","Art of War","TungstenRod","Mango","Orrery","Lizard Tail"],"acts_visited":["Exordium","TheCity","TheBeyond","TheEnding"],"potions_floor_usage":[16,20,23,31,56,56],"damage_taken":[{"damage":15.0,"enemies":"Small Slimes","floor":1.0,"turns":6.0},{"damage":4.0,"enemies":"2 Louse","floor":4.0,"turns":5.0},{"damage":2.0,"enemies":"Cultist","floor":5.0,"turns":3.0},{"damage":35.0,"enemies":"Gremlin Nob","floor":6.0,"turns":4.0},{"damage":9.0,"enemies":"Blue Slaver","floor":7.0,"turns":4.0},{"damage":18.0,"enemies":"3 Sentries","floor":8.0,"turns":8.0},{"damage":25.0,"enemies":"Gremlin Nob","floor":10.0,"turns":4.0},{"damage":6.0,"enemies":"Looter","floor":12.0,"turns":3.0},{"damage":6.0,"enemies":"Large Slime","floor":13.0,"turns":4.0},{"damage":5.0,"enemies":"Exordium Wildlife","floor":14.0,"turns":4.0},{"damage":19,"enemies":"Hexaghost","floor":16,"turns":9},{"damage":4,"enemies":"Chosen","floor":18,"turns":3},{"damage":12,"enemies":"Shell Parasite","floor":19,"turns":3},{"damage":19,"enemies":"Snake Plant","floor":20,"turns":6},{"damage":16,"enemies":"Slavers","floor":23,"turns":5},{"damage":8,"enemies":"Book of Stabbing","floor":27,"turns":4},{"damage":22,"enemies":"Slavers","floor":29,"turns":5},{"damage":2,"enemies":"Centurion and Healer","floor":30,"turns":6},{"damage":41,"enemies":"Gremlin Leader","floor":31,"turns":6},{"damage":34,"enemies":"Automaton","floor":33,"turns":8},{"damage":3,"enemies":"3 Darklings","floor":35,"turns":5},{"damage":6,"enemies":"Orb Walker","floor":39,"turns":3},{"damage":0,"enemies":"Giant Head","floor":40,"turns":5},{"damage":0,"enemies":"Nemesis","floor":42,"turns":5},{"damage":8,"enemies":"Reptomancer","floor":44,"turns":2},{"damage":2,"enemies":"Mind Bloom Boss Battle","floor":45,"turns":3},{"damage":27,"enemies":"Nemesis","floor":48,"turns":9},{"damage":3,"enemies":"Awakened One","floor":50,"turns":6},{"damage":19,"enemies":"Donu and Deca","floor":51,"turns":6},{"damage":7,"enemies":"Shield and Spear","floor":55,"turns":2},{"damage":47,"enemies":"The Heart","floor":56,"turns":10}],"seed_played":"-2435596785862254985","potions_obtained":[{"floor":4.0,"key":"BloodPotion"},{"floor":5.0,"key":"FearPotion"},{"floor":10.0,"key":"ColorlessPotion"},{"floor":12.0,"key":"HeartOfIron"},{"floor":18,"key":"Regen Potion"},{"floor":20,"key":"SteroidPotion"},{"floor":23,"key":"Strength Potion"},{"floor":27,"key":"Fruit Juice"},{"floor":33,"key":"GamblersBrew"},{"floor":35,"key":"SpeedPotion"},{"floor":40,"key":"Ancient Potion"}],"is_trial":false,"path_per_floor":["M","?","?","M","M","E","M","E","T","E","R","M","M","M","R","B",null,"M","M","M","?","?","E","R","$","T","E","?","E","M","E","R","B",null,"M","?","?","$","M","E","?","E","T","E","?","$","R","E","R","B","B",null,"R","$","E","B",null],"character_chosen":"IRONCLAD","items_purchased":["Omamori","Centennial Puzzle","Orrery"],"campfire_rested":1,"item_purchase_floors":[25,25,54],"current_hp_per_floor":[41,66,66,68,72,43,40,28,28,9,31,46,46,47,47,34,65,70,67,73,73,73,66,66,66,66,72,72,59,71,53,53,28,84,99,99,107,107,110,110,100,110,110,113,113,113,113,115,115,135,125,133,133,135,135,97],"gold":162,"neow_bonus":"ONE_RARE_RELIC","is_daily":false,"chose_seed":false,"campfire_upgraded":5,"win_rate":0.0,"timestamp":1612496399,"path_taken":["M","?","?","M","M","E","M","E","T","E","R","M","?","M","R","BOSS","M","M","M","?","?","E","R","$","T","E","?","E","M","E","R","BOSS","M","?","?","$","?","E","?","E","T","E","?","$","R","E","R","BOSS","BOSS","R","$","E","BOSS"],"items_purchased_type":["Relic","Relic","Relic"],"build_version":"2020-12-22","purchased_purges":3,"victory":true,"max_hp_per_floor":[75,75,75,75,75,75,75,75,75,75,75,75,75,75,75,75,75,78,81,85,85,85,88,88,88,88,91,91,91,94,103,103,103,103,107,107,107,107,110,110,110,110,110,113,113,113,113,131,131,135,135,135,135,135,135,135],"relic_stats":{"counters":[31,156],"Self Forming Clay":[225],"Dead Branch":[364],"Magic Flower":[50],"Orichalcum":[120],"MawBank":204,"Burning Blood":198,"WarpedTongs":[142],"Mercury Hourglass":[198],"Blood Vial":6,"Centennial Puzzle":[42],"Lizard Tail":0,"Bronze Scales":[344],"Pantograph":16,"Snecko Eye":[182,206,199,193],"MealTicket":2,"Art of War":[5],"obtain_stats":[{"Lantern":31,"Magic Flower":26,"Mango":48,"Burning Blood":0,"Blood Vial":34,"Centennial Puzzle":25,"Lizard Tail":55,"HornCleat":23,"Pantograph":42,"MealTicket":40,"WingedGreaves":34,"Red Skull":22,"Self Forming Clay":9,"Dead Branch":0,"Omamori":25,"Orichalcum":6,"MawBank":8,"WarpedTongs":3,"Mercury Hourglass":34,"Calling Bell":34,"CaptainsWheel":10,"Bronze Scales":27,"Snecko Eye":17,"Orrery":54,"Bag of Marbles":29,"Art of War":44,"TungstenRod":45},{"Lantern":19,"Magic Flower":15,"Mango":27,"Burning Blood":0,"Blood Vial":20,"Centennial Puzzle":15,"Lizard Tail":30,"HornCleat":15,"Pantograph":24,"MealTicket":23,"WingedGreaves":20,"Red Skull":14,"Self Forming Clay":6,"Dead Branch":0,"Omamori":15,"Orichalcum":4,"MawBank":6,"WarpedTongs":1,"Mercury Hourglass":20,"Calling Bell":20,"CaptainsWheel":7,"Bronze Scales":16,"Snecko Eye":11,"Orrery":29,"Bag of Marbles":17,"Art of War":25,"TungstenRod":26},{"Lantern":92,"Magic Flower":71,"Mango":132,"Burning Blood":0,"Blood Vial":100,"Centennial Puzzle":71,"Lizard Tail":146,"HornCleat":71,"Pantograph":118,"MealTicket":113,"WingedGreaves":100,"Red Skull":66,"Self Forming Clay":30,"Dead Branch":0,"Omamori":71,"Orichalcum":18,"MawBank":30,"WarpedTongs":6,"Mercury Hourglass":100,"Calling Bell":100,"CaptainsWheel":34,"Bronze Scales":75,"Snecko Eye":54,"Orrery":144,"Bag of Marbles":80,"Art of War":120,"TungstenRod":123}],"TungstenRod":23},"card_choices":[{"not_picked":["Twin Strike","Rupture"],"picked":"Hemokinesis","floor":1.0},{"not_picked":["Heavy Blade","Sever Soul"],"picked":"Shrug It Off","floor":5.0},{"not_picked":["Hemokinesis","Bludgeon"],"picked":"Intimidate","floor":6.0},{"not_picked":["Cleave","Inflame","Iron Wave"],"picked":"SKIP","floor":7.0},{"not_picked":["Headbutt","Wild Strike"],"picked":"Shrug It Off","floor":8.0},{"not_picked":["Headbutt","Whirlwind"],"picked":"Bludgeon","floor":10.0},{"not_picked":["True Grit","Wild Strike"],"picked":"Power Through","floor":12.0},{"not_picked":["Cleave","Headbutt","Flex"],"picked":"SKIP","floor":13.0},{"not_picked":["Rampage","Clothesline"],"picked":"Battle Trance","floor":14.0},{"not_picked":["Berserk","Impervious"],"picked":"Feed","floor":16},{"not_picked":["Clothesline","Rage","Evolve"],"picked":"SKIP","floor":18},{"not_picked":["Carnage+1","Perfected Strike"],"picked":"Entrench","floor":19},{"not_picked":["Perfected Strike","Cleave+1"],"picked":"Carnage","floor":20},{"not_picked":["Twin Strike","Shrug It Off","Clothesline"],"picked":"SKIP","floor":23},{"not_picked":["Thunderclap","Limit Break"],"picked":"Disarm","floor":27},{"not_picked":["Warcry","Rupture","Brutality"],"picked":"SKIP","floor":29},{"not_picked":["Searing Blow","Seeing Red"],"picked":"Feel No Pain","floor":30},{"not_picked":["Pommel Strike","Wild Strike"],"picked":"Juggernaut","floor":31},{"not_picked":["Berserk","Offering"],"picked":"Corruption","floor":33},{"not_picked":["Inflame+1","Evolve"],"picked":"Body Slam","floor":35},{"not_picked":["Body Slam","Carnage","Cleave"],"picked":"SKIP","floor":39},{"not_picked":["Metallicize","Wild Strike"],"picked":"Immolate","floor":40},{"not_picked":["Master of Strategy","Bandage Up"],"picked":"Apotheosis","floor":41},{"not_picked":["Iron Wave+1","Havoc","Twin Strike"],"picked":"SKIP","floor":42},{"not_picked":["Dropkick+1","Rupture","Thunderclap+1"],"picked":"SKIP","floor":44},{"not_picked":["Dropkick+1","Rupture","Thunderclap+1"],"picked":"SKIP","floor":44},{"not_picked":["Body Slam","Sword Boomerang"],"picked":"Shrug It Off","floor":48},{"not_picked":["Body Slam","Perfected Strike+1"],"picked":"Flame Barrier","floor":54},{"not_picked":["Inflame","Metallicize+1"],"picked":"Corruption","floor":54},{"not_picked":["Brutality","Flex"],"picked":"Burning Pact","floor":55}],"player_experience":1320999,"relics_obtained":[{"floor":6.0,"key":"Orichalcum"},{"floor":8.0,"key":"MawBank"},{"floor":9.0,"key":"Self Forming Clay"},{"floor":10.0,"key":"CaptainsWheel"},{"floor":23,"key":"HornCleat"},{"floor":26,"key":"Magic Flower"},{"floor":27,"key":"Bronze Scales"},{"floor":29,"key":"Bag of Marbles"},{"floor":31,"key":"Lantern"},{"floor":34,"key":"Blood Vial"},{"floor":34,"key":"Mercury Hourglass"},{"floor":34,"key":"WingedGreaves"},{"floor":40,"key":"MealTicket"},{"floor":42,"key":"Pantograph"},{"floor":44,"key":"Art of War"},{"floor":45,"key":"TungstenRod"},{"floor":48,"key":"Mango"},{"floor":55,"key":"Lizard Tail"}],"event_choices":[{"damage_healed":25.0,"max_hp_gain":0.0,"max_hp_loss":0.0,"gold_gain":0.0,"event_name":"Big Fish","player_choice":"Banana","floor":2.0,"gold_loss":0.0,"damage_taken":0.0},{"damage_healed":0.0,"max_hp_gain":0.0,"max_hp_loss":0.0,"gold_gain":0.0,"event_name":"Accursed Blacksmith","player_choice":"Rummage","floor":3.0,"gold_loss":0.0,"damage_taken":0.0,"relics_obtained":["WarpedTongs"],"cards_obtained":["Pain"]},{"damage_healed":0,"gold_gain":0,"cards_transformed":["Strike_R","Strike_R"],"player_choice":"Became Test Subject","damage_taken":0,"max_hp_gain":0,"max_hp_loss":0,"event_name":"Drug Dealer","floor":21,"gold_loss":0,"cards_obtained":["Headbutt","Evolve"]},{"damage_healed":0,"gold_gain":0,"player_choice":"Obtained Relic","damage_taken":0,"relics_obtained":["Red Skull"],"max_hp_gain":0,"max_hp_loss":0,"event_name":"Addict","floor":22,"gold_loss":85},{"damage_healed":0,"gold_gain":0,"player_choice":"Read","damage_taken":0,"max_hp_gain":0,"max_hp_loss":0,"event_name":"The Library","floor":28,"gold_loss":0,"cards_obtained":["Second Wind"]},{"damage_healed":0,"gold_gain":0,"player_choice":"Ignored","damage_taken":0,"max_hp_gain":0,"max_hp_loss":0,"event_name":"Tomb of Lord Red Mask","floor":36,"gold_loss":0},{"damage_healed":21,"gold_gain":0,"player_choice":"Writhe","damage_taken":0,"max_hp_gain":0,"max_hp_loss":0,"event_name":"Winding Halls","floor":37,"gold_loss":0,"cards_obtained":["Writhe"]},{"damage_healed":0,"gold_gain":0,"player_choice":"Memory 3","damage_taken":10,"max_hp_gain":0,"max_hp_loss":0,"event_name":"SensoryStone","floor":41,"gold_loss":0},{"damage_healed":0,"gold_gain":0,"player_choice":"Fight","damage_taken":0,"max_hp_gain":0,"max_hp_loss":0,"event_name":"MindBloom","floor":45,"gold_loss":0}],"is_beta":false,"boss_relics":[{"not_picked":["Philosopher\u0027s Stone","Cursed Key"],"picked":"Snecko Eye"},{"not_picked":["Runic Pyramid","Pandora\u0027s Box"],"picked":"Calling Bell"}],"items_purged_floors":[25,38,46],"is_endless":false,"potions_floor_spawned":[4,5,10,12,13,14,18,20,23,27,33,35,40,45],"ascension_level":20}}