{"host":"w8xisjf5mgmfjvmt","time":1612519060,"event":{"mods":["BaseMod","BetterRewards","Challenge The Spire","Conspire","Energized Spire","Filter the Spire","Minty Spire (QoL Compilation)","Quarter Circle Forward PUNCH!","Quick Restart","Relic Filter Mod","Relic Stats","Reliquary","Replay The Spire","Shop Mod","Spicy Shops","StSLib","Thieving Mod","¡¾ÒÅÎï¿¨ÅÆ¡¿REMEMod","óô»ðÖ¸ÄÏ"],"gold_per_floor":[112,112,131,131,148,148,148],"floor_reached":6,"language":"ZHS","playtime":1172,"items_purged":[],"score":72,"play_id":"388ac8a3-2cce-4c60-abb0-807b1ca3ea6d","local_time":"20210205175740","is_ascension_mode":true,"campfire_choices":[],"circlet_count":0,"master_deck":["AscendersBane","Strike_R","Strike_R","Strike_R","Strike_R","Strike_R","Defend_R","Defend_R","Defend_R","Defend_R","Bash","WindmillStrike","Seeing Red","Armaments+1","True Grit"],"relics":["REME_ComplimentaryCards","Snecko Eye"],"acts_visited":["Exordium"],"potions_floor_usage":[6],"damage_taken":[{"damage":10.0,"enemies":"2 Louse","floor":1.0,"turns":3.0},{"damage":2.0,"enemies":"Jaw Worm","floor":3.0,"turns":4.0},{"damage":0,"enemies":"Small Slimes","floor":5,"turns":4},{"damage":11,"enemies":"Gremlin Nob","floor":6,"turns":3}],"seed_played":"-5515146319709349619","potions_obtained":[{"floor":1.0,"key":"Block Potion"},{"floor":3.0,"key":"FearPotion"}],"is_trial":false,"path_per_floor":["M","?","M","?","M","E"],"character_chosen":"IRONCLAD","items_purchased":[],"campfire_rested":0,"item_purchase_floors":[],"current_hp_per_floor":[58,54,52,52,52,41,41],"gold":148,"neow_bonus":"BOSS_RELIC","is_daily":false,"chose_seed":false,"campfire_upgraded":0,"win_rate":0.0,"timestamp":1612519060,"path_taken":["M","?","M","?","M","E"],"items_purchased_type":[],"build_version":"2020-12-22","purchased_purges":0,"victory":false,"max_hp_per_floor":[75,75,75,75,75,75,75],"relic_stats":{"counters":[4,14],"Snecko Eye":[23,24,27,20],"obtain_stats":[{"Snecko Eye":0,"Burning Blood":0,"REME_ComplimentaryCards":0},{"Snecko Eye":0,"Burning Blood":0,"REME_ComplimentaryCards":0},{"Snecko Eye":0,"Burning Blood":0,"REME_ComplimentaryCards":0}]},"card_choices":[{"not_picked":["Headbutt","Twin Strike"],"picked":"Seeing Red","floor":1.0},{"not_picked":["Warcry","Anger"],"picked":"Armaments","floor":3.0},{"not_picked":["Twin Strike","REME_FearOfPain"],"picked":"True Grit","floor":5}],"player_experience":1277453,"relics_obtained":[],"event_choices":[{"damage_healed":0.0,"max_hp_gain":0.0,"max_hp_loss":0.0,"gold_gain":0.0,"event_name":"conspire:Investor","player_choice":"Leave","floor":2.0,"gold_loss":0.0,"damage_taken":0.0},{"damage_healed":0,"gold_gain":0,"player_choice":"Grow","damage_taken":0,"max_hp_gain":0,"max_hp_loss":0,"event_name":"Living Wall","floor":4,"gold_loss":0,"cards_upgraded":["Armaments"]}],"is_beta":false,"boss_relics":[],"items_purged_floors":[],"is_endless":false,"potions_floor_spawned":[1,3],"killed_by":"Gremlin Nob","ascension_level":20}}