{"host":"kbho7qfijxoxak3f","time":1612509454,"event":{"mods":["2.2 Compatiblity","Act Like it!","BaseMod","Challenge The Spire","Colored Map","Conspire","Highlight Path","Lobotomy","Minty Spire (QoL Compilation)","Pale of the Ancients","Quick Restart","StSLib"],"gold_per_floor":[113,131,81,94,113,113,113],"floor_reached":6,"language":"ZHS","playtime":294,"items_purged":[],"score":61,"play_id":"d9e12c48-54b8-43e7-b3eb-d13acf51a741","local_time":"20210205151734","is_ascension_mode":true,"campfire_choices":[],"circlet_count":0,"master_deck":["AscendersBane","Strike_B","Strike_B","Strike_B","Strike_B","Defend_B","Defend_B","Defend_B","Defend_B","Dualcast","SpiderBud","Beam Cell","CrumblingArmor","Reprogram","Leap","Woodsman","Skim"],"relics":["Cracked Core","CogitoBucket"],"acts_visited":["Exordium"],"potions_floor_usage":[],"damage_taken":[{"damage":4,"enemies":"2 Louse","floor":1,"turns":3},{"damage":2,"enemies":"Jaw Worm","floor":2,"turns":3},{"damage":3,"enemies":"Cultist","floor":4,"turns":4},{"damage":46,"enemies":"Large Slime","floor":5,"turns":7},{"damage":14,"enemies":"3 Sentries","floor":6,"turns":2}],"seed_played":"5001362749088085304","potions_obtained":[{"floor":2,"key":"SteroidPotion"}],"is_trial":false,"path_per_floor":["M","M","?","M","M","E"],"character_chosen":"DEFECT","items_purchased":[],"campfire_rested":0,"item_purchase_floors":[],"current_hp_per_floor":[64,62,62,59,31,17,17],"gold":113,"neow_bonus":"","is_daily":false,"chose_seed":false,"campfire_upgraded":0,"win_rate":0.0,"timestamp":1612509454,"path_taken":["M","M","?","M","M","E"],"items_purchased_type":[],"build_version":"2020-12-22","purchased_purges":0,"victory":false,"max_hp_per_floor":[75,75,75,75,75,75,75],"card_choices":[{"not_picked":["Porccubus","MHz"],"picked":"SpiderBud","floor":1},{"not_picked":["Gash","Force Field"],"picked":"Beam Cell","floor":1},{"not_picked":["Scarecrow","WallGazer"],"picked":"CrumblingArmor","floor":2},{"not_picked":["Go for the Eyes","Turbo"],"picked":"Reprogram","floor":2},{"not_picked":["Aggregate","conspire:SharedLibrary"],"picked":"Leap","floor":4},{"not_picked":["DreamingCurrent","ShyLook"],"picked":"Woodsman","floor":4},{"not_picked":["Fusion","Coolheaded"],"picked":"Skim","floor":5}],"player_experience":550859,"relics_obtained":[],"event_choices":[{"cards_removed":["Zap"],"damage_healed":0,"gold_gain":0,"player_choice":"Card Removal","damage_taken":0,"max_hp_gain":0,"max_hp_loss":0,"event_name":"The Cleric","floor":3,"gold_loss":50}],"is_beta":false,"boss_relics":[],"items_purged_floors":[],"is_endless":false,"potions_floor_spawned":[2],"killed_by":"3 Sentries","ascension_level":12}}