{"host":"8f5cu9y0fpol72qs","time":1612569244,"event":{"mods":["AlwaysNeverKeys","BaseMod","Colored Map","Colored Powertips","Curses Come First","Highlight Path","Key Reminder","Minty Spire (QoL Compilation)","StSLib"],"gold_per_floor":[110,129,146,28,40,66,66,95,95,52,68,94,94,119,119,196,196,215,231,245,245,170,170,204,204,230,243,260,293,293,293,293,369,369,389,389,405,136,154,154,479,513,536,570,590,127,127,137,137,137,137,137,2,2,2],"floor_reached":54,"language":"ENG","playtime":3918,"items_purged":["Strike_R","Strike_R","Strike_R"],"score":1402,"play_id":"eba1c065-2ae2-46e6-a5a4-2ae5f2c4cfdf","local_time":"20210205155404","is_ascension_mode":true,"campfire_choices":[{"data":"Uppercut","floor":7.0,"key":"SMITH"},{"floor":13.0,"key":"REST"},{"data":"Inflame","floor":15.0,"key":"SMITH"},{"data":"Wild Strike","floor":23.0,"key":"SMITH"},{"data":"Double Tap","floor":25.0,"key":"SMITH"},{"data":"Evolve","floor":30.0,"key":"SMITH"},{"data":"Dual Wield","floor":32.0,"key":"SMITH"},{"data":"Armaments","floor":40.0,"key":"SMITH"},{"data":"True Grit","floor":47.0,"key":"SMITH"},{"floor":49.0,"key":"RECALL"},{"data":"Disarm","floor":52,"key":"SMITH"}],"circlet_count":0,"master_deck":["AscendersBane","Strike_R","Strike_R","Defend_R","Defend_R","Defend_R","Bash","Flame Barrier","Uppercut+1","Reckless Charge","Disarm+1","Evolve+1","Inflame+1","Metallicize+1","Burning Pact","Shrug It Off","Metallicize+1","Double Tap+1","Wild Strike+1","Barricade+1","Body Slam+1","Whirlwind+1","Dual Wield+1","Offering","Armaments+1","Dark Shackles","True Grit+1","Sentinel","Demon Form+1","Feel No Pain+1"],"relics":["Burning Blood","Blue Candle","Paper Frog","Frozen Egg 2","Orichalcum","Eternal Feather","Coffee Dripper","Pocketwatch","PreservedInsect","Ancient Tea Set","MutagenicStrength","Runic Pyramid","Oddly Smooth Stone","Old Coin","Regal Pillow","Bag of Marbles","Medical Kit"],"acts_visited":["Exordium","TheCity","TheBeyond","TheEnding"],"potions_floor_usage":[54],"damage_taken":[{"damage":6.0,"enemies":"Cultist","floor":1.0,"turns":5.0},{"damage":0.0,"enemies":"Small Slimes","floor":2.0,"turns":3.0},{"damage":15.0,"enemies":"Jaw Worm","floor":3.0,"turns":6.0},{"damage":1.0,"enemies":"2 Fungi Beasts","floor":5.0,"turns":4.0},{"damage":37.0,"enemies":"3 Sentries","floor":6.0,"turns":10.0},{"damage":11.0,"enemies":"Lagavulin","floor":8.0,"turns":7.0},{"damage":14.0,"enemies":"3 Louse","floor":11.0,"turns":4.0},{"damage":20.0,"enemies":"Gremlin Nob","floor":12.0,"turns":4.0},{"damage":17.0,"enemies":"3 Sentries","floor":14.0,"turns":10.0},{"damage":6.0,"enemies":"Hexaghost","floor":16.0,"turns":11.0},{"damage":8.0,"enemies":"Chosen","floor":18.0,"turns":5.0},{"damage":2.0,"enemies":"2 Thieves","floor":19.0,"turns":4.0},{"damage":7.0,"enemies":"Snecko","floor":20.0,"turns":6.0},{"damage":27.0,"enemies":"Slavers","floor":24.0,"turns":7.0},{"damage":16.0,"enemies":"Sentry and Sphere","floor":27.0,"turns":6.0},{"damage":23.0,"enemies":"Snake Plant","floor":28.0,"turns":3.0},{"damage":22.0,"enemies":"Book of Stabbing","floor":29.0,"turns":4.0},{"damage":6.0,"enemies":"Champ","floor":33.0,"turns":11.0},{"damage":12.0,"enemies":"Orb Walker","floor":35.0,"turns":3.0},{"damage":6.0,"enemies":"3 Shapes","floor":37.0,"turns":4.0},{"damage":0.0,"enemies":"Maw","floor":39.0,"turns":10.0},{"damage":0.0,"enemies":"Mind Bloom Boss Battle","floor":41.0,"turns":6.0},{"damage":22.0,"enemies":"Nemesis","floor":42.0,"turns":7.0},{"damage":10.0,"enemies":"Reptomancer","floor":44.0,"turns":7.0},{"damage":18.0,"enemies":"Writhing Mass","floor":45.0,"turns":3.0},{"damage":0.0,"enemies":"3 Darklings","floor":48.0,"turns":1.0},{"damage":57,"enemies":"Time Eater","floor":50,"turns":10},{"damage":101,"enemies":"Shield and Spear","floor":54,"turns":3}],"seed_played":"4068664916676827544","potions_obtained":[{"floor":1.0,"key":"Fire Potion"},{"floor":3.0,"key":"ElixirPotion"},{"floor":6.0,"key":"Strength Potion"},{"floor":12.0,"key":"HeartOfIron"},{"floor":14.0,"key":"Weak Potion"},{"floor":16.0,"key":"Dexterity Potion"},{"floor":24.0,"key":"PowerPotion"},{"floor":27.0,"key":"DuplicationPotion"},{"floor":28.0,"key":"SneckoOil"},{"floor":33.0,"key":"Regen Potion"}],"is_trial":false,"path_per_floor":["M","M","M","$","M","E","R","E","T","$","M","E","R","E","R","B",null,"M","M","M","?","?","R","E","R","T","M","M","E","R","?","R","B",null,"M","?","M","$","M","R","?","E","T","E","M","$","R","M","R","B",null,"R","$","E"],"character_chosen":"IRONCLAD","items_purchased":["Reckless Charge","Metallicize+1","Oddly Smooth Stone","Demon Form+1","Medical Kit","Feel No Pain+1","AttackPotion"],"campfire_rested":1,"item_purchase_floors":[4,10,38,46,46,53,53],"current_hp_per_floor":[75,81,72,72,77,46,46,41,41,41,33,19,43,32,44,44,73,71,75,74,74,74,82,61,73,73,63,46,30,45,45,60,60,77,71,71,71,71,77,82,82,66,66,62,59,59,74,80,82,31,69,82,82,0,0],"gold":2,"neow_bonus":"TEN_PERCENT_HP_BONUS","is_daily":false,"chose_seed":false,"campfire_upgraded":9,"win_rate":0.0,"timestamp":1612569244,"path_taken":["M","M","M","$","M","E","R","E","T","$","M","E","R","E","R","BOSS","M","M","M","?","?","R","E","R","T","M","?","E","R","?","R","BOSS","M","?","M","$","M","R","?","E","T","E","M","$","R","M","R","BOSS","R","$","E"],"items_purchased_type":["Card","Card","Relic","Card","Relic","Card","Potion"],"build_version":"2020-12-22","purchased_purges":3,"victory":false,"max_hp_per_floor":[82,82,82,82,82,82,82,82,82,82,82,82,82,82,82,82,82,82,82,82,82,82,82,82,82,82,82,82,82,82,82,82,82,82,82,82,82,82,82,82,82,82,82,82,82,82,82,82,82,82,82,82,82,82,82],"card_choices":[{"not_picked":["Anger","Burning Pact"],"picked":"Flame Barrier","floor":1.0},{"not_picked":["Anger","Entrench"],"picked":"Uppercut","floor":2.0},{"not_picked":["Flex","Clash","Searing Blow"],"picked":"SKIP","floor":3.0},{"not_picked":["Dual Wield","Intimidate"],"picked":"Disarm","floor":5.0},{"not_picked":["Second Wind","Thunderclap"],"picked":"Evolve","floor":6.0},{"not_picked":["Disarm","Searing Blow"],"picked":"Inflame","floor":8.0},{"not_picked":["Anger","Combust+1"],"picked":"Burning Pact","floor":11.0},{"not_picked":["Combust+1","Bloodletting"],"picked":"Shrug It Off","floor":12.0},{"not_picked":["Headbutt","Spot Weakness"],"picked":"Metallicize+1","floor":14.0},{"not_picked":["Exhume","Berserk+1"],"picked":"Double Tap","floor":16.0},{"not_picked":["Reckless Charge","Shrug It Off"],"picked":"Wild Strike","floor":18.0},{"not_picked":["Anger","Body Slam","Perfected Strike"],"picked":"SKIP","floor":19.0},{"not_picked":["True Grit","Perfected Strike","Anger"],"picked":"SKIP","floor":20.0},{"not_picked":["Searing Blow","Body Slam"],"picked":"Barricade+1","floor":24.0},{"not_picked":["Searing Blow","Rage"],"picked":"Body Slam+1","floor":27.0},{"not_picked":["True Grit","Infernal Blade"],"picked":"Whirlwind+1","floor":28.0},{"not_picked":["Shockwave","Evolve+1"],"picked":"Dual Wield","floor":29.0},{"not_picked":["Bludgeon","Corruption+1"],"picked":"Offering","floor":33.0},{"not_picked":["Iron Wave","Rupture+1"],"picked":"Armaments","floor":35.0},{"not_picked":["Panacea","Mayhem+1"],"picked":"Dark Shackles","floor":36.0},{"not_picked":["Ghostly Armor","Cleave+1"],"picked":"True Grit","floor":37.0},{"not_picked":["Clash","Cleave+1","Shrug It Off"],"picked":"SKIP","floor":39.0},{"not_picked":["Double Tap","Disarm","Iron Wave"],"picked":"SKIP","floor":42.0},{"not_picked":["Perfected Strike","Warcry+1"],"picked":"Sentinel","floor":44.0},{"not_picked":["Iron Wave","Ghostly Armor","Havoc"],"picked":"SKIP","floor":45.0},{"not_picked":["Battle Trance","Rupture+1","Shrug It Off"],"picked":"SKIP","floor":48.0}],"player_experience":1021977,"relics_obtained":[{"floor":6.0,"key":"Blue Candle"},{"floor":8.0,"key":"Paper Frog"},{"floor":9.0,"key":"Frozen Egg 2"},{"floor":12.0,"key":"Orichalcum"},{"floor":14.0,"key":"Eternal Feather"},{"floor":24.0,"key":"Pocketwatch"},{"floor":26.0,"key":"PreservedInsect"},{"floor":29.0,"key":"Ancient Tea Set"},{"floor":41.0,"key":"Old Coin"},{"floor":42.0,"key":"Regal Pillow"},{"floor":44.0,"key":"Bag of Marbles"}],"event_choices":[{"damage_healed":0.0,"max_hp_gain":0.0,"max_hp_loss":0.0,"gold_gain":0.0,"event_name":"The Mausoleum","player_choice":"Ignored","floor":21.0,"gold_loss":0.0,"damage_taken":0.0},{"cards_removed":["Defend_R"],"damage_healed":0.0,"max_hp_gain":0.0,"max_hp_loss":0.0,"gold_gain":0.0,"event_name":"Beggar","player_choice":"Gave Gold","floor":22.0,"gold_loss":75.0,"damage_taken":0.0},{"damage_healed":0.0,"max_hp_gain":0.0,"max_hp_loss":0.0,"gold_gain":0.0,"event_name":"Drug Dealer","player_choice":"Inject Mutagens","floor":31.0,"gold_loss":0.0,"damage_taken":0.0,"relics_obtained":["MutagenicStrength"]},{"damage_healed":0.0,"max_hp_gain":0.0,"max_hp_loss":0.0,"gold_gain":0.0,"event_name":"SensoryStone","player_choice":"Memory 1","floor":36.0,"gold_loss":0.0,"damage_taken":0.0},{"damage_healed":0.0,"max_hp_gain":0.0,"max_hp_loss":0.0,"gold_gain":0.0,"event_name":"MindBloom","player_choice":"Fight","floor":41.0,"gold_loss":0.0,"damage_taken":0.0}],"is_beta":false,"boss_relics":[{"not_picked":["Busted Crown","SlaversCollar"],"picked":"Coffee Dripper"},{"not_picked":["Runic Dome","Calling Bell"],"picked":"Runic Pyramid"}],"items_purged_floors":[4,38,46],"is_endless":false,"potions_floor_spawned":[1,3,6,12,14,16,20,24,27,28,33,37,39,41,42],"killed_by":"Shield and Spear","ascension_level":16}}