{"host":"1qhzi8r9ejho5yph","time":1612546697,"event":{"mods":["AchievementEnabler","BaseMod","Colored Map","Colored Powertips","Highlight Path","Minty Spire (QoL Compilation)","Permanent Neow","Quick Restart","Random Character Button","StSLib","SuperFastMode"],"gold_per_floor":[112,112,86,107,107,107,140,140,140,163,207,207,250,266,266,387,387,408,423,42,42,57,57,57],"floor_reached":23,"language":"ENG","playtime":1746,"items_purged":[],"score":337,"play_id":"3d93bea7-5bec-4bf9-8222-bbde1323839f","local_time":"20210206013817","is_ascension_mode":true,"campfire_choices":[{"data":"SashWhip","floor":6.0,"key":"SMITH"},{"floor":8.0,"key":"REST"},{"data":"Perseverance","floor":12.0,"key":"SMITH"},{"floor":15.0,"key":"REST"}],"circlet_count":0,"master_deck":["Strike_P","Strike_P","Strike_P","Strike_P","Defend_P","Defend_P+1","Defend_P","Defend_P","Eruption+1","Vigilance+1","JustLucky","SashWhip+1","JustLucky","Perseverance+1","ThirdEye","ThirdEye","EmptyMind+1","Indignation","LessonLearned","Consecrate","Vengeance","CutThroughFate+1","Nirvana","CutThroughFate"],"relics":["PureWater","Bloody Idol","Strawberry","Blue Candle","War Paint","Nunchaku","Philosopher\u0027s Stone","TeardropLocket"],"acts_visited":["Exordium","TheCity"],"potions_floor_usage":[16,16,19,22,23],"damage_taken":[{"damage":7.0,"enemies":"Small Slimes","floor":1.0,"turns":3.0},{"damage":0.0,"enemies":"2 Louse","floor":4.0,"turns":1.0},{"damage":24.0,"enemies":"3 Sentries","floor":7.0,"turns":12.0},{"damage":2.0,"enemies":"Jaw Worm","floor":10.0,"turns":3.0},{"damage":5.0,"enemies":"Lagavulin","floor":11.0,"turns":6.0},{"damage":24.0,"enemies":"3 Sentries","floor":13.0,"turns":14.0},{"damage":0.0,"enemies":"3 Louse","floor":14.0,"turns":3.0},{"damage":0,"enemies":"Slime Boss","floor":16,"turns":6},{"damage":0,"enemies":"Chosen","floor":18,"turns":6},{"damage":17,"enemies":"2 Thieves","floor":19,"turns":2},{"damage":34,"enemies":"Cultist and Chosen","floor":22,"turns":5},{"damage":18,"enemies":"Gremlin Leader","floor":23,"turns":4}],"seed_played":"6655566280489357756","potions_obtained":[{"floor":4.0,"key":"Strength Potion"},{"floor":7.0,"key":"Swift Potion"},{"floor":10.0,"key":"PowerPotion"},{"floor":11.0,"key":"Weak Potion"},{"floor":14.0,"key":"LiquidMemories"},{"floor":16,"key":"SpeedPotion"},{"floor":19,"key":"Weak Potion"},{"floor":22,"key":"Fire Potion"}],"is_trial":false,"path_per_floor":["M","?","$","M","?","R","E","R","T","M","E","R","E","M","R","B",null,"M","M","$","?","M","E"],"character_chosen":"WATCHER","items_purchased":["SashWhip","CutThroughFate","Nirvana","TeardropLocket"],"campfire_rested":2,"item_purchase_floors":[3,20,20,20],"current_hp_per_floor":[58,40,40,40,40,40,23,46,46,44,39,39,15,15,38,38,69,69,52,52,52,23,5,5],"gold":57,"neow_bonus":"UPGRADE_CARD","is_daily":false,"chose_seed":false,"campfire_upgraded":2,"win_rate":0.0,"timestamp":1612546697,"path_taken":["M","?","$","M","?","R","E","R","T","M","E","R","E","M","R","BOSS","M","M","$","?","M","E"],"items_purchased_type":["Card","Card","Card","Relic"],"build_version":"2020-12-22","purchased_purges":0,"victory":false,"max_hp_per_floor":[72,72,72,72,72,72,79,79,79,79,79,79,79,79,79,79,79,79,79,79,79,79,79,79],"card_choices":[{"not_picked":["CarveReality","Evaluate"],"picked":"JustLucky","floor":1.0},{"not_picked":["BattleHymn","WindmillStrike"],"picked":"JustLucky","floor":4.0},{"not_picked":["Ragnarok","BattleHymn"],"picked":"Perseverance","floor":7.0},{"not_picked":["PathToVictory","SandsOfTime"],"picked":"ThirdEye","floor":10.0},{"not_picked":["PathToVictory","MentalFortress"],"picked":"ThirdEye","floor":11.0},{"not_picked":["EmptyBody","CrushJoints"],"picked":"EmptyMind","floor":13.0},{"not_picked":["ReachHeaven","Meditate"],"picked":"Indignation","floor":14.0},{"not_picked":["MasterReality","Scrawl"],"picked":"LessonLearned","floor":16},{"not_picked":["Halt","EmptyFist"],"picked":"Consecrate","floor":18},{"not_picked":["JustLucky","Tantrum"],"picked":"Vengeance","floor":19},{"not_picked":["Evaluate","Weave"],"picked":"CutThroughFate","floor":22}],"player_experience":365860,"relics_obtained":[{"floor":7.0,"key":"Strawberry"},{"floor":9.0,"key":"Blue Candle"},{"floor":11.0,"key":"War Paint"},{"floor":13.0,"key":"Nunchaku"}],"event_choices":[{"damage_healed":0.0,"max_hp_gain":0.0,"max_hp_loss":0.0,"gold_gain":0.0,"event_name":"Golden Idol","player_choice":"Take Damage","floor":2.0,"gold_loss":0.0,"damage_taken":18.0,"relics_obtained":["Golden Idol"]},{"damage_healed":0.0,"max_hp_gain":0.0,"max_hp_loss":0.0,"gold_gain":0.0,"event_name":"Liars Game","player_choice":"Ignored","floor":5.0,"gold_loss":0.0,"damage_taken":0.0},{"damage_healed":0,"gold_gain":0,"player_choice":"Gave Idol","damage_taken":0,"relics_obtained":["Bloody Idol"],"max_hp_gain":0,"max_hp_loss":0,"event_name":"Forgotten Altar","floor":21,"relics_lost":["Golden Idol"],"gold_loss":0}],"is_beta":false,"boss_relics":[{"not_picked":["Tiny House","SacredBark"],"picked":"Philosopher\u0027s Stone"}],"items_purged_floors":[],"is_endless":false,"potions_floor_spawned":[4,7,10,11,14,16,19,22],"killed_by":"Gremlin Leader","ascension_level":6}}