{"host":"9bcvatsnbq1a3xq4","time":1612562227,"event":{"mods":["BaseMod","Bestiary","Block Reminder","Highlight Path","Minty Spire (QoL Compilation)","Relic Stats"],"gold_per_floor":[367,26,26,37,49,49,76,76,131,165,165,15,15,35,35,134,134,158,158,158,158,178,178,193,218,296,296,310,344,356,385,397,486,498,526,551,563,586,615,627,671,683,747,302,302,333,333,15,15,15,15],"floor_reached":50,"language":"ENG","playtime":3731,"items_purged":["Strike_B","Decay","Injury","Strike_B+1"],"score":1271,"play_id":"bd5d7fb6-45d6-4276-b8ec-f635f6fc7f25","local_time":"20210205225707","is_ascension_mode":true,"campfire_choices":[{"floor":6,"key":"REST"},{"data":"Sunder","floor":8,"key":"SMITH"},{"data":"Defragment","floor":15,"key":"SMITH"},{"data":"Rainbow","floor":23,"key":"SMITH"},{"data":"Biased Cognition","floor":27,"key":"SMITH"},{"data":"Consume","floor":32,"key":"SMITH"},{"data":"Steam Power","floor":40,"key":"SMITH"},{"floor":42,"key":"RECALL"},{"data":"Go for the Eyes","floor":49,"key":"SMITH"}],"circlet_count":0,"master_deck":["AscendersBane","Strike_B+1","Defend_B+1","Defend_B+1","Zap+1","Dualcast","Consume+1","Glacier","Sunder+1","Defragment+1","Sweeping Beam","Rebound","BootSequence","Self Repair","Cold Snap","Biased Cognition+1","Rainbow+1","Go for the Eyes+1","Redo","Streamline","Electrodynamics+1","Heatsinks+1","Core Surge","Loop+1","Steam Power+1","Defragment+1","Recycle+1","Impatience+1","Defragment+1","Steam Power+1","Capacitor+1"],"relics":["Cracked Core","Blood Vial","DataDisk","Potion Belt","Mummified Hand","Bloody Idol","Cursed Key","Pear","Frozen Egg 2","MawBank","Coffee Dripper","Ancient Tea Set","ClockworkSouvenir","Kunai","War Paint"],"acts_visited":["Exordium","TheCity","TheBeyond"],"potions_floor_usage":[7,16,25,31,35,41,47,50,50],"damage_taken":[{"damage":19,"enemies":"Small Slimes","floor":1,"turns":4},{"damage":0,"enemies":"2 Louse","floor":4,"turns":1},{"damage":14,"enemies":"Jaw Worm","floor":5,"turns":4},{"damage":16,"enemies":"3 Sentries","floor":7,"turns":8},{"damage":19,"enemies":"Lagavulin","floor":10,"turns":6},{"damage":4,"enemies":"Looter","floor":14,"turns":3},{"damage":8,"enemies":"Hexaghost","floor":16,"turns":7},{"damage":1,"enemies":"Chosen","floor":18,"turns":6},{"damage":0,"enemies":"Shell Parasite","floor":22,"turns":4},{"damage":9,"enemies":"Snake Plant","floor":24,"turns":3},{"damage":0,"enemies":"Gremlin Leader","floor":25,"turns":6},{"damage":1,"enemies":"3 Cultists","floor":28,"turns":5},{"damage":0,"enemies":"Book of Stabbing","floor":29,"turns":4},{"damage":18,"enemies":"Snecko","floor":31,"turns":3},{"damage":55,"enemies":"Collector","floor":33,"turns":9},{"damage":11,"enemies":"3 Darklings","floor":35,"turns":3},{"damage":0,"enemies":"3 Shapes","floor":36,"turns":4},{"damage":2,"enemies":"Transient","floor":38,"turns":6},{"damage":2,"enemies":"Writhing Mass","floor":39,"turns":3},{"damage":16,"enemies":"Reptomancer","floor":41,"turns":4},{"damage":2,"enemies":"Giant Head","floor":46,"turns":5},{"damage":26,"enemies":"Jaw Worm Horde","floor":47,"turns":2},{"damage":65,"enemies":"Awakened One","floor":50,"turns":5}],"seed_played":"4403444485899636039","potions_obtained":[{"floor":10,"key":"EssenceOfDarkness"},{"floor":14,"key":"SneckoOil"},{"floor":22,"key":"LiquidMemories"},{"floor":25,"key":"SmokeBomb"},{"floor":28,"key":"SpeedPotion"},{"floor":29,"key":"ColorlessPotion"},{"floor":33,"key":"DistilledChaos"},{"floor":36,"key":"GamblersBrew"},{"floor":41,"key":"Block Potion"}],"is_trial":false,"path_per_floor":["M","$","?","M","M","R","E","R","T","E","?","$","?","M","R","B",null,"M","?","?","?","M","R","M","E","T","R","M","E","?","M","R","B",null,"M","M","?","M","M","R","E","R","T","$","?","E","M","$","R","B"],"character_chosen":"DEFECT","items_purchased":["Glacier","Sunder","Defragment","Fire Potion","Cold Snap","ClockworkSouvenir","Impatience","Defragment+1","War Paint"],"campfire_rested":1,"item_purchase_floors":[2,2,2,2,12,44,44,44,48],"current_hp_per_floor":[45,45,34,36,24,45,31,31,31,14,14,14,14,19,19,20,53,61,61,61,61,64,64,64,74,74,74,74,74,74,61,66,30,64,65,74,74,74,74,74,70,74,74,74,74,74,55,55,55,0,0],"gold":15,"neow_bonus":"TWO_FIFTY_GOLD","is_daily":false,"chose_seed":false,"campfire_upgraded":7,"win_rate":0.0,"timestamp":1612562227,"path_taken":["M","$","?","M","M","R","E","R","T","E","?","$","?","M","R","BOSS","M","?","?","?","M","R","M","E","T","R","M","E","?","M","R","BOSS","M","M","?","M","M","R","E","R","T","?","?","E","M","$","R","BOSS"],"items_purchased_type":["Card","Card","Card","Potion","Card","Relic","Card","Card","Relic"],"build_version":"2020-12-22","purchased_purges":4,"victory":false,"max_hp_per_floor":[71,71,71,71,71,71,71,71,71,71,71,71,64,64,64,64,64,64,64,64,64,64,64,64,74,74,74,74,74,74,74,74,74,74,74,74,74,74,74,74,74,74,74,74,74,74,74,74,74,74,74],"relic_stats":{"Blood Vial":24,"counters":[23,105],"Mummified Hand":[99],"Bloody Idol":55,"Kunai":[2],"War Paint":["Impatience","Zap"],"Cursed Key":2,"MawBank":180,"obtain_stats":[{"Potion Belt":9,"Pear":25,"Golden Idol":13,"Frozen Egg 2":26,"War Paint":48,"Cursed Key":17,"MawBank":29,"Ancient Tea Set":41,"ClockworkSouvenir":44,"Blood Vial":3,"DataDisk":7,"Mummified Hand":10,"Bloody Idol":19,"Coffee Dripper":34,"Kunai":46,"Cracked Core":0},{"Potion Belt":4,"Pear":11,"Golden Idol":5,"Frozen Egg 2":11,"War Paint":22,"Cursed Key":7,"MawBank":13,"Ancient Tea Set":20,"ClockworkSouvenir":20,"Blood Vial":1,"DataDisk":4,"Mummified Hand":5,"Bloody Idol":8,"Coffee Dripper":15,"Kunai":21,"Cracked Core":0},{"Potion Belt":17,"Pear":52,"Golden Idol":23,"Frozen Egg 2":52,"War Paint":100,"Cursed Key":33,"MawBank":61,"Ancient Tea Set":93,"ClockworkSouvenir":93,"Blood Vial":4,"DataDisk":17,"Mummified Hand":23,"Bloody Idol":39,"Coffee Dripper":73,"Kunai":98,"Cracked Core":0}]},"card_choices":[{"not_picked":["Turbo","Stack"],"picked":"Consume","floor":1},{"not_picked":["Ball Lightning","Cold Snap"],"picked":"Sweeping Beam","floor":4},{"not_picked":["Coolheaded","Beam Cell"],"picked":"Rebound","floor":5},{"not_picked":["Ball Lightning","Blizzard"],"picked":"BootSequence","floor":7},{"not_picked":["Undo","Steam"],"picked":"Self Repair","floor":10},{"not_picked":["Reprogram","Chaos"],"picked":"Biased Cognition","floor":14},{"not_picked":["Fission","Hyperbeam"],"picked":"Rainbow","floor":16},{"not_picked":["Hologram","Cold Snap+1"],"picked":"Go for the Eyes","floor":18},{"not_picked":["Conserve Battery","Beam Cell","Thunder Strike"],"picked":"SKIP","floor":22},{"not_picked":["Barrage","Hologram","Streamline"],"picked":"SKIP","floor":24},{"not_picked":["Turbo+1","Tempest","Consume"],"picked":"SKIP","floor":25},{"not_picked":["Melter","Sunder","Hologram"],"picked":"SKIP","floor":28},{"not_picked":["Leap","Chaos"],"picked":"Electrodynamics+1","floor":29},{"not_picked":["Gash+1","Coolheaded","Tempest"],"picked":"SKIP","floor":31},{"not_picked":["Biased Cognition+1","Machine Learning+1"],"picked":"Core Surge","floor":33},{"not_picked":["Go for the Eyes","BootSequence"],"picked":"Loop+1","floor":35},{"not_picked":["Streamline","Sunder+1"],"picked":"Steam Power","floor":36},{"not_picked":["Reprogram","Heatsinks+1"],"picked":"Defragment+1","floor":38},{"not_picked":["Go for the Eyes","Cold Snap","Rebound"],"picked":"SKIP","floor":39},{"not_picked":["Heatsinks+1","Conserve Battery"],"picked":"Recycle+1","floor":41},{"not_picked":["Storm+1","Loop+1"],"picked":"Capacitor+1","floor":46}],"player_experience":782197,"relics_obtained":[{"floor":7,"key":"DataDisk"},{"floor":9,"key":"Potion Belt"},{"floor":10,"key":"Mummified Hand"},{"floor":25,"key":"Pear"},{"floor":26,"key":"Frozen Egg 2"},{"floor":29,"key":"MawBank"},{"floor":41,"key":"Ancient Tea Set"},{"floor":46,"key":"Kunai"}],"event_choices":[{"damage_healed":0,"gold_gain":0,"player_choice":"Success","damage_taken":11,"relics_obtained":["Blood Vial"],"max_hp_gain":0,"max_hp_loss":0,"event_name":"Scrap Ooze","floor":3,"gold_loss":0},{"cards_removed":["Defend_B"],"damage_healed":0,"gold_gain":0,"player_choice":"Forget","damage_taken":0,"max_hp_gain":0,"max_hp_loss":0,"event_name":"Living Wall","floor":11,"gold_loss":0},{"damage_healed":0,"gold_gain":0,"player_choice":"Lose Max HP","damage_taken":0,"relics_obtained":["Golden Idol"],"max_hp_gain":0,"max_hp_loss":7,"event_name":"Golden Idol","floor":13,"gold_loss":0},{"damage_healed":0,"gold_gain":0,"player_choice":"Gave Idol","damage_taken":0,"relics_obtained":["Bloody Idol"],"max_hp_gain":0,"max_hp_loss":0,"event_name":"Forgotten Altar","floor":19,"relics_lost":["Golden Idol"],"gold_loss":0},{"damage_healed":0,"gold_gain":0,"player_choice":"Simplicity","damage_taken":0,"max_hp_gain":0,"max_hp_loss":0,"event_name":"Back to Basics","floor":20,"gold_loss":0,"cards_upgraded":["Strike_B","Strike_B","Strike_B","Defend_B","Defend_B","Defend_B"]},{"damage_healed":0,"gold_gain":0,"cards_transformed":["Strike_B","Defend_B"],"player_choice":"Became Test Subject","damage_taken":0,"max_hp_gain":0,"max_hp_loss":0,"event_name":"Drug Dealer","floor":21,"gold_loss":0,"cards_obtained":["Redo","Streamline"]},{"damage_healed":0,"gold_gain":0,"player_choice":"Read","damage_taken":0,"max_hp_gain":0,"max_hp_loss":0,"event_name":"The Library","floor":30,"gold_loss":0,"cards_obtained":["Heatsinks"]},{"cards_removed":["Normality"],"damage_healed":0,"gold_gain":0,"player_choice":"Removed Curses","damage_taken":0,"max_hp_gain":0,"max_hp_loss":0,"event_name":"Fountain of Cleansing","floor":37,"gold_loss":0},{"damage_healed":0,"gold_gain":0,"player_choice":"Copied","damage_taken":0,"max_hp_gain":0,"max_hp_loss":0,"event_name":"Duplicator","floor":45,"gold_loss":0,"cards_obtained":["Steam Power"]}],"is_beta":false,"boss_relics":[{"not_picked":["Fusion Hammer","Black Star"],"picked":"Cursed Key"},{"not_picked":["Calling Bell","Empty Cage"],"picked":"Coffee Dripper"}],"items_purged_floors":[2,12,44,48],"is_endless":false,"potions_floor_spawned":[10,14,22,25,28,29,33,36,41,47],"killed_by":"Awakened One","ascension_level":20}}