{"host":"skr63qsdfgeey3it","time":1612549646,"event":{"mods":["BaseMod","Colored Map","Hubris","Minty Spire (QoL Compilation)","Monster B Gone","Reliquary","Replay The Spire","Spicy Shops","StSLib"],"gold_per_floor":[109,109,122,122,135,135,149,39,65,80,90,90,105,132,132,132,132],"floor_reached":16,"language":"ENG","playtime":450,"items_purged":["Decay"],"score":177,"play_id":"1351f85a-c325-4eea-b8cd-3c04b8dec28a","local_time":"20210205122726","is_ascension_mode":true,"campfire_choices":[{"data":"Feel No Pain","floor":6,"key":"SMITH"},{"data":"Iron Wave","floor":12,"key":"SMITH"},{"floor":15,"key":"DIG"}],"circlet_count":0,"master_deck":["AscendersBane","Strike_R","Strike_R","Strike_R","Strike_R","Strike_R","Defend_R","Defend_R","Defend_R","Defend_R","Bash+1","Burning Pact","Iron Wave+1","Feel No Pain+1","Inflame","Inflame","Dropkick","Reaper"],"relics":["Burning Blood","NeowsBlessing","Strawberry","Bag of Marbles","Replay:WaspNest"],"acts_visited":["Exordium"],"potions_floor_usage":[14,14],"damage_taken":[{"damage":0,"enemies":"Jaw Worm","floor":1,"turns":1},{"damage":0,"enemies":"Cultist","floor":3,"turns":1},{"damage":0,"enemies":"Small Slimes","floor":5,"turns":1},{"damage":19,"enemies":"Blue Slaver","floor":7,"turns":5},{"damage":29,"enemies":"Exordium Wildlife","floor":10,"turns":6},{"damage":12,"enemies":"Looter","floor":11,"turns":3},{"damage":22,"enemies":"Lots of Slimes","floor":13,"turns":7},{"damage":32,"enemies":"Gremlin Nob","floor":14,"turns":4},{"damage":27,"enemies":"The Guardian","floor":16,"turns":5}],"seed_played":"7836954026384296221","potions_obtained":[{"floor":1,"key":"Elixir"},{"floor":5,"key":"BloodPotion"}],"is_trial":false,"path_per_floor":["M","?","M","?","M","R","M","$","T","M","M","R","M","E","R_BF","B"],"character_chosen":"IRONCLAD","items_purchased":["Inflame"],"campfire_rested":0,"item_purchase_floors":[8],"current_hp_per_floor":[74,74,75,75,75,75,62,62,69,46,40,40,24,22,22,0,0],"gold":132,"neow_bonus":"THREE_ENEMY_KILL","is_daily":false,"chose_seed":false,"campfire_upgraded":2,"win_rate":0.0,"timestamp":1612549646,"path_taken":["M","?","?","?","M","R","M","$","T","M","M","R","?","E","R_BF","BOSS"],"items_purchased_type":["Card"],"build_version":"2020-12-22","purchased_purges":1,"victory":false,"max_hp_per_floor":[75,75,75,75,75,75,75,75,82,82,82,82,82,82,82,82,82],"card_choices":[{"not_picked":["Battle Trance","Dropkick"],"picked":"Burning Pact","floor":1},{"not_picked":["Massacre","Rage"],"picked":"Iron Wave","floor":3},{"not_picked":["Shrug It Off","Iron Wave"],"picked":"Feel No Pain","floor":5},{"not_picked":["Body Slam","Replay:Undeath\u0027s Touch","Thunderclap"],"picked":"SKIP","floor":7},{"not_picked":["Entrench","Havoc"],"picked":"Inflame","floor":10},{"not_picked":["Clash","Replay:Undeath\u0027s Touch"],"picked":"Dropkick","floor":11},{"not_picked":["hubris:ReadiedAction","Clash"],"picked":"Reaper","floor":13},{"not_picked":["Hemogenesis","Headbutt","hubris:ReadiedAction"],"picked":"SKIP","floor":14}],"player_experience":875463,"relics_obtained":[{"floor":9,"key":"Strawberry"},{"floor":14,"key":"Bag of Marbles"},{"floor":15,"key":"Replay:WaspNest"}],"event_choices":[{"damage_healed":0,"gold_gain":0,"player_choice":"Upgraded","damage_taken":0,"max_hp_gain":0,"max_hp_loss":0,"event_name":"Upgrade Shrine","floor":2,"gold_loss":0,"cards_upgraded":["Bash"]},{"damage_healed":0,"gold_gain":0,"player_choice":"Cursed","damage_taken":0,"max_hp_gain":0,"max_hp_loss":0,"event_name":"Wheel of Change","floor":4,"gold_loss":0,"cards_obtained":["Decay"]}],"is_beta":false,"boss_relics":[],"items_purged_floors":[8],"is_endless":false,"potions_floor_spawned":[1,5,7,13],"killed_by":"The Guardian","ascension_level":14}}