{"host":"2pffx5rqbod9ds0c","time":1612501355,"event":{"mods":["Arknights","BaseMod","Better Altar","Better Match","Better Note","Better Sensory Stone","Better Skull","Better Third Choice","Bossed Relics","Custom Start","Hubris","Minty Spire (QoL Compilation)","Quick Restart","Relic Stats","Spicy Shops","StSLib"],"gold_per_floor":[109,129,129017,127905,127918,127944,127944,127923,127923,127893,126546,126561,126561,126574,126574,126669,126669,126685,125445,125454,125480,125509,125553,125594,125646,125708,125720,124407,124416,124436,124445,124445,124546,124546,124556,124556,124556,124571,124571,124597,123794,123826,123852,123852,123852,123884,123898,123926,123926,123926],"floor_reached":51,"language":"ENG","playtime":1191,"items_purged":["Strike_P","Strike_P","Strike_P","Defend_P+1","BattleHymn+1","Defend_P+1","DevaForm+1"],"score":1334,"play_id":"1dd23b05-6047-4f72-a251-03dcf3fbfff3","local_time":"20210204210235","is_ascension_mode":true,"campfire_choices":[{"data":"CutThroughFate","floor":7.0,"key":"SMITH"},{"data":"LessonLearned","floor":13,"key":"SMITH"},{"data":"Eruption","floor":15,"key":"SMITH"},{"floor":27,"key":"REST"},{"floor":29,"key":"REST"},{"floor":32,"key":"REST"},{"data":"BowlingBash","floor":44,"key":"PURGE"},{"floor":49,"key":"REST"}],"circlet_count":0,"master_deck":["Eruption+1","Vigilance+1","LessonLearned+1","CutThroughFate+1","Master of Strategy+1","hubris:DuctTapeCard","Tantrum+1","Devotion+1","TalkToTheHand+1","FlurryOfBlows+1","Tantrum+1"],"relics":["PureWater","NeowsBlessing","Chemical X","War Paint","Ancient Tea Set","Vajra","Blood Vial","Strange Spoon","hubris:Metronome","betterThird:SlimedRelic","hubris:CrystalStatue","InkBottle","Mango","hubris:TenFootPole","Letter Opener","Fusion Hammer","Toy Ornithopter","FossilizedHelix","Sling","hubris:CuriousFeather","Tiny Chest","Omamori","Lantern","Art of War","Boot","Potion Belt","Juzu Bracelet","Bronze Scales","hubris:SlimyHat","Orichalcum","Anchor","MealTicket","Smiling Mask","Akabeko","Happy Flower","Centennial Puzzle","Strawberry","hubris:ToyBattleship","MawBank","Regal Pillow","Bag of Preparation","Damaru","Bag of Marbles","Nunchaku","CeramicFish","PreservedInsect","Oddly Smooth Stone","Pen Nib","Dream Catcher","Gremlin Horn","Singing Bowl","hubris:DuctTape","hubris:SphereOfDissonance","Pear","TeardropLocket","Sundial","hubris:BottledRain","Ornamental Fan","hubris:PeanutButter","Kunai","Unceasing Top","Meat on the Bone","OrangePellets","VioletLotus","Bottled Lightning","Dead Branch","Membership Card","Medical Kit","HornCleat","Peace Pipe","Question Card","hubris:MysteriousPyramids","Mummified Hand","hubris:DeckOfHolding","StrikeDummy"],"acts_visited":["Exordium","TheCity","TheBeyond"],"potions_floor_usage":[16,18,28],"damage_taken":[{"damage":0.0,"enemies":"Cultist","floor":1.0,"turns":1.0},{"damage":0.0,"enemies":"2 Louse","floor":2.0,"turns":1.0},{"damage":0.0,"enemies":"Jaw Worm","floor":3.0,"turns":1.0},{"damage":5.0,"enemies":"Exordium Thugs","floor":5.0,"turns":4.0},{"damage":20.0,"enemies":"Lagavulin","floor":6.0,"turns":5.0},{"damage":0,"enemies":"2 Fungi Beasts","floor":12,"turns":1},{"damage":0,"enemies":"Blue Slaver","floor":14,"turns":1},{"damage":0,"enemies":"Slime Boss","floor":16,"turns":2},{"damage":0,"enemies":"3 Byrds","floor":18,"turns":2},{"damage":0,"enemies":"2 Thieves","floor":21,"turns":1},{"damage":0,"enemies":"Centurion and Healer","floor":22,"turns":1},{"damage":0,"enemies":"Slavers","floor":23,"turns":1},{"damage":0,"enemies":"Shelled Parasite and Fungi","floor":24,"turns":1},{"damage":0,"enemies":"Book of Stabbing","floor":25,"turns":1},{"damage":0,"enemies":"Snake Plant","floor":30,"turns":1},{"damage":0,"enemies":"Automaton","floor":33,"turns":2},{"damage":0,"enemies":"3 Darklings","floor":35,"turns":1},{"damage":0,"enemies":"3 Shapes","floor":38,"turns":1},{"damage":0,"enemies":"Giant Head","floor":40,"turns":1},{"damage":0,"enemies":"Nemesis","floor":42,"turns":1},{"damage":0,"enemies":"Reptomancer","floor":46,"turns":1},{"damage":0,"enemies":"Maw","floor":47,"turns":1},{"damage":0,"enemies":"Giant Head","floor":48,"turns":1},{"damage":0,"enemies":"Donu and Deca","floor":50,"turns":2}],"seed_played":"-4638257597057687259","potions_obtained":[{"floor":1.0,"key":"Weak Potion"},{"floor":2.0,"key":"Energy Potion"},{"floor":6.0,"key":"SkillPotion"},{"floor":10.0,"key":"FearPotion"},{"floor":10.0,"key":"AttackPotion"},{"floor":21,"key":"Fruit Juice"},{"floor":22,"key":"SteroidPotion"}],"is_trial":false,"path_per_floor":["M","M","M","$","M","E","R","?","T","?","$","M","R","M","R","B",null,"M","$","?","M","M","E","M","E","T","R","$","R","M","?","R","B",null,"M","?","T","M","?","E","$","E","T","R","?","E","M","E","R","B",null],"character_chosen":"WATCHER","items_purchased":["Chemical X","War Paint","Ancient Tea Set","Vajra","Blood Vial","LessonLearned","Strange Spoon","InkBottle","Mango","hubris:TenFootPole","Letter Opener","Master of Strategy","Toy Ornithopter","FossilizedHelix","Sling","hubris:CuriousFeather","Tiny Chest","Strength Potion","SteroidPotion","hubris:PeanutButter","Kunai","Unceasing Top","Meat on the Bone","OrangePellets","Energy Potion","Membership Card","Tantrum","Medical Kit","HornCleat","Peace Pipe","Question Card","hubris:MysteriousPyramids"],"campfire_rested":4,"item_purchase_floors":[4,4,4,4,4,4,4,11,11,11,11,11,19,19,19,19,19,19,19,28,28,28,28,28,28,41,41,41,41,41,41,41],"current_hp_per_floor":[72,72,72,72,67,49,49,38,38,38,52,54,54,56,56,58,86,86,86,55,59,63,67,69,71,71,111,116,116,116,116,118,120,120,122,126,126,128,128,130,130,132,132,132,136,138,140,142,144,144],"gold":123926,"neow_bonus":"THREE_ENEMY_KILL","is_daily":false,"chose_seed":false,"campfire_upgraded":3,"win_rate":0.0,"timestamp":1612501355,"path_taken":["M","M","?","$","?","E","R","?","T","?","$","M","R","M","R","BOSS","M","$","?","M","M","E","M","E","T","R","$","R","M","?","R","BOSS","M","?","?","M","?","E","$","E","T","R","?","E","M","E","R","BOSS"],"items_purchased_type":["Relic","Relic","Relic","Relic","Relic","Card","Relic","Relic","Relic","Relic","Relic","Card","Relic","Relic","Relic","Relic","Relic","Potion","Potion","Relic","Relic","Relic","Relic","Relic","Potion","Relic","Card","Relic","Relic","Relic","Relic","Relic"],"build_version":"2020-12-22","purchased_purges":7,"victory":true,"max_hp_per_floor":[72,72,72,72,72,72,72,72,72,72,86,86,86,86,86,86,86,86,86,103,105,107,109,109,109,109,111,116,116,116,116,118,120,120,122,126,126,128,128,130,130,132,132,132,136,138,140,142,144,144],"relic_stats":{"Regal Pillow":6,"Gremlin Horn":[13,13],"Singing Bowl":36,"CeramicFish":63,"Juzu Bracelet":1,"Bag of Preparation":[31],"Boot":[0],"Smiling Mask":338,"Blood Vial":18,"Centennial Puzzle":[0],"Nunchaku":[6],"Dream Catcher":4,"Sundial":[2],"Mummified Hand":[0],"Tiny Chest":1,"MealTicket":0,"VioletLotus":[8],"Chemical X":[1],"Kunai":[10],"InkBottle":[6],"Happy Flower":[5],"counters":[24,35],"Dead Branch":[1],"PreservedInsect":436,"Pen Nib":[6],"Letter Opener":[15],"War Paint":["Vigilance","Defend_P"],"Orichalcum":[0],"MawBank":96,"Medical Kit":[0],"Question Card":7,"Peace Pipe":2,"Strange Spoon":[19],"OrangePellets":[0],"Ornamental Fan":[40],"Bronze Scales":[0],"Art of War":[0],"obtain_stats":[{"hubris:CrystalStatue":9,"Gremlin Horn":20,"CeramicFish":20,"Vajra":4,"hubris:MysteriousPyramids":41,"Sling":19,"Boot":20,"Blood Vial":4,"Centennial Puzzle":20,"HornCleat":41,"Sundial":23,"Strawberry":20,"MealTicket":20,"hubris:DeckOfHolding":46,"Fusion Hammer":17,"VioletLotus":34,"Kunai":28,"Pear":20,"Happy Flower":20,"hubris:DuctTape":20,"Dead Branch":40,"Oddly Smooth Stone":20,"hubris:SphereOfDissonance":20,"Pen Nib":20,"Letter Opener":11,"War Paint":4,"Question Card":41,"Akabeko":20,"OrangePellets":28,"Bronze Scales":20,"hubris:PeanutButter":28,"hubris:TenFootPole":11,"hubris:ToyBattleship":20,"StrikeDummy":48,"Unceasing Top":28,"Meat on the Bone":28,"hubris:Metronome":6,"Lantern":20,"Regal Pillow":20,"Singing Bowl":20,"Mango":11,"Juzu Bracelet":20,"hubris:SlimyHat":20,"Bag of Preparation":20,"TeardropLocket":20,"Ancient Tea Set":4,"Smiling Mask":20,"Nunchaku":20,"Dream Catcher":20,"Mummified Hand":43,"Tiny Chest":19,"hubris:CuriousFeather":19,"Chemical X":4,"InkBottle":11,"Potion Belt":20,"NeowsBlessing":0,"Damaru":20,"PreservedInsect":20,"Omamori":20,"Orichalcum":20,"MawBank":20,"Medical Kit":41,"Peace Pipe":41,"Strange Spoon":4,"Anchor":20,"Ornamental Fan":26,"betterThird:SlimedRelic":8,"Art of War":20,"Bag of Marbles":20,"Bottled Lightning":37,"Membership Card":41,"PureWater":0,"Toy Ornithopter":19,"FossilizedHelix":19,"hubris:BottledRain":25},{"hubris:CrystalStatue":5,"Gremlin Horn":9,"CeramicFish":9,"Vajra":3,"hubris:MysteriousPyramids":19,"Sling":9,"Boot":9,"Blood Vial":3,"Centennial Puzzle":9,"HornCleat":19,"Sundial":12,"Strawberry":9,"MealTicket":9,"hubris:DeckOfHolding":21,"Fusion Hammer":8,"VioletLotus":16,"Kunai":14,"Pear":9,"Happy Flower":9,"hubris:DuctTape":9,"Dead Branch":19,"Oddly Smooth Stone":9,"hubris:SphereOfDissonance":9,"Pen Nib":9,"Letter Opener":5,"War Paint":3,"Question Card":19,"Akabeko":9,"OrangePellets":14,"Bronze Scales":9,"hubris:PeanutButter":14,"hubris:TenFootPole":5,"hubris:ToyBattleship":9,"StrikeDummy":23,"Unceasing Top":14,"Meat on the Bone":14,"hubris:Metronome":5,"Lantern":9,"Regal Pillow":9,"Singing Bowl":9,"Mango":5,"Juzu Bracelet":9,"hubris:SlimyHat":9,"Bag of Preparation":9,"TeardropLocket":9,"Ancient Tea Set":3,"Smiling Mask":9,"Nunchaku":9,"Dream Catcher":9,"Mummified Hand":20,"Tiny Chest":9,"hubris:CuriousFeather":9,"Chemical X":3,"InkBottle":5,"Potion Belt":9,"NeowsBlessing":0,"Damaru":9,"PreservedInsect":9,"Omamori":9,"Orichalcum":9,"MawBank":9,"Medical Kit":19,"Peace Pipe":19,"Strange Spoon":3,"Anchor":9,"Ornamental Fan":14,"betterThird:SlimedRelic":5,"Art of War":9,"Bag of Marbles":9,"Bottled Lightning":17,"Membership Card":19,"PureWater":0,"Toy Ornithopter":9,"FossilizedHelix":9,"hubris:BottledRain":14},{"hubris:CrystalStatue":12,"Gremlin Horn":18,"CeramicFish":18,"Vajra":3,"hubris:MysteriousPyramids":29,"Sling":18,"Boot":18,"Blood Vial":3,"Centennial Puzzle":18,"HornCleat":29,"Sundial":21,"Strawberry":18,"MealTicket":18,"hubris:DeckOfHolding":31,"Fusion Hammer":16,"VioletLotus":26,"Kunai":23,"Pear":18,"Happy Flower":18,"hubris:DuctTape":18,"Dead Branch":29,"Oddly Smooth Stone":18,"hubris:SphereOfDissonance":18,"Pen Nib":18,"Letter Opener":12,"War Paint":3,"Question Card":29,"Akabeko":18,"OrangePellets":23,"Bronze Scales":18,"hubris:PeanutButter":23,"hubris:TenFootPole":12,"hubris:ToyBattleship":18,"StrikeDummy":33,"Unceasing Top":23,"Meat on the Bone":23,"hubris:Metronome":12,"Lantern":18,"Regal Pillow":18,"Singing Bowl":18,"Mango":12,"Juzu Bracelet":18,"hubris:SlimyHat":18,"Bag of Preparation":18,"TeardropLocket":18,"Ancient Tea Set":3,"Smiling Mask":18,"Nunchaku":18,"Dream Catcher":18,"Mummified Hand":30,"Tiny Chest":18,"hubris:CuriousFeather":18,"Chemical X":3,"InkBottle":12,"Potion Belt":18,"NeowsBlessing":0,"Damaru":18,"PreservedInsect":18,"Omamori":18,"Orichalcum":18,"MawBank":18,"Medical Kit":29,"Peace Pipe":29,"Strange Spoon":3,"Anchor":18,"Ornamental Fan":23,"betterThird:SlimedRelic":12,"Art of War":18,"Bag of Marbles":18,"Bottled Lightning":27,"Membership Card":29,"PureWater":0,"Toy Ornithopter":18,"FossilizedHelix":18,"hubris:BottledRain":23}],"Toy Ornithopter":0,"Unceasing Top":[0],"Meat on the Bone":0},"card_choices":[{"not_picked":["Indignation","EmptyFist","Nirvana"],"picked":"SKIP","floor":1.0},{"not_picked":["ClearTheMind","Halt"],"picked":"BattleHymn","floor":2.0},{"not_picked":["EmptyBody","PathToVictory","WindmillStrike"],"picked":"SKIP","floor":3.0},{"not_picked":["Nirvana","Perseverance","FlyingSleeves"],"picked":"SKIP","floor":5.0},{"not_picked":["EmptyBody","ThirdEye"],"picked":"CutThroughFate","floor":6.0},{"not_picked":["MentalFortress","Crescendo","EmptyBody"],"picked":"SKIP","floor":12},{"not_picked":["FollowUp","Crescendo","Prostrate"],"picked":"SKIP","floor":14},{"not_picked":["Scrawl","Devotion"],"picked":"DevaForm","floor":16},{"not_picked":["SashWhip+1","Halt","DeceiveReality"],"picked":"SKIP","floor":18},{"not_picked":["SashWhip","Weave+1","JustLucky"],"picked":"Singing Bowl","floor":21},{"not_picked":["Swivel","BowlingBash","Evaluate"],"picked":"Singing Bowl","floor":22},{"not_picked":["ClearTheMind","Vengeance+1","JustLucky"],"picked":"Singing Bowl","floor":23},{"not_picked":["Protect","FlyingSleeves"],"picked":"Tantrum+1","floor":24},{"not_picked":["Consecrate+1","FlurryOfBlows"],"picked":"Devotion","floor":25},{"not_picked":["ReachHeaven","Halt","Study"],"picked":"Singing Bowl","floor":27},{"not_picked":["Swivel","Protect"],"picked":"TalkToTheHand","floor":29},{"not_picked":["JustLucky+1","ThirdEye"],"picked":"FlurryOfBlows","floor":30},{"not_picked":["Indignation","CrushJoints+1","Consecrate"],"picked":"Singing Bowl","floor":32},{"not_picked":["Brilliance","Judgement","ConjureBlade"],"picked":"Singing Bowl","floor":33},{"not_picked":["ClearTheMind+1","Crescendo+1","PathToVictory+1"],"picked":"Singing Bowl","floor":35},{"not_picked":["Master of Strategy","Dark Shackles","Trip"],"picked":"Singing Bowl","floor":36},{"not_picked":["Dramatic Entrance","Deep Breath","Impatience"],"picked":"Singing Bowl","floor":36},{"not_picked":["Consecrate","Evaluate","WheelKick+1"],"picked":"Singing Bowl","floor":38},{"not_picked":["Halt","WaveOfTheHand+1","Brilliance"],"picked":"Singing Bowl","floor":40},{"not_picked":["ThirdEye+1","Fasting2+1","CarveReality","Protect+1"],"picked":"Singing Bowl","floor":42},{"not_picked":["Mind Blast","Blind","Dark Shackles","Finesse"],"picked":"Singing Bowl","floor":45},{"not_picked":["Discovery","Swift Strike","Deep Breath","Jack Of All Trades"],"picked":"Singing Bowl","floor":45},{"not_picked":["Evaluate","JustLucky+1","WindmillStrike+1","Protect"],"picked":"Singing Bowl","floor":46},{"not_picked":["SashWhip","Evaluate","LessonLearned","FlyingSleeves+1"],"picked":"Singing Bowl","floor":47},{"not_picked":["Weave+1","Evaluate+1","FlurryOfBlows","Vengeance+1"],"picked":"Singing Bowl","floor":48},{"not_picked":["EmptyFist+1","Wireheading","Perseverance","Consecrate+1"],"picked":"Singing Bowl","floor":49}],"player_experience":737532,"relics_obtained":[{"floor":6.0,"key":"hubris:Metronome"},{"floor":9.0,"key":"hubris:CrystalStatue"},{"floor":23,"key":"Sundial"},{"floor":25,"key":"hubris:BottledRain"},{"floor":26,"key":"Ornamental Fan"},{"floor":37,"key":"Bottled Lightning"},{"floor":40,"key":"Dead Branch"},{"floor":43,"key":"Mummified Hand"},{"floor":46,"key":"hubris:DeckOfHolding"},{"floor":48,"key":"StrikeDummy"}],"event_choices":[{"damage_healed":0.0,"max_hp_gain":0.0,"max_hp_loss":0.0,"gold_gain":0.0,"event_name":"betterThird:BetterGoop","player_choice":"Slimed","floor":8.0,"gold_loss":21.0,"damage_taken":11.0},{"damage_healed":0.0,"max_hp_gain":0.0,"max_hp_loss":0.0,"gold_gain":0.0,"event_name":"The Woman in Blue","player_choice":"Bought 2 Potions","floor":10.0,"gold_loss":0.0,"damage_taken":0.0},{"damage_healed":0,"gold_gain":0,"player_choice":"RE RE RE RE RE RE RE RE RE RE RE RE RE RE RE RE RE RE RE RE RE RE RE RE RE RE RE RE RE RE RE RE RE RE UP UP UP UP ","damage_taken":435,"relics_obtained":["Omamori","Lantern","Art of War","Boot","Potion Belt","Juzu Bracelet","Bronze Scales","hubris:SlimyHat","Orichalcum","Anchor","MealTicket","Smiling Mask","Akabeko","Happy Flower","Centennial Puzzle","Strawberry","hubris:ToyBattleship","MawBank","Regal Pillow","Bag of Preparation","Damaru","Bag of Marbles","Nunchaku","CeramicFish","PreservedInsect","Oddly Smooth Stone","Pen Nib","Dream Catcher","Gremlin Horn","Singing Bowl","hubris:DuctTape","hubris:SphereOfDissonance","Pear","TeardropLocket"],"max_hp_gain":0,"max_hp_loss":0,"event_name":"betterSkull:BetterSkull","floor":20,"gold_loss":0,"cards_upgraded":["Master of Strategy","Defend_P"]},{"damage_healed":0,"gold_gain":0,"cards_transformed":["Strike_P"],"player_choice":"Transformed","damage_taken":0,"max_hp_gain":0,"max_hp_loss":0,"event_name":"Transmorgrifier","floor":31,"gold_loss":0,"cards_obtained":["BowlingBash"]},{"damage_healed":0,"gold_gain":3,"player_choice":"1","damage_taken":0,"max_hp_gain":0,"max_hp_loss":0,"event_name":"betterStone:BetterStone","floor":36,"gold_loss":0},{"damage_healed":7,"gold_gain":0,"player_choice":"LEAVE ","damage_taken":0,"relics_obtained":[],"max_hp_gain":0,"max_hp_loss":0,"event_name":"betterSkull:BetterSkull","floor":39,"gold_loss":0,"cards_upgraded":[]},{"damage_healed":0,"gold_gain":0,"player_choice":"Random: Blue","damage_taken":0,"max_hp_gain":0,"max_hp_loss":0,"event_name":"betterThird:BetterPortal","floor":45,"gold_loss":0},{"damage_healed":0,"gold_gain":3,"player_choice":"1","damage_taken":0,"max_hp_gain":0,"max_hp_loss":0,"event_name":"betterStone:BetterStone","floor":45,"gold_loss":0}],"is_beta":false,"boss_relics":[{"not_picked":["hubris:TerracottaHorce","Sozu"],"picked":"Fusion Hammer"},{"not_picked":["Calling Bell","hubris:Stopwatch"],"picked":"VioletLotus"}],"items_purged_floors":[4,11,11,19,28,28,41],"is_endless":false,"potions_floor_spawned":[1,2,6,21,22,25,33,38,42,47],"ascension_level":1}}