{"host":"6q94iy5iz6612v89","time":1612555151,"event":{"mods":["2.2 Compatiblity","AchievementEnabler","BaseMod","Colored Map","DeckTracker","Keyboard Shortcuts","Minty Spire (QoL Compilation)","Permanent Neow","StSLib","SuperFastMode"],"gold_per_floor":[159,159,198,14,29,61,61,90,90,101,101,101,146,181,181,260,260,277,202,238,279,136,191,391,391,391,429,122,122,156,201,201,273,273,288,288,288,234,251,283,283,315,340,360,385,104,104,137,137,137,162,162,162,27,59,59],"floor_reached":57,"language":"KOR","playtime":1832,"items_purged":["Strike_G","Strike_G","Strike_G"],"score":3151,"play_id":"4be81272-fdfa-49c6-97b9-8e1c61398a28","local_time":"20210206045911","is_ascension_mode":true,"campfire_choices":[{"data":"Apotheosis","floor":7,"key":"SMITH"},{"floor":12,"key":"REST"},{"floor":15,"key":"RECALL"},{"floor":29,"key":"REST"},{"data":"Accuracy","floor":32,"key":"SMITH"},{"floor":41,"key":"REST"},{"data":"Accuracy","floor":47,"key":"SMITH"},{"data":"Adrenaline","floor":49,"key":"SMITH"},{"data":"After Image","floor":53,"key":"SMITH"}],"circlet_count":0,"master_deck":["AscendersBane","Strike_G","Defend_G","Defend_G","Defend_G","Defend_G","Defend_G","Survivor","Neutralize","HandOfGreed","Cloak And Dagger","Apotheosis+1","Deflect","Accuracy+1","Adrenaline+1","PiercingWail","Blade Dance","Acrobatics","A Thousand Cuts","Calculated Gamble+1","Cloak And Dagger","Blade Dance+1","Reflex","Prepared","Accuracy+1","After Image+1","Finesse","Backflip+1","Adrenaline+1","Acrobatics","Calculated Gamble","Acrobatics+1","Tactician","Footwork"],"relics":["Ring of the Serpent","Mercury Hourglass","Ice Cream","Juzu Bracelet","CaptainsWheel","HoveringKite","Art of War","PreservedInsect","Question Card","Toy Ornithopter","Akabeko","Turnip","Shuriken","Letter Opener","White Beast Statue"],"acts_visited":["Exordium","TheCity","TheBeyond","TheEnding"],"potions_floor_usage":[8,14,16,18,23,27,40,51,55,56],"damage_taken":[{"damage":1,"enemies":"Small Slimes","floor":1,"turns":4},{"damage":0,"enemies":"Cultist","floor":3,"turns":3},{"damage":2,"enemies":"Jaw Worm","floor":5,"turns":4},{"damage":3,"enemies":"Lagavulin","floor":6,"turns":8},{"damage":8,"enemies":"Gremlin Nob","floor":8,"turns":3},{"damage":0,"enemies":"3 Louse","floor":10,"turns":2},{"damage":2,"enemies":"Red Slaver","floor":13,"turns":5},{"damage":0,"enemies":"Gremlin Gang","floor":14,"turns":4},{"damage":0,"enemies":"Slime Boss","floor":16,"turns":5},{"damage":0,"enemies":"3 Byrds","floor":18,"turns":5},{"damage":13,"enemies":"Chosen","floor":20,"turns":6},{"damage":0,"enemies":"Centurion and Healer","floor":21,"turns":5},{"damage":20,"enemies":"Slavers","floor":23,"turns":3},{"damage":0,"enemies":"Snecko","floor":27,"turns":4},{"damage":11,"enemies":"Gremlin Leader","floor":30,"turns":4},{"damage":0,"enemies":"Cultist and Chosen","floor":31,"turns":5},{"damage":21,"enemies":"Automaton","floor":33,"turns":9},{"damage":14,"enemies":"3 Darklings","floor":35,"turns":4},{"damage":0,"enemies":"Orb Walker","floor":39,"turns":2},{"damage":0,"enemies":"Reptomancer","floor":40,"turns":3},{"damage":0,"enemies":"Nemesis","floor":42,"turns":5},{"damage":11,"enemies":"Jaw Worm Horde","floor":44,"turns":3},{"damage":0,"enemies":"Mind Bloom Boss Battle","floor":45,"turns":3},{"damage":0,"enemies":"Reptomancer","floor":48,"turns":4},{"damage":24,"enemies":"Awakened One","floor":50,"turns":5},{"damage":0,"enemies":"Donu and Deca","floor":51,"turns":3},{"damage":1,"enemies":"Shield and Spear","floor":55,"turns":3},{"damage":45,"enemies":"The Heart","floor":56,"turns":8}],"seed_played":"8405341895901150963","potions_obtained":[{"floor":6,"key":"AttackPotion"},{"floor":8,"key":"Weak Potion"},{"floor":10,"key":"Poison Potion"},{"floor":14,"key":"SkillPotion"},{"floor":20,"key":"Fire Potion"},{"floor":23,"key":"Energy Potion"},{"floor":35,"key":"GamblersBrew"},{"floor":40,"key":"GamblersBrew"},{"floor":45,"key":"AttackPotion"}],"is_trial":false,"path_per_floor":["M","?","M","$","M","E","R","E","T","M","?","R","M","M","R","B",null,"M","$","M","M","$","E","?","?","T","M","$","R","E","M","R","B",null,"M","?","?","?","M","E","R","E","T","M","?","$","R","E","R","B","B",null,"R","$","E","B",null],"character_chosen":"THE_SILENT","items_purchased":["Apotheosis","Reflex","After Image","Finesse","Shuriken","Footwork","Swift Potion"],"campfire_rested":3,"item_purchase_floors":[4,22,28,28,46,54,54],"current_hp_per_floor":[58,32,32,32,30,27,27,19,19,19,19,37,35,35,35,35,54,54,54,41,41,41,21,21,21,21,21,21,39,28,28,28,7,47,33,33,33,33,33,33,51,51,51,40,40,40,40,40,40,16,21,50,50,50,54,14],"gold":59,"neow_bonus":"RANDOM_COLORLESS_2","is_daily":false,"chose_seed":false,"campfire_upgraded":5,"win_rate":0.0,"timestamp":1612555151,"path_taken":["M","?","M","$","M","E","R","E","T","M","?","R","M","M","R","BOSS","M","$","M","M","$","E","?","?","T","M","$","R","E","M","R","BOSS","M","?","?","?","M","E","R","E","T","M","?","$","R","E","R","BOSS","BOSS","R","$","E","BOSS"],"items_purchased_type":["Card","Card","Card","Card","Relic","Card","Potion"],"build_version":"2020-12-22","purchased_purges":3,"victory":true,"max_hp_per_floor":[60,60,60,60,60,60,60,60,60,60,60,60,60,60,60,60,60,60,60,60,60,60,60,60,60,60,60,60,60,60,60,60,60,60,60,60,60,60,60,60,60,60,60,60,60,60,60,60,60,60,60,60,60,60,60,60],"card_choices":[{"not_picked":["Sadistic Nature","Chrysalis"],"picked":"HandOfGreed","floor":0},{"not_picked":["Flechettes","Outmaneuver","Bane"],"picked":"SKIP","floor":1},{"not_picked":["Tactician","Riddle With Holes"],"picked":"Cloak And Dagger","floor":3},{"not_picked":["Escape Plan","Underhanded Strike"],"picked":"Deflect","floor":5},{"not_picked":["Calculated Gamble","Storm of Steel"],"picked":"Accuracy","floor":6},{"not_picked":["Heel Hook","Glass Knife"],"picked":"Adrenaline","floor":8},{"not_picked":["Poisoned Stab","Slice"],"picked":"PiercingWail","floor":10},{"not_picked":["Riddle With Holes","Dagger Spray"],"picked":"Blade Dance","floor":13},{"not_picked":["Grand Finale","Flying Knee"],"picked":"Acrobatics","floor":14},{"not_picked":["Burst","Glass Knife"],"picked":"A Thousand Cuts","floor":16},{"not_picked":["Cloak And Dagger","Bane"],"picked":"Calculated Gamble+1","floor":18},{"not_picked":["Choke","Dagger Spray"],"picked":"Cloak And Dagger","floor":20},{"not_picked":["Dagger Spray","Dodge and Roll"],"picked":"Blade Dance+1","floor":21},{"not_picked":["Flying Knee","Skewer"],"picked":"Prepared","floor":23},{"not_picked":["Dagger Throw","Caltrops"],"picked":"Accuracy","floor":27},{"not_picked":["Distraction+1","Underhanded Strike","Blade Dance"],"picked":"SKIP","floor":30},{"not_picked":["Glass Knife","Caltrops"],"picked":"Backflip+1","floor":31},{"not_picked":["Envenom","Burst"],"picked":"Adrenaline","floor":33},{"not_picked":["Slice","Flying Knee","Heel Hook+1"],"picked":"SKIP","floor":35},{"not_picked":["Deadly Poison+1","Dagger Throw","Dagger Spray"],"picked":"Acrobatics","floor":39},{"not_picked":["Underhanded Strike+1","Outmaneuver","Finisher+1","Deadly Poison"],"picked":"SKIP","floor":40},{"not_picked":["Glass Knife","Flying Knee","Endless Agony"],"picked":"Calculated Gamble","floor":42},{"not_picked":["PiercingWail+1","Poisoned Stab","Cloak And Dagger","Dagger Spray"],"picked":"SKIP","floor":44},{"not_picked":["Doppelganger","Prepared","Blade Dance"],"picked":"Acrobatics+1","floor":45},{"not_picked":["Dash","Prepared","Blade Dance"],"picked":"Tactician","floor":48},{"not_picked":["PiercingWail","Sucker Punch+1","Choke","Bullet Time"],"picked":"SKIP","floor":55}],"player_experience":1464502,"relics_obtained":[{"floor":6,"key":"Ice Cream"},{"floor":8,"key":"Juzu Bracelet"},{"floor":9,"key":"CaptainsWheel"},{"floor":23,"key":"Art of War"},{"floor":30,"key":"PreservedInsect"},{"floor":42,"key":"Toy Ornithopter"},{"floor":43,"key":"Akabeko"},{"floor":45,"key":"Turnip"},{"floor":48,"key":"Letter Opener"},{"floor":55,"key":"White Beast Statue"}],"event_choices":[{"damage_healed":0,"gold_gain":0,"player_choice":"Success","damage_taken":26,"relics_obtained":["Mercury Hourglass"],"max_hp_gain":0,"max_hp_loss":0,"event_name":"Scrap Ooze","floor":2,"gold_loss":0},{"damage_healed":0,"gold_gain":0,"player_choice":"Forge","damage_taken":0,"max_hp_gain":0,"max_hp_loss":0,"event_name":"Accursed Blacksmith","floor":11,"gold_loss":0,"cards_upgraded":["Adrenaline"]},{"damage_healed":0,"gold_gain":250,"player_choice":"Bet on Owner","damage_taken":0,"max_hp_gain":0,"max_hp_loss":0,"event_name":"The Joust","floor":24,"gold_loss":50},{"damage_healed":0,"gold_gain":0,"player_choice":"Ignored","damage_taken":0,"max_hp_gain":0,"max_hp_loss":0,"event_name":"Ghosts","floor":25,"gold_loss":0},{"damage_healed":0,"gold_gain":0,"player_choice":"Ignored","damage_taken":0,"max_hp_gain":0,"max_hp_loss":0,"event_name":"Tomb of Lord Red Mask","floor":36,"gold_loss":0},{"cards_removed":["Strike_G"],"damage_healed":0,"gold_gain":0,"player_choice":"Card Removal","damage_taken":0,"max_hp_gain":0,"max_hp_loss":0,"event_name":"Wheel of Change","floor":37,"gold_loss":0},{"damage_healed":0,"gold_gain":0,"player_choice":"Paid Gold","damage_taken":0,"relics_obtained":["Question Card"],"max_hp_gain":0,"max_hp_loss":0,"event_name":"WeMeetAgain","floor":38,"gold_loss":54},{"damage_healed":0,"gold_gain":0,"player_choice":"Fight","damage_taken":0,"max_hp_gain":0,"max_hp_loss":0,"event_name":"MindBloom","floor":45,"gold_loss":0}],"is_beta":false,"boss_relics":[{"not_picked":["Astrolabe","Coffee Dripper"],"picked":"HoveringKite"},{"not_picked":["Runic Dome","SlaversCollar"],"picked":"Ring of the Serpent"}],"items_purged_floors":[19,22,28],"is_endless":false,"potions_floor_spawned":[6,8,10,14,20,23,35,40,45],"ascension_level":20}}