{"host":"l8n3qytufxtuz5eu","time":1612494494,"event":{"mods":["BaseMod","Colored Map","Minty Spire (QoL Compilation)","Relic Stats"],"gold_per_floor":[115,126,126,137,147,147,166,166,166],"floor_reached":8,"language":"ENG","playtime":372,"items_purged":[],"score":75,"play_id":"592a22ea-332a-46f6-8002-ef1a4f46e9b0","local_time":"20210204190814","is_ascension_mode":true,"campfire_choices":[{"data":"Phantasmal Killer","floor":6,"key":"SMITH"}],"circlet_count":0,"master_deck":["AscendersBane","Strike_G","Strike_G","Strike_G","Strike_G","Strike_G","Defend_G","Defend_G","Defend_G","Defend_G","Defend_G","Survivor","Neutralize","Phantasmal Killer+1","Blade Dance","PiercingWail","All Out Attack","Well Laid Plans","Blade Dance"],"relics":["Ring of the Snake","Eternal Feather"],"acts_visited":["Exordium"],"potions_floor_usage":[7,8],"damage_taken":[{"damage":3,"enemies":"Small Slimes","floor":1,"turns":4},{"damage":14,"enemies":"Jaw Worm","floor":2,"turns":5},{"damage":0,"enemies":"Cultist","floor":4,"turns":3},{"damage":1,"enemies":"2 Fungi Beasts","floor":5,"turns":3},{"damage":2,"enemies":"Large Slime","floor":7,"turns":7},{"damage":29,"enemies":"Gremlin Nob","floor":8,"turns":3}],"seed_played":"-8254130859505871606","potions_obtained":[{"floor":1,"key":"Poison Potion"},{"floor":2,"key":"SkillPotion"}],"is_trial":false,"path_per_floor":["M","M","?","M","M","R","M","E"],"character_chosen":"THE_SILENT","items_purchased":[],"campfire_rested":0,"item_purchase_floors":[],"current_hp_per_floor":[42,28,21,21,20,29,27,0,0],"gold":166,"neow_bonus":"THREE_RARE_CARDS","is_daily":false,"chose_seed":false,"campfire_upgraded":1,"win_rate":0.0,"timestamp":1612494494,"path_taken":["M","M","?","M","M","R","M","E"],"items_purchased_type":[],"build_version":"2020-12-22","purchased_purges":0,"victory":false,"max_hp_per_floor":[70,70,70,70,70,70,70,70,70],"relic_stats":{"counters":[6,25],"Eternal Feather":9,"obtain_stats":[{"Eternal Feather":3,"Ring of the Snake":0},{"Eternal Feather":2,"Ring of the Snake":0},{"Eternal Feather":9,"Ring of the Snake":0}],"Ring of the Snake":[12]},"card_choices":[{"not_picked":["Die Die Die","Venomology"],"picked":"Phantasmal Killer","floor":0},{"not_picked":["Leg Sweep","Caltrops"],"picked":"Blade Dance","floor":1},{"not_picked":["Underhanded Strike","Bane"],"picked":"PiercingWail","floor":2},{"not_picked":["Slice","Riddle With Holes"],"picked":"All Out Attack","floor":4},{"not_picked":["Quick Slash","Deflect"],"picked":"Well Laid Plans","floor":5},{"not_picked":["Tactician","Corpse Explosion"],"picked":"Blade Dance","floor":7}],"player_experience":1472946,"relics_obtained":[],"event_choices":[{"damage_healed":0,"gold_gain":0,"player_choice":"Success","damage_taken":7,"relics_obtained":["Eternal Feather"],"max_hp_gain":0,"max_hp_loss":0,"event_name":"Scrap Ooze","floor":3,"gold_loss":0}],"is_beta":false,"boss_relics":[],"items_purged_floors":[],"is_endless":false,"potions_floor_spawned":[1,2],"killed_by":"Gremlin Nob","ascension_level":10}}