{"host":"t7mx8yfj1no5p62f","time":1612539444,"event":{"mods":["BaseMod","Colored Map","Colored Powertips","Curses Come First","Minty Spire (QoL Compilation)","Relic Stats","StSLib"],"gold_per_floor":[115,129,129,149,169,203,203,218,241,259,288,47,76,76,76,155,155,170,185,185,100,144,144,200,200,226,257,182,222,222,261,261,362,362,400,445,415,452,490,490,490],"floor_reached":40,"language":"ENG","playtime":1906,"items_purged":[],"score":1150,"play_id":"46314338-3d78-4016-9056-acbf2769aa10","local_time":"20210205103724","is_ascension_mode":true,"campfire_choices":[{"data":"CutThroughFate","floor":7.0,"key":"SMITH"},{"data":"Tantrum","floor":15.0,"key":"SMITH"},{"data":"ThirdEye","floor":23.0,"key":"SMITH"},{"data":"Wireheading","floor":25.0,"key":"SMITH"},{"data":"Fasting2","floor":32.0,"key":"SMITH"}],"circlet_count":0,"master_deck":["AscendersBane","Strike_P","Strike_P","Strike_P","Defend_P","Defend_P","Defend_P","Eruption","Vigilance","Tantrum+1","EmptyFist","CutThroughFate+1","CutThroughFate","Evaluate","BowlingBash","Vault","Halt","Wallop","MentalFortress","Wish","Protect+1","ThirdEye+1","Wireheading+1","Fasting2+1","Ghostly","Ghostly","Ghostly","SpiritShield","Evaluate+1","ReachHeaven+1"],"relics":["SlaversCollar","InkBottle","Nunchaku","Strawberry","PreservedInsect","Juzu Bracelet","Coffee Dripper","Orichalcum","Boot","Bag of Marbles","Lantern","Philosopher\u0027s Stone"],"acts_visited":["Exordium","TheCity","TheBeyond"],"potions_floor_usage":[],"damage_taken":[{"damage":8.0,"enemies":"Small Slimes","floor":1.0,"turns":4.0},{"damage":2.0,"enemies":"Cultist","floor":2.0,"turns":3.0},{"damage":3.0,"enemies":"2 Louse","floor":4.0,"turns":2.0},{"damage":0.0,"enemies":"Exordium Wildlife","floor":5.0,"turns":2.0},{"damage":14.0,"enemies":"Lagavulin","floor":6.0,"turns":6.0},{"damage":0.0,"enemies":"3 Louse","floor":8.0,"turns":2.0},{"damage":13.0,"enemies":"Large Slime","floor":10.0,"turns":3.0},{"damage":0.0,"enemies":"Gremlin Nob","floor":11.0,"turns":3.0},{"damage":9.0,"enemies":"Lagavulin","floor":13.0,"turns":5.0},{"damage":0.0,"enemies":"Slime Boss","floor":16.0,"turns":4.0},{"damage":0.0,"enemies":"Chosen","floor":18.0,"turns":3.0},{"damage":18.0,"enemies":"Shell Parasite","floor":19.0,"turns":10.0},{"damage":1.0,"enemies":"Snecko","floor":22.0,"turns":6.0},{"damage":6.0,"enemies":"Slavers","floor":24.0,"turns":7.0},{"damage":7.0,"enemies":"Book of Stabbing","floor":27.0,"turns":5.0},{"damage":25.0,"enemies":"Snake Plant","floor":29.0,"turns":6.0},{"damage":0.0,"enemies":"Chosen and Byrds","floor":31.0,"turns":6.0},{"damage":0.0,"enemies":"Collector","floor":33.0,"turns":8.0},{"damage":0.0,"enemies":"3 Shapes","floor":35.0,"turns":6.0},{"damage":7.0,"enemies":"Orb Walker","floor":36.0,"turns":6.0},{"damage":0,"enemies":"Maw","floor":38,"turns":8},{"damage":0,"enemies":"Sphere and 2 Shapes","floor":39,"turns":6},{"damage":23,"enemies":"Reptomancer","floor":40,"turns":2}],"seed_played":"6839272973887236142","potions_obtained":[{"floor":1.0,"key":"SteroidPotion"},{"floor":2.0,"key":"ColorlessPotion"},{"floor":11.0,"key":"PowerPotion"},{"floor":13.0,"key":"CultistPotion"},{"floor":33.0,"key":"Dexterity Potion"},{"floor":35.0,"key":"AttackPotion"},{"floor":37,"key":"DuplicationPotion"},{"floor":39,"key":"Swift Potion"}],"is_trial":false,"path_per_floor":["M","M","?","M","M","E","R","M","T","M","E","$","E","?","R","B",null,"M","M","?","?","M","R","E","R","T","E","?","M","?","M","R","B",null,"M","M","?","M","M","E"],"character_chosen":"WATCHER","items_purchased":["Wallop","PreservedInsect"],"campfire_rested":0,"item_purchase_floors":[12,12],"current_hp_per_floor":[53,51,51,48,48,34,34,34,34,21,28,28,19,19,19,19,61,61,43,43,43,42,42,36,36,36,29,29,4,4,4,4,4,29,29,22,22,22,22,0,0],"gold":490,"neow_bonus":"BOSS_RELIC","is_daily":false,"chose_seed":false,"campfire_upgraded":5,"win_rate":0.0,"timestamp":1612539444,"path_taken":["M","M","?","M","M","E","R","M","T","M","E","?","E","?","R","BOSS","M","M","?","?","M","R","E","R","T","E","?","M","?","M","R","BOSS","M","M","?","M","M","E"],"items_purchased_type":["Card","Relic"],"build_version":"2020-12-22","purchased_purges":0,"victory":false,"max_hp_per_floor":[68,68,68,68,68,68,68,68,68,68,75,75,75,75,75,75,75,75,75,75,75,75,75,75,75,75,75,75,75,37,37,37,37,37,37,37,37,37,37,37,37],"relic_stats":{"Nunchaku":[16],"counters":[23,113],"PreservedInsect":175,"Juzu Bracelet":1,"Orichalcum":[96],"Boot":[43],"obtain_stats":[{"Lantern":27,"PreservedInsect":12,"Juzu Bracelet":13,"Orichalcum":21,"Boot":24,"SlaversCollar":0,"Nunchaku":9,"Strawberry":11,"Philosopher\u0027s Stone":34,"Coffee Dripper":17,"Bag of Marbles":26,"PureWater":0,"InkBottle":6},{"Lantern":15,"PreservedInsect":8,"Juzu Bracelet":9,"Orichalcum":12,"Boot":14,"SlaversCollar":0,"Nunchaku":6,"Strawberry":8,"Philosopher\u0027s Stone":18,"Coffee Dripper":10,"Bag of Marbles":14,"PureWater":0,"InkBottle":5},{"Lantern":65,"PreservedInsect":25,"Juzu Bracelet":30,"Orichalcum":47,"Boot":60,"SlaversCollar":0,"Nunchaku":19,"Strawberry":25,"Philosopher\u0027s Stone":85,"Coffee Dripper":34,"Bag of Marbles":60,"PureWater":0,"InkBottle":17}],"InkBottle":[32]},"card_choices":[{"not_picked":["MentalFortress","EmptyMind"],"picked":"Tantrum","floor":1.0},{"not_picked":["EmptyBody","FlurryOfBlows"],"picked":"EmptyFist","floor":2.0},{"not_picked":["Protect","Consecrate"],"picked":"CutThroughFate","floor":4.0},{"not_picked":["WreathOfFlame","Collect"],"picked":"CutThroughFate","floor":5.0},{"not_picked":["Indignation","Consecrate"],"picked":"Evaluate","floor":6.0},{"not_picked":["PathToVictory","Prostrate"],"picked":"BowlingBash","floor":8.0},{"not_picked":["EmptyBody","Sanctity"],"picked":"Vault","floor":10.0},{"not_picked":["BowlingBash","SashWhip"],"picked":"Halt","floor":11.0},{"not_picked":["EmptyFist","FlyingSleeves"],"picked":"MentalFortress","floor":13.0},{"not_picked":["Ragnarok","Blasphemy"],"picked":"Wish","floor":16.0},{"not_picked":["FlyingSleeves","ForeignInfluence"],"picked":"Protect+1","floor":18.0},{"not_picked":["ClearTheMind","Evaluate","WreathOfFlame"],"picked":"SKIP","floor":19.0},{"not_picked":["BattleHymn","FearNoEvil"],"picked":"ThirdEye","floor":22.0},{"not_picked":["Halt","SashWhip+1"],"picked":"Wireheading","floor":24.0},{"not_picked":["Study","ClearTheMind+1"],"picked":"Fasting2","floor":27.0},{"not_picked":["FlyingSleeves","BowlingBash","Collect"],"picked":"SKIP","floor":29.0},{"not_picked":["Perseverance","Blasphemy","Indignation"],"picked":"SKIP","floor":31.0},{"not_picked":["Ragnarok","Establishment"],"picked":"SpiritShield","floor":33.0},{"not_picked":["Protect","EmptyFist"],"picked":"Evaluate+1","floor":35.0},{"not_picked":["Protect","FollowUp+1"],"picked":"ReachHeaven+1","floor":36.0},{"not_picked":["EmptyBody+1","BowlingBash","FlurryOfBlows"],"picked":"SKIP","floor":38},{"not_picked":["EmptyFist","ClearTheMind","CrushJoints"],"picked":"SKIP","floor":39},{"not_picked":["EmptyFist","ClearTheMind","CrushJoints"],"picked":"SKIP","floor":39}],"player_experience":1933702,"relics_obtained":[{"floor":6.0,"key":"InkBottle"},{"floor":9.0,"key":"Nunchaku"},{"floor":11.0,"key":"Strawberry"},{"floor":13.0,"key":"Juzu Bracelet"},{"floor":24.0,"key":"Boot"},{"floor":26.0,"key":"Bag of Marbles"},{"floor":27.0,"key":"Lantern"}],"event_choices":[{"cards_removed":["Defend_P"],"damage_healed":0.0,"max_hp_gain":0.0,"max_hp_loss":0.0,"gold_gain":0.0,"event_name":"Purifier","player_choice":"Purged","floor":3.0,"gold_loss":0.0,"damage_taken":0.0},{"damage_healed":0.0,"max_hp_gain":0.0,"max_hp_loss":0.0,"gold_gain":0.0,"event_name":"Scrap Ooze","player_choice":"Fled","floor":14.0,"gold_loss":0.0,"damage_taken":0.0},{"damage_healed":0.0,"max_hp_gain":0.0,"max_hp_loss":0.0,"gold_gain":0.0,"event_name":"The Mausoleum","player_choice":"Ignored","floor":20.0,"gold_loss":0.0,"damage_taken":0.0},{"damage_healed":0.0,"max_hp_gain":0.0,"max_hp_loss":0.0,"gold_gain":0.0,"event_name":"Addict","player_choice":"Obtained Relic","floor":21.0,"gold_loss":85.0,"damage_taken":0.0,"relics_obtained":["Orichalcum"]},{"cards_removed":["Strike_P"],"damage_healed":0.0,"max_hp_gain":0.0,"max_hp_loss":0.0,"gold_gain":0.0,"event_name":"Beggar","player_choice":"Gave Gold","floor":28.0,"gold_loss":75.0,"damage_taken":0.0},{"damage_healed":0.0,"max_hp_gain":0.0,"max_hp_loss":38.0,"gold_gain":0.0,"event_name":"Ghosts","player_choice":"Became a Ghost","floor":30.0,"gold_loss":0.0,"damage_taken":0.0,"cards_obtained":["Ghostly","Ghostly","Ghostly"]},{"damage_healed":0,"gold_gain":0,"player_choice":"Bought 2 Potions","damage_taken":0,"max_hp_gain":0,"max_hp_loss":0,"event_name":"The Woman in Blue","floor":37,"gold_loss":0}],"is_beta":false,"boss_relics":[{"not_picked":["VioletLotus","Snecko Eye"],"picked":"Coffee Dripper"},{"not_picked":["Busted Crown","Sozu"],"picked":"Philosopher\u0027s Stone"}],"items_purged_floors":[],"is_endless":false,"potions_floor_spawned":[1,2,5,11,13,24,27,29,31,33,35,39],"killed_by":"Reptomancer","ascension_level":20}}