{"host":"rtw1tnr74gozsrw1","time":1612546741,"event":{"mods":["BaseMod","Colored Map","Colored Powertips","Highlight Path","Minty Spire (QoL Compilation)","StSLib","The Jungle"],"gold_per_floor":[117,117,135,135,154,2,2,27,27,27,45,45,65,85,85,188,188,188],"floor_reached":17,"language":"ENG","playtime":454,"items_purged":["Defend_B"],"score":188,"play_id":"b846ff68-d525-4790-a3a6-f79eb00fc948","local_time":"20210205183901","is_ascension_mode":true,"campfire_choices":[{"data":"Defragment","floor":7,"key":"SMITH"},{"data":"Loop","floor":12,"key":"SMITH"},{"floor":15,"key":"REST"}],"circlet_count":0,"master_deck":["Zap","Dualcast","Cold Snap","Loop+1","Defragment+1","FTL","Conserve Battery","Ball Lightning","Fission","Thunder Strike","Buffer","Storm","Rip and Tear","Lockon","Scrape"],"relics":["Cracked Core","NeowsBlessing","TungstenRod","Eternal Feather","Pandora\u0027s Box"],"acts_visited":["Exordium","TheCity"],"potions_floor_usage":[8],"damage_taken":[{"damage":0,"enemies":"Jaw Worm","floor":1,"turns":1},{"damage":0,"enemies":"2 Louse","floor":3,"turns":1},{"damage":0,"enemies":"Small Slimes","floor":5,"turns":1},{"damage":7,"enemies":"Gremlin Nob","floor":8,"turns":4},{"damage":8,"enemies":"Blue Slaver","floor":11,"turns":3},{"damage":20,"enemies":"Exordium Thugs","floor":13,"turns":4},{"damage":0,"enemies":"Exordium Wildlife","floor":14,"turns":3},{"damage":12,"enemies":"The Guardian","floor":16,"turns":7}],"seed_played":"5722848051314965837","potions_obtained":[{"floor":1,"key":"BlessingOfTheForge"},{"floor":5,"key":"Regen Potion"},{"floor":13,"key":"Swift Potion"},{"floor":14,"key":"PowerPotion"}],"is_trial":false,"path_per_floor":["M","?","M","?","M","$","R","E","T","$","M","R","M","M","R","B",null],"character_chosen":"DEFECT","items_purchased":["Defragment"],"campfire_rested":1,"item_purchase_floors":[6],"current_hp_per_floor":[75,68,68,68,68,68,68,61,61,61,53,59,39,39,67,55,75,75],"gold":188,"neow_bonus":"THREE_ENEMY_KILL","is_daily":false,"chose_seed":false,"campfire_upgraded":2,"win_rate":0.0,"timestamp":1612546741,"path_taken":["M","?","M","?","M","$","R","E","T","$","M","R","M","M","R","BOSS"],"items_purchased_type":["Card"],"build_version":"2020-12-22","purchased_purges":1,"victory":false,"max_hp_per_floor":[75,75,75,75,75,75,75,75,75,75,75,75,75,75,75,75,75,75],"card_choices":[{"not_picked":["Reinforced Body","Beam Cell","Reprogram"],"picked":"SKIP","floor":1},{"not_picked":["Recycle","Steam"],"picked":"Cold Snap","floor":3},{"not_picked":["Auto Shields","Turbo"],"picked":"Loop","floor":5},{"not_picked":["Aggregate","Go for the Eyes"],"picked":"FTL","floor":8},{"not_picked":["Sunder","Seek"],"picked":"Conserve Battery","floor":11},{"not_picked":["Sunder","Hologram"],"picked":"Ball Lightning","floor":13},{"not_picked":["Gash","Steam","Sweeping Beam"],"picked":"SKIP","floor":14},{"not_picked":["Multi-Cast","Buffer"],"picked":"Fission","floor":16}],"player_experience":107333,"relics_obtained":[{"floor":8,"key":"TungstenRod"},{"floor":9,"key":"Eternal Feather"}],"event_choices":[{"cards_removed":["Strike_B"],"damage_healed":0,"gold_gain":0,"player_choice":"Card Removal","damage_taken":7,"max_hp_gain":0,"max_hp_loss":0,"event_name":"Golden Wing","floor":2,"gold_loss":0},{"damage_healed":0,"gold_gain":0,"player_choice":"Ignored","damage_taken":0,"max_hp_gain":0,"max_hp_loss":0,"event_name":"Liars Game","floor":4,"gold_loss":0}],"is_beta":false,"boss_relics":[{"not_picked":["SlaversCollar","Ectoplasm"],"picked":"Pandora\u0027s Box"}],"items_purged_floors":[6],"is_endless":false,"potions_floor_spawned":[1,5,13,14],"ascension_level":4}}