{"host":"9l1knhxfturzliqa","time":1612494966,"event":{"mods":["BaseMod","Colored Map","Colored Powertips","DeckTracker","Highlight Path","Keyboard Shortcuts","Minty Spire (QoL Compilation)","Random Character Button"],"gold_per_floor":[360,370,370,389,564,597,366,366,392,392,407,33,33,58,58,157,157,173,173,239,257,325,325,325,385,408,408,433,348,364,391,391,486,486,563,563,579,589,589,589,606,624,624,634,654,671,141,171,171,171,171,171,46,72,72],"floor_reached":56,"language":"KOR","playtime":2979,"items_purged":["Doubt","Defend_P","ConjureBlade"],"score":2003,"play_id":"cd3b52d7-1969-482a-b255-99c380a22a97","local_time":"20210205121606","is_ascension_mode":true,"campfire_choices":[{"data":"Eruption","floor":8.0,"key":"SMITH"},{"data":"Adaptation","floor":13.0,"key":"SMITH"},{"data":"EmptyMind","floor":15.0,"key":"SMITH"},{"data":"Wish","floor":23.0,"key":"SMITH"},{"data":"Tantrum","floor":27.0,"key":"SMITH"},{"data":"FearNoEvil","floor":32.0,"key":"SMITH"},{"data":"Vigilance","floor":40.0,"key":"SMITH"},{"floor":49.0,"key":"RECALL"},{"data":"Adaptation","floor":52.0,"key":"SMITH"}],"circlet_count":0,"master_deck":["AscendersBane","Eruption+1","Vigilance+1","EmptyMind+1","CrushJoints","Tantrum+1","Adaptation+1","FearNoEvil+1","Collect+1","Consecrate+1","Wish+1","Adaptation+1","MentalFortress"],"relics":["PureWater","Centennial Puzzle","Bag of Marbles","Pen Nib","InkBottle","MealTicket","Astrolabe","Art of War","Incense Burner","Meat on the Bone","Juzu Bracelet","TeardropLocket","Shuriken","Oddly Smooth Stone","Bag of Preparation","Gremlin Horn"],"acts_visited":["Exordium","TheCity","TheBeyond","TheEnding"],"potions_floor_usage":[],"damage_taken":[{"damage":0.0,"enemies":"2 Louse","floor":1.0,"turns":2.0},{"damage":2.0,"enemies":"Cultist","floor":2.0,"turns":3.0},{"damage":0.0,"enemies":"Small Slimes","floor":4.0,"turns":3.0},{"damage":16.0,"enemies":"3 Sentries","floor":6.0,"turns":11.0},{"damage":0.0,"enemies":"Blue Slaver","floor":11.0,"turns":2.0},{"damage":0.0,"enemies":"Lagavulin","floor":14.0,"turns":2.0},{"damage":26.0,"enemies":"Hexaghost","floor":16.0,"turns":7.0},{"damage":3.0,"enemies":"Chosen","floor":18.0,"turns":2.0},{"damage":3.0,"enemies":"2 Thieves","floor":20.0,"turns":2.0},{"damage":0.0,"enemies":"3 Cultists","floor":21.0,"turns":2.0},{"damage":0.0,"enemies":"Snecko","floor":22.0,"turns":2.0},{"damage":0.0,"enemies":"Slavers","floor":25.0,"turns":2.0},{"damage":10.0,"enemies":"Gremlin Leader","floor":28.0,"turns":2.0},{"damage":18.0,"enemies":"Snake Plant","floor":30.0,"turns":3.0},{"damage":10.0,"enemies":"Slavers","floor":31.0,"turns":2.0},{"damage":13.0,"enemies":"Collector","floor":33.0,"turns":3.0},{"damage":20.0,"enemies":"3 Shapes","floor":35.0,"turns":4.0},{"damage":12.0,"enemies":"3 Darklings","floor":37.0,"turns":2.0},{"damage":0.0,"enemies":"Jaw Worm Horde","floor":38.0,"turns":2.0},{"damage":0.0,"enemies":"Spire Growth","floor":41.0,"turns":2.0},{"damage":0.0,"enemies":"Maw","floor":42.0,"turns":4.0},{"damage":0.0,"enemies":"Sphere and 2 Shapes","floor":44.0,"turns":1.0},{"damage":6.0,"enemies":"4 Shapes","floor":45.0,"turns":3.0},{"damage":0.0,"enemies":"Maw","floor":46.0,"turns":2.0},{"damage":0.0,"enemies":"Reptomancer","floor":48.0,"turns":2.0},{"damage":0.0,"enemies":"Awakened One","floor":50.0,"turns":2.0},{"damage":0.0,"enemies":"Shield and Spear","floor":54.0,"turns":1.0},{"damage":7,"enemies":"The Heart","floor":55,"turns":4}],"seed_played":"3013936863277101649","potions_obtained":[{"floor":4.0,"key":"PowerPotion"},{"floor":6.0,"key":"Energy Potion"},{"floor":11.0,"key":"EssenceOfSteel"},{"floor":18.0,"key":"ColorlessPotion"},{"floor":22.0,"key":"LiquidBronze"},{"floor":31.0,"key":"StancePotion"},{"floor":37.0,"key":"Dexterity Potion"},{"floor":44.0,"key":"Block Potion"}],"is_trial":false,"path_per_floor":["M","M","?","M","?","E","$","R","T","?","M","$","R","E","R","B",null,"M","?","M","M","M","R","?","E","T","R","E","?","M","E","R","B",null,"M","?","M","M","?","R","M","M","T","M","M","M","$","E","R","B",null,"R","$","E","B",null],"character_chosen":"WATCHER","items_purchased":["Bag of Marbles","FearNoEvil","InkBottle","Shuriken","Oddly Smooth Stone","StancePotion","Energy Potion"],"campfire_rested":0,"item_purchase_floors":[7,12,12,47,47,53,53],"current_hp_per_floor":[47,45,45,45,45,29,29,29,29,29,29,29,29,29,29,3,55,52,52,49,49,49,49,49,49,49,49,39,39,33,35,35,34,63,43,43,43,43,43,43,43,43,43,43,37,37,52,52,52,52,67,67,72,72,65],"gold":72,"neow_bonus":"TWO_FIFTY_GOLD","is_daily":false,"chose_seed":false,"campfire_upgraded":8,"win_rate":0.0,"timestamp":1612494966,"path_taken":["M","M","?","?","?","E","$","R","T","?","M","$","R","E","R","BOSS","M","?","M","M","M","R","?","E","T","R","E","?","M","E","R","BOSS","M","?","M","M","?","R","M","M","T","M","M","M","$","E","R","BOSS","R","$","E","BOSS"],"items_purchased_type":["Relic","Card","Relic","Relic","Relic","Potion","Potion"],"build_version":"2020-12-22","purchased_purges":3,"victory":true,"max_hp_per_floor":[72,72,72,72,72,72,72,72,72,72,72,72,72,72,72,72,72,72,72,72,72,72,72,72,72,72,72,72,72,72,72,72,72,72,72,72,72,72,72,72,72,72,72,72,72,72,72,72,72,72,72,72,72,72,72],"card_choices":[{"not_picked":["SashWhip","CarveReality","ThirdEye"],"picked":"SKIP","floor":1.0},{"not_picked":["Evaluate","CutThroughFate"],"picked":"EmptyMind","floor":2.0},{"not_picked":["Protect","CutThroughFate"],"picked":"CrushJoints","floor":4.0},{"not_picked":["ClearTheMind","Study","FlurryOfBlows"],"picked":"SKIP","floor":6.0},{"not_picked":["CutThroughFate","FollowUp"],"picked":"Adaptation","floor":11.0},{"not_picked":["FlyingSleeves","WaveOfTheHand","Prostrate"],"picked":"SKIP","floor":14.0},{"not_picked":["CrushJoints","Evaluate+1","EmptyBody"],"picked":"SKIP","floor":18.0},{"not_picked":["Perseverance","Consecrate+1","SashWhip"],"picked":"SKIP","floor":20.0},{"not_picked":["Evaluate","EmptyMind","Study"],"picked":"SKIP","floor":21.0},{"not_picked":["EmptyBody","FearNoEvil","EmptyMind"],"picked":"SKIP","floor":22.0},{"not_picked":["JustLucky","BattleHymn","Indignation"],"picked":"SKIP","floor":25.0},{"not_picked":["Wish","Nirvana","Perseverance"],"picked":"SKIP","floor":28.0},{"not_picked":["WreathOfFlame","ThirdEye+1","FollowUp"],"picked":"SKIP","floor":30.0},{"not_picked":["WheelKick","CrushJoints","EmptyFist"],"picked":"SKIP","floor":31.0},{"not_picked":["Wallop+1","Prostrate","Halt+1"],"picked":"SKIP","floor":35.0},{"not_picked":["Pray+1","SashWhip+1","ForeignInfluence"],"picked":"SKIP","floor":37.0},{"not_picked":["EmptyFist","FollowUp+1","Vengeance+1"],"picked":"SKIP","floor":38.0},{"not_picked":["CrushJoints","Perseverance","LessonLearned"],"picked":"SKIP","floor":41.0},{"not_picked":["ClearTheMind","CrushJoints+1","Sanctity+1"],"picked":"SKIP","floor":42.0},{"not_picked":["CutThroughFate+1","ThirdEye+1","SandsOfTime+1"],"picked":"SKIP","floor":44.0},{"not_picked":["CrushJoints+1","CutThroughFate"],"picked":"Adaptation","floor":45.0},{"not_picked":["BowlingBash","LessonLearned","FlyingSleeves"],"picked":"SKIP","floor":46.0},{"not_picked":["Protect+1","CutThroughFate+1","BowlingBash"],"picked":"SKIP","floor":48.0},{"not_picked":["FollowUp+1","WaveOfTheHand"],"picked":"MentalFortress","floor":54.0}],"player_experience":608610,"relics_obtained":[{"floor":6.0,"key":"Centennial Puzzle"},{"floor":9.0,"key":"Pen Nib"},{"floor":14.0,"key":"MealTicket"},{"floor":25.0,"key":"Art of War"},{"floor":28.0,"key":"Incense Burner"},{"floor":31.0,"key":"Juzu Bracelet"},{"floor":43.0,"key":"TeardropLocket"},{"floor":48.0,"key":"Bag of Preparation"},{"floor":54.0,"key":"Gremlin Horn"}],"event_choices":[{"cards_removed":["Strike_P"],"damage_healed":0.0,"max_hp_gain":0.0,"max_hp_loss":0.0,"gold_gain":0.0,"event_name":"Bonfire Elementals","player_choice":"Offered Basic","floor":3.0,"gold_loss":0.0,"damage_taken":0.0},{"damage_healed":0.0,"max_hp_gain":0.0,"max_hp_loss":0.0,"gold_gain":175.0,"event_name":"Liars Game","player_choice":"AGREE","floor":5.0,"gold_loss":0.0,"damage_taken":0.0,"cards_obtained":["Doubt"]},{"damage_healed":0.0,"max_hp_gain":0.0,"max_hp_loss":0.0,"gold_gain":0.0,"cards_transformed":["Strike_P"],"event_name":"Living Wall","player_choice":"Change","floor":10.0,"gold_loss":0.0,"damage_taken":0.0,"cards_obtained":["Tantrum"]},{"damage_healed":0.0,"max_hp_gain":0.0,"max_hp_loss":0.0,"gold_gain":0.0,"cards_transformed":["Strike_P","Defend_P"],"event_name":"Drug Dealer","player_choice":"Became Test Subject","floor":19.0,"gold_loss":0.0,"damage_taken":0.0,"cards_obtained":["Wish","ConjureBlade"]},{"damage_healed":0.0,"max_hp_gain":0.0,"max_hp_loss":0.0,"gold_gain":0.0,"event_name":"Ghosts","player_choice":"Ignored","floor":24.0,"gold_loss":0.0,"damage_taken":0.0},{"damage_healed":0.0,"max_hp_gain":0.0,"max_hp_loss":0.0,"gold_gain":0.0,"event_name":"Addict","player_choice":"Obtained Relic","floor":29.0,"gold_loss":85.0,"damage_taken":0.0,"relics_obtained":["Meat on the Bone"]},{"cards_removed":["Omniscience"],"damage_healed":0.0,"max_hp_gain":0.0,"max_hp_loss":0.0,"gold_gain":0.0,"event_name":"Falling","player_choice":"Removed Skill","floor":36.0,"gold_loss":0.0,"damage_taken":0.0},{"damage_healed":0.0,"max_hp_gain":0.0,"max_hp_loss":0.0,"gold_gain":0.0,"event_name":"Tomb of Lord Red Mask","player_choice":"Ignored","floor":39.0,"gold_loss":0.0,"damage_taken":0.0}],"is_beta":false,"boss_relics":[{"not_picked":["Fusion Hammer","Velvet Choker"],"picked":"Astrolabe"},{"not_picked":["Cursed Key","Runic Pyramid","Pandora\u0027s Box"]}],"items_purged_floors":[7,12,47],"is_endless":false,"potions_floor_spawned":[4,6,11,18,22,31,37,44,46],"ascension_level":11}}