{"host":"bplbr8uekuotory4","time":1612527086,"event":{"mods":["Act Like it!","BaseMod","GungeonMod","Hermit","KinomotoSakuraMod(ƒæ÷Æ±æ”£)","Marisa£®ÏF”Í°°ƒß¿Ì…≥£©","Minty Spire (QoL Compilation)","Prisma Mod","Quick Restart","Reimu£®≤©¿ˆ¡È√Œ£©","SOS£®Àπ∞Õ¥Ô÷Æ◊”£©","Spicy Shops","StSLib","TestMod","The Blackbeard","The Cursed","The Mystic","The Poker Player","The Saiyan","The Senshi","The Servant 0.9.4","Yuri Mod","[IsaacMod]“‘»ˆº‚À˛"],"gold_per_floor":[113,38,50,50,57,90,115,127,127,153,171,171,21,60,60,74,74,74],"floor_reached":16,"language":"ZHS","playtime":246,"items_purged":["PokerPlayerMod:JackOfSpades"],"score":179,"play_id":"0f6792f1-74cc-4be4-838a-380c3a9d562a","local_time":"20210205201126","is_ascension_mode":true,"metric_token":1494,"campfire_choices":[{"data":"PokerPlayerMod:Sharpen","floor":12,"key":"SMITH"},{"floor":15,"key":"RECALL"}],"circlet_count":0,"master_deck":["PokerPlayerMod:Diamond1","PokerPlayerMod:Diamond2","PokerPlayerMod:Diamond4","PokerPlayerMod:Diamond4","PokerPlayerMod:Diamond5","PokerPlayerMod:Spade1","PokerPlayerMod:Spade2","PokerPlayerMod:Spade3","PokerPlayerMod:Spade4","PokerPlayerMod:Club1","PokerPlayerMod:Club2","PokerPlayerMod:Heart2","PokerPlayerMod:TrumpStrike","PokerPlayerMod:BadJoker","PokerPlayerMod:Mulligan+1","PokerPlayerMod:Diamond7","PokerPlayerMod:Sharpen+1","PokerPlayerMod:Diamond6","PokerPlayerMod:HotShotCut"],"relics":["PokerPlayerMod:DeckCase","testmod-TestBox","HushsDoor","SalivaCoin","testmod-FatalChain","NeowsBlessing","DemoMod:GundromedaStrain","testmod-HeartOfStrike","Anchor","BFFS","Blood Vial"],"acts_visited":["Exordium"],"potions_floor_usage":[16],"damage_taken":[{"damage":0,"enemies":"Cultist","floor":1,"turns":1},{"damage":0,"enemies":"Small Slimes","floor":3,"turns":1},{"damage":0,"enemies":"Lagavulin","floor":6,"turns":1},{"damage":2,"enemies":"2 Louse","floor":7,"turns":2},{"damage":0,"enemies":"Looter","floor":8,"turns":2},{"damage":0,"enemies":"Gremlin Nob","floor":10,"turns":2},{"damage":0,"enemies":"2 Fungi Beasts","floor":11,"turns":2},{"damage":16,"enemies":"Lagavulin","floor":14,"turns":3},{"damage":4,"enemies":"Hexaghost","floor":16,"turns":4}],"seed_played":"-5014603908622591591","potions_obtained":[{"floor":1,"key":"Block Potion"},{"floor":8,"key":"Energy Potion"},{"floor":11,"key":"Explosive Potion"}],"is_trial":false,"path_per_floor":["M","$","M","T","?","E","M","M","T","E","M","R","$","E","R","B"],"character_chosen":"THE_POKER_PLAYER","items_purchased":["PokerPlayerMod:Sharpen","BFFS"],"campfire_rested":0,"item_purchase_floors":[2,13],"current_hp_per_floor":[52,52,52,52,42,45,43,45,45,45,45,45,45,31,31,31,31,31],"gold":74,"neow_bonus":"THREE_ENEMY_KILL","is_daily":false,"chose_seed":false,"campfire_upgraded":1,"win_rate":0.0,"timestamp":1612527086,"path_taken":["M","?","M","?","?","E","M","M","T","E","M","R","$","E","R","BOSS"],"items_purchased_type":["Card","Relic"],"build_version":"2020-12-22","purchased_purges":1,"victory":false,"max_hp_per_floor":[52,52,52,52,52,52,52,52,52,52,52,52,52,52,52,52,52,52],"card_choices":[{"not_picked":["PokerPlayerMod:Diamond4","PokerPlayerMod:Spade2"],"picked":"PokerPlayerMod:Diamond7","floor":1},{"not_picked":["PokerPlayerMod:MagicTrick","PokerPlayerMod:Trickery"],"picked":"PokerPlayerMod:JackOfSpades","floor":3},{"not_picked":["PokerPlayerMod:Spade4","PokerPlayerMod:Trickery"],"picked":"PokerPlayerMod:Diamond6","floor":6},{"not_picked":["PokerPlayerMod:CardBurn","PokerPlayerMod:DartThrow","PokerPlayerMod:Heart3"],"picked":"SKIP","floor":7},{"not_picked":["PokerPlayerMod:RiskyBet","PokerPlayerMod:Heart4","PokerPlayerMod:DiamondStrike"],"picked":"SKIP","floor":8},{"not_picked":["PokerPlayerMod:Diamond4","PokerPlayerMod:Diamond2","PokerPlayerMod:Spade4"],"picked":"SKIP","floor":10},{"not_picked":["PokerPlayerMod:Club5","PokerPlayerMod:Harden"],"picked":"Bomb","floor":11},{"not_picked":["PokerPlayerMod:Spade3","PokerPlayerMod:Heart3"],"picked":"PokerPlayerMod:HotShotCut","floor":14}],"player_experience":1117870,"relics_obtained":[{"floor":4,"key":"DemoMod:GundromedaStrain"},{"floor":6,"key":"testmod-HeartOfStrike"},{"floor":10,"key":"Anchor"},{"floor":14,"key":"Blood Vial"}],"event_choices":[{"damage_healed":0,"gold_gain":0,"player_choice":"Entered Light","damage_taken":10,"max_hp_gain":0,"max_hp_loss":0,"event_name":"Shining Light","floor":5,"gold_loss":0,"cards_upgraded":["PokerPlayerMod:Mulligan","PokerPlayerMod:Diamond4"]}],"is_beta":false,"boss_relics":[],"items_purged_floors":[13],"is_endless":false,"potions_floor_spawned":[1,8,11],"killed_by":"Hexaghost","ascension_level":1}}