{"host":"zov10424ma9lu08x","time":1612548445,"event":{"mods":["Act Like it!","BaseMod","Card Forge","Hallownest","Highlight Path","Minty Spire (QoL Compilation)","Permanent Neow","Practice Mode","Quick Restart","StSLib","Synergy Search","The Bug Knight"],"gold_per_floor":[217,217,231,247,263,263,263,263],"floor_reached":7,"language":"ENG","playtime":376,"items_purged":[],"score":45,"play_id":"34e7b57c-f2b3-4e83-b5a9-a0333ad75ecb","local_time":"20210206020725","is_ascension_mode":true,"campfire_choices":[{"data":"Cold Snap","floor":6,"key":"SMITH"}],"circlet_count":0,"master_deck":["Strike_B","Strike_B","Strike_B","Strike_B","Defend_B","Defend_B","Defend_B","Defend_B","Zap","Dualcast","Genetic Algorithm","Steam","Cold Snap+1"],"relics":["Cracked Core","Hammer of Thor","Seething Fire","Anvil of the Gods","Golden Idol"],"acts_visited":["Exordium"],"potions_floor_usage":[],"damage_taken":[{"damage":1,"enemies":"Cultist","floor":1,"turns":3},{"damage":1,"enemies":"Jaw Worm","floor":3,"turns":3},{"damage":5,"enemies":"Small Slimes","floor":4,"turns":4},{"damage":13,"enemies":"Exordium Wildlife","floor":5,"turns":5},{"damage":0,"enemies":"HollowMod:MossKnight","floor":7,"turns":1}],"seed_played":"351470752124005010","potions_obtained":[{"floor":4,"key":"ColorlessPotion"},{"floor":5,"key":"Swift Potion"}],"is_trial":false,"path_per_floor":["M","?","M","M","M","R","E"],"character_chosen":"DEFECT","items_purchased":[],"campfire_rested":0,"item_purchase_floors":[],"current_hp_per_floor":[74,56,55,50,37,37,37,37],"gold":263,"neow_bonus":"HUNDRED_GOLD","is_daily":false,"chose_seed":false,"campfire_upgraded":1,"win_rate":0.0,"timestamp":1612548445,"path_taken":["M","?","M","M","M","R","E"],"items_purchased_type":[],"build_version":"2020-12-22","purchased_purges":0,"victory":false,"max_hp_per_floor":[75,75,75,75,75,75,75,75],"card_choices":[{"not_picked":["Redo","Turbo","Barrage"],"picked":"SKIP","floor":1},{"not_picked":["Leap","Turbo"],"picked":"Genetic Algorithm","floor":3},{"not_picked":["Gash","Streamline"],"picked":"Steam","floor":4},{"not_picked":["Hologram","Steam"],"picked":"Cold Snap","floor":5}],"player_experience":366475,"relics_obtained":[],"event_choices":[{"damage_healed":0,"gold_gain":0,"player_choice":"Take Damage","damage_taken":18,"relics_obtained":["Golden Idol"],"max_hp_gain":0,"max_hp_loss":0,"event_name":"Golden Idol","floor":2,"gold_loss":0}],"is_beta":false,"boss_relics":[],"items_purged_floors":[],"is_endless":false,"potions_floor_spawned":[4,5],"killed_by":"HollowMod:MossKnight","ascension_level":1}}