{"host":"bxdue9bkfm2khp2x","time":1612508310,"event":{"mods":["ATMod(阿瑾Mod)","Arknights","Aspiration","BaseMod","Better Vampires","Challenge The Spire","Colored Map","Colored Powertips","Conspire","Decade(王小明)","Dota2Spire","Highlight Path","Minty Spire (QoL Compilation)","MostiFishMod","Reliquary","Remilia（蕾米莉亚）","Replay The Spire","RumiaBox-露米娅的神秘盒子","Ryuuou龙王","Spicy Shops","StSLib","Td1madao Mod","The Alterego","The Bug Knight","The Cursed","The Servant 0.9.4","WarShipGirlsR/战舰少女R mod","Wide Potions","noobMod","【功能Mod】混沌之环修复补丁","【遗物卡牌】REMEMod","残留之物","篝火指南"],"gold_per_floor":[118,133,133,45,65,65,76,96,96,96,106,106,124,155,155,232,232,252,252,177,189,206,238,238,52,78,78,88,101,101,116,116,187,187,200,211,230,230,241,241,275,150,150,150,150,223,238,255,105,105],"floor_reached":51,"language":"ZHS","playtime":3672,"items_purged":["rmod:strick","Envy_TH","rmod:strick","Pain"],"score":1570,"play_id":"5bbf2226-5fa6-4b81-9029-479a307cb875","local_time":"20210205145830","is_ascension_mode":true,"campfire_choices":[{"data":"rmod:expedition","floor":6.0,"key":"SMITH"},{"data":"rmod:expedition+1","floor":10,"key":"SMITH"},{"data":"rmod:expedition+2","floor":12,"key":"SMITH"},{"data":"rmod:diaomin","floor":15,"key":"SMITH"},{"data":"rmod:gendarmerie","floor":27,"key":"SMITH"},{"data":"rmod:lonelyqueen","floor":30,"key":"SMITH"},{"data":"rmod:concentratefire","floor":32,"key":"SMITH"},{"data":"rmod:smokecover","floor":40,"key":"SMITH"},{"data":"rmod:overbreakdown","floor":44,"key":"SMITH"}],"circlet_count":0,"master_deck":["AscendersBane","rmod:strick","rmod:defend","rmod:defend","rmod:defend","rmod:basicallowance","rmod:maingunfire","Poisoned Strike+1","rmod:overbreakdown+1","rmod:intelligenceanalysis","rmod:expedition+3","rmod:diaomin+1","rmod:gendarmerie+1","rmod:firesupport","rmod:lonelyqueen+1","rmod:concentratefire+1","rmod:acesubmarine+1","rmod:smokecover+1"],"relics":["rmod:firstchargereward","DaveBox","REME_ComplimentaryCards","ice","AT_ATBox","BrkXgEgg","NeowsBlessing","SynthV:TestCard","Frozen Egg 2","Ornamental Fan","RhineSuit","Dota2Spire:MaskOfMadness","Lee\u0027s Waffle","Oddly Smooth Stone","Dota2Spire:PowerTreads"],"acts_visited":["Exordium","TheCity","TheBeyond"],"potions_floor_usage":[14,21,29,33,41],"damage_taken":[{"damage":0.0,"enemies":"Cultist","floor":1.0,"turns":1.0},{"damage":0.0,"enemies":"Jaw Worm","floor":2.0,"turns":1.0},{"damage":0.0,"enemies":"2 Louse","floor":5.0,"turns":1.0},{"damage":10.0,"enemies":"Blue Slaver","floor":7.0,"turns":4.0},{"damage":0.0,"enemies":"Large Slime","floor":8.0,"turns":3.0},{"damage":21,"enemies":"Exordium Wildlife","floor":11,"turns":5},{"damage":22,"enemies":"Exordium Thugs","floor":13,"turns":6},{"damage":33,"enemies":"Gremlin Nob","floor":14,"turns":5},{"damage":13,"enemies":"The Guardian","floor":16,"turns":8},{"damage":10,"enemies":"conspire:FuzzyDice","floor":18,"turns":4},{"damage":0,"enemies":"conspire:HollyBat","floor":21,"turns":10},{"damage":9,"enemies":"Chosen and Byrds","floor":22,"turns":6},{"damage":0,"enemies":"conspire:SneckoGhost","floor":23,"turns":7},{"damage":0,"enemies":"3 Cultists","floor":28,"turns":5},{"damage":6,"enemies":"Snecko","floor":29,"turns":5},{"damage":0,"enemies":"Centurion and Healer","floor":31,"turns":5},{"damage":6,"enemies":"conspire:MysteriousRune","floor":33,"turns":6},{"damage":20,"enemies":"3 Shapes","floor":35,"turns":3},{"damage":2,"enemies":"Orb Walker","floor":36,"turns":3},{"damage":11,"enemies":"Jaw Worm Horde","floor":37,"turns":4},{"damage":14,"enemies":"Maw","floor":39,"turns":7},{"damage":61,"enemies":"Reptomancer","floor":41,"turns":7},{"damage":7,"enemies":"Transient","floor":47,"turns":7},{"damage":2,"enemies":"Sphere and 2 Shapes","floor":48,"turns":5},{"damage":0,"enemies":"Awakened One","floor":50,"turns":8}],"seed_played":"8891201179743595155","potions_obtained":[{"floor":5.0,"key":"AttackPotion"},{"floor":13,"key":"Weak Potion"},{"floor":16,"key":"AttackPotion"},{"floor":18,"key":"Dota2Spire:HealingSalve"},{"floor":19,"key":"Block Potion"},{"floor":29,"key":"Fruit Juice"},{"floor":33,"key":"SteroidPotion"},{"floor":36,"key":"LiquidBronze"},{"floor":41,"key":"Fire Potion"}],"is_trial":false,"path_per_floor":["M","M","?","$","M","R","M","M","T","R","M","R","M","E","R","B",null,"M","?","$","M","M","E","?","R","T","R","M","M","R","M","R","B",null,"M","M","M","?","M","R","E","$","T","R","?","?","M","M","R","B",null],"character_chosen":"PRAEFECT","items_purchased":["rmod:expedition","Lee\u0027s Waffle"],"campfire_rested":0,"item_purchase_floors":[4,25],"current_hp_per_floor":[63,63,59,59,59,59,49,49,49,49,28,28,6,42,42,29,67,57,57,57,75,66,66,66,110,110,110,110,109,109,109,109,103,123,103,101,90,90,76,76,15,15,15,15,15,15,154,152,152,152],"gold":105,"neow_bonus":"THREE_ENEMY_KILL","is_daily":false,"chose_seed":false,"campfire_upgraded":9,"win_rate":0.0,"timestamp":1612508310,"path_taken":["M","M","?","$","M","R","M","M","T","R","M","R","M","E","R","BOSS","M","?","$","M","?","E","?","R","T","R","M","M","R","M","R","BOSS","M","M","M","?","M","R","E","$","T","R","?","?","?","M","R","BOSS"],"items_purchased_type":["Card","Relic"],"build_version":"2020-12-22","purchased_purges":4,"victory":true,"max_hp_per_floor":[70,70,70,70,70,70,70,70,70,70,70,70,70,71,71,80,80,83,83,83,87,99,103,103,110,110,110,117,124,124,127,127,130,130,134,136,141,141,146,146,158,158,158,158,158,158,163,171,171,180],"card_choices":[{"not_picked":["rmod:diaomin","rmod:heivgo"],"picked":"rmod:overbreakdown","floor":1.0},{"not_picked":["rmod:overbreakdown","rmod:chargemoney","rmod:steelsupply","rmod:highspeedshooting"],"picked":"rmod:intelligenceanalysis","floor":2.0},{"not_picked":["rmod:chargemoney","rmod:fletcherpendant","rmod:victimresponsibility","rmod:diamondstrike","rmod:intelligenceanalysis"],"picked":"SKIP","floor":5.0},{"not_picked":["rmod:victimresponsibility","rmod:garrisonisland","rmod:aggressivemary","rmod:advancebysurprise"],"picked":"rmod:diaomin","floor":7.0},{"not_picked":["rmod:ammunitionsupply","rmod:fletcherpendant","rmod:combined","rmod:stealaluminum+1","rmod:overbreakdown"],"picked":"SKIP","floor":8},{"not_picked":["rmod:bulid","rmod:diamondstrike","rmod:overbreakdown","rmod:supportescort","rmod:wife"],"picked":"SKIP","floor":11},{"not_picked":["rmod:intelligenceanalysis","rmod:circuitoustactics","rmod:victimresponsibility","rmod:overbreakdown","rmod:ridicule+1"],"picked":"SKIP","floor":13},{"not_picked":["rmod:victimresponsibility","rmod:salvage","rmod:launchingtorpedo","rmod:ammunitionsupply"],"picked":"rmod:gendarmerie","floor":14},{"not_picked":["rmod:salvage","rmod:concentratefire","rmod:ammunitionsupply","rmod:aviationdawn","rmod:combined"],"picked":"SKIP","floor":18},{"not_picked":["rmod:royalracing","rmod:supportescort","rmod:fletcherpendant","rmod:aviationdawn+1","rmod:chargemoney+1"],"picked":"SKIP","floor":21},{"not_picked":["rmod:fletcherpendant","rmod:rockthrower","rmod:wolves","rmod:maintain","rmod:royalracing"],"picked":"SKIP","floor":22},{"not_picked":["rmod:ridicule+1","rmod:desperatesituation+1","rmod:steelsupply","rmod:punchline"],"picked":"rmod:firesupport","floor":23},{"not_picked":["rmod:diamondstrike","rmod:intelligenceanalysis+1","rmod:fuelsupply","rmod:unsinkable"],"picked":"rmod:lonelyqueen","floor":28},{"not_picked":["rmod:circuitoustactics","rmod:diamondstrike","rmod:salvage","rmod:overbreakdown"],"picked":"rmod:concentratefire","floor":29},{"not_picked":["rmod:openingtorpedo","rmod:diaomin","rmod:wolves","rmod:supportaircraftcarrier","rmod:diamondstrike"],"picked":"SKIP","floor":31},{"not_picked":["rmod:saltedfish+1","rmod:stealaluminum+1","rmod:secretscript+1","rmod:fletcher+1"],"picked":"rmod:acesubmarine+1","floor":33},{"not_picked":["rmod:shuttlebombing","rmod:luckystar","rmod:ammunitionsupply","rmod:fletcherpendant"],"picked":"rmod:smokecover","floor":35},{"not_picked":["rmod:wolves+1","rmod:aluminumsupply+1","rmod:tearstotiara+1","rmod:victimresponsibility","rmod:salvage+1"],"picked":"SKIP","floor":36},{"not_picked":["rmod:aluminumsupply+1","rmod:fuelsupply","rmod:maintain","rmod:steelsupply","rmod:aviationdawn"],"picked":"SKIP","floor":37},{"not_picked":["rmod:robin+1","rmod:firesupport","rmod:diamondstrike","rmod:garrisonisland","rmod:steelsupply"],"picked":"SKIP","floor":39},{"not_picked":["rmod:luckystar+1","rmod:aviationdawn","rmod:goodsister+1","rmod:combined+1","rmod:overbreakdown+1"],"picked":"SKIP","floor":41},{"not_picked":["rmod:expedition+1","rmod:supportaircraftcarrier+1","rmod:ammunitionsupply","rmod:highspeedmaneuver+1","rmod:rockthrower"],"picked":"SKIP","floor":47},{"not_picked":["rmod:expedition+1","rmod:unsinkable+1","rmod:steelsupply","rmod:fletcherpendant","rmod:diamondstrike"],"picked":"SKIP","floor":48}],"player_experience":1434557,"relics_obtained":[{"floor":1.0,"key":"SynthV:TestCard"},{"floor":9,"key":"Frozen Egg 2"},{"floor":14,"key":"Ornamental Fan"},{"floor":23,"key":"Dota2Spire:MaskOfMadness"},{"floor":26,"key":"Oddly Smooth Stone"},{"floor":43,"key":"Dota2Spire:PowerTreads"}],"event_choices":[{"damage_healed":0.0,"max_hp_gain":0.0,"max_hp_loss":0.0,"gold_gain":0.0,"event_name":"conspire:Investor","player_choice":"Leave","floor":3.0,"gold_loss":0.0,"damage_taken":0.0},{"damage_healed":0,"gold_gain":0,"player_choice":"Got Potions","damage_taken":0,"max_hp_gain":0,"max_hp_loss":0,"event_name":"Lab","floor":19,"gold_loss":0},{"cards_removed":["AT_Desolate"],"damage_healed":0,"gold_gain":0,"player_choice":"Removed Power","damage_taken":0,"max_hp_gain":0,"max_hp_loss":0,"event_name":"Falling","floor":45,"gold_loss":0}],"is_beta":false,"boss_relics":[{"not_picked":["SlaversCollar","reliquary:KinkedSpring"],"picked":"RhineSuit"},{"not_picked":["Honey Jar","reliquary:Craggleroot","Calling Bell"]}],"items_purged_floors":[20,25,42,49],"is_endless":false,"potions_floor_spawned":[5,13,16,18,23,29,33,36,41,48],"ascension_level":19}}