{"host":"am9dcwhv7hq2nlsk","time":1612527948,"event":{"mods":["ATMod(°¢èªMod)","AchievementEnabler","Act Like it!","Ascension Reborn","Aspiration","BaseMod","BetterRewards","Conspire","Custom Start","Dota2Spire","Marisa£¨ìFÓê¡¡Ä§ÀíÉ³£©","Minty Spire (QoL Compilation)","Reimu£¨²©ÀöÁéÃÎ£©","Remilia£¨ÀÙÃ×ÀòÑÇ£©","Replay The Spire","RumiaBox-Â¶Ã×æ«µÄÉñÃØºÐ×Ó","Shop Mod","Spicy Shops","StSLib","TestMod","The Cursed","The Hierophant","UnlockEverythingMod","[IsaacMod]ÒÔÈö¼âËþ","noobMod","¡¾ÒÅÎï¿¨ÅÆ¡¿REMEMod","óô»ðÖ¸ÄÏ"],"gold_per_floor":[119,132,132,143,43,43,43,72,72,104,118,118,118,129,129,200,200,212,230,20,190,190,274,274,324,324,324,387,438,481,401,401,524,524,544,571,623,161,161,161,181,242,242,286,335,58,75,163,163,190,217,217,217,49,89,236],"floor_reached":57,"language":"ZHS","playtime":3564,"items_purged":["Strike_G","Strike_G"],"score":3770,"play_id":"76733c0a-9a82-4f98-8b9d-7e6e93a1bdf6","local_time":"20210205202548","is_ascension_mode":true,"campfire_choices":[{"data":"Barricade","floor":6.0,"key":"SMITH"},{"data":"AT_FocusSwordFire","floor":12.0,"key":"SMITH"},{"data":"Cloak And Dagger","floor":15.0,"key":"SMITH"},{"floor":24.0,"key":"RECALL"},{"data":"Tactician","floor":27.0,"key":"SMITH"},{"data":"Calculated Gamble","floor":32,"key":"SMITH"},{"data":"Neutralize","floor":40,"key":"SMITH"},{"data":"AT_ShrugMaster","floor":53,"key":"SMITH"}],"circlet_count":0,"master_deck":["AscendersBane","conspire:GhostlyStrike","conspire:GhostlyStrike","conspire:GhostlyStrike","conspire:GhostlyDefend","conspire:GhostlyDefend","conspire:GhostlyDefend","Survivor","Neutralize+1","Cloak And Dagger+1","Malaise","Barricade+1","AT_ShrugMaster+1","Acrobatics","AT_ArcaneSupremacy","AT_FocusSwordFire+1","Flash of Steel","Tactician+1","Calculated Gamble+1","Adrenaline","Expertise+1","testmod-SelfRegulatingSystem+1","Finesse"],"relics":["Ring of the Snake","testmod-TestBox","HushsDoor","REME_ComplimentaryCards","AT_ATBox","ice","testmod-IWantAll","Dota2Spire:Butterfly","Letter Opener","PreservedInsect","testmod-IntensifyImprint","Gambling Chip","Orrery","testmod-InjuryResistance","Blood Vial","SoulBox","AnarchistCookbook","testmod-IndustrialRevolution","BloodBag","REME_ArchaeologicalTools","Frozen Egg 2","conspire:GlowingRock","Dota2Spire:Dagon","BelialBook","testmod-Nine","SatanicBible","TheAbacus","Dota2Spire:MantaStyle","Bottled Flame","Void","MagicDraw1","DeathBook","Toolbox","AT_ArchangelStaff"],"acts_visited":["Exordium","TheCity","TheBeyond","TheEnding"],"potions_floor_usage":[36,56,56],"damage_taken":[{"damage":0.0,"enemies":"Small Slimes","floor":1.0,"turns":5.0},{"damage":0.0,"enemies":"2 Louse","floor":2.0,"turns":4.0},{"damage":0.0,"enemies":"Jaw Worm","floor":4.0,"turns":3.0},{"damage":0.0,"enemies":"3 Sentries","floor":8.0,"turns":1.0},{"damage":26.0,"enemies":"Gremlin Nob","floor":10.0,"turns":6.0},{"damage":2.0,"enemies":"3 Louse","floor":11.0,"turns":5.0},{"damage":0.0,"enemies":"Exordium Wildlife","floor":14.0,"turns":4.0},{"damage":0.0,"enemies":"Fading Forest","floor":16.0,"turns":7.0},{"damage":2.0,"enemies":"3 Byrds","floor":18.0,"turns":4.0},{"damage":0.0,"enemies":"conspire:FuzzyDice","floor":19.0,"turns":3.0},{"damage":0.0,"enemies":"Slavers","floor":23.0,"turns":1.0},{"damage":0.0,"enemies":"conspire:Head Lice","floor":25.0,"turns":3.0},{"damage":4,"enemies":"Chosen and Byrds","floor":28,"turns":4},{"damage":7,"enemies":"conspire:HollyBat","floor":29,"turns":5},{"damage":0,"enemies":"Book of Stabbing","floor":30,"turns":3},{"damage":8,"enemies":"Champ","floor":33,"turns":4},{"damage":0,"enemies":"Orb Walker","floor":35,"turns":2},{"damage":6,"enemies":"3 Darklings","floor":36,"turns":2},{"damage":8,"enemies":"Transient","floor":37,"turns":5},{"damage":0,"enemies":"Sphere and 2 Shapes","floor":41,"turns":2},{"damage":0,"enemies":"R_Hoarder","floor":42,"turns":2},{"damage":4,"enemies":"4 Shapes","floor":44,"turns":4},{"damage":0,"enemies":"Nemesis","floor":45,"turns":2},{"damage":0,"enemies":"Jaw Worm Horde","floor":47,"turns":2},{"damage":0,"enemies":"R_Hoarder","floor":48,"turns":3},{"damage":0,"enemies":"Awakened One","floor":50,"turns":3},{"damage":28,"enemies":"conspire:OrnateMirror","floor":51,"turns":2},{"damage":0,"enemies":"Shield and Spear","floor":55,"turns":1},{"damage":108,"enemies":"Delirium","floor":56,"turns":7}],"seed_played":"-4871199370312694117","potions_obtained":[{"floor":4.0,"key":"SpeedPotion"},{"floor":11.0,"key":"Ancient Potion"},{"floor":19.0,"key":"Energy Potion"},{"floor":41,"key":"BlessingOfTheForge"},{"floor":44,"key":"PowerPotion"},{"floor":47,"key":"Dexterity Potion"}],"is_trial":false,"path_per_floor":["M","M","?","M","$","R","?","E","T","E","M","R","?","M","R","B",null,"M","M","$","?","T","E","R","E","T","R","M","M","E","?","R","B",null,"M","M","M","$","?","R","M","E","T","M","E","R","M","E","R","B","B",null,"R","$","E","B",null],"character_chosen":"THE_SILENT","items_purchased":["Dota2Spire:Butterfly","Letter Opener","PreservedInsect","testmod-IntensifyImprint","Orrery","Flash of Steel","AnarchistCookbook","testmod-IndustrialRevolution","SatanicBible","TheAbacus","MagicDraw1","Toolbox","Finesse"],"campfire_rested":0,"item_purchase_floors":[0,0,0,0,0,17,20,20,34,38,46,54,54],"current_hp_per_floor":[59,59,59,59,59,59,59,59,59,33,33,33,33,35,35,37,57,57,59,42,71,71,71,71,71,71,71,67,62,64,64,64,58,60,61,55,49,49,48,48,50,52,52,50,52,52,54,61,51,53,27,53,53,53,55,8],"gold":236,"neow_bonus":"","is_daily":false,"chose_seed":false,"campfire_upgraded":7,"win_rate":0.0,"timestamp":1612527948,"path_taken":["M","M","?","M","$","R","?","E","T","E","M","R","?","?","R","BOSS","M","M","$","?","?","E","R","E","T","R","M","M","E","?","R","BOSS","M","M","M","$","?","R","M","E","T","M","E","R","?","E","R","BOSS","BOSS","R","$","E","BOSS"],"items_purchased_type":["Relic","Relic","Relic","Relic","Relic","Card","Relic","Relic","Relic","Relic","Relic","Relic","Card"],"build_version":"2020-12-22","purchased_purges":2,"victory":true,"max_hp_per_floor":[66,66,66,66,66,66,66,66,66,66,66,66,66,66,66,66,64,64,64,64,71,71,71,71,71,71,71,71,71,71,71,71,71,61,61,61,61,61,61,61,61,61,61,61,61,61,61,61,61,61,61,61,61,61,61,216],"card_choices":[{"not_picked":["Flying Knee","Sucker Punch"],"picked":"Cloak And Dagger","floor":0.0},{"not_picked":["Choke","Backflip"],"picked":"Malaise","floor":0.0},{"not_picked":["Backflip","Bane","Outmaneuver"],"picked":"SKIP","floor":1.0},{"not_picked":["AT_TinkerSharpsword","Masterful Stab"],"picked":"Acrobatics","floor":2.0},{"not_picked":["conspire:PoisonWeapons","Tools of the Trade"],"picked":"AT_ArcaneSupremacy","floor":4.0},{"not_picked":["Fluid Movement","Slice","AT_WindFlip"],"picked":"SKIP","floor":8.0},{"not_picked":["Blur","Acrobatics"],"picked":"Bomb","floor":10.0},{"not_picked":["Leg Sweep","Fluid Movement"],"picked":"AT_FocusSwordFire","floor":11.0},{"not_picked":["AT_ShadowStep","Slice","Deflect"],"picked":"SKIP","floor":14.0},{"not_picked":["Dagger Spray","Blade Dance","Underhanded Strike"],"picked":"SKIP","floor":18.0},{"not_picked":["Night Terror","Blade Dance","Quick Slash"],"picked":"SKIP","floor":19.0},{"not_picked":["Dodge and Roll","AT_ArcaneSupremacy+1","Cloak And Dagger"],"picked":"SKIP","floor":23.0},{"not_picked":["Deadly Poison+1","Fluid Movement+1"],"picked":"Tactician","floor":25.0},{"not_picked":["Prepared","conspire:PoisonWeapons","Infinite Blades+1"],"picked":"SKIP","floor":28},{"not_picked":["Blade Dance","Choke","Deflect"],"picked":"SKIP","floor":29},{"not_picked":["Wraith Form v2+1","Bane"],"picked":"Calculated Gamble","floor":30},{"not_picked":["Sucker Punch+1","Acrobatics","Dagger Throw"],"picked":"SKIP","floor":35},{"not_picked":["All Out Attack","Slice","AT_WindFlip"],"picked":"SKIP","floor":36},{"not_picked":["Deadly Poison","Underhanded Strike","Toxin Wave+1"],"picked":"SKIP","floor":37},{"not_picked":["Blade Dance","Bouncing Flask","Terror"],"picked":"SKIP","floor":41},{"not_picked":["AT_TinkerSharpsword+1","Caltrops+1"],"picked":"Adrenaline","floor":42},{"not_picked":["Outmaneuver","AT_WomanClash+1","Riddle With Holes+1"],"picked":"SKIP","floor":44},{"not_picked":["Quick Slash","PiercingWail","Bullet Time"],"picked":"SKIP","floor":45},{"not_picked":["Slice","Outmaneuver","Toxin Wave"],"picked":"SKIP","floor":47},{"not_picked":["Adrenaline","Terror+1"],"picked":"Expertise+1","floor":48},{"not_picked":["testmod-TemporaryDeletion+1","testmod-LimitFlipper"],"picked":"testmod-SelfRegulatingSystem+1","floor":49},{"not_picked":["AT_FocusSwordFire","Backflip","Die Die Die"],"picked":"SKIP","floor":55}],"player_experience":536911,"relics_obtained":[{"floor":8.0,"key":"testmod-InjuryResistance"},{"floor":10.0,"key":"Blood Vial"},{"floor":22.0,"key":"REME_ArchaeologicalTools"},{"floor":23.0,"key":"Frozen Egg 2"},{"floor":25.0,"key":"conspire:GlowingRock"},{"floor":26.0,"key":"Dota2Spire:Dagon"},{"floor":30,"key":"BelialBook"},{"floor":42,"key":"Dota2Spire:MantaStyle"},{"floor":43,"key":"Bottled Flame"},{"floor":45,"key":"Void"},{"floor":48,"key":"DeathBook"},{"floor":55,"key":"AT_ArchangelStaff"}],"event_choices":[{"cards_removed":["Defend_G"],"damage_healed":0.0,"max_hp_gain":0.0,"max_hp_loss":0.0,"gold_gain":0.0,"event_name":"Purifier","player_choice":"Purged","floor":7.0,"gold_loss":0.0,"damage_taken":0.0},{"damage_healed":0.0,"max_hp_gain":0.0,"max_hp_loss":0.0,"gold_gain":0.0,"event_name":"conspire:LoneGhost","player_choice":"Agree","floor":13.0,"gold_loss":0.0,"damage_taken":0.0},{"damage_healed":44.0,"max_hp_gain":0.0,"max_hp_loss":0.0,"gold_gain":0.0,"event_name":"Wheel of Change","player_choice":"Full Heal","floor":21.0,"gold_loss":0.0,"damage_taken":0.0},{"damage_healed":0,"gold_gain":0,"player_choice":"Leave","damage_taken":0,"max_hp_gain":0,"max_hp_loss":0,"event_name":"conspire:Investor","floor":39,"gold_loss":0},{"damage_healed":0,"gold_gain":0,"player_choice":"Memory 3","damage_taken":10,"max_hp_gain":0,"max_hp_loss":0,"event_name":"SensoryStone","floor":49,"gold_loss":0}],"is_beta":false,"boss_relics":[{"not_picked":["aspiration:RunicSpoon","aspiration:WatcherSkillbook"],"picked":"SoulBox"},{"not_picked":[]},{"not_picked":["Replay:Wanted Poster","REME_DemonsWealth"],"picked":"testmod-Nine"},{"not_picked":[]}],"items_purged_floors":[0,5],"is_endless":false,"potions_floor_spawned":[4,11,14,19,23,28,29,30,41,44,45,47,48],"ascension_level":20}}