{"host":"n9ppbm26tsy3ls9n","time":1612550067,"event":{"mods":["AchievementEnabler","BaseMod","Colored Map","Colored Powertips","Curses Come First","Highlight Path","Minty Spire (QoL Compilation)","Quick Restart","Rare Cards Sparkle","Relic Stats","StSLib"],"gold_per_floor":[114,129,304,304,319,349,349,379,404,404,43,73,73,88,88,188,188,203,218,218,198,48,48,63,63,88,88,103,103,118,148,148,248,248,263,278,293,308,308,338,338,338,338],"floor_reached":42,"language":"ENG","playtime":3447,"items_purged":["Doubt"],"score":491,"play_id":"a8a09a31-6780-46c5-bb1c-ce051db571bc","local_time":"20210205193427","daily_mods":["Specialized","ControlledChaos","Elite Swarm"],"is_ascension_mode":false,"campfire_choices":[{"data":"MasterReality","floor":7,"key":"SMITH"},{"floor":10,"key":"REST"},{"data":"Vigilance","floor":13,"key":"SMITH"},{"data":"Alpha","floor":15,"key":"SMITH"},{"data":"Strike_P","floor":23,"key":"PURGE"},{"floor":25,"key":"REST"},{"floor":27,"key":"REST"},{"floor":29,"key":"REST"},{"floor":32,"key":"REST"},{"floor":41,"key":"REST"}],"circlet_count":0,"master_deck":["Strike_P","Strike_P","Defend_P","Defend_P","Defend_P+1","Defend_P+1","Eruption+1","Vigilance+1","FlyingSleeves+1","FlyingSleeves","FlyingSleeves","FlyingSleeves","FlyingSleeves+1","CutThroughFate","Prostrate","MasterReality+1","Alpha+1","Wireheading","LessonLearned+1","Prostrate+1","Brilliance+1","ClearTheMind+1","FlurryOfBlows+1","LikeWater","Ball Lightning+1","Hologram","DeusExMachina","Establishment","Cloak And Dagger","Prepared+1","Protect+1","Havoc+1","Good Instincts","Berserk"],"relics":["PureWater","Frozen Eye","Centennial Puzzle","Art of War","Omamori","Molten Egg 2","Torii","Calling Bell","Potion Belt","Question Card","Peace Pipe","PrismaticShard","Nunchaku","Lantern","Runic Pyramid","Gremlin Horn"],"acts_visited":["Exordium","TheCity","TheBeyond"],"potions_floor_usage":[6,16,16,17,18,18,19,24,30,31,31,31,31,38,38,38],"damage_taken":[{"damage":0,"enemies":"2 Louse","floor":1,"turns":2},{"damage":0,"enemies":"Small Slimes","floor":2,"turns":3},{"damage":0,"enemies":"Cultist","floor":5,"turns":3},{"damage":9,"enemies":"3 Sentries","floor":6,"turns":5},{"damage":28,"enemies":"Gremlin Nob","floor":8,"turns":4},{"damage":6,"enemies":"Lagavulin","floor":12,"turns":4},{"damage":0,"enemies":"Exordium Wildlife","floor":14,"turns":2},{"damage":5,"enemies":"Hexaghost","floor":16,"turns":6},{"damage":0,"enemies":"Spheric Guardian","floor":18,"turns":3},{"damage":20,"enemies":"2 Thieves","floor":19,"turns":2},{"damage":42,"enemies":"Snake Plant","floor":24,"turns":2},{"damage":23,"enemies":"Snecko","floor":28,"turns":6},{"damage":1,"enemies":"Chosen and Byrds","floor":30,"turns":6},{"damage":19,"enemies":"Gremlin Leader","floor":31,"turns":3},{"damage":44,"enemies":"Automaton","floor":33,"turns":8},{"damage":11,"enemies":"Orb Walker","floor":35,"turns":5},{"damage":25,"enemies":"3 Shapes","floor":36,"turns":3},{"damage":2,"enemies":"Maw","floor":37,"turns":7},{"damage":17,"enemies":"Spire Growth","floor":38,"turns":6},{"damage":14,"enemies":"Nemesis","floor":40,"turns":12},{"damage":71,"enemies":"Giant Head","floor":42,"turns":7}],"seed_played":"-8643747277835071688","potions_obtained":[{"floor":1,"key":"BottledMiracle"},{"floor":5,"key":"ColorlessPotion"},{"floor":14,"key":"GamblersBrew"},{"floor":16,"key":"EntropicBrew"},{"floor":21,"key":"LiquidBronze"},{"floor":24,"key":"LiquidBronze"},{"floor":28,"key":"DistilledChaos"},{"floor":30,"key":"Explosive Potion"},{"floor":33,"key":"SpeedPotion"},{"floor":36,"key":"ColorlessPotion"},{"floor":37,"key":"Block Potion"}],"is_trial":false,"path_per_floor":["M","M","?","?","M","E","R","E","T","R","$","E","R","M","R","B",null,"M","M","?","?","$","R","M","R","T","R","M","R","M","E","R","B",null,"M","M","M","M","?","E","R","E"],"character_chosen":"WATCHER","items_purchased":["Molten Egg 2","Wireheading","PrismaticShard"],"campfire_rested":6,"item_purchase_floors":[11,11,22],"current_hp_per_floor":[72,72,72,72,72,63,63,35,35,56,56,50,50,50,50,45,72,72,52,52,52,52,52,10,31,31,52,29,50,49,30,51,7,72,61,36,34,17,17,3,24,0,0],"gold":338,"neow_bonus":"","is_daily":true,"chose_seed":false,"campfire_upgraded":3,"win_rate":0.0,"timestamp":1612550067,"path_taken":["M","M","?","?","?","E","R","E","T","R","$","E","R","M","R","BOSS","M","M","?","?","$","R","?","R","T","R","M","R","M","E","R","BOSS","M","M","M","M","?","E","R","E"],"items_purchased_type":["Relic","Card","Relic"],"build_version":"2020-12-22","purchased_purges":1,"victory":false,"max_hp_per_floor":[72,72,72,72,72,72,72,72,72,72,72,72,72,72,72,72,72,72,72,72,72,72,72,72,72,72,72,72,72,72,72,72,72,72,72,72,72,72,72,72,72,72,72],"relic_stats":{"Peace Pipe":1,"Centennial Puzzle":[45],"Nunchaku":[13],"Torii":42,"Gremlin Horn":[0,0],"counters":[21,99],"Art of War":[11],"Question Card":13,"obtain_stats":[{"Potion Belt":17,"Lantern":31,"Torii":12,"Gremlin Horn":40,"Omamori":9,"Question Card":17,"PrismaticShard":22,"Calling Bell":17,"Peace Pipe":17,"Frozen Eye":0,"Centennial Puzzle":6,"Nunchaku":26,"Molten Egg 2":11,"Art of War":8,"PureWater":0,"Runic Pyramid":34},{"Potion Belt":8,"Lantern":14,"Torii":6,"Gremlin Horn":20,"Omamori":5,"Question Card":8,"PrismaticShard":10,"Calling Bell":8,"Peace Pipe":8,"Frozen Eye":0,"Centennial Puzzle":4,"Nunchaku":11,"Molten Egg 2":5,"Art of War":5,"PureWater":0,"Runic Pyramid":15},{"Potion Belt":29,"Lantern":51,"Torii":21,"Gremlin Horn":92,"Omamori":17,"Question Card":29,"PrismaticShard":34,"Calling Bell":29,"Peace Pipe":29,"Frozen Eye":0,"Centennial Puzzle":13,"Nunchaku":36,"Molten Egg 2":17,"Art of War":17,"PureWater":0,"Runic Pyramid":59}]},"card_choices":[{"not_picked":["Sanctity","Conclude","BowlingBash"],"picked":"SKIP","floor":1},{"not_picked":["CrushJoints","Consecrate"],"picked":"CutThroughFate","floor":2},{"not_picked":["Study","TalkToTheHand"],"picked":"Prostrate","floor":5},{"not_picked":["Alpha","ConjureBlade"],"picked":"MasterReality","floor":6},{"not_picked":["Vault","MasterReality"],"picked":"Alpha","floor":8},{"not_picked":["Blasphemy","DevaForm"],"picked":"LessonLearned+1","floor":12},{"not_picked":["ThirdEye","Crescendo"],"picked":"Prostrate","floor":14},{"not_picked":["Wish","Vault"],"picked":"Brilliance+1","floor":16},{"not_picked":["Consecrate+1","Sanctity","ThirdEye"],"picked":"ClearTheMind+1","floor":18},{"not_picked":["FollowUp+1","Judgement","Pray+1"],"picked":"FlurryOfBlows+1","floor":19},{"not_picked":["Body Slam+1","Storm","SashWhip+1"],"picked":"LikeWater","floor":24},{"not_picked":["Worship+1","Impatience","Slice+1"],"picked":"Ball Lightning+1","floor":28},{"not_picked":["Twin Strike+1","Deflect","Bane+1"],"picked":"Hologram","floor":30},{"not_picked":["Limit Break","Malaise","Chrysalis"],"picked":"DeusExMachina","floor":31},{"not_picked":["Apotheosis","A Thousand Cuts","Secret Technique"],"picked":"Establishment","floor":33},{"not_picked":["TalkToTheHand+1","FlyingSleeves+1","Lockon+1"],"picked":"Cloak And Dagger","floor":35},{"not_picked":["Cleave+1","Rebound+1","Blind"],"picked":"Prepared+1","floor":36},{"not_picked":["Leap","Gash+1","Cleave+1"],"picked":"Protect+1","floor":37},{"not_picked":["Heavy Blade+1","Go for the Eyes+1","Dagger Spray+1"],"picked":"Havoc+1","floor":38},{"not_picked":["Panacea","Secret Weapon","Swift Strike+1"],"picked":"Good Instincts","floor":39},{"not_picked":["Limit Break","Tools of the Trade","Secret Weapon"],"picked":"Berserk","floor":40}],"player_experience":757941,"relics_obtained":[{"floor":6,"key":"Centennial Puzzle"},{"floor":8,"key":"Art of War"},{"floor":9,"key":"Omamori"},{"floor":12,"key":"Torii"},{"floor":17,"key":"Potion Belt"},{"floor":17,"key":"Question Card"},{"floor":17,"key":"Peace Pipe"},{"floor":26,"key":"Nunchaku"},{"floor":31,"key":"Lantern"},{"floor":40,"key":"Gremlin Horn"}],"event_choices":[{"damage_healed":0,"gold_gain":175,"player_choice":"AGREE","damage_taken":0,"max_hp_gain":0,"max_hp_loss":0,"event_name":"Liars Game","floor":3,"gold_loss":0,"cards_obtained":["Doubt"]},{"damage_healed":0,"gold_gain":0,"player_choice":"Upgraded","damage_taken":0,"max_hp_gain":0,"max_hp_loss":0,"event_name":"Upgrade Shrine","floor":4,"gold_loss":0,"cards_upgraded":["Eruption"]},{"cards_removed":["Strike_P"],"damage_healed":0,"gold_gain":0,"player_choice":"Elegance","damage_taken":0,"max_hp_gain":0,"max_hp_loss":0,"event_name":"Back to Basics","floor":20,"gold_loss":0},{"damage_healed":0,"gold_gain":0,"player_choice":"Bought 1 Potion","damage_taken":0,"max_hp_gain":0,"max_hp_loss":0,"event_name":"The Woman in Blue","floor":21,"gold_loss":0},{"damage_healed":0,"gold_gain":0,"player_choice":"Memory 1","damage_taken":0,"max_hp_gain":0,"max_hp_loss":0,"event_name":"SensoryStone","floor":39,"gold_loss":0}],"is_beta":false,"boss_relics":[{"not_picked":["HolyWater","Velvet Choker"],"picked":"Calling Bell"},{"not_picked":["SlaversCollar","Snecko Eye"],"picked":"Runic Pyramid"}],"items_purged_floors":[11],"is_endless":false,"potions_floor_spawned":[1,5,14,16,24,28,30,33,36,37],"killed_by":"Giant Head","ascension_level":0}}