{"host":"x5w9zppki4gdwvc7","time":1612527787,"event":{"mods":["AchievementEnabler","BaseMod","Colored Powertips","DeckTracker","Minty Spire (QoL Compilation)"],"gold_per_floor":[112,37,57,70,81,114,114,114,137,137,151,151,51,51,51],"floor_reached":14,"language":"ENG","playtime":742,"items_purged":["Strike_P","Injury"],"score":99,"play_id":"f573f7a8-1b1a-4cdb-a101-570f472d7c92","local_time":"20210205132307","is_ascension_mode":true,"campfire_choices":[{"data":"PathToVictory","floor":8,"key":"SMITH"},{"data":"PathToVictory","floor":12,"key":"SMITH"}],"circlet_count":0,"master_deck":["Strike_P","Strike_P","Strike_P","Defend_P+1","Defend_P+1","Defend_P","Defend_P","Eruption","Vigilance+1","CurseOfTheBell","WheelKick","FearNoEvil+1","Consecrate","PathToVictory+1","PathToVictory+1","PathToVictory"],"relics":["Calling Bell","War Paint","Letter Opener","WingedGreaves","Bronze Scales","Golden Idol","Nunchaku"],"acts_visited":["Exordium"],"potions_floor_usage":[14],"damage_taken":[{"damage":2,"enemies":"Small Slimes","floor":1,"turns":4},{"damage":4,"enemies":"Jaw Worm","floor":3,"turns":3},{"damage":0,"enemies":"2 Louse","floor":4,"turns":2},{"damage":15,"enemies":"Looter","floor":5,"turns":4},{"damage":24,"enemies":"Lagavulin","floor":6,"turns":6},{"damage":8,"enemies":"Large Slime","floor":11,"turns":4},{"damage":7,"enemies":"Gremlin Nob","floor":14,"turns":2}],"seed_played":"-5649332706542451940","potions_obtained":[{"floor":3,"key":"Energy Potion"},{"floor":4,"key":"Energy Potion"},{"floor":6,"key":"Weak Potion"}],"is_trial":false,"path_per_floor":["M","$","M","M","M","E","?","R","T","?","M","R","$","E"],"character_chosen":"WATCHER","items_purchased":[],"campfire_rested":0,"item_purchase_floors":[],"current_hp_per_floor":[70,70,66,66,51,27,27,27,27,13,5,5,5,0,0],"gold":51,"neow_bonus":"BOSS_RELIC","is_daily":false,"chose_seed":false,"campfire_upgraded":2,"win_rate":0.0,"timestamp":1612527787,"path_taken":["M","$","M","M","M","E","?","R","T","?","M","R","$","E"],"items_purchased_type":[],"build_version":"2020-12-22","purchased_purges":2,"victory":false,"max_hp_per_floor":[72,72,72,72,72,72,72,72,72,72,72,72,72,72,72],"card_choices":[{"not_picked":["Evaluate","DeceiveReality"],"picked":"WheelKick","floor":1},{"not_picked":["Protect","Collect"],"picked":"FearNoEvil","floor":3},{"not_picked":["FlurryOfBlows","ForeignInfluence"],"picked":"Consecrate","floor":4},{"not_picked":["Halt","EmptyBody"],"picked":"PathToVictory","floor":5},{"not_picked":["WindmillStrike","Omniscience"],"picked":"PathToVictory","floor":6},{"not_picked":["SashWhip","JustLucky"],"picked":"PathToVictory","floor":11}],"player_experience":496859,"relics_obtained":[{"floor":0,"key":"War Paint"},{"floor":0,"key":"Letter Opener"},{"floor":0,"key":"WingedGreaves"},{"floor":6,"key":"Bronze Scales"},{"floor":9,"key":"Nunchaku"}],"event_choices":[{"damage_healed":0,"gold_gain":0,"player_choice":"Take Wound","damage_taken":0,"relics_obtained":["Golden Idol"],"max_hp_gain":0,"max_hp_loss":0,"event_name":"Golden Idol","floor":7,"gold_loss":0,"cards_obtained":["Injury"]},{"damage_healed":0,"gold_gain":0,"player_choice":"Entered Light","damage_taken":14,"max_hp_gain":0,"max_hp_loss":0,"event_name":"Shining Light","floor":10,"gold_loss":0,"cards_upgraded":["Defend_P","FearNoEvil"]}],"is_beta":false,"boss_relics":[],"items_purged_floors":[2,13],"is_endless":false,"potions_floor_spawned":[3,4,6],"killed_by":"Gremlin Nob","ascension_level":2}}