{"host":"67d7yvf7wgk1klfn","time":1612555070,"event":{"mods":["Aspiration","BaseMod","Colored Powertips","Conspire","Dark Map","Energized Spire","Hubris","Infinite Spire","Minty Spire (QoL Compilation)","Relic Stats","Reliquary","Replay The Spire","Slay the Relics Exporter","Smile Girya","Spire Arcade","StS++","StSLib","ojb\u0027s Better Paths Mod","ojb\u0027s Info Mod"],"gold_per_floor":[117,117,42,42,42,42,75,75,75,104,119,133,58,83,83,162,162,176,190,190,202,102,102,136,136,136,136,136,161,179,192,192,268,268,282,232,246,260,260,292,292,325,350,369,369,385,56,89,89,89,89,89,9,35,35],"floor_reached":56,"language":"ENG","playtime":2895,"items_purged":["Strike_R","Strike_R","Strike_R+1"],"score":2289,"play_id":"28c38366-fe43-422e-ad49-a05a262e9029","local_time":"20210205145750","is_ascension_mode":true,"campfire_choices":[{"data":"infinitespire:Punishment","floor":6.0,"key":"SMITH"},{"data":"Cleave","floor":8.0,"key":"SMITH"},{"data":"Metallicize","floor":15.0,"key":"SMITH"},{"data":"Immolate","floor":23.0,"key":"SMITH"},{"data":"Hemokinesis","floor":25.0,"key":"SMITH"},{"data":"Disarm","floor":27.0,"key":"SMITH"},{"data":"infinitespire:TheBestDefense","floor":32,"key":"SMITH"},{"floor":41,"key":"RECALL"},{"data":"Mind Blast","floor":45,"key":"SMITH"},{"floor":49,"key":"REST"},{"data":"Panache","floor":52,"key":"SMITH"}],"circlet_count":0,"master_deck":["AscendersBane","Strike_R+1","Defend_R+1","Defend_R+1","Defend_R+1","Defend_R+1","Bash+1","Cleave+1","infinitespire:Punishment+1","Reaper","StSpp:Jab","Replay:Undeath\u0027s Touch","Flame Barrier","Metallicize+1","Immolate+1","Disarm+1","Hemokinesis+1","Feel No Pain","ReplayTheSpireMod:Stacked","Replay:Fractal Strike","infinitespire:TheBestDefense+1","infinitespire:Starlight+1","Demonic Infusion","Berserk","StSpp:Betrayal","Fiend Fire","Perfected Strike","ReplayTheSpireMod:Muscle Training","Fire Breathing+1","Flame Barrier","Carnage","Run Through","Battle Trance","conspire:ExplosiveBarrier","Armaments+1","Shrug It Off","Dual Wield","Anger","Warcry","Armaments","Havoc","Survey Options","Thinking Ahead","ReplayTheSpireMod:Trickstab","StSpp:Cataclysm","Dark Shackles","HandOfGreed","Replay:Dark Deal","PanicButton","Replay:Sssssssssstrike","Crow Ritual","Flash of Steel","Mind Blast+1","Replay:Parry","Apotheosis","Magnetism","Flex+1","Reckless Charge+1","Warcry","Armaments+1","Defy Death+1","Clash","Shrug It Off","ReplayTheSpireMod:Strike From Hell","hubris:ReadiedAction","Havoc","Rage+1","Anger","Ghostly Armor","Blood for Blood","Headbutt","hubris:SharpeningStone","Dual Wield+1","Clothesline","Run Through","StSpp:Succumb+1","Panache+1","Wild Strike","ReplayTheSpireMod:Limb From Limb+1","Combust","Twin Strike+1","Uppercut","Dark Embrace","Thunderclap","Defy Death+1","StSpp:Vengeance+1","Uppercut","ReplayTheSpireMod:Limb From Limb"],"relics":["Burning Blood","NeowsBlessing","hubris:Towel","ReplayTheSpireMod:Shallot","Question Card","StSpp:GiftCard","Thread and Needle","energizedSpire:StickyHand","MutagenicStrength","hubris:TinFlute","reliquary:Boomerang","Honey Jar","reliquary:IridiumChain","Akabeko","Oddly Smooth Stone","BargainBundle","reliquary:PartyBalloon","Centennial Puzzle"],"acts_visited":[],"potions_floor_usage":[29,33,48,55,55,55],"damage_taken":[{"damage":0.0,"enemies":"conspire:RoseBush","floor":1.0,"turns":1.0},{"damage":0.0,"enemies":"Lagavulin","floor":7.0,"turns":1.0},{"damage":0.0,"enemies":"3 Sentries","floor":10.0,"turns":1.0},{"damage":0.0,"enemies":"Small Slimes","floor":11.0,"turns":2.0},{"damage":3.0,"enemies":"infinitespire:Voidling","floor":12.0,"turns":2.0},{"damage":0.0,"enemies":"Replay:BlueRogue","floor":14.0,"turns":4.0},{"damage":41.0,"enemies":"Hexaghost","floor":16.0,"turns":11.0},{"damage":4.0,"enemies":"Shell Parasite","floor":18.0,"turns":3.0},{"damage":5.0,"enemies":"2 Thieves","floor":19.0,"turns":3.0},{"damage":12.0,"enemies":"Snecko","floor":21.0,"turns":3.0},{"damage":0.0,"enemies":"Gremlin Leader","floor":24.0,"turns":2.0},{"damage":14,"enemies":"Nightmare","floor":29,"turns":7},{"damage":2,"enemies":"3 Cultists","floor":30,"turns":2},{"damage":2,"enemies":"Sentry and Sphere","floor":31,"turns":2},{"damage":50,"enemies":"Automaton","floor":33,"turns":13},{"damage":0,"enemies":"3 Darklings","floor":35,"turns":1},{"damage":2,"enemies":"Orb Walker","floor":37,"turns":1},{"damage":7,"enemies":"Sphere and 2 Shapes","floor":38,"turns":4},{"damage":16,"enemies":"R_Hoarder","floor":40,"turns":9},{"damage":5,"enemies":"Reptomancer","floor":42,"turns":4},{"damage":9,"enemies":"Jaw Worm Horde","floor":44,"turns":3},{"damage":20,"enemies":"Writhing Mass","floor":46,"turns":2},{"damage":41,"enemies":"Nightmare","floor":48,"turns":8},{"damage":8,"enemies":"conspire:OrnateMirror","floor":50,"turns":7},{"damage":56,"enemies":"Shield and Spear","floor":54,"turns":5},{"damage":23,"enemies":"The Heart","floor":55,"turns":8}],"seed_played":"7436188959421112761","potions_obtained":[{"floor":10.0,"key":"CultistPotion"},{"floor":12.0,"key":"FearPotion"},{"floor":31,"key":"Weak Potion"},{"floor":40,"key":"Flashbang"},{"floor":42,"key":"SneckoOil"},{"floor":46,"key":"Dexterity Potion"},{"floor":48,"key":"Death Potion"},{"floor":54,"key":"GamblersBrew"}],"is_trial":false,"path_per_floor":["M","?","?","?","?","R","E","R","T","E","M","M","$","E","R","B",null,"M","M","?","M","$","R","E","R","T","R","?","NM","M","M","R","B",null,"M","?","M","M","?","E","R","E","T","M","R","M","$","NM","R","B",null,"R","$","E","B",null],"character_chosen":"IRONCLAD","items_purchased":["BargainBundle","Panache","Dark Embrace"],"campfire_rested":1,"item_purchase_floors":[47,47,53],"current_hp_per_floor":[74,55,55,55,55,55,61,61,61,67,75,75,75,75,75,46,68,75,75,75,69,69,69,75,75,75,75,75,72,75,75,75,37,66,72,72,75,75,65,75,75,75,75,75,75,61,61,41,63,75,75,75,75,44,45],"gold":35,"neow_bonus":"THREE_ENEMY_KILL","is_daily":false,"chose_seed":false,"campfire_upgraded":9,"win_rate":0.0,"timestamp":1612555070,"path_taken":["M","?","?","?","?","R","E","R","T","E","M","M","$","E","R","BOSS","M","M","?","M","$","R","E","R","T","R","?","NM","M","M","R","BOSS","M","?","?","M","?","E","R","E","T","M","R","M","$","NM","R","BOSS","R","$","E","BOSS"],"items_purchased_type":["Relic","Card","Card"],"build_version":"2020-12-22","purchased_purges":3,"victory":true,"max_hp_per_floor":[75,75,75,75,75,75,75,75,75,75,75,75,75,75,75,75,75,75,75,75,75,75,75,75,75,75,75,75,75,75,75,75,75,75,75,75,75,75,75,75,75,75,75,75,75,75,75,75,75,75,75,75,75,75,75],"relic_stats":{"Centennial Puzzle":[3],"counters":[26,109],"Question Card":68,"obtain_stats":[{"BargainBundle":47,"reliquary:Boomerang":29,"NeowsBlessing":0,"reliquary:PartyBalloon":48,"Oddly Smooth Stone":43,"Thread and Needle":14,"StSpp:GiftCard":10,"hubris:Towel":4,"energizedSpire:StickyHand":17,"Question Card":9,"Burning Blood":0,"reliquary:IridiumChain":40,"Akabeko":42,"Centennial Puzzle":54,"ReplayTheSpireMod:Shallot":7,"MutagenicStrength":20,"Honey Jar":34,"hubris:TinFlute":24},{"BargainBundle":22,"reliquary:Boomerang":12,"NeowsBlessing":0,"reliquary:PartyBalloon":23,"Oddly Smooth Stone":20,"Thread and Needle":6,"StSpp:GiftCard":3,"hubris:Towel":1,"energizedSpire:StickyHand":7,"Question Card":2,"Burning Blood":0,"reliquary:IridiumChain":19,"Akabeko":20,"Centennial Puzzle":25,"ReplayTheSpireMod:Shallot":2,"MutagenicStrength":9,"Honey Jar":15,"hubris:TinFlute":11},{"BargainBundle":81,"reliquary:Boomerang":40,"NeowsBlessing":0,"reliquary:PartyBalloon":89,"Oddly Smooth Stone":76,"Thread and Needle":11,"StSpp:GiftCard":3,"hubris:Towel":1,"energizedSpire:StickyHand":22,"Question Card":2,"Burning Blood":0,"reliquary:IridiumChain":72,"Akabeko":76,"Centennial Puzzle":101,"ReplayTheSpireMod:Shallot":2,"MutagenicStrength":28,"Honey Jar":57,"hubris:TinFlute":33}],"Burning Blood":112},"card_choices":[{"not_picked":["Rupture","Iron Wave"],"picked":"Cleave","floor":1.0},{"not_picked":["infinitespire:UltimateForm","infinitespire:FutureSight"],"picked":"infinitespire:Punishment","floor":2.0},{"not_picked":["Hemokinesis","Armaments"],"picked":"Reaper","floor":7.0},{"not_picked":["Impervious","StSpp:MuscleMemory","Headbutt"],"picked":"StSpp:Jab","floor":10.0},{"not_picked":["Sever Soul","Thunderclap","hubris:CleavingFinish"],"picked":"Replay:Undeath\u0027s Touch","floor":11.0},{"not_picked":["Twin Strike","Abandon","StSpp:Jab"],"picked":"Flame Barrier","floor":12.0},{"not_picked":["StSpp:CounterStrike","Warcry","True Grit"],"picked":"Metallicize","floor":14.0},{"not_picked":["Berserk","Barricade","Limit Break"],"picked":"Immolate","floor":16.0},{"not_picked":["Entrench","ReplayTheSpireMod:Strike From Hell","Sword Boomerang+1","Body Slam"],"picked":"SKIP","floor":18.0},{"not_picked":["Iron Wave+1","Heavy Blade","Headbutt","hubris:ReadiedAction"],"picked":"SKIP","floor":19.0},{"not_picked":["ReplayReversal","Evolve","Warcry","hubris:CleavingFinish"],"picked":"SKIP","floor":21.0},{"not_picked":["Disarm","Hemokinesis","ReplayTheSpireMod:Stacked"],"picked":"Feel No Pain","floor":24.0},{"not_picked":["Replay:Fractal Strike","infinitespire:Starlight"],"picked":"infinitespire:TheBestDefense","floor":29},{"not_picked":["Evolve","Flame Barrier","Wild Strike","Rage"],"picked":"SKIP","floor":29},{"not_picked":["Twin Strike","hubris:CleavingFinish","Thunderclap","Perfected Strike"],"picked":"SKIP","floor":30},{"not_picked":["Body Slam","Warcry","Clothesline","Iron Wave"],"picked":"SKIP","floor":31},{"not_picked":["Demonic Infusion","Berserk","StSpp:Betrayal"],"picked":"Fiend Fire","floor":33},{"not_picked":["Perfected Strike","ReplayTheSpireMod:Muscle Training","Flame Barrier","Carnage"],"picked":"Fire Breathing","floor":35},{"not_picked":["Run Through","Battle Trance","Armaments+1","Shrug It Off"],"picked":"conspire:ExplosiveBarrier","floor":37},{"not_picked":["Dual Wield","Anger","Armaments","Havoc"],"picked":"Warcry","floor":38},{"not_picked":["Survey Options","Thinking Ahead","StSpp:Cataclysm","Dark Shackles"],"picked":"ReplayTheSpireMod:Trickstab","floor":39},{"not_picked":["HandOfGreed","Replay:Dark Deal","Replay:Sssssssssstrike","Crow Ritual"],"picked":"PanicButton","floor":39},{"not_picked":["Flash of Steel","Mind Blast","Apotheosis","Magnetism"],"picked":"Replay:Parry","floor":39},{"not_picked":["Flex+1","Reckless Charge+1","Armaments+1","Defy Death+1"],"picked":"Warcry","floor":40},{"not_picked":["Clash","Shrug It Off","hubris:ReadiedAction","Havoc"],"picked":"ReplayTheSpireMod:Strike From Hell","floor":42},{"not_picked":["Rage+1","Anger","Blood for Blood","Headbutt"],"picked":"Ghostly Armor","floor":44},{"not_picked":["hubris:SharpeningStone","Dual Wield+1","Run Through","StSpp:Succumb+1"],"picked":"Clothesline","floor":46},{"not_picked":["Wild Strike","ReplayTheSpireMod:Limb From Limb+1","Twin Strike+1","Uppercut"],"picked":"Combust","floor":48},{"not_picked":["Thunderclap","Defy Death+1","StSpp:Vengeance+1","ReplayTheSpireMod:Limb From Limb"],"picked":"Uppercut","floor":54}],"player_experience":666173,"relics_obtained":[{"floor":7.0,"key":"ReplayTheSpireMod:Shallot"},{"floor":9.0,"key":"Question Card"},{"floor":10.0,"key":"StSpp:GiftCard"},{"floor":14.0,"key":"Thread and Needle"},{"floor":24.0,"key":"hubris:TinFlute"},{"floor":29,"key":"reliquary:Boomerang"},{"floor":40,"key":"reliquary:IridiumChain"},{"floor":42,"key":"Akabeko"},{"floor":43,"key":"Oddly Smooth Stone"},{"floor":48,"key":"reliquary:PartyBalloon"},{"floor":54,"key":"Centennial Puzzle"}],"event_choices":[{"cards_removed":["Strike_R"],"damage_healed":0.0,"max_hp_gain":0.0,"max_hp_loss":0.0,"gold_gain":0.0,"event_name":"The Cleric","player_choice":"Card Removal","floor":3.0,"gold_loss":75.0,"damage_taken":0.0},{"damage_healed":0.0,"max_hp_gain":0.0,"max_hp_loss":0.0,"gold_gain":0.0,"event_name":"Drug Dealer","player_choice":"Inject Mutagens","floor":20.0,"gold_loss":0.0,"damage_taken":0.0,"relics_obtained":["MutagenicStrength"]},{"damage_healed":0.0,"max_hp_gain":0.0,"max_hp_loss":0.0,"gold_gain":0.0,"event_name":"Back to Basics","player_choice":"Simplicity","floor":28.0,"gold_loss":0.0,"damage_taken":0.0,"cards_upgraded":["Strike_R","Strike_R","Defend_R","Defend_R","Defend_R","Defend_R"]},{"damage_healed":0,"gold_gain":0,"player_choice":"Upgraded Two","damage_taken":0,"max_hp_gain":0,"max_hp_loss":0,"event_name":"Designer","floor":36,"gold_loss":50,"cards_upgraded":["Fire Breathing","infinitespire:Starlight"]},{"damage_healed":0,"gold_gain":0,"player_choice":"Memory 3","damage_taken":10,"max_hp_gain":0,"max_hp_loss":0,"event_name":"SensoryStone","floor":39,"gold_loss":0}],"is_beta":false,"boss_relics":[{"not_picked":["Replay:Ancient Bell","conspire:RoyalGoblet"],"picked":"energizedSpire:StickyHand"},{"not_picked":["aspiration:RitualDagger","infinitespire:Cupcake"],"picked":"Honey Jar"}],"items_purged_floors":[13,22,47],"is_endless":false,"potions_floor_spawned":[10,12,16,18,24,31,40,42,46,48,54],"ascension_level":16}}