{"host":"mnpd8gh7cwxsn5kh","time":1612552694,"event":{"mods":["BaseMod","Bestiary","Block Reminder","Colored Map","Colored Powertips","Highlight Path","Minty Spire (QoL Compilation)","Relic Sorter","Relic Stats"],"gold_per_floor":[114,134,134,150,133,160,160,21,21,21,54,54,54,54,54,175,175,200,213,244,244,343,343,383,383,455,493,508,356,379,420,420,551,551,571,571,594,927,939,939,972,972,1026,1053,1275,603,623,44,44,44,44,44,9,36,36],"floor_reached":56,"language":"ENG","playtime":5375,"items_purged":["Static Discharge","Static Discharge"],"score":1875,"play_id":"7157715f-2444-4021-8c82-60b43afef426","local_time":"20210205201814","is_ascension_mode":true,"campfire_choices":[{"data":"Self Repair","floor":7,"key":"SMITH"},{"data":"Hologram","floor":10,"key":"SMITH"},{"data":"Buffer","floor":12,"key":"SMITH"},{"data":"Zap","floor":15,"key":"SMITH"},{"data":"Storm","floor":23,"key":"SMITH"},{"data":"Defragment","floor":25,"key":"SMITH"},{"data":"Capacitor","floor":32,"key":"SMITH"},{"floor":40,"key":"RECALL"},{"floor":42,"key":"REST"},{"floor":49,"key":"REST"},{"floor":52,"key":"REST"}],"circlet_count":0,"master_deck":["Zap+1","Dualcast","Steam","Hologram+1","Biased Cognition","Static Discharge","Self Repair+1","Chill+1","Ball Lightning","Stack+1","Buffer+1","Electrodynamics","Doom and Gloom+1","White Noise+1","Steam+1","Biased Cognition","Melter+1","Storm+1","Defragment+1","Turbo+1","Capacitor+1","Force Field+1","Coolheaded+1","Conserve Battery+1","Conserve Battery+1","Chill+1","Machine Learning","Master of Strategy+1","Panacea+1","Skim+1","Conserve Battery+1","Tempest+1","Heatsinks","Cold Snap+1","Master of Strategy+1","Capacitor","Conserve Battery+1","Capacitor"],"relics":["Cracked Core","Toxic Egg 2","Molten Egg 2","Oddly Smooth Stone","Pandora\u0027s Box","Red Mask","Ginger","Question Card","Toy Ornithopter","Calipers","Fusion Hammer","Mummified Hand","Turnip","Anchor","Frozen Eye","Bronze Scales","Torii","Bag of Preparation"],"acts_visited":["Exordium","TheCity","TheBeyond","TheEnding"],"potions_floor_usage":[5,5,16,16,27,28,33,55,55,55],"damage_taken":[{"damage":6,"enemies":"Cultist","floor":1,"turns":3},{"damage":1,"enemies":"Jaw Worm","floor":2,"turns":3},{"damage":0,"enemies":"Small Slimes","floor":4,"turns":3},{"damage":7,"enemies":"Exordium Thugs","floor":5,"turns":4},{"damage":11,"enemies":"Lagavulin","floor":6,"turns":7},{"damage":21,"enemies":"3 Sentries","floor":11,"turns":5},{"damage":6,"enemies":"Hexaghost","floor":16,"turns":10},{"damage":5,"enemies":"Chosen","floor":18,"turns":3},{"damage":14,"enemies":"2 Thieves","floor":19,"turns":4},{"damage":0,"enemies":"Masked Bandits","floor":20,"turns":2},{"damage":0,"enemies":"Book of Stabbing","floor":24,"turns":3},{"damage":0,"enemies":"Slavers","floor":27,"turns":3},{"damage":2,"enemies":"Centurion and Healer","floor":28,"turns":2},{"damage":12,"enemies":"Snake Plant","floor":30,"turns":2},{"damage":2,"enemies":"Book of Stabbing","floor":31,"turns":4},{"damage":5,"enemies":"Champ","floor":33,"turns":10},{"damage":0,"enemies":"3 Darklings","floor":35,"turns":4},{"damage":0,"enemies":"3 Shapes","floor":37,"turns":3},{"damage":0,"enemies":"Jaw Worm Horde","floor":39,"turns":4},{"damage":25,"enemies":"Reptomancer","floor":41,"turns":4},{"damage":17,"enemies":"Nemesis","floor":44,"turns":7},{"damage":0,"enemies":"3 Darklings","floor":47,"turns":4},{"damage":0,"enemies":"Donu and Deca","floor":50,"turns":4},{"damage":0,"enemies":"Shield and Spear","floor":54,"turns":5},{"damage":6,"enemies":"The Heart","floor":55,"turns":6}],"seed_played":"230110895462346505","potions_obtained":[{"floor":0,"key":"Energy Potion"},{"floor":0,"key":"LiquidBronze"},{"floor":0,"key":"SpeedPotion"},{"floor":11,"key":"SpeedPotion"},{"floor":18,"key":"BlessingOfTheForge"},{"floor":19,"key":"Explosive Potion"},{"floor":20,"key":"Block Potion"},{"floor":30,"key":"FocusPotion"},{"floor":33,"key":"SteroidPotion"},{"floor":41,"key":"LiquidBronze"},{"floor":44,"key":"Block Potion"}],"is_trial":false,"path_per_floor":["M","M","$","M","M","E","R","$","T","R","E","R","?","?","R","B",null,"M","M","?","?","?","R","E","R","T","E","M","$","M","E","R","B",null,"M","?","M","?","M","R","E","R","T","E","?","$","M","$","R","B",null,"R","$","E","B",null],"character_chosen":"DEFECT","items_purchased":["Chill+1","Ball Lightning","Stack+1","Coolheaded+1","Conserve Battery+1","Anchor","Heatsinks","Cold Snap+1","Frozen Eye","Bronze Scales","Torii","Master of Strategy+1","Capacitor","Conserve Battery+1","Capacitor"],"campfire_rested":3,"item_purchase_floors":[8,8,8,29,29,46,46,46,46,46,48,48,48,48,53],"current_hp_per_floor":[62,61,61,61,54,43,43,43,43,43,32,32,32,26,26,20,57,62,58,58,58,58,58,58,58,58,58,69,69,57,55,55,65,68,68,58,58,58,68,68,53,69,69,62,62,62,69,69,69,69,69,69,69,69,69],"gold":36,"neow_bonus":"THREE_SMALL_POTIONS","is_daily":false,"chose_seed":false,"campfire_upgraded":7,"win_rate":0.0,"timestamp":1612552694,"path_taken":["M","M","$","?","M","E","R","$","T","R","E","R","?","?","R","BOSS","M","M","?","?","?","R","E","R","T","E","M","$","M","E","R","BOSS","M","?","M","?","M","R","E","R","T","E","?","$","M","$","R","BOSS","R","$","E","BOSS"],"items_purchased_type":["Card","Card","Card","Card","Card","Relic","Card","Card","Relic","Relic","Relic","Card","Card","Card","Card"],"build_version":"2020-12-22","purchased_purges":2,"victory":true,"max_hp_per_floor":[75,75,75,75,75,75,75,75,75,75,75,75,69,69,69,69,69,69,69,69,69,69,69,69,69,69,69,69,69,69,69,69,69,69,69,69,69,69,69,69,69,69,69,69,69,69,69,69,69,69,69,69,69,69,69],"relic_stats":{"Torii":0,"counters":[25,109],"Mummified Hand":[55],"Bronze Scales":[120],"Pandora\u0027s Box":["Doom and Gloom","White Noise","Static Discharge","Steam","Biased Cognition","Melter","Storm","Static Discharge"],"Turnip":[2],"Bag of Preparation":[2],"Ginger":[5],"Question Card":15,"obtain_stats":[{"Calipers":31,"Torii":48,"Golden Idol":13,"Oddly Smooth Stone":11,"Bag of Preparation":54,"Ginger":24,"Question Card":26,"Frozen Eye":46,"Anchor":46,"Mummified Hand":41,"Bronze Scales":46,"Molten Egg 2":9,"Pandora\u0027s Box":17,"Fusion Hammer":34,"Turnip":44,"Red Mask":20,"Toxic Egg 2":6,"Cracked Core":0,"Toy Ornithopter":27},{"Calipers":15,"Torii":22,"Golden Idol":6,"Oddly Smooth Stone":6,"Bag of Preparation":24,"Ginger":11,"Question Card":11,"Frozen Eye":21,"Anchor":21,"Mummified Hand":20,"Bronze Scales":21,"Molten Egg 2":5,"Pandora\u0027s Box":7,"Fusion Hammer":16,"Turnip":21,"Red Mask":10,"Toxic Egg 2":5,"Cracked Core":0,"Toy Ornithopter":12},{"Calipers":58,"Torii":94,"Golden Idol":25,"Oddly Smooth Stone":25,"Bag of Preparation":103,"Ginger":47,"Question Card":47,"Frozen Eye":90,"Anchor":90,"Mummified Hand":83,"Bronze Scales":90,"Molten Egg 2":20,"Pandora\u0027s Box":35,"Fusion Hammer":68,"Turnip":90,"Red Mask":44,"Toxic Egg 2":20,"Cracked Core":0,"Toy Ornithopter":50}],"Toy Ornithopter":15},"card_choices":[{"not_picked":["Rebound","Turbo"],"picked":"Steam","floor":1},{"not_picked":["Barrage","Turbo"],"picked":"Hologram","floor":2},{"not_picked":["Leap","Stack"],"picked":"Biased Cognition","floor":4},{"not_picked":["Turbo","Storm"],"picked":"Static Discharge","floor":5},{"not_picked":["Double Energy+1","Turbo+1"],"picked":"Self Repair","floor":6},{"not_picked":["Leap+1","Force Field+1"],"picked":"Buffer","floor":11},{"not_picked":["Amplify+1","Reboot+1"],"picked":"Electrodynamics","floor":16},{"not_picked":["Reprogram+1","Sweeping Beam+1"],"picked":"Defragment","floor":18},{"not_picked":["Go for the Eyes+1","Double Energy+1"],"picked":"Turbo+1","floor":19},{"not_picked":["Compile Driver+1","Blizzard+1"],"picked":"Capacitor","floor":24},{"not_picked":["Auto Shields+1","Gash+1","Lockon+1","Redo+1"],"picked":"SKIP","floor":27},{"not_picked":["Redo+1","Hologram+1","Defragment+1"],"picked":"Force Field+1","floor":28},{"not_picked":["Sweeping Beam+1","Turbo+1","Aggregate+1"],"picked":"Conserve Battery+1","floor":30},{"not_picked":["Beam Cell+1","Storm","Leap+1"],"picked":"Chill+1","floor":31},{"not_picked":["Hyperbeam+1","Meteor Strike+1","Biased Cognition"],"picked":"Machine Learning","floor":33},{"not_picked":["Sweeping Beam+1","Ball Lightning+1","Rebound+1","Barrage+1"],"picked":"SKIP","floor":35},{"not_picked":["Blind+1","Enlightenment+1","Secret Technique+1"],"picked":"Master of Strategy+1","floor":36},{"not_picked":["Enlightenment+1","Discovery+1","Purity+1"],"picked":"Panacea+1","floor":36},{"not_picked":["Fusion+1","Ball Lightning+1","Consume+1"],"picked":"Skim+1","floor":37},{"not_picked":["FTL+1","Gash+1","Chaos+1"],"picked":"Conserve Battery+1","floor":39},{"not_picked":["Auto Shields+1","Gash+1","Chill+1"],"picked":"Tempest+1","floor":41},{"not_picked":["Scrape+1","Hello World+1","Streamline+1","Rebound+1"],"picked":"SKIP","floor":44},{"not_picked":["Redo+1","Chill+1","Auto Shields+1","Sweeping Beam+1"],"picked":"SKIP","floor":47},{"not_picked":["All For One+1","Turbo+1","Beam Cell+1","Barrage+1"],"picked":"SKIP","floor":54}],"player_experience":318584,"relics_obtained":[{"floor":6,"key":"Toxic Egg 2"},{"floor":9,"key":"Molten Egg 2"},{"floor":11,"key":"Oddly Smooth Stone"},{"floor":20,"key":"Red Mask"},{"floor":24,"key":"Ginger"},{"floor":26,"key":"Question Card"},{"floor":27,"key":"Toy Ornithopter"},{"floor":31,"key":"Calipers"},{"floor":41,"key":"Mummified Hand"},{"floor":44,"key":"Turnip"},{"floor":54,"key":"Bag of Preparation"}],"event_choices":[{"damage_healed":0,"gold_gain":0,"player_choice":"Lose Max HP","damage_taken":0,"relics_obtained":["Golden Idol"],"max_hp_gain":0,"max_hp_loss":6,"event_name":"Golden Idol","floor":13,"gold_loss":0},{"damage_healed":0,"gold_gain":0,"player_choice":"Damaged","damage_taken":6,"max_hp_gain":0,"max_hp_loss":0,"event_name":"Wheel of Change","floor":14,"gold_loss":0},{"damage_healed":0,"gold_gain":0,"player_choice":"Fought Bandits","damage_taken":0,"max_hp_gain":0,"max_hp_loss":0,"event_name":"Masked Bandits","floor":20,"gold_loss":0},{"damage_healed":0,"gold_gain":0,"player_choice":"Ignored","damage_taken":0,"max_hp_gain":0,"max_hp_loss":0,"event_name":"The Mausoleum","floor":21,"gold_loss":0},{"damage_healed":0,"gold_gain":99,"player_choice":"Stole From Cult","damage_taken":0,"max_hp_gain":0,"max_hp_loss":0,"event_name":"Nest","floor":22,"gold_loss":0},{"damage_healed":0,"gold_gain":0,"player_choice":"Memory 3","damage_taken":10,"max_hp_gain":0,"max_hp_loss":0,"event_name":"SensoryStone","floor":36,"gold_loss":0},{"damage_healed":0,"gold_gain":333,"player_choice":"Gave Idol","damage_taken":0,"max_hp_gain":0,"max_hp_loss":0,"event_name":"The Moai Head","floor":38,"relics_lost":["Golden Idol"],"gold_loss":0},{"damage_healed":0,"gold_gain":222,"player_choice":"Wore Mask","damage_taken":0,"max_hp_gain":0,"max_hp_loss":0,"event_name":"Tomb of Lord Red Mask","floor":45,"gold_loss":0}],"is_beta":false,"boss_relics":[{"not_picked":["Ectoplasm","Busted Crown"],"picked":"Pandora\u0027s Box"},{"not_picked":["SlaversCollar","Runic Dome"],"picked":"Fusion Hammer"}],"items_purged_floors":[29,46],"is_endless":false,"potions_floor_spawned":[2,11,18,19,20,30,33,41,44,47],"ascension_level":9}}