{"host":"anpwk55bj6rntrcq","time":1612565056,"event":{"mods":["Act Like it!","BaseMod","BetterRewards","GifTheSpireLib","Hermit","Hubris","Kratos Character Expansion","Minty Spire (QoL Compilation)","Replay The Spire","Robot Space Explorer","SCP261 Mod","StSLib","The Blackbeard","The Death Knight","The Exalted","The Necromancer","The Servant 0.9.4"],"gold_per_floor":[117,117,117,192,192,192,204,217,288,288,319,319,345,345,345,445,445,463,463,482,482,397,423,423,452,526,526,496,496,158,169,169,264,264,275,275,275,292,143,143,143,173,173,98,98,116,151,151,151],"floor_reached":48,"language":"ENG","playtime":1951,"items_purged":[],"score":578,"play_id":"188b9f2d-5293-4fb2-b12c-c82ba737c1c0","local_time":"20210205174416","is_ascension_mode":false,"campfire_choices":[{"data":"Noxious Fumes","floor":6,"key":"SMITH"},{"data":"Survivor","floor":10,"key":"SMITH"},{"floor":15,"key":"REST"},{"data":"Deadly Poison","floor":24,"key":"SMITH"},{"floor":27,"key":"REST"},{"floor":29,"key":"REST"},{"data":"Apotheosis","floor":32,"key":"SMITH"},{"floor":40,"key":"REST"}],"circlet_count":0,"master_deck":["Strike_G","Strike_G","Strike_G","Strike_G","Strike_G","Defend_G","Defend_G","Defend_G","Defend_G","Defend_G","Survivor+1","Neutralize+1","Noxious Fumes+1","Deadly Poison+1","Backflip","Leg Sweep","Burst","Deadly Poison+1","Bane","Apotheosis+1","Outmaneuver+1","Phantasmal Killer+1","Panacea","Poisoned Stab+1","Madness","Madness","Noxious Fumes+1","Deadly Poison+1"],"relics":["Ring of the Snake","NeowsBlessing","Kunai","Replay:Accelerometer","hubris:Metronome","Bromod:ArcaneTempo","Pet Ghost","Bromod:ArcaneTrickery","Pantograph","Juzu Bracelet","SlaversCollar","hubris:HerbalPaste","Orichalcum","Frozen Egg 2","Du-Vu Doll","Question Card"],"acts_visited":["Exordium","TheCity","TheBeyond"],"potions_floor_usage":[23,25,33,33,35,47],"damage_taken":[{"damage":0,"enemies":"Jaw Worm","floor":1,"turns":1},{"damage":0,"enemies":"Small Slimes","floor":7,"turns":1},{"damage":0,"enemies":"2 Louse","floor":8,"turns":1},{"damage":9,"enemies":"Replay:BlueRogue","floor":11,"turns":7},{"damage":4,"enemies":"3 Sentries","floor":13,"turns":7},{"damage":47,"enemies":"Fading Forest","floor":16,"turns":11},{"damage":3,"enemies":"Shell Parasite","floor":18,"turns":7},{"damage":5,"enemies":"Chosen","floor":20,"turns":5},{"damage":0,"enemies":"Replay:Snechameleon","floor":23,"turns":8},{"damage":41,"enemies":"Slavers","floor":25,"turns":5},{"damage":0,"enemies":"3 Cultists","floor":31,"turns":6},{"damage":24,"enemies":"Collector","floor":33,"turns":10},{"damage":18,"enemies":"3 Darklings","floor":35,"turns":8},{"damage":6,"enemies":"Orb Walker","floor":38,"turns":5},{"damage":30,"enemies":"R_Hoarder","floor":42,"turns":8},{"damage":20,"enemies":"Maw","floor":46,"turns":8},{"damage":23,"enemies":"Giant Head","floor":47,"turns":7},{"damage":9,"enemies":"Writhing Mass","floor":48,"turns":2}],"seed_played":"-9124298124902489685","potions_obtained":[{"floor":8,"key":"GamblersBrew"},{"floor":13,"key":"Block Potion"},{"floor":23,"key":"Adrenaline Potion"},{"floor":28,"key":"Energy Potion"},{"floor":31,"key":"SCP261:DewritoBlazePotion"},{"floor":46,"key":"Poison Potion"},{"floor":47,"key":"Strength Potion"}],"is_trial":false,"path_per_floor":["M","?","?","?","?","R","M","M","T","R","E","$","E","?","R","B",null,"M","?","M","?","?","E","R","E","T","R","?","R","$","M","R","B",null,"M","?","?","M","$","R","?","E","T","$","T","M","E","M"],"character_chosen":"THE_SILENT","items_purchased":["Apotheosis","Juzu Bracelet","hubris:HerbalPaste","Noxious Fumes+1"],"campfire_rested":4,"item_purchase_floors":[30,30,39,44],"current_hp_per_floor":[70,70,70,59,59,59,59,59,59,59,50,50,46,46,67,30,70,67,67,62,62,62,62,62,21,21,42,42,63,63,63,63,46,70,52,52,52,46,46,67,58,34,34,34,34,20,3,0,0],"gold":151,"neow_bonus":"THREE_ENEMY_KILL","is_daily":false,"chose_seed":false,"campfire_upgraded":4,"win_rate":0.0,"timestamp":1612565056,"path_taken":["M","?","?","?","?","R","M","?","T","R","E","?","E","?","R","BOSS","M","?","M","?","?","E","R","E","T","R","?","R","$","M","R","BOSS","M","?","?","M","$","R","?","E","T","?","?","M","E","M"],"items_purchased_type":["Card","Relic","Relic","Card"],"build_version":"2020-12-22","purchased_purges":0,"victory":false,"max_hp_per_floor":[70,70,70,70,70,70,70,70,70,70,70,70,70,70,70,70,70,70,70,70,70,70,70,70,70,70,70,70,70,70,70,70,70,70,70,70,70,70,70,70,70,70,70,70,70,70,70,70,70],"card_choices":[{"not_picked":["Bane","Poisoned Stab"],"picked":"Noxious Fumes","floor":1},{"not_picked":["Sucker Punch","Dagger Spray"],"picked":"Deadly Poison","floor":7},{"not_picked":["Acrobatics","ReplayTheSpireMod:From All Sides"],"picked":"Backflip","floor":8},{"not_picked":["Flying Knee","Finisher"],"picked":"Leg Sweep","floor":11},{"not_picked":["Infinite Blades","Backflip","Sucker Punch"],"picked":"SKIP","floor":13},{"not_picked":["Grand Finale","After Image"],"picked":"Burst","floor":16},{"not_picked":["Accuracy","Prepared"],"picked":"Deadly Poison+1","floor":18},{"not_picked":["Distraction","Dagger Throw"],"picked":"Bane","floor":20},{"not_picked":["Hidden Blade+1","After Image","ReplayTheSpireMod:Speed Training"],"picked":"SKIP","floor":23},{"not_picked":["Outmaneuver","Expertise","Riddle With Holes"],"picked":"SKIP","floor":25},{"not_picked":["Blade Dance","ReplayTheSpireMod:Scrap Shanks+1"],"picked":"Outmaneuver+1","floor":31},{"not_picked":["Venomology","Grand Finale"],"picked":"Phantasmal Killer","floor":33},{"not_picked":["hubris:SlightOfHand","Underhanded Strike+1","Slice"],"picked":"SKIP","floor":35},{"not_picked":["Magnetism","Replay:Parry"],"picked":"Panacea","floor":37},{"not_picked":["Dash","Flying Knee"],"picked":"Poisoned Stab+1","floor":38},{"not_picked":["Cloak And Dagger","Sneak Up+1","Escape Plan+1"],"picked":"SKIP","floor":42},{"not_picked":["Quick Slash+1","Expertise+1"],"picked":"Deadly Poison+1","floor":46},{"not_picked":["Deadly Poison","Doppelganger","Backflip"],"picked":"SKIP","floor":47}],"player_experience":384238,"relics_obtained":[{"floor":9,"key":"Kunai"},{"floor":11,"key":"Replay:Accelerometer"},{"floor":13,"key":"hubris:Metronome"},{"floor":23,"key":"Pet Ghost"},{"floor":25,"key":"Bromod:ArcaneTrickery"},{"floor":26,"key":"Pantograph"},{"floor":42,"key":"Orichalcum"},{"floor":43,"key":"Frozen Egg 2"},{"floor":45,"key":"Du-Vu Doll"},{"floor":47,"key":"Question Card"}],"event_choices":[{"damage_healed":0,"gold_gain":0,"player_choice":"Leave","damage_taken":0,"max_hp_gain":0,"max_hp_loss":0,"event_name":"The Cleric","floor":2,"gold_loss":0},{"damage_healed":0,"gold_gain":75,"player_choice":"Gather Gold","damage_taken":11,"max_hp_gain":0,"max_hp_loss":0,"event_name":"World of Goop","floor":4,"gold_loss":0},{"damage_healed":0,"gold_gain":0,"player_choice":"Ignored","damage_taken":0,"max_hp_gain":0,"max_hp_loss":0,"event_name":"Transmorgrifier","floor":5,"gold_loss":0},{"damage_healed":0,"gold_gain":0,"player_choice":"Ignored","damage_taken":0,"max_hp_gain":0,"max_hp_loss":0,"event_name":"Cursed Tome","floor":19,"gold_loss":0},{"damage_healed":0,"gold_gain":0,"player_choice":"Ignored","damage_taken":0,"max_hp_gain":0,"max_hp_loss":0,"event_name":"Vampires","floor":21,"gold_loss":0},{"damage_healed":0,"gold_gain":0,"player_choice":"Obtained Relic","damage_taken":0,"relics_obtained":["Bromod:ArcaneTempo"],"max_hp_gain":0,"max_hp_loss":0,"event_name":"Addict","floor":22,"gold_loss":85},{"damage_healed":0,"gold_gain":0,"player_choice":"Memory 1","damage_taken":0,"max_hp_gain":0,"max_hp_loss":0,"event_name":"SensoryStone","floor":37,"gold_loss":0},{"damage_healed":0,"gold_gain":0,"player_choice":"Embrace Madness","damage_taken":9,"max_hp_gain":0,"max_hp_loss":0,"event_name":"Winding Halls","floor":41,"gold_loss":0,"cards_obtained":["Madness","Madness"]}],"is_beta":false,"boss_relics":[{"not_picked":["Snecko Eye","Replay:Drink Me","hubris:TerracottaHorce"]},{"not_picked":["Ring of the Serpent","ReplayTheSpireMod:DimensionalGlitch"],"picked":"SlaversCollar"}],"items_purged_floors":[],"is_endless":false,"potions_floor_spawned":[8,13,23,31,46,47],"killed_by":"Writhing Mass","ascension_level":0}}