{"host":"hka8b3f4pkvnp4ei","time":1612515443,"event":{"mods":["BaseMod","Minty Spire (QoL Compilation)","Quick Restart","Replay The Spire","StSLib"],"gold_per_floor":[118,118,131,131,156,156,8,27,52,86,105,105,105,128,128,247,247,265,265,265],"floor_reached":19,"language":"ZHS","playtime":709,"items_purged":["Strike_G"],"score":228,"play_id":"3624da63-f2fa-4efe-8c0d-20da9cdf34e1","local_time":"20210205165723","is_ascension_mode":true,"campfire_choices":[{"data":"Neutralize","floor":6.0,"key":"SMITH"},{"data":"Replay:Bag of Tricks","floor":13,"key":"SMITH"},{"data":"Tactician","floor":15,"key":"SMITH"}],"circlet_count":0,"master_deck":["Strike_G","Strike_G","Strike_G","Strike_G","Defend_G","Defend_G","Defend_G","Defend_G","Defend_G","Survivor","Neutralize+1","Tactician+1","Reflex","Cloak And Dagger","Footwork","Replay:Bag of Tricks+1","Dash","Storm of Steel","AbeCurse","Cloak And Dagger+1"],"relics":["Runic Dome","Golden Idol","Ring of Hypnosis","Blood Vial","PreservedInsect","Incense Burner","Gremlin Food","Abe\u0027s Treasure"],"acts_visited":["Exordium","TheCity"],"potions_floor_usage":[11],"damage_taken":[{"damage":0.0,"enemies":"Jaw Worm","floor":1.0,"turns":5.0},{"damage":1.0,"enemies":"Small Slimes","floor":3.0,"turns":4.0},{"damage":0.0,"enemies":"2 Louse","floor":8.0,"turns":3.0},{"damage":4.0,"enemies":"Gremlin Nob","floor":10.0,"turns":5.0},{"damage":6,"enemies":"Looter","floor":11,"turns":3},{"damage":0,"enemies":"Exordium Thugs","floor":14,"turns":9},{"damage":0,"enemies":"The Guardian","floor":16,"turns":12},{"damage":1,"enemies":"Shell Parasite","floor":18,"turns":9},{"damage":0,"enemies":"Chosen","floor":19,"turns":1}],"seed_played":"-5646119486406934918","potions_obtained":[{"floor":1.0,"key":"FearPotion"},{"floor":8.0,"key":"SkillPotion"},{"floor":11,"key":"GhostInAJar"},{"floor":14,"key":"Dexterity Potion"}],"is_trial":false,"path_per_floor":["M","?","M","?","T","R","$","M","T","E","M","?","R","M","R","B",null,"M","M"],"character_chosen":"THE_SILENT","items_purchased":["Reflex"],"campfire_rested":0,"item_purchase_floors":[7],"current_hp_per_floor":[70,53,52,52,52,52,52,54,54,52,48,41,41,43,43,45,70,69,70,70],"gold":265,"neow_bonus":"BOSS_RELIC","is_daily":false,"chose_seed":false,"campfire_upgraded":3,"win_rate":0.0,"timestamp":1612515443,"path_taken":["M","?","M","?","?","R","$","M","T","E","M","?","R","M","R","BOSS","M","M"],"items_purchased_type":["Card"],"build_version":"2020-12-22","purchased_purges":1,"victory":false,"max_hp_per_floor":[70,70,70,70,70,70,70,70,70,70,70,70,70,70,70,70,70,70,70,70],"card_choices":[{"not_picked":["Underhanded Strike","Slice"],"picked":"Tactician","floor":1.0},{"not_picked":["Dagger Throw","Poisoned Stab","Sucker Punch"],"picked":"SKIP","floor":3.0},{"not_picked":["Dagger Throw","Draining Mist"],"picked":"Cloak And Dagger","floor":8.0},{"not_picked":["Sucker Punch","Deadly Poison"],"picked":"Footwork","floor":10.0},{"not_picked":["Bane","Underhanded Strike"],"picked":"Replay:Bag of Tricks","floor":11},{"not_picked":["ReplayTheSpireMod:Scrap Shanks","ReplayTheSpireMod:Exploit Weakness"],"picked":"Dash","floor":14},{"not_picked":["Night Terror","Poison Darts"],"picked":"Storm of Steel","floor":16},{"not_picked":["All Out Attack","Sucker Punch+1"],"picked":"Cloak And Dagger+1","floor":18}],"player_experience":438734,"relics_obtained":[{"floor":4.0,"key":"Ring of Hypnosis"},{"floor":5.0,"key":"Blood Vial"},{"floor":9.0,"key":"PreservedInsect"},{"floor":10.0,"key":"Incense Burner"}],"event_choices":[{"damage_healed":0.0,"max_hp_gain":0.0,"max_hp_loss":0.0,"gold_gain":0.0,"event_name":"Golden Idol","player_choice":"Take Damage","floor":2.0,"gold_loss":0.0,"damage_taken":17.0,"relics_obtained":["Golden Idol"]},{"damage_healed":0,"gold_gain":0,"player_choice":"Success","damage_taken":7,"relics_obtained":["Gremlin Food"],"max_hp_gain":0,"max_hp_loss":0,"event_name":"Scrap Ooze","floor":12,"gold_loss":0}],"is_beta":false,"boss_relics":[{"not_picked":["Velvet Choker","Sozu"],"picked":"Abe\u0027s Treasure"}],"items_purged_floors":[7],"is_endless":false,"potions_floor_spawned":[1,8,11,14],"killed_by":"Chosen","ascension_level":1}}