{"host":"yg1n0qads92lo9wl","time":1612517586,"event":{"mods":["BaseMod","Downfall","Luminous","Minty Spire (QoL Compilation)","StSLib","Warlord Emblem"],"gold_per_floor":[99,112,125,35,99,99,99,199,215,234,234,70,70,102,116,212,212,212,224,224,224,224],"floor_reached":21,"language":"ZHS","playtime":15707,"items_purged":["WarlordEmblem:RuneStrike","WarlordEmblem:Defend_DK"],"score":177,"play_id":"2c3e4e81-3f3c-48ba-893a-178361d6ba04","local_time":"20210205173306","is_ascension_mode":false,"campfire_choices":[{"data":"WarlordEmblem:DiseaseStrike","floor":1,"key":"SMITH"},{"floor":11,"key":"REST"},{"floor":13,"key":"REST"},{"data":"WarlordEmblem:RuneRegen","floor":18,"key":"SMITH"}],"circlet_count":0,"master_deck":["WarlordEmblem:RuneStrike","WarlordEmblem:Defend_DK","WarlordEmblem:Defend_DK","WarlordEmblem:RuneDefend","WarlordEmblem:DiseaseStrike+1","WarlordEmblem:EvilSee","WarlordEmblem:EvilSee","WarlordEmblem:EvilStrike","WarlordEmblem:RuneRegen+1","WarlordEmblem:RuneFocus","WarlordEmblem:UndeadWill","WarlordEmblem:EvilPower","WarlordEmblem:CondemnStrike","WarlordEmblem:FrozenDeath+1","WarlordEmblem:DeathWither+1","WarlordEmblem:HungeringCold+1","Apotheosis"],"relics":["WarlordEmblem:RuneSword","WarlordEmblem:EvilRealm","Art of War","Vajra","Darkstone Periapt","Orichalcum","Astrolabe"],"acts_visited":["Exordium","TheCity"],"potions_floor_usage":[5,16,16],"damage_taken":[{"damage":1,"enemies":"Cultist","floor":2,"turns":4},{"damage":5,"enemies":"Small Slimes","floor":3,"turns":3},{"damage":0,"enemies":"downfall:FleeingMerchant","floor":4,"turns":4},{"damage":25,"enemies":"Gremlin Nob","floor":5,"turns":4},{"damage":1,"enemies":"2 Louse","floor":9,"turns":2},{"damage":11,"enemies":"Exordium Wildlife","floor":10,"turns":4},{"damage":4,"enemies":"downfall:FleeingMerchant","floor":12,"turns":4},{"damage":12,"enemies":"Lagavulin","floor":14,"turns":5},{"damage":2,"enemies":"Blue Slaver","floor":15,"turns":3},{"damage":35,"enemies":"WA_ARCHETYPE_RETAIN","floor":16,"turns":7},{"damage":18,"enemies":"Shell Parasite","floor":19,"turns":5},{"damage":0,"enemies":"3 Byrds","floor":21,"turns":1}],"seed_played":"3364478796432792077","potions_obtained":[{"floor":3,"key":"BlessingOfTheForge"},{"floor":5,"key":"WarlordEmblem:ReserveRunePotion"},{"floor":14,"key":"Dexterity Potion"},{"floor":15,"key":"LiquidMemories"},{"floor":19,"key":"FearPotion"}],"is_trial":false,"path_per_floor":["R","M","M","$","?","?","T","?","M","M","R","$","R","E","M","B",null,"R","M","?","M"],"character_chosen":"DeathKnight","items_purchased":["Dexterity Potion"],"campfire_rested":2,"item_purchase_floors":[12],"current_hp_per_floor":[88,87,82,82,57,50,50,50,49,38,64,60,86,80,84,53,88,88,76,76,76,76],"gold":224,"neow_bonus":"TEN_PERCENT_HP_BONUS","is_daily":false,"chose_seed":false,"campfire_upgraded":2,"win_rate":0.0,"timestamp":1612517586,"path_taken":["R","M","M","$","?","?","T","?","M","?","R","$","R","E","M","BOSS","R","M","?","M"],"items_purchased_type":["Potion"],"build_version":"2020-12-22","purchased_purges":2,"victory":false,"max_hp_per_floor":[88,88,88,88,88,88,88,88,88,88,88,88,88,88,88,88,88,88,88,88,88,88],"card_choices":[{"not_picked":["WarlordEmblem:RuneRecast","WarlordEmblem:DeathContract"],"picked":"WarlordEmblem:EvilSee","floor":2},{"not_picked":["WarlordEmblem:RuneFocus","WarlordEmblem:Execute"],"picked":"WarlordEmblem:EvilSee","floor":3},{"not_picked":["WarlordEmblem:DeathContract","WarlordEmblem:UltimateCold"],"picked":"WarlordEmblem:EvilStrike","floor":4},{"not_picked":["WarlordEmblem:CurseStrike","WarlordEmblem:SwordWave"],"picked":"WarlordEmblem:RuneRegen","floor":5},{"not_picked":["WarlordEmblem:DeathCoil","WarlordEmblem:RuneBlade"],"picked":"WarlordEmblem:RuneFocus","floor":9},{"not_picked":["WarlordEmblem:Withstand","WarlordEmblem:BodyStrike","WarlordEmblem:FrostbiteStrike"],"picked":"SKIP","floor":10},{"not_picked":["WarlordEmblem:RuneRegen","WarlordEmblem:BloodBoiling"],"picked":"WarlordEmblem:UndeadWill","floor":12},{"not_picked":["WarlordEmblem:NoLightShield","WarlordEmblem:DeathStrike"],"picked":"WarlordEmblem:EvilPower","floor":14},{"not_picked":["WarlordEmblem:DeathGateway","WarlordEmblem:ForceDeflexion","WarlordEmblem:RuneRegen"],"picked":"SKIP","floor":15},{"not_picked":["WarlordEmblem:RuneIndex","WarlordEmblem:RuneBurn"],"picked":"WarlordEmblem:CondemnStrike","floor":16},{"not_picked":["WarlordEmblem:RuneDiffer+1","WarlordEmblem:RuneFocus","WarlordEmblem:Withstand"],"picked":"SKIP","floor":19}],"player_experience":341210,"relics_obtained":[{"floor":5,"key":"Art of War"},{"floor":7,"key":"Darkstone Periapt"},{"floor":14,"key":"Orichalcum"}],"event_choices":[{"damage_healed":0,"gold_gain":0,"player_choice":"Success","damage_taken":7,"relics_obtained":["Vajra"],"max_hp_gain":0,"max_hp_loss":0,"event_name":"Scrap Ooze","floor":6,"gold_loss":0}],"is_beta":false,"boss_relics":[{"not_picked":["Pandora\u0027s Box","Runic Dome"],"picked":"Astrolabe"}],"items_purged_floors":[4,12],"is_endless":false,"potions_floor_spawned":[3,5,14,15,19],"killed_by":"3 Byrds","ascension_level":0}}