{"host":"rihxvzvzrfpivboj","time":1612554210,"event":{"mods":["Act Like it!","BaseMod","Better Third Choice","Block Reminder","Colored Map","Colored Powertips","Downfall","Gensokyo","GifTheSpireLib","Googly Eyes","Keyboard Shortcuts","Minty Spire (QoL Compilation)","Quick Restart","Relic Sorter","StSLib","SuperFastMode","Unceasing Turn Reminder","Waifu the Spire"],"gold_per_floor":[117,131,150,150,163,163,175,175,175,219,319,360,388,423,423,423,423],"floor_reached":16,"language":"ENG","playtime":490,"items_purged":[],"score":214,"play_id":"0c84c9d6-e419-403f-96fc-b44705b2aefb","local_time":"20210205204330","is_ascension_mode":true,"campfire_choices":[{"data":"Bash","floor":6,"key":"SMITH"},{"data":"Body Slam","floor":8,"key":"SMITH"},{"data":"Shrug It Off","floor":15,"key":"SMITH"}],"circlet_count":0,"master_deck":["AscendersBane","Strike_R","Strike_R","Strike_R","Strike_R","Strike_R","Defend_R","Defend_R","Defend_R","Defend_R","Bash+1","Dropkick","Headbutt","Body Slam+1","Pain","Cleave","Dual Wield","Double Tap","Shrug It Off+1","Headbutt"],"relics":["Burning Blood","Gensokyo:LunaticRedEyes","Mummified Hand","CeramicFish","CaptainsWheel","Question Card"],"acts_visited":["Exordium"],"potions_floor_usage":[10,10,12,14],"damage_taken":[{"damage":8,"enemies":"Gensokyo:3_Fairies","floor":1,"turns":6},{"damage":15,"enemies":"Gensokyo:Gryphon","floor":2,"turns":5},{"damage":0,"enemies":"Gensokyo:2_Kodama","floor":3,"turns":3},{"damage":16,"enemies":"Gensokyo:Kitsune","floor":5,"turns":3},{"damage":11,"enemies":"Gensokyo:Python_and_Kodama","floor":7,"turns":4},{"damage":27,"enemies":"Gensokyo:Aya","floor":10,"turns":4},{"damage":25,"enemies":"Gensokyo:Cirno","floor":12,"turns":5},{"damage":9,"enemies":"Gensokyo:2_Rabbits","floor":13,"turns":3},{"damage":16,"enemies":"Gensokyo:Aya","floor":14,"turns":3},{"damage":41,"enemies":"Gensokyo:Yukari","floor":16,"turns":6}],"seed_played":"-2863330331657966641","potions_obtained":[{"floor":1,"key":"Strength Potion"},{"floor":5,"key":"BloodPotion"},{"floor":10,"key":"Regen Potion"},{"floor":12,"key":"sneckomod:MuddlingPotion"}],"is_trial":false,"path_per_floor":["M","M","M","?","M","R","M","R","T","E","?","E","M","E","R","B"],"character_chosen":"IRONCLAD","items_purchased":[],"campfire_rested":0,"item_purchase_floors":[],"current_hp_per_floor":[73,64,70,70,60,60,55,55,55,50,50,46,43,33,33,0,0],"gold":423,"neow_bonus":"TEN_PERCENT_HP_BONUS","is_daily":false,"chose_seed":false,"campfire_upgraded":3,"win_rate":0.0,"timestamp":1612554210,"path_taken":["M","M","M","?","M","R","M","R","T","E","?","E","?","E","R","BOSS"],"items_purchased_type":[],"build_version":"2020-12-22","purchased_purges":0,"victory":false,"max_hp_per_floor":[82,82,82,82,82,82,82,82,82,82,82,82,82,82,82,82,82],"card_choices":[{"not_picked":["Armaments","Blood for Blood"],"picked":"Dropkick","floor":1},{"not_picked":["Heavy Blade","Warcry"],"picked":"Headbutt","floor":2},{"not_picked":["Heavy Blade","Armaments"],"picked":"Body Slam","floor":3},{"not_picked":["Havoc","Anger"],"picked":"Cleave","floor":5},{"not_picked":["Sword Boomerang","Twin Strike","Havoc"],"picked":"SKIP","floor":7},{"not_picked":["Body Slam","Pommel Strike"],"picked":"Dual Wield","floor":10},{"not_picked":["Armaments","Thunderclap"],"picked":"Double Tap","floor":12},{"not_picked":["Thunderclap","Twin Strike"],"picked":"Shrug It Off","floor":13},{"not_picked":["Second Wind","True Grit"],"picked":"Headbutt","floor":14}],"player_experience":1127465,"relics_obtained":[{"floor":9,"key":"Mummified Hand"},{"floor":10,"key":"CeramicFish"},{"floor":12,"key":"CaptainsWheel"},{"floor":14,"key":"Question Card"}],"event_choices":[],"is_beta":false,"boss_relics":[],"items_purged_floors":[],"is_endless":false,"potions_floor_spawned":[1,5,10,12],"killed_by":"Gensokyo:Yukari","ascension_level":20}}