{"host":"8z0h4areh8sio1k0","time":1612512571,"event":{"mods":["Act Like it!","Aspiration","BaseMod","Colored Map","Conspire","Hubris","Minty Spire (QoL Compilation)","Replay The Spire","StSLib","TestMod","The Bug Knight"],"gold_per_floor":[115,47,65,98,115,115,127,127,174,186,200,230,230,247,247,351,351,363,54,54,67,167,167,182,182,182,13,44,44,64,18,18,18,18],"floor_reached":33,"language":"ZHS","playtime":839,"items_purged":["Defend_P","Strike_P"],"score":292,"play_id":"2068fd5b-eba3-4751-a6a3-d3df469ccee8","local_time":"20210205160931","is_ascension_mode":false,"campfire_choices":[{"data":"Eruption","floor":6.0,"key":"SMITH"},{"data":"Vigilance","floor":8.0,"key":"SMITH"},{"data":"FlurryOfBlows","floor":13.0,"key":"SMITH"},{"data":"Wallop","floor":15.0,"key":"SMITH"},{"data":"MentalFortress","floor":23.0,"key":"SMITH"},{"data":"Fasting2","floor":25.0,"key":"SMITH"},{"data":"SignatureMove","floor":29.0,"key":"SMITH"},{"floor":32.0,"key":"REST"}],"circlet_count":0,"master_deck":["Strike_P","Strike_P","Strike_P","Defend_P","Defend_P+1","Defend_P","Eruption+1","Vigilance+1","Fasting2+1","MentalFortress+1","SignatureMove+1","Consecrate","FlurryOfBlows+1","CutThroughFate","Wallop+1","LessonLearned","Scrawl+1","BattleHymn","Adaptation+1","WindmillStrike+1","EmptyFist"],"relics":["PureWater","testmod-TestBox","NeowsBlessing","testmod-EqualTreatment","conspire:DeflatedDodgeball","CaptainsWheel","conspire:RoyalGoblet","aspiration:HummingbirdHeart","Akabeko"],"acts_visited":["Exordium","TheCity"],"potions_floor_usage":[],"damage_taken":[{"damage":0.0,"enemies":"Jaw Worm","floor":1.0,"turns":1.0},{"damage":0.0,"enemies":"Small Slimes","floor":3.0,"turns":1.0},{"damage":0.0,"enemies":"conspire:MimicChest","floor":4.0,"turns":1.0},{"damage":0.0,"enemies":"Cultist","floor":5.0,"turns":2.0},{"damage":0.0,"enemies":"Exordium Wildlife","floor":7.0,"turns":2.0},{"damage":13.0,"enemies":"Lots of Slimes","floor":10.0,"turns":3.0},{"damage":7.0,"enemies":"Blue Slaver","floor":11.0,"turns":3.0},{"damage":8.0,"enemies":"3 Sentries","floor":12.0,"turns":4.0},{"damage":0.0,"enemies":"Exordium Thugs","floor":14.0,"turns":1.0},{"damage":19.0,"enemies":"The Guardian","floor":16.0,"turns":10.0},{"damage":0.0,"enemies":"2 Thieves","floor":18.0,"turns":3.0},{"damage":0.0,"enemies":"Chosen","floor":21.0,"turns":3.0},{"damage":19.0,"enemies":"Centurion and Healer","floor":24.0,"turns":2.0},{"damage":9.0,"enemies":"Slavers","floor":28.0,"turns":3.0},{"damage":0.0,"enemies":"Snake Plant","floor":30.0,"turns":2.0},{"damage":102,"enemies":"Champ","floor":33,"turns":11}],"seed_played":"5227140685310489580","potions_obtained":[{"floor":3.0,"key":"SkillPotion"},{"floor":4.0,"key":"testmod-EscapePotion"},{"floor":10.0,"key":"SteroidPotion"},{"floor":12.0,"key":"Dexterity Potion"},{"floor":18.0,"key":"GamblersBrew"},{"floor":21.0,"key":"ColorlessPotion"},{"floor":24.0,"key":"Adrenaline Potion"}],"is_trial":false,"path_per_floor":["M","$","M","?","M","R","M","R","T","M","M","E","R","M","R","B",null,"M","$","?","M","?","R","M","R","T","$","E","R","M","$","R","B"],"character_chosen":"WATCHER","items_purchased":["Fasting2","Scrawl","BattleHymn","Adaptation","EmptyFist"],"campfire_rested":1,"item_purchase_floors":[2,19,19,27,31],"current_hp_per_floor":[72,72,72,72,72,72,72,72,72,59,52,44,44,44,44,25,72,72,72,72,72,72,72,53,53,53,53,44,44,44,44,65,0,0],"gold":18,"neow_bonus":"THREE_ENEMY_KILL","is_daily":false,"chose_seed":false,"campfire_upgraded":7,"win_rate":0.0,"timestamp":1612512571,"path_taken":["M","$","M","?","M","R","M","R","T","?","M","E","R","M","R","BOSS","M","$","?","?","?","R","M","R","T","$","E","R","M","?","R","BOSS"],"items_purchased_type":["Card","Card","Card","Card","Card"],"build_version":"2020-12-22","purchased_purges":2,"victory":false,"max_hp_per_floor":[72,72,72,72,72,72,72,72,72,72,72,72,72,72,72,72,72,72,72,72,72,72,72,72,72,72,72,72,72,72,72,72,72,72],"card_choices":[{"not_picked":["Replay:ManipulateFuture","Halt","Prostrate"],"picked":"SKIP","floor":1.0},{"not_picked":["EmptyMind","Fasting2","FlyingSleeves"],"picked":"SKIP","floor":3.0},{"not_picked":["CrushJoints","FollowUp"],"picked":"MentalFortress","floor":4.0},{"not_picked":["ClearTheMind","DeceiveReality"],"picked":"SignatureMove","floor":5.0},{"not_picked":["MasterReality","Replay:ManipulateFuture"],"picked":"Consecrate","floor":7.0},{"not_picked":["EmptyFist","Halt"],"picked":"FlurryOfBlows","floor":10.0},{"not_picked":["Halt","Crescendo"],"picked":"CutThroughFate","floor":11.0},{"not_picked":["Replay:ManipulateFuture","Consecrate","Replay:Anticipation"],"picked":"SKIP","floor":12.0},{"not_picked":["JustLucky","Perseverance"],"picked":"Wallop","floor":14.0},{"not_picked":["Establishment","DevaForm"],"picked":"LessonLearned","floor":16.0},{"not_picked":["PathToVictory","Prostrate","CutThroughFate"],"picked":"SKIP","floor":18.0},{"not_picked":["MentalFortress","CutThroughFate","Replay:AtTheReady+1"],"picked":"SKIP","floor":21.0},{"not_picked":["Replay:ManipulateFuture+1","BowlingBash","CrushJoints"],"picked":"SKIP","floor":24.0},{"not_picked":["Establishment","BowlingBash"],"picked":"WindmillStrike+1","floor":28.0},{"not_picked":["CrushJoints","Pray","Wallop"],"picked":"SKIP","floor":30.0}],"player_experience":518344,"relics_obtained":[{"floor":4.0,"key":"conspire:DeflatedDodgeball"},{"floor":12.0,"key":"CaptainsWheel"},{"floor":26.0,"key":"aspiration:HummingbirdHeart"},{"floor":28.0,"key":"Akabeko"}],"event_choices":[{"damage_healed":0.0,"max_hp_gain":0.0,"max_hp_loss":0.0,"gold_gain":0.0,"event_name":"Upgrade Shrine","player_choice":"Upgraded","floor":20.0,"gold_loss":0.0,"damage_taken":0.0,"cards_upgraded":["Scrawl"]},{"damage_healed":0.0,"max_hp_gain":0.0,"max_hp_loss":0.0,"gold_gain":100.0,"event_name":"Golden Shrine","player_choice":"Pray","floor":22.0,"gold_loss":0.0,"damage_taken":0.0}],"is_beta":false,"boss_relics":[{"not_picked":["conspire:RunicOctahedron","aspiration:SecretTechniqueScroll"],"picked":"conspire:RoyalGoblet"}],"items_purged_floors":[19,27],"is_endless":false,"potions_floor_spawned":[3,4,10,12,18,21,24],"killed_by":"Champ","ascension_level":0}}