{"host":"Black","time":1612534592,"event":{"mods":["2.2 Compatiblity","Act Like it!","Always Whale","AlwaysNeverKeys","Ascension Reborn","Aspiration","BaseMod","Beta Mode","BetterRewards","Colored Map","Colored Powertips","Custom Start","DeckTracker","Downfall","Duelist Mod","FetchMod","Halation","Hallownest","Highlight Path","Hubris","Marisa????????","Minty Spire (QoL Compilation)","MoreRelics","Quick Restart","Random Character Button","Reimu??????","Shop Mod","StSLib","SuperFastMode","The Animator","The Bug Knight","The Disciple","Unceasing Turn Reminder","everything is the same but u backflip on backflip"],"gold_per_floor":[116,37,52,52,52,52,67,67,113,113,113,33,54,78,78,203,203,228,248,173,192,205,226,226,240,263,263,9,9,48,71,71,201,201,219,119,134,134,199,199,5,5,5,28,28,52,52,52,52,52],"floor_reached":51,"language":"ENG","playtime":2134,"items_purged":["Distraction","Infernal Blade","Infernal Blade"],"score":707,"play_id":"79ce1f43-b235-464b-b987-35e984a2947a","local_time":"20210205151632","daily_mods":["Green Cards"],"is_ascension_mode":false,"campfire_choices":[{"data":"Neutralize","floor":6,"key":"SMITH"},{"data":"Havoc","floor":8,"key":"SMITH"},{"data":"Inflame","floor":11,"key":"SMITH"},{"data":"Infinite Blades","floor":15,"key":"SMITH"},{"data":"After Image","floor":24,"key":"SMITH"},{"data":"After Image","floor":27,"key":"SMITH"},{"data":"Shrug It Off","floor":32,"key":"SMITH"},{"data":"Machine Learning","floor":40,"key":"SMITH"},{"data":"Evolve","floor":42,"key":"SMITH"},{"floor":45,"key":"REST"},{"floor":49,"key":"REST"}],"circlet_count":0,"master_deck":["Distraction","Bash","Dodge and Roll","Shrug It Off","Inflame+1","Shockwave+1","Havoc+1","Infinite Blades+1","Thunderclap","Shrug It Off+1","After Image+1","Noxious Fumes+1","After Image+1","Metallicize","Die Die Die","Dagger Spray+1","Machine Learning+1","Blade Dance+1","Evolve+1","Cloak And Dagger","Finisher"],"relics":["Burning Blood","Golden Idol","hubris:OldNail","Sozu","bronze:BronzeIdol","hubris:FunFungus","Empty Cage","hubris:Towel","Calipers","HollowMod:StagPassRelic","hubris:Zylophone","halation:StarCompass"],"acts_visited":["Exordium","TheCity","TheBeyond"],"potions_floor_usage":[22,50],"damage_taken":[{"damage":2,"enemies":"Cultist","floor":1,"turns":4},{"damage":4,"enemies":"Jaw Worm","floor":3,"turns":3},{"damage":2,"enemies":"Small Slimes","floor":7,"turns":3},{"damage":0,"enemies":"Blue Slaver","floor":13,"turns":3},{"damage":8,"enemies":"2 Fungi Beasts","floor":14,"turns":2},{"damage":10,"enemies":"Slime Boss","floor":16,"turns":7},{"damage":4,"enemies":"Chosen","floor":18,"turns":4},{"damage":15,"enemies":"3 Byrds","floor":19,"turns":3},{"damage":3,"enemies":"Centurion and Healer","floor":21,"turns":4},{"damage":35,"enemies":"Snake Plant","floor":22,"turns":4},{"damage":8,"enemies":"Cultist and Chosen","floor":23,"turns":5},{"damage":3,"enemies":"3 Cultists","floor":25,"turns":5},{"damage":16,"enemies":"theDuelist:KaibaA2","floor":30,"turns":5},{"damage":0,"enemies":"Snecko","floor":31,"turns":3},{"damage":18,"enemies":"hubris:MusketHawk","floor":33,"turns":9},{"damage":0,"enemies":"3 Darklings","floor":35,"turns":5},{"damage":3,"enemies":"Orb Walker","floor":37,"turns":3},{"damage":47,"enemies":"2 Orb Walkers","floor":39,"turns":5},{"damage":22,"enemies":"4 Shapes","floor":44,"turns":4},{"damage":7,"enemies":"Sphere and 2 Shapes","floor":46,"turns":4},{"damage":25,"enemies":"hubris:GrandSnecko","floor":50,"turns":6}],"seed_played":"-8345939516253376338","potions_obtained":[{"floor":3,"key":"Dexterity Potion"},{"floor":7,"key":"Dexterity Potion"},{"floor":18,"key":"Swift Potion"},{"floor":19,"key":"PowerPotion"}],"is_trial":true,"path_per_floor":["M","$","M","?","?","R","M","R","T","?","R","$","M","M","R","B",null,"M","M","$","M","M","M","R","M","T","R","$","?","E","M","R","B",null,"M","NS","M","?","?","R","$","R","T","M","R","M","T","?","R","B",null],"character_chosen":"IRONCLAD","items_purchased":["Shockwave","Infinite Blades","Die Die Die","Evolve"],"campfire_rested":2,"item_purchase_floors":[2,12,28,41],"current_hp_per_floor":[80,80,80,60,60,60,64,64,64,64,64,64,70,68,68,64,80,80,71,71,74,45,43,43,46,46,46,46,46,36,42,42,33,80,80,80,80,80,42,42,42,42,42,26,50,49,49,49,73,54],"gold":52,"neow_bonus":"","is_daily":false,"chose_seed":false,"campfire_upgraded":9,"win_rate":0.0,"timestamp":1612534592,"path_taken":["M","?","M","?","?","R","M","R","T","?","R","$","?","M","R","BOSS","M","M","$","M","?","M","R","?","T","R","$","?","E","?","R","BOSS","M","NS","M","?","?","R","$","R","T","M","R","M","?","?","R","BOSS"],"items_purchased_type":["Card","Card","Card","Card"],"build_version":"2020-12-22","purchased_purges":3,"victory":true,"max_hp_per_floor":[80,80,80,80,80,80,80,80,80,80,80,80,80,80,80,80,80,80,80,80,80,80,80,80,80,80,80,80,80,80,80,80,80,80,80,80,80,80,80,80,80,80,80,80,80,80,80,80,80,80],"card_choices":[{"not_picked":["Deadly Poison","Fire Breathing"],"picked":"Inflame","floor":1},{"not_picked":["Body Slam","Clash","PiercingWail"],"picked":"SKIP","floor":3},{"not_picked":["Slice","Cleave"],"picked":"Havoc","floor":7},{"not_picked":["Flechettes","Flying Knee"],"picked":"Thunderclap","floor":13},{"not_picked":["Body Slam","Prepared"],"picked":"Shrug It Off","floor":14},{"not_picked":["Adrenaline","Corruption"],"picked":"After Image","floor":16},{"not_picked":["Genetic Algorithm","Iron Wave","Underhanded Strike"],"picked":"Stack+1","floor":18},{"not_picked":["Heavy Blade","Rebound","Hemokinesis"],"picked":"Noxious Fumes+1","floor":19},{"not_picked":["Acrobatics","Outmaneuver+1"],"picked":"After Image","floor":21},{"not_picked":["Warcry","Dropkick+1"],"picked":"Metallicize","floor":22},{"not_picked":["Sentinel","Wild Strike+1","Defragment+1"],"picked":"SKIP","floor":23},{"not_picked":["Perfected Strike","Anger"],"picked":"Conserve Battery+1","floor":25},{"not_picked":["Tactician","Reinforced Body"],"picked":"Dagger Spray+1","floor":30},{"not_picked":["Grand Finale","Stack+1","Deflect+1"],"picked":"SKIP","floor":31},{"not_picked":["Buffer","Die Die Die"],"picked":"Machine Learning","floor":33},{"not_picked":["Wild Strike+1","Second Wind","Poisoned Stab+1"],"picked":"SKIP","floor":35},{"not_picked":["Flex","Sever Soul+1","Warcry"],"picked":"SKIP","floor":37},{"not_picked":["Infernal Blade+1","Flex+1"],"picked":"Blade Dance+1","floor":39},{"not_picked":["Warcry","Perfected Strike+1"],"picked":"Cloak And Dagger","floor":44},{"not_picked":["Twin Strike","Sword Boomerang+1"],"picked":"Finisher","floor":46}],"player_experience":472262,"relics_obtained":[{"floor":9,"key":"hubris:OldNail"},{"floor":26,"key":"bronze:BronzeIdol"},{"floor":30,"key":"hubris:FunFungus"},{"floor":39,"key":"Calipers"},{"floor":43,"key":"HollowMod:StagPassRelic"},{"floor":47,"key":"hubris:Zylophone"}],"event_choices":[{"damage_healed":0,"gold_gain":0,"player_choice":"Take Damage","damage_taken":20,"relics_obtained":["Golden Idol"],"max_hp_gain":0,"max_hp_loss":0,"event_name":"Golden Idol","floor":4,"gold_loss":0},{"damage_healed":0,"gold_gain":0,"player_choice":"Ignored","damage_taken":0,"max_hp_gain":0,"max_hp_loss":0,"event_name":"Liars Game","floor":5,"gold_loss":0},{"damage_healed":0,"gold_gain":0,"player_choice":"Forge","damage_taken":0,"max_hp_gain":0,"max_hp_loss":0,"event_name":"Accursed Blacksmith","floor":10,"gold_loss":0,"cards_upgraded":["Shockwave"]},{"damage_healed":0,"gold_gain":0,"player_choice":"Ignored","damage_taken":0,"max_hp_gain":0,"max_hp_loss":0,"event_name":"N\u0027loth","floor":29,"gold_loss":0},{"damage_healed":0,"gold_gain":0,"player_choice":"Fight","damage_taken":0,"max_hp_gain":0,"max_hp_loss":0,"event_name":"Mysterious Sphere","floor":39,"gold_loss":0}],"is_beta":true,"boss_relics":[{"not_picked":["halation:PinkAlligatorPlush","Runic Pyramid"],"picked":"aspiration:DefectSkillbook"},{"not_picked":["Black Star","halation:MonkeysPaw"],"picked":"Empty Cage"}],"items_purged_floors":[20,28,41],"is_endless":false,"potions_floor_spawned":[3,7,18,19,22,25,33,37,39],"ascension_level":0}}