{"host":"njo8qgvy2a57fcny","time":1612547957,"event":{"mods":["Aspiration","BaseMod","BetterRewards","CCEM2","Colored Map","Colored Powertips","Conspire","Custom Start","Downfall","Energized Spire","GifTheSpireLib","Halation","Hermit","Hubris","Infinite Spire","Jedi Mod","Jorbs\u0027s Wanderer Trilogy","Mimic Mod","Minty Spire (QoL Compilation)","Quick Restart","Random Character Button","Random Character Mod","Rare Cards Sparkle","Relic Sorter","Reliquary","Replay The Spire","Shop Mod","StSLib","Stuff the Spire","The Animator","The Jungle","The Runesmith","The Servant 0.9.4","Unceasing Turn Reminder","thorton"],"gold_per_floor":[99,109,126,141,154,181,208,242,246,150,184,88,89,152,169,277,282,187,209,231,254,271,302,332,372,394,429,337,353,360,367,387,421,448,561,572,583,609,621,633,41,41,114,129,143,145,197,213,227,243,260,265,270,302,5,5,5,5],"floor_reached":59,"language":"ENG","playtime":4944,"items_purged":["hubris:Gluttony"],"score":1521,"play_id":"b022f7fe-da16-4993-b71c-09fd31a4652d","local_time":"20210206045917","is_ascension_mode":true,"campfire_choices":[{"floor":1,"key":"RECALL"},{"data":"champ:PerfectedStrike","floor":10,"key":"SMITH"},{"data":"champ:EnragedBash","floor":13,"key":"SMITH"},{"data":"champ:HeavySlash","floor":28,"key":"SMITH"},{"data":"champ:TripleStrike","floor":37,"key":"SMITH"},{"data":"expansioncontent:AwakenDeath","floor":42,"key":"SMITH"},{"data":"champ:Duel","floor":46,"key":"SMITH"},{"data":"champ:StrikeOfGenius","floor":56,"key":"SMITH"}],"circlet_count":0,"master_deck":["champ:Strike+1","champ:Strike+1","champ:Strike+1","champ:Strike","champ:Defend+1","champ:Defend","champ:Defend","champ:Defend+1","champ:Execute+1","champ:Taunt","champ:FaceSlap","champ:SkillfulDodge+1","champ:AdrenalArmor","champ:Backstep","champ:PerfectedStrike+1","champ:EnragedBash+1","champ:Lariat+1","champ:FanOfKnives","Blind","champ:StanceDance","champ:ShieldSigil+1","champ:HeavySlash+1","champ:Haymaker+1","champ:Lariat+1","champ:IronFortress+1","champ:EnGarde+1","champ:ShieldWall+1","hubris:Wrath","champ:GutPunch+1","champ:RisingSlash+1","champ:ShieldSlam+1","champ:RageSigil","champ:ShieldThrow+1","champ:TripleStrike+1","champ:FaceSlap+1","champ:ViciousMockery","Swift Strike+1","expansioncontent:AwakenDeath+1","champ:PerfectedStrike+1","champ:Duel+1","infinitespire:FinalStrike+1","champ:EnragedBash+1","Parasite","champ:FanOfKnives+1","champ:Endure+1","champ:DefensiveStyle+1","champ:RapidStrikes","champ:Lariat+1","champ:RisingSlash+1","champ:StrikeOfGenius+1"],"relics":["aspiration:SecretTechniqueScroll","thethorton:BankDeed","champ:DefensiveTrainingManual","infinitespire:Beetle Shell","hubris:Towel","downfall:HeartBlessingRed","StuffTheSpire:Gunfinga","ReplayTheSpireMod:Ninjato","Cursed Key","downfall:HeartBlessingGreen","champ:FightingForDummies","CCEMRelics:JestersCrown","CCEMRelics:SoftDrink","CCEMRelics:Pendulum","downfall:HeartBlessingBlue","infinitespire:Joker Card","halation:HeavySnake","Bronze Scales","CCEMRelics:WrappedPresent","jedi:purplefairy","jedi:heavyjacket","Tiny House","ClockworkSouvenir","CCEMRelics:BundleOfChain","CCEMRelics:FakeTeeth","Medical Kit"],"acts_visited":["Exordium","TheCity","TheBeyond","TheEnding"],"potions_floor_usage":[6,8,16,19,23,25,25,27,35,35,52,52,57],"damage_taken":[{"damage":40,"enemies":"conspire:RoseBush","floor":2,"turns":3},{"damage":10,"enemies":"2 Louse","floor":3,"turns":3},{"damage":24,"enemies":"Jaw Worm","floor":4,"turns":3},{"damage":17,"enemies":"Blue Slaver","floor":5,"turns":4},{"damage":34,"enemies":"3 Sentries","floor":6,"turns":8},{"damage":14,"enemies":"Gremlin Nob","floor":8,"turns":3},{"damage":38,"enemies":"3 Sentries","floor":11,"turns":6},{"damage":40,"enemies":"downfall:FleeingMerchant","floor":12,"turns":4},{"damage":25,"enemies":"Gremlin Nob","floor":14,"turns":3},{"damage":19,"enemies":"2 Fungi Beasts","floor":15,"turns":3},{"damage":18,"enemies":"IC_STATUS_ARCHETYPE","floor":16,"turns":7},{"damage":30,"enemies":"Shell Parasite","floor":19,"turns":3},{"damage":15,"enemies":"3 Byrds","floor":20,"turns":4},{"damage":35,"enemies":"Shelled Parasite and Fungi","floor":21,"turns":5},{"damage":72,"enemies":"conspire:HollyBat","floor":22,"turns":6},{"damage":33,"enemies":"conspire:SneckoGhost","floor":23,"turns":6},{"damage":43,"enemies":"conspire:Head Lice","floor":25,"turns":4},{"damage":45,"enemies":"Cultist and Chosen","floor":26,"turns":4},{"damage":23,"enemies":"Slavers","floor":27,"turns":7},{"damage":0,"enemies":"Snecko","floor":29,"turns":3},{"damage":20,"enemies":"conspire:HollyBat","floor":32,"turns":5},{"damage":32,"enemies":"Gremlin Leader","floor":33,"turns":7},{"damage":25,"enemies":"Shelled Parasite and Fungi","floor":34,"turns":3},{"damage":62,"enemies":"DF_ARCHETYPE_CLAW","floor":35,"turns":7},{"damage":20,"enemies":"3 Darklings","floor":38,"turns":6},{"damage":30,"enemies":"downfall:FleeingMerchant","floor":41,"turns":4},{"damage":0,"enemies":"Orb Walker","floor":44,"turns":2},{"damage":10,"enemies":"Jaw Worm Horde","floor":45,"turns":3},{"damage":10,"enemies":"Writhing Mass","floor":48,"turns":3},{"damage":0,"enemies":"downfall:FleeingMerchant","floor":49,"turns":1},{"damage":5,"enemies":"Spire Growth","floor":50,"turns":2},{"damage":5,"enemies":"3 Darklings","floor":51,"turns":2},{"damage":82,"enemies":"WA_ARCHETYPE_DIVINITY","floor":52,"turns":8},{"damage":33,"enemies":"downfall:CharBossMerchant","floor":54,"turns":6},{"damage":182,"enemies":"downfall:NeowBoss","floor":57,"turns":10},{"damage":50,"enemies":"downfall:NeowBossFinal","floor":58,"turns":8}],"seed_played":"712655444498508269","potions_obtained":[{"floor":3,"key":"BlessingOfTheForge"},{"floor":5,"key":"jedi:StrikingPotion"},{"floor":14,"key":"BlessingOfTheForge"},{"floor":15,"key":"Death Potion"},{"floor":16,"key":"Languid Potion"},{"floor":19,"key":"BlessingOfTheForge"},{"floor":21,"key":"ColorlessPotion"},{"floor":23,"key":"Adrenaline Potion"},{"floor":26,"key":"Toxic Potion"},{"floor":29,"key":"BlessingOfTheForge"},{"floor":32,"key":"Strength Potion"},{"floor":34,"key":"Ancient Potion"},{"floor":35,"key":"BlessingOfTheForge"},{"floor":44,"key":"EssenceOfSteel"},{"floor":47,"key":"Milkshake"}],"is_trial":false,"path_per_floor":["R","M","M","M","M","E","T","E","?","R","E","$","R","?","M","B",null,"R_BF","M","M","M","M","E","T","E","M","E","R","M","PTL","PTL","M","E","M","B",null,"R","M","?","?","$","R","T","M","M","R","AVR","M","$","M","M","B",null,"E","$","R","B","B",null],"character_chosen":"THE_CHAMP","items_purchased":["Blind","Bronze Scales","CCEMRelics:WrappedPresent","Swift Strike","expansioncontent:AwakenDeath","CCEMRelics:BundleOfChain","champ:RisingSlash","champ:StrikeOfGenius","Medical Kit"],"campfire_rested":0,"item_purchase_floors":[12,41,41,41,41,49,55,55,55],"current_hp_per_floor":[90,85,85,76,69,60,60,46,46,46,33,33,33,23,19,19,90,90,90,90,80,73,65,65,62,62,44,54,54,54,54,54,52,52,50,100,100,100,100,92,102,105,105,105,105,105,110,110,110,110,110,63,110,82,82,83,59,59],"gold":5,"neow_bonus":"BOSS_RELIC","is_daily":false,"chose_seed":false,"campfire_upgraded":7,"win_rate":0.0,"timestamp":1612547957,"path_taken":["R","M","M","M","M","E","T","E","?","R","E","$","R","?","M","BOSS","R_BF","M","M","M","M","E","T","E","M","E","R","M","PTL","PTL","M","E","M","BOSS","R","M","?","?","$","R","T","?","M","R","AVR","M","$","M","M","BOSS","E","$","R","BOSS","BOSS"],"items_purchased_type":["Card","Relic","Relic","Card","Card","Relic","Card","Card","Relic"],"build_version":"2020-12-22","purchased_purges":1,"victory":true,"max_hp_per_floor":[90,90,90,90,90,90,90,90,90,90,90,90,90,90,90,90,90,90,90,90,90,90,90,90,90,90,90,100,100,100,100,100,100,100,100,100,100,100,100,100,105,105,105,105,105,105,110,110,110,110,110,110,110,110,110,110,110,110],"card_choices":[{"not_picked":["champ:CrownThrow","champ:FanOfKnives"],"picked":"champ:FaceSlap","floor":2},{"not_picked":["champ:BringItOn","champ:Parry"],"picked":"champ:SkillfulDodge","floor":3},{"not_picked":["champ:IronFortress","champ:Haymaker"],"picked":"champ:AdrenalArmor","floor":4},{"not_picked":["champ:DeathBlow","champ:SetATrap"],"picked":"champ:Backstep","floor":5},{"not_picked":["champ:DefensiveShout","champ:Encircle"],"picked":"champ:PerfectedStrike","floor":6},{"not_picked":["champ:PerfectedStrike","champ:FanOfKnives"],"picked":"champ:EnragedBash","floor":8},{"not_picked":["champ:HoldFirm","champ:ArenaPreparation"],"picked":"champ:Lariat","floor":11},{"not_picked":["champ:Backstep","champ:IronFortress"],"picked":"champ:FanOfKnives","floor":12},{"not_picked":["champ:Backstep","champ:BringItOn"],"picked":"champ:StanceDance","floor":14},{"not_picked":["champ:SteelEdge","champ:Haymaker"],"picked":"champ:ShieldSigil","floor":15},{"not_picked":["champ:VampiricStrike","champ:EnchantSword"],"picked":"champ:HeavySlash","floor":16},{"not_picked":["champ:PerfectedStrike","champ:Encircle"],"picked":"champ:Haymaker","floor":19},{"not_picked":["champ:StanceDance","champ:Backstep"],"picked":"champ:Lariat+1","floor":20},{"not_picked":["champ:Shatter","champ:EndlessRage"],"picked":"champ:IronFortress+1","floor":21},{"not_picked":["champ:CrownThrow","champ:ArenaPreparation"],"picked":"champ:EnGarde+1","floor":22},{"not_picked":["champ:GutPunch","champ:TornadoPunch"],"picked":"champ:ShieldWall+1","floor":23},{"not_picked":["champ:ArenaPreparation","champ:PreemptiveStrike"],"picked":"champ:SetATrap+1","floor":25},{"not_picked":["champ:BerserkerStyle","champ:BladeFlurry+1"],"picked":"champ:GutPunch+1","floor":26},{"not_picked":["champ:Devastate","champ:BladeFlurry","champ:GutPunch+1"],"picked":"SKIP","floor":27},{"not_picked":["champ:EnGarde","champ:FlashCut"],"picked":"champ:RisingSlash+1","floor":29},{"not_picked":["champ:FanOfKnives","champ:BerserkerStyle"],"picked":"champ:ShieldSlam+1","floor":32},{"not_picked":["champ:IronFortress+1","champ:BerserkersShout+1"],"picked":"champ:RageSigil","floor":33},{"not_picked":["champ:EnGarde","champ:ViciousMockery"],"picked":"champ:ShieldThrow","floor":34},{"not_picked":["champ:ShieldThrow","champ:EnchantShield"],"picked":"champ:TripleStrike","floor":35},{"not_picked":["champ:BladeFlurry+1","champ:Shatter"],"picked":"champ:FaceSlap+1","floor":38},{"not_picked":["champ:CheapShot","champ:Backstep+1"],"picked":"champ:ViciousMockery","floor":41},{"not_picked":["champ:BringItOn+1","champ:TornadoPunch+1"],"picked":"champ:PerfectedStrike+1","floor":44},{"not_picked":["champ:StanceDance","champ:BerserkersShout+1"],"picked":"champ:Duel","floor":45},{"not_picked":["champ:TornadoPunch+1","champ:FalseCounter+1"],"picked":"champ:EnragedBash+1","floor":47},{"not_picked":["champ:BladeFlurry","champ:EnGarde+1"],"picked":"champ:FanOfKnives+1","floor":48},{"not_picked":["champ:GutPunch","champ:SteelEdge"],"picked":"champ:Endure+1","floor":49},{"not_picked":["champ:SetATrap","champ:FaceSlap+1"],"picked":"champ:DefensiveStyle+1","floor":50},{"not_picked":["champ:GladiatorStyle","champ:StanceDance+1"],"picked":"champ:RapidStrikes","floor":51},{"not_picked":["champ:StanceDance+1","champ:SetATrap+1"],"picked":"champ:Lariat+1","floor":54}],"player_experience":781048,"relics_obtained":[{"floor":6,"key":"thethorton:BankDeed"},{"floor":7,"key":"champ:DefensiveTrainingManual"},{"floor":8,"key":"infinitespire:Beetle Shell"},{"floor":11,"key":"StuffTheSpire:Gunfinga"},{"floor":14,"key":"ReplayTheSpireMod:Ninjato"},{"floor":23,"key":"CCEMRelics:JestersCrown"},{"floor":25,"key":"CCEMRelics:SoftDrink"},{"floor":27,"key":"CCEMRelics:Pendulum"},{"floor":33,"key":"infinitespire:Joker Card"},{"floor":41,"key":"jedi:purplefairy"},{"floor":43,"key":"jedi:heavyjacket"},{"floor":54,"key":"CCEMRelics:FakeTeeth"}],"event_choices":[{"cards_removed":["champ:SetATrap"],"damage_healed":0,"gold_gain":0,"player_choice":"Removed Skill","damage_taken":0,"max_hp_gain":0,"max_hp_loss":0,"event_name":"Falling","floor":39,"gold_loss":0}],"is_beta":false,"boss_relics":[{"not_picked":["aspiration:SilentSkillbook","StuffTheSpire:ModemDavis"],"picked":"Cursed Key"},{"not_picked":["halation:PlatinumPhoenix","CCEMRelics:GreenEgg"],"picked":"halation:HeavySnake"}],"items_purged_floors":[49],"is_endless":false,"potions_floor_spawned":[3,5,14,15,16,19,21,23,26,29,32,34,35,44,45,50],"ascension_level":1}}