{"host":"2e3z4r48quhw80cc","time":1612523356,"event":{"mods":["BaseMod","Minty Spire (QoL Compilation)","Quick Restart","StSLib","SuperFastMode"],"gold_per_floor":[111,18,31,31,31,31,60,60,83,100,119,134,160,178,178,283,283,297,297,310,324,173,199,211,27,102,135,135,153,153,153,153,252,252,267,15,15,65,65,95,95,106,106,124,175,96,96,121,121,121],"floor_reached":51,"language":"KOR","playtime":3433,"items_purged":["Strike_G"],"score":1153,"play_id":"ca07e98f-1614-4b0c-ac6f-3ea54db53d34","local_time":"20210205200916","is_ascension_mode":true,"campfire_choices":[{"data":"Well Laid Plans","floor":6.0,"key":"SMITH"},{"data":"Crippling Poison","floor":8.0,"key":"SMITH"},{"data":"Accuracy","floor":15.0,"key":"SMITH"},{"floor":28.0,"key":"REST"},{"data":"Envenom","floor":32.0,"key":"SMITH"},{"floor":47.0,"key":"REST"},{"floor":49.0,"key":"REST"}],"circlet_count":0,"master_deck":["Strike_G","Strike_G","Defend_G","Defend_G","Defend_G","Defend_G","Survivor","Neutralize","Blade Dance","Well Laid Plans+1","Cloak And Dagger","Crippling Poison+1","Outmaneuver","Backflip","Accuracy+1","Envenom+1","Deflect+1","Noxious Fumes","Prepared+1","Infinite Blades","Wraith Form v2","Footwork","Calculated Gamble","Riddle With Holes","Die Die Die","Madness","Madness","Deflect+1","Adrenaline","Heel Hook+1","Terror"],"relics":["Ring of the Snake","NeowsBlessing","Pen Nib","Anchor","Bag of Marbles","Black Star","Potion Belt","TungstenRod","InkBottle","OrangePellets","Mummified Hand","Happy Flower","Bottled Tornado","Shuriken","Fusion Hammer","White Beast Statue","Ice Cream","Omamori","WingedGreaves","Sundial","Du-Vu Doll","Thread and Needle","Torii"],"acts_visited":["Exordium","TheCity","TheBeyond"],"potions_floor_usage":[50,50],"damage_taken":[{"damage":0.0,"enemies":"Cultist","floor":1.0,"turns":1.0},{"damage":0.0,"enemies":"Jaw Worm","floor":3.0,"turns":1.0},{"damage":0.0,"enemies":"Gremlin Nob","floor":7.0,"turns":1.0},{"damage":0.0,"enemies":"2 Louse","floor":10.0,"turns":2.0},{"damage":4.0,"enemies":"Lots of Slimes","floor":11.0,"turns":3.0},{"damage":0.0,"enemies":"Red Slaver","floor":12.0,"turns":3.0},{"damage":17.0,"enemies":"Lagavulin","floor":13.0,"turns":10.0},{"damage":0.0,"enemies":"2 Fungi Beasts","floor":14.0,"turns":3.0},{"damage":16.0,"enemies":"Hexaghost","floor":16.0,"turns":11.0},{"damage":11.0,"enemies":"Shell Parasite","floor":18.0,"turns":8.0},{"damage":13.0,"enemies":"2 Thieves","floor":20.0,"turns":5.0},{"damage":13.0,"enemies":"Centurion and Healer","floor":21.0,"turns":9.0},{"damage":20.0,"enemies":"Gremlin Leader","floor":23.0,"turns":7.0},{"damage":3.0,"enemies":"Snake Plant","floor":24.0,"turns":4.0},{"damage":2.0,"enemies":"Book of Stabbing","floor":27.0,"turns":5.0},{"damage":0.0,"enemies":"Shelled Parasite and Fungi","floor":29.0,"turns":5.0},{"damage":17.0,"enemies":"Collector","floor":33.0,"turns":6.0},{"damage":0.0,"enemies":"3 Shapes","floor":35.0,"turns":3.0},{"damage":0.0,"enemies":"Mind Bloom Boss Battle","floor":38.0,"turns":6.0},{"damage":2.0,"enemies":"Nemesis","floor":40.0,"turns":5.0},{"damage":2.0,"enemies":"Orb Walker","floor":42.0,"turns":5.0},{"damage":0.0,"enemies":"4 Shapes","floor":44.0,"turns":2.0},{"damage":0.0,"enemies":"2 Orb Walkers","floor":45.0,"turns":4.0},{"damage":11.0,"enemies":"Reptomancer","floor":48.0,"turns":5.0},{"damage":0,"enemies":"Time Eater","floor":50,"turns":7}],"seed_played":"4848404839182194294","potions_obtained":[{"floor":3.0,"key":"Block Potion"},{"floor":7.0,"key":"Swift Potion"},{"floor":11.0,"key":"Dexterity Potion"},{"floor":21.0,"key":"Fire Potion"},{"floor":27.0,"key":"PowerPotion"},{"floor":33.0,"key":"CunningPotion"},{"floor":38.0,"key":"DuplicationPotion"},{"floor":40.0,"key":"SneckoOil"},{"floor":42.0,"key":"SmokeBomb"},{"floor":44.0,"key":"Ancient Potion"},{"floor":45.0,"key":"Block Potion"}],"is_trial":false,"path_per_floor":["M","$","M","?","?","R","E","R","T","M","M","M","E","M","R","B",null,"M","?","M","M","$","E","M","$","T","E","R","M","?","?","R","B",null,"M","$","?","?","?","E","?","M","T","M","?","$","R","E","R","B",null],"character_chosen":"THE_SILENT","items_purchased":["Well Laid Plans","Cloak And Dagger","Noxious Fumes","OrangePellets","Infinite Blades","White Beast Statue","Terror"],"campfire_rested":3,"item_purchase_floors":[2,2,22,25,25,36,46],"current_hp_per_floor":[63,63,63,68,75,75,75,75,75,75,71,71,54,54,54,38,66,55,55,42,29,29,9,6,6,6,4,26,26,26,26,26,9,59,59,59,51,51,51,49,49,47,47,47,47,47,69,58,75,75],"gold":121,"neow_bonus":"THREE_ENEMY_KILL","is_daily":false,"chose_seed":false,"campfire_upgraded":4,"win_rate":0.0,"timestamp":1612523356,"path_taken":["M","$","M","?","?","R","E","R","T","?","M","M","E","M","R","BOSS","M","?","?","M","?","E","M","$","T","E","R","M","?","?","R","BOSS","M","$","?","?","?","E","?","?","T","M","?","$","R","E","R","BOSS"],"items_purchased_type":["Card","Card","Card","Relic","Card","Relic","Card"],"build_version":"2020-12-22","purchased_purges":1,"victory":true,"max_hp_per_floor":[70,70,70,75,75,75,75,75,75,75,75,75,75,75,75,75,75,75,75,75,75,75,75,75,75,75,75,75,75,75,75,75,75,75,75,75,75,75,75,75,75,75,75,75,75,75,75,75,75,75],"card_choices":[{"not_picked":["PiercingWail","Quick Slash"],"picked":"Blade Dance","floor":1.0},{"not_picked":["Leg Sweep","Prepared"],"picked":"Crippling Poison","floor":3.0},{"not_picked":["Cloak And Dagger","Backflip"],"picked":"Outmaneuver","floor":7.0},{"not_picked":["Prepared","Sucker Punch","Masterful Stab"],"picked":"SKIP","floor":10.0},{"not_picked":["Prepared","Sucker Punch","Masterful Stab"],"picked":"SKIP","floor":10.0},{"not_picked":["Deadly Poison","Poisoned Stab"],"picked":"Backflip","floor":11.0},{"not_picked":["Prepared","Slice","Bane"],"picked":"SKIP","floor":12.0},{"not_picked":["Quick Slash","Backflip","Deflect"],"picked":"SKIP","floor":13.0},{"not_picked":["Skewer","Dodge and Roll"],"picked":"Accuracy","floor":14.0},{"not_picked":["Malaise","Tools of the Trade"],"picked":"Envenom","floor":16.0},{"not_picked":["Endless Agony","Deadly Poison"],"picked":"Deflect+1","floor":18.0},{"not_picked":["Cloak And Dagger","Endless Agony","Skewer+1"],"picked":"SKIP","floor":20.0},{"not_picked":["Acrobatics","Expertise","Riddle With Holes"],"picked":"SKIP","floor":21.0},{"not_picked":["Expertise","Distraction"],"picked":"Prepared+1","floor":23.0},{"not_picked":["Cloak And Dagger","Concentrate","Poisoned Stab"],"picked":"SKIP","floor":24.0},{"not_picked":["Quick Slash+1","PiercingWail+1"],"picked":"Wraith Form v2","floor":27.0},{"not_picked":["Underhanded Strike","Deadly Poison"],"picked":"Footwork","floor":29.0},{"not_picked":["Tools of the Trade","Envenom"],"picked":"Die Die Die","floor":33.0},{"not_picked":["Slice+1","Calculated Gamble","Prepared"],"picked":"SKIP","floor":35.0},{"not_picked":["All Out Attack+1","Bouncing Flask+1"],"picked":"Deflect+1","floor":38.0},{"not_picked":["Quick Slash+1","Dash+1","PiercingWail+1"],"picked":"SKIP","floor":40.0},{"not_picked":["Crippling Poison+1","Flying Knee+1"],"picked":"Heel Hook+1","floor":42.0},{"not_picked":["Outmaneuver","All Out Attack+1","Prepared+1"],"picked":"SKIP","floor":44.0},{"not_picked":["Deadly Poison","Cloak And Dagger","Bane"],"picked":"SKIP","floor":48.0}],"player_experience":119556,"relics_obtained":[{"floor":7.0,"key":"Pen Nib"},{"floor":9.0,"key":"Anchor"},{"floor":13.0,"key":"Bag of Marbles"},{"floor":19.0,"key":"Potion Belt"},{"floor":23.0,"key":"TungstenRod"},{"floor":23.0,"key":"InkBottle"},{"floor":26.0,"key":"Mummified Hand"},{"floor":27.0,"key":"Happy Flower"},{"floor":27.0,"key":"Bottled Tornado"},{"floor":38.0,"key":"Ice Cream"},{"floor":40.0,"key":"Omamori"},{"floor":40.0,"key":"WingedGreaves"},{"floor":43.0,"key":"Sundial"},{"floor":45.0,"key":"Du-Vu Doll"},{"floor":48.0,"key":"Thread and Needle"},{"floor":48.0,"key":"Torii"}],"event_choices":[{"damage_healed":0.0,"max_hp_gain":5.0,"max_hp_loss":0.0,"gold_gain":0.0,"event_name":"Big Fish","player_choice":"Donut","floor":4.0,"gold_loss":0.0,"damage_taken":0.0},{"damage_healed":7.0,"max_hp_gain":0.0,"max_hp_loss":0.0,"gold_gain":0.0,"event_name":"Wheel of Change","player_choice":"Full Heal","floor":5.0,"gold_loss":0.0,"damage_taken":0.0},{"damage_healed":0.0,"max_hp_gain":0.0,"max_hp_loss":0.0,"gold_gain":0.0,"event_name":"Wheel of Change","player_choice":"Relic","floor":19.0,"gold_loss":0.0,"damage_taken":0.0},{"damage_healed":0.0,"max_hp_gain":0.0,"max_hp_loss":0.0,"gold_gain":0.0,"cards_transformed":["Strike_G","Strike_G"],"event_name":"Drug Dealer","player_choice":"Became Test Subject","floor":30.0,"gold_loss":0.0,"damage_taken":0.0,"cards_obtained":["Calculated Gamble","Riddle With Holes"]},{"damage_healed":0.0,"max_hp_gain":0.0,"max_hp_loss":0.0,"gold_gain":0.0,"event_name":"The Mausoleum","player_choice":"Opened","floor":31.0,"gold_loss":0.0,"damage_taken":0.0,"relics_obtained":["Shuriken"]},{"damage_healed":0.0,"max_hp_gain":0.0,"max_hp_loss":0.0,"gold_gain":0.0,"event_name":"Winding Halls","player_choice":"Embrace Madness","floor":37.0,"gold_loss":0.0,"damage_taken":9.0,"cards_obtained":["Madness","Madness"]},{"damage_healed":0.0,"max_hp_gain":0.0,"max_hp_loss":0.0,"gold_gain":0.0,"event_name":"MindBloom","player_choice":"Fight","floor":38.0,"gold_loss":0.0,"damage_taken":0.0},{"cards_removed":["Defend_G"],"damage_healed":0.0,"max_hp_gain":0.0,"max_hp_loss":0.0,"gold_gain":0.0,"event_name":"Falling","player_choice":"Removed Skill","floor":39.0,"gold_loss":0.0,"damage_taken":0.0},{"damage_healed":0.0,"max_hp_gain":0.0,"max_hp_loss":0.0,"gold_gain":0.0,"event_name":"Match and Keep!","player_choice":"1 cards matched","floor":41.0,"gold_loss":0.0,"damage_taken":0.0,"cards_obtained":["Adrenaline"]},{"damage_healed":0.0,"max_hp_gain":0.0,"max_hp_loss":0.0,"gold_gain":0.0,"event_name":"Mysterious Sphere","player_choice":"Fight","floor":45.0,"gold_loss":0.0,"damage_taken":0.0}],"is_beta":false,"boss_relics":[{"not_picked":["Coffee Dripper","Velvet Choker"],"picked":"Black Star"},{"not_picked":["Sozu","Pandora\u0027s Box"],"picked":"Fusion Hammer"}],"items_purged_floors":[22],"is_endless":false,"potions_floor_spawned":[3,7,11,16,18,21,27,33,38,40,42,44,45,48],"ascension_level":9}}