{"host":"2e3z4r48quhw80cc","time":1612556583,"event":{"mods":["BaseMod","Minty Spire (QoL Compilation)","Quick Restart","StSLib","SuperFastMode"],"gold_per_floor":[113,113,131,185,205,245,281,324,324,359,359,394,409,452,452,541,541,557,630,630,643,683,716,716,759,759,810,554,594,594,634,634,723,723,743,743,743,592,592,633,674,695,695,729,729,770,820,856,856,856,856],"floor_reached":52,"language":"KOR","playtime":2679,"items_purged":["Blade Dance"],"score":3712,"play_id":"f0bec7b6-01e8-420c-bd60-db77063c8c40","local_time":"20210206052303","daily_mods":["SealedDeck","Vintage","Heirloom","Time Dilation","Flight","DeadlyEvents","Elite Swarm"],"is_ascension_mode":true,"campfire_choices":[{"data":"After Image","floor":11.0,"key":"SMITH"},{"floor":15.0,"key":"DIG"},{"floor":30.0,"key":"DIG"},{"data":"Bullet Time","floor":32.0,"key":"SMITH"},{"floor":49.0,"key":"DIG"}],"circlet_count":0,"master_deck":["AscendersBane","Blur","Backflip","Flying Knee+1","Crippling Poison","Dagger Throw+1","Acrobatics","Tactician","Blade Dance","Venomology","After Image+1","Burst","Adrenaline","Bullet Time+1","After Image","Malaise","Die Die Die","Corpse Explosion","Malaise","Adrenaline","After Image","Footwork","Adrenaline","Adrenaline","After Image"],"relics":["Ring of the Snake","Mango","Tiny Chest","Golden Idol","Blue Candle","Akabeko","FossilizedHelix","Strawberry","StrikeDummy","Pantograph","Paper Crane","Shovel","Incense Burner","Du-Vu Doll","Anchor","Orichalcum","Philosopher\u0027s Stone","Torii","Boot","Art of War","Pear","Ornamental Fan","Toy Ornithopter","MawBank","Bottled Lightning","Question Card","InkBottle","Regal Pillow","The Specimen","HoveringKite","Whetstone","The Courier","Shuriken","Nunchaku","Letter Opener","Meat on the Bone","Singing Bowl","Darkstone Periapt","Bag of Preparation","Sundial"],"acts_visited":["Exordium","TheCity","TheBeyond"],"potions_floor_usage":[50,50,51,51],"damage_taken":[{"damage":2.0,"enemies":"Jaw Worm","floor":1.0,"turns":3.0},{"damage":0.0,"enemies":"Cultist","floor":3.0,"turns":2.0},{"damage":0.0,"enemies":"Small Slimes","floor":5.0,"turns":2.0},{"damage":0.0,"enemies":"Lagavulin","floor":6.0,"turns":4.0},{"damage":0.0,"enemies":"3 Sentries","floor":7.0,"turns":3.0},{"damage":0.0,"enemies":"Lagavulin","floor":8.0,"turns":5.0},{"damage":0.0,"enemies":"Gremlin Nob","floor":10.0,"turns":3.0},{"damage":0.0,"enemies":"3 Sentries","floor":12.0,"turns":5.0},{"damage":0.0,"enemies":"Exordium Wildlife","floor":13.0,"turns":2.0},{"damage":0.0,"enemies":"Gremlin Nob","floor":14.0,"turns":2.0},{"damage":0.0,"enemies":"The Guardian","floor":16.0,"turns":8.0},{"damage":0.0,"enemies":"Spheric Guardian","floor":18.0,"turns":4.0},{"damage":0.0,"enemies":"3 Byrds","floor":21.0,"turns":1.0},{"damage":0.0,"enemies":"Gremlin Leader","floor":22.0,"turns":3.0},{"damage":0.0,"enemies":"Slavers","floor":23.0,"turns":1.0},{"damage":0.0,"enemies":"Book of Stabbing","floor":25.0,"turns":4.0},{"damage":0.0,"enemies":"Slavers","floor":27.0,"turns":2.0},{"damage":0.0,"enemies":"Book of Stabbing","floor":29.0,"turns":4.0},{"damage":0.0,"enemies":"Gremlin Leader","floor":31.0,"turns":3.0},{"damage":0.0,"enemies":"Automaton","floor":33.0,"turns":9.0},{"damage":0.0,"enemies":"3 Darklings","floor":35.0,"turns":1.0},{"damage":0.0,"enemies":"Giant Head","floor":40.0,"turns":6.0},{"damage":0.0,"enemies":"Reptomancer","floor":41.0,"turns":3.0},{"damage":0.0,"enemies":"Orb Walker","floor":42.0,"turns":3.0},{"damage":0.0,"enemies":"Nemesis","floor":44.0,"turns":7.0},{"damage":0.0,"enemies":"Giant Head","floor":46.0,"turns":6.0},{"damage":0.0,"enemies":"Reptomancer","floor":48.0,"turns":2.0},{"damage":0,"enemies":"Awakened One","floor":50,"turns":9},{"damage":0,"enemies":"Time Eater","floor":51,"turns":19}],"seed_played":"7207171215985536868","potions_obtained":[{"floor":6.0,"key":"Ancient Potion"},{"floor":14.0,"key":"Block Potion"},{"floor":27.0,"key":"ColorlessPotion"},{"floor":41.0,"key":"SteroidPotion"},{"floor":42.0,"key":"Dexterity Potion"}],"is_trial":true,"path_per_floor":["M","?","M","T","M","E","E","E","T","E","R","E","M","E","R","B",null,"M","T","?","M","E","E","T","E","T","E","$","E","R","E","R","B",null,"M","?","$","$","?","E","E","M","T","E","T","E","?","E","R","B","B",null],"character_chosen":"THE_SILENT","items_purchased":["Question Card","Footwork"],"campfire_rested":0,"item_purchase_floors":[28,38],"current_hp_per_floor":[71,43,43,43,43,50,50,50,50,50,50,50,50,50,50,75,84,84,84,59,59,59,69,69,69,69,74,74,79,79,84,84,102,102,102,102,102,102,97,97,97,97,97,97,97,97,97,97,97,97,97],"gold":856,"neow_bonus":"","is_daily":false,"chose_seed":false,"campfire_upgraded":2,"win_rate":0.0,"timestamp":1612556583,"path_taken":["M","?","M","?","M","E","E","E","T","E","R","E","M","?","R","BOSS","M","?","?","?","?","E","?","E","T","E","$","E","R","E","R","BOSS","M","?","$","$","?","E","E","?","T","E","?","?","?","E","R","BOSS","BOSS"],"items_purchased_type":["Relic","Card"],"build_version":"2020-12-22","purchased_purges":1,"victory":true,"max_hp_per_floor":[80,80,80,80,80,87,87,87,87,87,87,87,87,87,87,87,87,87,87,92,92,92,102,102,102,102,102,102,102,102,102,102,102,102,102,102,102,102,97,97,97,97,97,97,97,97,97,97,97,97,97],"card_choices":[{"not_picked":["Envenom","Bullet Time"],"picked":"Venomology","floor":6.0},{"not_picked":["A Thousand Cuts","Adrenaline"],"picked":"After Image","floor":7.0},{"not_picked":["Wraith Form v2","Tools of the Trade"],"picked":"Burst","floor":8.0},{"not_picked":["After Image","Die Die Die"],"picked":"Adrenaline","floor":10.0},{"not_picked":["Wraith Form v2","Night Terror"],"picked":"Bullet Time","floor":12.0},{"not_picked":["Wraith Form v2","Burst"],"picked":"After Image","floor":14.0},{"not_picked":["Wraith Form v2","Storm of Steel"],"picked":"Malaise","floor":16.0},{"not_picked":["Wraith Form v2","Doppelganger"],"picked":"Die Die Die","floor":22.0},{"not_picked":["Burst","Grand Finale"],"picked":"Corpse Explosion","floor":23.0},{"not_picked":["Tools of the Trade","Grand Finale","Phantasmal Killer"],"picked":"SKIP","floor":25.0},{"not_picked":["Tools of the Trade","Grand Finale","Phantasmal Killer"],"picked":"SKIP","floor":27.0},{"not_picked":["Burst","Bullet Time","Doppelganger"],"picked":"Malaise","floor":29.0},{"not_picked":["Glass Knife","Storm of Steel","Doppelganger"],"picked":"Adrenaline","floor":31.0},{"not_picked":["Phantasmal Killer","Grand Finale","Glass Knife"],"picked":"After Image","floor":33.0},{"not_picked":["Glass Knife","Tools of the Trade","Grand Finale","Storm of Steel"],"picked":"SKIP","floor":40.0},{"not_picked":["Tools of the Trade","Burst","Phantasmal Killer","Corpse Explosion"],"picked":"SKIP","floor":41.0},{"not_picked":["Night Terror","A Thousand Cuts","Envenom"],"picked":"Adrenaline","floor":44.0},{"not_picked":["Doppelganger","Die Die Die","After Image"],"picked":"Adrenaline","floor":46.0},{"not_picked":["Glass Knife","Bullet Time","Corpse Explosion"],"picked":"After Image","floor":48.0}],"player_experience":148364,"relics_obtained":[{"floor":1.0,"key":"Tiny Chest"},{"floor":3.0,"key":"Blue Candle"},{"floor":4.0,"key":"Akabeko"},{"floor":5.0,"key":"FossilizedHelix"},{"floor":6.0,"key":"Strawberry"},{"floor":7.0,"key":"StrikeDummy"},{"floor":8.0,"key":"Pantograph"},{"floor":9.0,"key":"Paper Crane"},{"floor":10.0,"key":"Shovel"},{"floor":12.0,"key":"Incense Burner"},{"floor":13.0,"key":"Du-Vu Doll"},{"floor":14.0,"key":"Anchor"},{"floor":15.0,"key":"Orichalcum"},{"floor":18.0,"key":"Torii"},{"floor":21.0,"key":"Boot"},{"floor":22.0,"key":"Art of War"},{"floor":23.0,"key":"Pear"},{"floor":24.0,"key":"Ornamental Fan"},{"floor":25.0,"key":"Toy Ornithopter"},{"floor":26.0,"key":"MawBank"},{"floor":27.0,"key":"Bottled Lightning"},{"floor":29.0,"key":"InkBottle"},{"floor":30.0,"key":"Regal Pillow"},{"floor":31.0,"key":"The Specimen"},{"floor":35.0,"key":"Whetstone"},{"floor":40.0,"key":"The Courier"},{"floor":41.0,"key":"Shuriken"},{"floor":42.0,"key":"Nunchaku"},{"floor":43.0,"key":"Letter Opener"},{"floor":44.0,"key":"Meat on the Bone"},{"floor":45.0,"key":"Singing Bowl"},{"floor":46.0,"key":"Darkstone Periapt"},{"floor":48.0,"key":"Bag of Preparation"},{"floor":49.0,"key":"Sundial"}],"event_choices":[{"damage_healed":0.0,"max_hp_gain":0.0,"max_hp_loss":0.0,"gold_gain":0.0,"event_name":"Golden Idol","player_choice":"Take Damage","floor":2.0,"gold_loss":0.0,"damage_taken":28.0,"relics_obtained":["Golden Idol"]},{"damage_healed":0.0,"max_hp_gain":5.0,"max_hp_loss":0.0,"gold_gain":0.0,"event_name":"Forgotten Altar","player_choice":"Shed Blood","floor":20.0,"gold_loss":0.0,"damage_taken":30.0},{"cards_removed":["Dagger Spray"],"damage_healed":0.0,"max_hp_gain":0.0,"max_hp_loss":0.0,"gold_gain":0.0,"event_name":"Falling","player_choice":"Removed Attack","floor":36.0,"gold_loss":0.0,"damage_taken":0.0},{"damage_healed":0.0,"max_hp_gain":0.0,"max_hp_loss":5.0,"gold_gain":0.0,"event_name":"Winding Halls","player_choice":"Max HP","floor":39.0,"gold_loss":0.0,"damage_taken":0.0},{"damage_healed":0.0,"max_hp_gain":0.0,"max_hp_loss":0.0,"gold_gain":50.0,"event_name":"Golden Shrine","player_choice":"Pray","floor":47.0,"gold_loss":0.0,"damage_taken":0.0}],"is_beta":false,"boss_relics":[{"not_picked":["Fusion Hammer","Calling Bell"],"picked":"Philosopher\u0027s Stone"},{"not_picked":["SlaversCollar","Ring of the Serpent"],"picked":"HoveringKite"}],"items_purged_floors":[38],"is_endless":false,"potions_floor_spawned":[6,8,10,12,14,22,23,27,29,33,41,42,46],"ascension_level":20}}