{"host":"e14va605tljgvqtz","time":1612497008,"event":{"mods":["BaseMod","Colored Map","Highlight Path","Minty Spire (QoL Compilation)","Relic Stats"],"gold_per_floor":[110,39,57,72,89,116,116,143,143,172,184,207,236,264,276,386,398,421,444,470,517,529,574,586,633,718,154,167,177,197,119,119,219,219,233,233,247,267,286,286,339,365,365,365,89,106,106,136,136,136,136,136,11,39,39],"floor_reached":56,"language":"ENG","playtime":5268,"items_purged":["Scrape","Doubt","Turbo"],"score":1551,"play_id":"6a0c5571-55f1-4cd7-8e62-9bf8500fe64c","local_time":"20210204195008","is_ascension_mode":true,"campfire_choices":[{"data":"Glacier","floor":7.0,"key":"SMITH"},{"data":"Barrage","floor":11,"key":"SMITH"},{"data":"Defragment","floor":15,"key":"SMITH"},{"data":"Biased Cognition","floor":24,"key":"SMITH"},{"data":"Seek","floor":32,"key":"SMITH"},{"data":"Rainbow","floor":40,"key":"SMITH"},{"floor":49,"key":"RECALL"},{"data":"Echo Form","floor":52,"key":"SMITH"}],"circlet_count":0,"master_deck":["Zap","Dualcast","Glacier+1","Redo+1","All For One","Rebound","Conserve Battery","Consume","Rip and Tear","Compile Driver","Cold Snap","Biased Cognition+1","Barrage+1","Defragment+1","Steam","Chill","Echo Form+1","BootSequence+1","Barrage","Rainbow+1","Seek+1","Defragment+1","Coolheaded+1","Hologram","Doom and Gloom","Echo Form+1","Coolheaded+1","Capacitor+1","Hologram+1","Loop+1","Barrage","Glacier"],"relics":["Pandora\u0027s Box","InkBottle","Nunchaku","MawBank","Coffee Dripper","Red Mask","Oddly Smooth Stone","Frozen Egg 2","Bronze Scales","ClockworkSouvenir","Pantograph","Snecko Eye","Unceasing Top","Bottled Tornado","Peace Pipe","Strawberry","War Paint"],"acts_visited":["Exordium","TheCity","TheBeyond","TheEnding"],"potions_floor_usage":[8,21,21,25,33,33,42,55,55,55],"damage_taken":[{"damage":0.0,"enemies":"Cultist","floor":1.0,"turns":3.0},{"damage":0.0,"enemies":"Jaw Worm","floor":3.0,"turns":4.0},{"damage":4.0,"enemies":"2 Louse","floor":4.0,"turns":2.0},{"damage":0.0,"enemies":"Gremlin Gang","floor":5.0,"turns":2.0},{"damage":16.0,"enemies":"3 Sentries","floor":6.0,"turns":11.0},{"damage":17,"enemies":"Gremlin Nob","floor":8,"turns":5},{"damage":0,"enemies":"2 Fungi Beasts","floor":10,"turns":3},{"damage":0,"enemies":"Exordium Wildlife","floor":12,"turns":3},{"damage":3,"enemies":"Red Slaver","floor":13,"turns":5},{"damage":0,"enemies":"2 Fungi Beasts","floor":14,"turns":5},{"damage":15,"enemies":"The Guardian","floor":16,"turns":13},{"damage":0,"enemies":"Shell Parasite","floor":18,"turns":5},{"damage":0,"enemies":"3 Byrds","floor":19,"turns":5},{"damage":3,"enemies":"Centurion and Healer","floor":20,"turns":8},{"damage":8,"enemies":"Masked Bandits","floor":21,"turns":6},{"damage":18,"enemies":"Gremlin Leader","floor":23,"turns":9},{"damage":9,"enemies":"Book of Stabbing","floor":25,"turns":5},{"damage":0,"enemies":"3 Cultists","floor":28,"turns":5},{"damage":0,"enemies":"Sentry and Sphere","floor":29,"turns":4},{"damage":0,"enemies":"Chosen and Byrds","floor":30,"turns":5},{"damage":0,"enemies":"Champ","floor":33,"turns":8},{"damage":16,"enemies":"3 Shapes","floor":35,"turns":6},{"damage":0,"enemies":"3 Darklings","floor":37,"turns":4},{"damage":0,"enemies":"Maw","floor":38,"turns":7},{"damage":0,"enemies":"Spire Growth","floor":39,"turns":4},{"damage":21,"enemies":"2 Orb Walkers","floor":41,"turns":5},{"damage":8,"enemies":"Nemesis","floor":42,"turns":9},{"damage":0,"enemies":"Jaw Worm Horde","floor":46,"turns":3},{"damage":0,"enemies":"Giant Head","floor":48,"turns":6},{"damage":0,"enemies":"Time Eater","floor":50,"turns":7},{"damage":16,"enemies":"Shield and Spear","floor":54,"turns":6},{"damage":26,"enemies":"The Heart","floor":55,"turns":7}],"seed_played":"-1316003449397153140","potions_obtained":[{"floor":1.0,"key":"SteroidPotion"},{"floor":3.0,"key":"Explosive Potion"},{"floor":5.0,"key":"EssenceOfDarkness"},{"floor":8,"key":"Swift Potion"},{"floor":10,"key":"FairyPotion"},{"floor":13,"key":"AttackPotion"},{"floor":23,"key":"Energy Potion"},{"floor":25,"key":"DuplicationPotion"},{"floor":28,"key":"GamblersBrew"},{"floor":35,"key":"LiquidBronze"},{"floor":38,"key":"Strength Potion"}],"is_trial":false,"path_per_floor":["M","$","M","M","M","E","R","E","T","M","R","M","M","M","R","B",null,"M","M","M","?","T","E","R","E","T","$","M","M","M","$","R","B",null,"M","?","M","M","M","R","?","E","T","?","$","M","$","E","R","B",null,"R","$","E","B",null],"character_chosen":"DEFECT","items_purchased":["Rip and Tear","Defragment+1","ClockworkSouvenir","Pantograph","Coolheaded","Doom and Gloom","Loop+1","Barrage","FocusPotion"],"campfire_rested":0,"item_purchase_floors":[2,27,27,27,27,31,45,45,45],"current_hp_per_floor":[75,75,75,71,71,55,55,38,38,38,38,38,35,35,35,20,75,75,75,72,64,64,46,46,37,37,37,37,37,37,37,37,62,75,59,59,59,59,59,59,38,30,30,75,75,75,75,82,82,82,82,82,82,66,56],"gold":39,"neow_bonus":"BOSS_RELIC","is_daily":false,"chose_seed":false,"campfire_upgraded":7,"win_rate":0.0,"timestamp":1612497008,"path_taken":["M","$","M","M","M","E","R","E","T","M","R","?","M","M","R","BOSS","M","M","M","?","?","E","R","E","T","?","?","M","M","$","R","BOSS","M","?","?","M","M","R","?","E","T","?","$","M","?","E","R","BOSS","R","$","E","BOSS"],"items_purchased_type":["Card","Card","Relic","Relic","Card","Card","Card","Card","Potion"],"build_version":"2020-12-22","purchased_purges":3,"victory":true,"max_hp_per_floor":[75,75,75,75,75,75,75,75,75,75,75,75,75,75,75,75,75,75,75,75,75,75,75,75,75,75,75,75,75,75,75,75,75,75,75,75,75,75,75,75,75,75,75,75,75,75,75,82,82,82,82,82,82,82,82],"relic_stats":{"Peace Pipe":0,"Nunchaku":[28],"counters":[32,180],"Bronze Scales":[338],"Pantograph":41,"Snecko Eye":[129,140,113,140],"Pandora\u0027s Box":["Glacier","Redo","Double Energy","All For One","Rebound","Conserve Battery","Scrape","Consume"],"War Paint":["Redo","Coolheaded"],"MawBank":216,"obtain_stats":[{"Oddly Smooth Stone":22,"Frozen Egg 2":23,"Bottled Tornado":42,"War Paint":54,"MawBank":9,"ClockworkSouvenir":27,"Peace Pipe":43,"Nunchaku":8,"Bronze Scales":25,"Pantograph":27,"Strawberry":48,"Snecko Eye":34,"Pandora\u0027s Box":0,"Coffee Dripper":17,"Red Mask":21,"Cracked Core":0,"InkBottle":6,"Unceasing Top":41},{"Oddly Smooth Stone":15,"Frozen Egg 2":16,"Bottled Tornado":27,"War Paint":31,"MawBank":6,"ClockworkSouvenir":17,"Peace Pipe":27,"Nunchaku":6,"Bronze Scales":17,"Pantograph":17,"Strawberry":29,"Snecko Eye":21,"Pandora\u0027s Box":0,"Coffee Dripper":11,"Red Mask":15,"Cracked Core":0,"InkBottle":5,"Unceasing Top":26},{"Oddly Smooth Stone":80,"Frozen Egg 2":89,"Bottled Tornado":151,"War Paint":173,"MawBank":27,"ClockworkSouvenir":94,"Peace Pipe":151,"Nunchaku":27,"Bronze Scales":94,"Pantograph":94,"Strawberry":160,"Snecko Eye":116,"Pandora\u0027s Box":0,"Coffee Dripper":56,"Red Mask":80,"Cracked Core":0,"InkBottle":22,"Unceasing Top":142}],"InkBottle":[70],"Unceasing Top":[1]},"card_choices":[{"not_picked":["Aggregate","Skim","Darkness"],"picked":"SKIP","floor":1.0},{"not_picked":["Hello World","Storm","Force Field"],"picked":"SKIP","floor":3.0},{"not_picked":["Coolheaded","Tempest"],"picked":"Compile Driver","floor":4.0},{"not_picked":["Streamline","Darkness"],"picked":"Cold Snap","floor":5.0},{"not_picked":["Redo","Beam Cell","Blizzard"],"picked":"SKIP","floor":6.0},{"not_picked":["Redo","Conserve Battery"],"picked":"Biased Cognition","floor":8},{"not_picked":["Turbo","Leap"],"picked":"Barrage","floor":10},{"not_picked":["Go for the Eyes","Self Repair"],"picked":"Defragment","floor":12},{"not_picked":["Scrape","Consume"],"picked":"Steam","floor":13},{"not_picked":["Streamline","Conserve Battery"],"picked":"Chill","floor":14},{"not_picked":["Reboot","Biased Cognition"],"picked":"Echo Form","floor":16},{"not_picked":["Tempest","Loop"],"picked":"BootSequence+1","floor":18},{"not_picked":["BootSequence+1","Stack"],"picked":"Barrage","floor":19},{"not_picked":["Go for the Eyes","Cold Snap","Lockon"],"picked":"SKIP","floor":20},{"not_picked":["Redo","Go for the Eyes+1"],"picked":"Turbo","floor":21},{"not_picked":["Melter","Gash"],"picked":"Rainbow","floor":23},{"not_picked":["Steam","Core Surge"],"picked":"Seek","floor":25},{"not_picked":["Cold Snap","Redo"],"picked":"Hologram","floor":28},{"not_picked":["Compile Driver","Rip and Tear","Steam"],"picked":"SKIP","floor":29},{"not_picked":["Echo Form+1","Barrage+1","Turbo"],"picked":"SKIP","floor":30},{"not_picked":["Creative AI+1","Meteor Strike"],"picked":"Echo Form+1","floor":33},{"not_picked":["Barrage","Cold Snap+1"],"picked":"Coolheaded+1","floor":35},{"not_picked":["Chaos+1","Redo+1","Sweeping Beam"],"picked":"SKIP","floor":37},{"not_picked":["Reprogram+1","Compile Driver"],"picked":"Hologram+1","floor":38},{"not_picked":["Sweeping Beam","Steam","Turbo+1"],"picked":"SKIP","floor":39},{"not_picked":["Genetic Algorithm","Echo Form+1","Redo+1"],"picked":"SKIP","floor":42},{"not_picked":["Double Energy","Sweeping Beam","Compile Driver"],"picked":"SKIP","floor":46},{"not_picked":["Turbo+1","Consume+1"],"picked":"Glacier","floor":48},{"not_picked":["Hello World+1","Double Energy","Reprogram+1"],"picked":"SKIP","floor":54}],"player_experience":299942,"relics_obtained":[{"floor":6.0,"key":"InkBottle"},{"floor":8,"key":"Nunchaku"},{"floor":9,"key":"MawBank"},{"floor":21,"key":"Red Mask"},{"floor":22,"key":"Oddly Smooth Stone"},{"floor":23,"key":"Frozen Egg 2"},{"floor":25,"key":"Bronze Scales"},{"floor":41,"key":"Unceasing Top"},{"floor":42,"key":"Bottled Tornado"},{"floor":43,"key":"Peace Pipe"},{"floor":48,"key":"Strawberry"},{"floor":54,"key":"War Paint"}],"event_choices":[{"damage_healed":0,"gold_gain":0,"player_choice":"Fought Bandits","damage_taken":0,"max_hp_gain":0,"max_hp_loss":0,"event_name":"Masked Bandits","floor":21,"gold_loss":0},{"damage_healed":0,"gold_gain":0,"cards_transformed":["Double Energy"],"player_choice":"Transformed","damage_taken":0,"max_hp_gain":0,"max_hp_loss":0,"event_name":"Transmorgrifier","floor":36,"gold_loss":0,"cards_obtained":["Capacitor"]},{"damage_healed":0,"gold_gain":0,"player_choice":"Fight","damage_taken":0,"max_hp_gain":0,"max_hp_loss":0,"event_name":"Mysterious Sphere","floor":41,"gold_loss":0},{"damage_healed":45,"gold_gain":0,"player_choice":"Heal","damage_taken":0,"max_hp_gain":0,"max_hp_loss":0,"event_name":"MindBloom","floor":44,"gold_loss":0,"cards_obtained":["Doubt"]}],"is_beta":false,"boss_relics":[{"not_picked":["Runic Dome","Astrolabe"],"picked":"Coffee Dripper"},{"not_picked":["SlaversCollar","SacredBark"],"picked":"Snecko Eye"}],"items_purged_floors":[27,45,53],"is_endless":false,"potions_floor_spawned":[1,3,5,8,10,13,23,25,28,30,35,38,46],"ascension_level":4}}