{"host":"9qgbal69wq5palas","time":1612519688,"event":{"mods":["2.2 Compatiblity","Abigail Mod","AchievementEnabler","Act Like it!","Aspiration","Astrologer","Bartender","BaseMod","Better Altar","Better Note","Better Skull","Better Third Choice","Colored Powertips","Hallownest","Hermit","Highlight Path","Hubris","Infinite Spire","Jorbs\u0027s Wanderer Trilogy","Koishi","Lobotomy","Minty Spire (QoL Compilation)","Potionbrewer","Quick Restart","Random Character Button","Replay The Spire","Shade Mod","Shop Mod","Spicy Shops","StSLib","The Animator","The Bug Knight","The Cursed","The Disciple","The Exalted","The Hierophant","The Necromancer","The Servant 0.9.4","Wandering Minibosses"],"gold_per_floor":[114,128,128,128,128,128,154,173,173,207,22,48,64,90,90,193,193,213,229,16,32,50,50,50,96,142,171,171,182,215,232,232,328,328,341,359,359,359],"floor_reached":37,"language":"ENG","playtime":3665,"items_purged":["HollowMod:NailStrikeStart","HollowMod:QuickDashStart"],"score":690,"play_id":"be4864ab-e88b-4b6e-8ce4-cc0a980c5924","local_time":"20210205110808","is_ascension_mode":true,"campfire_choices":[{"data":"HollowMod:GoodIntentions","floor":6,"key":"SMITH"},{"data":"HollowMod:GreatSlash","floor":15,"key":"SMITH"},{"data":"HollowMod:BaldurShell","floor":23,"key":"SMITH"},{"floor":32,"key":"RECALL"}],"circlet_count":0,"master_deck":["HollowMod:NailStrikeStart","HollowMod:NailStrikeStart","HollowMod:NailStrikeStart","HollowMod:QuickDashStart","HollowMod:QuickDashStart","HollowMod:FocusHealStart","HollowMod:PogoStrike+1","HollowMod:GoodIntentions+1","HollowMod:NewLittleFool","HollowMod:ZotesMagnificence","HollowMod:ChannelNail","HollowMod:MonomonsArchive","HollowMod:GreatSlash+1","HollowMod:DashSlash","HollowMod:SoulSplash","HollowMod:SlysStrikes","HollowMod:CloakDash","HollowMod:SoulVessel","HollowMod:CycloneSlash","HollowMod:GoodIntentions","HollowMod:HeavyBlow","HollowMod:CycloneSlash","HollowMod:BaldurShell+1","HollowMod:QuirrelsAssistance","HollowMod:RecoilStrike+1","HollowMod:BaldurShell+1","HollowMod:NewJinnsSoul","HollowMod:SoulSplash+1","HollowMod:PureVessel+1","CurseOfTheBell","HollowMod:DungDefenderAura","HollowMod:PerfectDash+1"],"relics":["HollowMod:VesselMask","NeowsBlessing","Potion Belt","Art of War","Pantograph","Whetstone","Membership Card","Vajra","infinitespire:Satchel","hubris:VirtuousBlindfold","ClockworkSouvenir","Simple Rune","Gremlin Food","Ring of Fangs","Frozen Egg 2","Calling Bell","potionbrewer:ToyAutogyro","Bromod:ArcaneGuardian","Counterbalance"],"acts_visited":["Exordium","Hallownest:Greenpath","TheBeyond"],"potions_floor_usage":[10,12,12,12,12,12,12,12,16,21,27,27,33,36,36],"damage_taken":[{"damage":0,"enemies":"Hallownest:monsterHuskGuard","floor":1,"turns":1},{"damage":0,"enemies":"Hallownest:2_Tiktiks_and_1_Crawlid","floor":2,"turns":2},{"damage":0,"enemies":"Hallownest:eliteMossKnight","floor":7,"turns":1},{"damage":0,"enemies":"Hallownest:monsterHuskWarrior","floor":8,"turns":2},{"damage":6,"enemies":"Hallownest:eliteVengeflyKing","floor":10,"turns":16},{"damage":0,"enemies":"Hallownest:eliteCrystalGuardian","floor":12,"turns":2},{"damage":0,"enemies":"Hallownest:monsterFoolEater","floor":13,"turns":3},{"damage":7,"enemies":"Hallownest:eliteMossKnight","floor":14,"turns":9},{"damage":29,"enemies":"Hallownest:BossFalseKnight","floor":16,"turns":9},{"damage":6,"enemies":"Hallownest:Guard_and_Sentry","floor":18,"turns":5},{"damage":3,"enemies":"Hallownest:Flukemon_and_Top","floor":19,"turns":4},{"damage":14,"enemies":"Hallownest:2_Husk_Sentries","floor":21,"turns":5},{"damage":16,"enemies":"Hallownest:monsterMisterMushroom","floor":22,"turns":6},{"damage":15,"enemies":"Hallownest:Glutton_and_Coward","floor":25,"turns":6},{"damage":37,"enemies":"Hallownest:eliteWatcherKnight","floor":27,"turns":10},{"damage":7,"enemies":"Hallownest:monsterShrumalOgre","floor":29,"turns":6},{"damage":0,"enemies":"Hallownest:Nosk","floor":30,"turns":8},{"damage":20,"enemies":"Hallownest:3_Mistakes","floor":31,"turns":7},{"damage":28,"enemies":"Hallownest:BossSoulMaster","floor":33,"turns":12},{"damage":18,"enemies":"Orb Walker","floor":35,"turns":5},{"damage":16,"enemies":"3 Shapes","floor":36,"turns":8},{"damage":54,"enemies":"3 Darklings","floor":37,"turns":4}],"seed_played":"5148940663350001509","potions_obtained":[{"floor":1,"key":"Flashbang"},{"floor":2,"key":"Adrenaline Potion"},{"floor":7,"key":"EntropicBrew"},{"floor":8,"key":"FearPotion"},{"floor":16,"key":"Strength Potion"},{"floor":18,"key":"Weak Potion"},{"floor":25,"key":"ColorlessPotion"},{"floor":31,"key":"SkillPotion"},{"floor":33,"key":"Block Potion"},{"floor":35,"key":"potionbrewer:HastePotion"},{"floor":36,"key":"potionbrewer:DiscountPotion"}],"is_trial":false,"path_per_floor":["M","M","?","T","?","R","E","M","T","E","$","E","M","E","R","B",null,"M","M","$","M","M","R","?","M","T","E","?","M","E","M","R","B",null,"M","M","M"],"character_chosen":"THE_BUGKNIGHT","items_purchased":["Membership Card","HollowMod:CycloneSlash","HollowMod:GoodIntentions","ClockworkSouvenir","HollowMod:HeavyBlow"],"campfire_rested":0,"item_purchase_floors":[11,20,20,20,20],"current_hp_per_floor":[68,68,68,68,75,75,75,75,75,75,75,75,75,73,73,52,69,69,72,72,68,62,62,70,61,61,36,36,35,45,31,31,40,66,54,48,0,0],"gold":359,"neow_bonus":"THREE_ENEMY_KILL","is_daily":false,"chose_seed":false,"campfire_upgraded":3,"win_rate":0.0,"timestamp":1612519688,"path_taken":["M","M","?","?","?","R","E","M","T","E","$","E","?","E","R","BOSS","M","M","$","M","M","R","?","?","T","E","?","M","E","M","R","BOSS","M","M","M"],"items_purchased_type":["Relic","Card","Card","Relic","Card"],"build_version":"2020-12-22","purchased_purges":2,"victory":false,"max_hp_per_floor":[75,75,75,75,75,75,75,75,75,75,75,75,75,75,75,75,75,75,75,75,75,75,75,75,75,75,75,75,75,75,75,75,75,75,75,75,75,75],"card_choices":[{"not_picked":["HollowMod:BaldurShell","HollowMod:SoulStrike"],"picked":"HollowMod:GoodIntentions","floor":1},{"not_picked":["HollowMod:SiblingsSouls","HollowMod:DescendingDark"],"picked":"HollowMod:NewLittleFool","floor":2},{"not_picked":["HollowMod:SoulVessel","HollowMod:CrystalDash"],"picked":"HollowMod:ZotesMagnificence","floor":7},{"not_picked":["HollowMod:ShadowDash","HollowMod:NewGlowingWomb"],"picked":"HollowMod:ChannelNail","floor":8},{"not_picked":["HollowMod:SharpenedNail","HollowMod:AbyssShriek"],"picked":"HollowMod:MonomonsArchive","floor":10},{"not_picked":["HollowMod:LifebloodCocoon","HollowMod:LordofShades"],"picked":"HollowMod:GreatSlash","floor":12},{"not_picked":["HollowMod:ShadowDash","HollowMod:GreatSlash"],"picked":"HollowMod:DashSlash","floor":13},{"not_picked":["HollowMod:CoiledNail","HollowMod:BrokenVessel"],"picked":"HollowMod:SoulSplash","floor":14},{"not_picked":["HollowMod:SoulMaster","HollowMod:HerrahsAnger"],"picked":"HollowMod:SlysStrikes","floor":16},{"not_picked":["HollowMod:SoulEater","HollowMod:GoodIntentions"],"picked":"HollowMod:CloakDash","floor":18},{"not_picked":["HollowMod:DoubleDash","HollowMod:GoodIntentions"],"picked":"HollowMod:SoulVessel","floor":19},{"not_picked":["HollowMod:HeavyBlow","HollowMod:NewGlowingWomb"],"picked":"HollowMod:CycloneSlash","floor":21},{"not_picked":["HollowMod:VengefulVoid","HollowMod:SharpenedNail"],"picked":"HollowMod:BaldurShell","floor":22},{"not_picked":["HollowMod:LuriensSpire","HollowMod:SoulSplash"],"picked":"HollowMod:QuirrelsAssistance","floor":25},{"not_picked":["HollowMod:VengefulSpirit+1","HollowMod:GreatSlash"],"picked":"HollowMod:RecoilStrike+1","floor":27},{"not_picked":["HollowMod:SoulShaman","HollowMod:CoiledNail"],"picked":"HollowMod:BaldurShell+1","floor":29},{"not_picked":["HollowMod:SiblingsSouls+1","HollowMod:ElderbugsWisdom+1"],"picked":"HollowMod:NewJinnsSoul","floor":30},{"not_picked":["HollowMod:ShadowDash","HollowMod:LuriensSpire"],"picked":"HollowMod:SoulSplash+1","floor":31},{"not_picked":["HollowMod:VoidDash","HollowMod:theNailsmith"],"picked":"HollowMod:PureVessel+1","floor":33},{"not_picked":["HollowMod:QuirrelsAssistance+1","HollowMod:HeavyBlow"],"picked":"HollowMod:DungDefenderAura","floor":35},{"not_picked":["HollowMod:NewJinnsSoul","HollowMod:RecoilStrike+1"],"picked":"HollowMod:PerfectDash+1","floor":36}],"player_experience":2716389,"relics_obtained":[{"floor":4,"key":"Potion Belt"},{"floor":7,"key":"Art of War"},{"floor":9,"key":"Pantograph"},{"floor":10,"key":"Whetstone"},{"floor":12,"key":"Vajra"},{"floor":14,"key":"infinitespire:Satchel"},{"floor":26,"key":"Simple Rune"},{"floor":27,"key":"Gremlin Food"},{"floor":28,"key":"Ring of Fangs"},{"floor":30,"key":"Frozen Egg 2"},{"floor":34,"key":"potionbrewer:ToyAutogyro"},{"floor":34,"key":"Bromod:ArcaneGuardian"},{"floor":34,"key":"Counterbalance"}],"event_choices":[],"is_beta":false,"boss_relics":[{"not_picked":["Replay:Ancient Bell","hubris:RunicObelisk"],"picked":"hubris:VirtuousBlindfold"},{"not_picked":["ReplayTheSpireMod:SealedPack","potionbrewer:BhaskarasWheel"],"picked":"Calling Bell"}],"items_purged_floors":[11,20],"is_endless":false,"potions_floor_spawned":[1,2,7,8,16,18,25,31,33,35,36],"killed_by":"3 Darklings","ascension_level":8}}