{"host":"skr63qsdfgeey3it","time":1612558023,"event":{"mods":["BaseMod","Colored Map","Hubris","Minty Spire (QoL Compilation)","Monster B Gone","Reliquary","Replay The Spire","Spicy Shops","StSLib"],"gold_per_floor":[111,130,150,5,16,16,16,27,27,56,21,93,20,32,32,108,108,95,114,23,23,298,298,298,298],"floor_reached":24,"language":"ENG","playtime":659,"items_purged":[],"score":333,"play_id":"4d7ca157-860b-4b83-9120-5a0fddae07e3","local_time":"20210205144703","is_ascension_mode":true,"campfire_choices":[{"data":"Spot Weakness","floor":6,"key":"SMITH"},{"floor":15,"key":"REST"},{"floor":23,"key":"REST"}],"circlet_count":0,"master_deck":["AscendersBane","Strike_R","Strike_R","Strike_R","Strike_R","Strike_R","Defend_R","Defend_R","Defend_R","Defend_R","Bash","Combust","Flame Barrier","Battle Trance","Spot Weakness+1","Clothesline","Armaments","Juggernaut","Metallicize","Shockwave","Juggernaut","Rupture","Ghostly Armor","Bandage Up","Seeing Red"],"relics":["Burning Blood","NeowsBlessing","Omamori","Dream Catcher","Sundial","reliquary:PorcupineQuills","hubris:CrackedHourglass"],"acts_visited":["Exordium","TheCity"],"potions_floor_usage":[5,14,16],"damage_taken":[{"damage":0,"enemies":"Cultist","floor":1,"turns":1},{"damage":1,"enemies":"Small Slimes","floor":2,"turns":1},{"damage":0,"enemies":"Jaw Worm","floor":3,"turns":1},{"damage":20,"enemies":"Blue Slaver","floor":5,"turns":5},{"damage":11,"enemies":"Looter","floor":8,"turns":3},{"damage":42,"enemies":"Lagavulin","floor":10,"turns":7},{"damage":19,"enemies":"Lots of Slimes","floor":14,"turns":3},{"damage":21,"enemies":"The Guardian","floor":16,"turns":11},{"damage":26,"enemies":"2 Thieves","floor":18,"turns":4},{"damage":16,"enemies":"Spheric Guardian","floor":19,"turns":5},{"damage":61,"enemies":"Slavers","floor":24,"turns":4}],"seed_played":"7618232661444325888","potions_obtained":[{"floor":2,"key":"SpeedPotion"},{"floor":3,"key":"Regen Potion"},{"floor":8,"key":"Energy Potion"},{"floor":12,"key":"EssenceOfSteel"}],"is_trial":false,"path_per_floor":["M","M","M","$","M","R","?","M","T","E","?","?","$","M","R","B",null,"M","M","$","?","?","R","E"],"character_chosen":"IRONCLAD","items_purchased":["Omamori","Metallicize","Bandage Up"],"campfire_rested":2,"item_purchase_floors":[4,13,20],"current_hp_per_floor":[74,75,75,75,70,70,63,58,58,22,40,22,22,9,31,16,60,40,30,30,30,30,52,0,0],"gold":298,"neow_bonus":"THREE_ENEMY_KILL","is_daily":false,"chose_seed":false,"campfire_upgraded":1,"win_rate":0.0,"timestamp":1612558023,"path_taken":["M","?","M","$","M","R","?","M","T","E","?","?","?","?","R","BOSS","M","M","$","?","?","R","E"],"items_purchased_type":["Relic","Card","Card"],"build_version":"2020-12-22","purchased_purges":0,"victory":false,"max_hp_per_floor":[75,75,75,75,75,75,75,75,75,75,75,75,75,75,75,75,75,75,75,75,75,75,75,75,75],"card_choices":[{"not_picked":["Headbutt","Ghostly Armor"],"picked":"Combust","floor":1},{"not_picked":["Run Through","Dropkick"],"picked":"Flame Barrier","floor":2},{"not_picked":["ReplayTheSpireMod:Muscle Training","Power Through"],"picked":"Battle Trance","floor":3},{"not_picked":["Shrug It Off","Run Through"],"picked":"Spot Weakness","floor":5},{"not_picked":["Body Slam","Cleave"],"picked":"Clothesline","floor":8},{"not_picked":["Spot Weakness","Clothesline"],"picked":"Armaments","floor":10},{"not_picked":["Sword Boomerang","ReplayTheSpireMod:Limb From Limb"],"picked":"Juggernaut","floor":12},{"not_picked":["hubris:CleavingFinish","Pummel","Perfected Strike"],"picked":"SKIP","floor":14},{"not_picked":["Iron Wave","Sword Boomerang"],"picked":"Shockwave","floor":15},{"not_picked":["Double Tap","Hemogenesis"],"picked":"Juggernaut","floor":16},{"not_picked":["hubris:ReadiedAction","Perfected Strike"],"picked":"Rupture","floor":18},{"not_picked":["hubris:CleavingFinish+1","Perfected Strike+1"],"picked":"Ghostly Armor","floor":19},{"not_picked":["Anger","Havoc"],"picked":"Seeing Red","floor":23}],"player_experience":883478,"relics_obtained":[{"floor":9,"key":"Sundial"},{"floor":10,"key":"reliquary:PorcupineQuills"}],"event_choices":[{"damage_healed":0,"gold_gain":0,"player_choice":"Success","damage_taken":7,"relics_obtained":["Dream Catcher"],"max_hp_gain":0,"max_hp_loss":0,"event_name":"Scrap Ooze","floor":7,"gold_loss":0},{"damage_healed":18,"gold_gain":0,"player_choice":"Healed","damage_taken":0,"max_hp_gain":0,"max_hp_loss":0,"event_name":"The Cleric","floor":11,"gold_loss":35},{"damage_healed":0,"gold_gain":275,"player_choice":"Desecrate","damage_taken":0,"max_hp_gain":0,"max_hp_loss":0,"event_name":"Golden Shrine","floor":22,"gold_loss":0,"cards_obtained":["Regret"]}],"is_beta":false,"boss_relics":[{"not_picked":["Electric Blood","Sozu"],"picked":"hubris:CrackedHourglass"}],"items_purged_floors":[],"is_endless":false,"potions_floor_spawned":[2,3,8],"killed_by":"Slavers","ascension_level":14}}