{"host":"cijhj3091wf4aho3","time":1612532944,"event":{"mods":["BaseMod","Colored Map","Colored Powertips","Downfall","Friendly Minions","GifTheSpireLib","Highlight Path","Minty Spire (QoL Compilation)","Permanent Neow","Random Character Button","Relic Sorter","Relic Stats","StSLib","everything is the same but u backflip on backflip","slay the spire mod where everything is the same but ironclad has a cowboy hat"],"gold_per_floor":[99,117,117,27,38,57,84,117,136,21,53,53,71,98,115,218,218,118,137,151,356,356,368,368,386,506,506,534,553,353,215,229,326,326,326,342,342,352,202,202,226,238,264,264,282,107,107,138,157,157,157,191,191,191,191,191],"floor_reached":57,"language":"ENG","playtime":3729,"items_purged":["bronze:Strike","bronze:Strike","bronze:Strike","bronze:Repair","bronze:Replicate"],"score":1775,"play_id":"71adafef-5584-4588-81b3-014a247e8222","local_time":"20210205054904","is_ascension_mode":true,"campfire_choices":[{"data":"bronze:Goto","floor":1.0,"key":"SMITH"},{"floor":18.0,"key":"RECALL"},{"data":"bronze:DonuBeam","floor":30.0,"key":"SMITH"},{"floor":35.0,"key":"REST"},{"floor":40.0,"key":"REST"},{"floor":44.0,"key":"REST"},{"floor":54.0,"key":"REST"}],"circlet_count":0,"master_deck":["bronze:Defend","bronze:Defend","bronze:Goto+1","bronze:CleanCode","bronze:NullPointer","bronze:DelayedGuard","bronze:FollowUp","bronze:NullPointer","bronze:Backtrace","bronze:DonuBeam+1","bronze:DecaBeam","bronze:Verify+1","bronze:Iterate+1"],"relics":["bronze:BronzeCore","Dead Branch","Ancient Tea Set","Potion Belt","Pen Nib","bronze:SilverBullet","Omamori","Cursed Key","downfall:HeartBlessingGreen","Orichalcum","downfall:HeartBlessingRed","downfall:HeartBlessingBlue","Fusion Hammer","hexamod:BolsterEngine","Lantern","Eternal Feather","Oddly Smooth Stone"],"acts_visited":["Exordium","TheCity","TheBeyond","TheEnding"],"potions_floor_usage":[56,56,56],"damage_taken":[{"damage":0.0,"enemies":"Cultist","floor":2.0,"turns":3.0},{"damage":0.0,"enemies":"downfall:FleeingMerchant","floor":4.0,"turns":4.0},{"damage":3.0,"enemies":"Jaw Worm","floor":5.0,"turns":2.0},{"damage":0.0,"enemies":"Small Slimes","floor":6.0,"turns":2.0},{"damage":0.0,"enemies":"Gremlin Nob","floor":8.0,"turns":4.0},{"damage":1.0,"enemies":"Blue Slaver","floor":9.0,"turns":4.0},{"damage":0.0,"enemies":"downfall:FleeingMerchant","floor":10.0,"turns":4.0},{"damage":0.0,"enemies":"Lagavulin","floor":11.0,"turns":6.0},{"damage":0.0,"enemies":"3 Louse","floor":13.0,"turns":2.0},{"damage":0.0,"enemies":"Gremlin Nob","floor":14.0,"turns":3.0},{"damage":0.0,"enemies":"Gremlin Gang","floor":15.0,"turns":3.0},{"damage":0.0,"enemies":"WA_ARCHETYPE_RETAIN","floor":16.0,"turns":5.0},{"damage":0.0,"enemies":"Spheric Guardian","floor":19.0,"turns":2.0},{"damage":0.0,"enemies":"Chosen and Byrds","floor":20.0,"turns":5.0},{"damage":0.0,"enemies":"downfall:FleeingMerchant","floor":21.0,"turns":4.0},{"damage":1.0,"enemies":"3 Cultists","floor":23.0,"turns":4.0},{"damage":0.0,"enemies":"Cultist and Chosen","floor":25.0,"turns":3.0},{"damage":17.0,"enemies":"Cultist and Chosen","floor":26.0,"turns":5.0},{"damage":25.0,"enemies":"Book of Stabbing","floor":28.0,"turns":6.0},{"damage":0.0,"enemies":"Centurion and Healer","floor":29.0,"turns":4.0},{"damage":10.0,"enemies":"Shelled Parasite and Fungi","floor":32.0,"turns":4.0},{"damage":0.0,"enemies":"IC_MUSHROOM_ARCHETYPE","floor":33.0,"turns":5.0},{"damage":0.0,"enemies":"Orb Walker","floor":36.0,"turns":1.0},{"damage":0.0,"enemies":"3 Shapes","floor":38.0,"turns":2.0},{"damage":0.0,"enemies":"Jaw Worm Horde","floor":42.0,"turns":4.0},{"damage":16.0,"enemies":"Reptomancer","floor":43.0,"turns":5.0},{"damage":0.0,"enemies":"Transient","floor":45.0,"turns":5.0},{"damage":0.0,"enemies":"Giant Head","floor":48.0,"turns":5.0},{"damage":0.0,"enemies":"Sphere and 2 Shapes","floor":49.0,"turns":1.0},{"damage":14.0,"enemies":"SI_POISON_ARCHETYPE","floor":50.0,"turns":4.0},{"damage":25.0,"enemies":"downfall:CharBossMerchant","floor":52.0,"turns":7.0},{"damage":16.0,"enemies":"downfall:NeowBoss","floor":55.0,"turns":12.0},{"damage":19,"enemies":"downfall:NeowBossFinal","floor":56,"turns":7}],"seed_played":"-8087097627678563209","potions_obtained":[{"floor":5.0,"key":"AttackPotion"},{"floor":6.0,"key":"SkillPotion"},{"floor":9.0,"key":"SkillPotion"},{"floor":14.0,"key":"DuplicationPotion"},{"floor":16.0,"key":"Dexterity Potion"},{"floor":20.0,"key":"Slimebound:ThreeZeroPotion"},{"floor":25.0,"key":"ColorlessPotion"},{"floor":26.0,"key":"Guardian:BlockOnCardUsePotion"},{"floor":32.0,"key":"DuplicationPotion"},{"floor":38.0,"key":"Energy Potion"},{"floor":45.0,"key":"bronze:FreeFunctionsPotion"},{"floor":48.0,"key":"Regen Potion"},{"floor":52.0,"key":"Fruit Juice"}],"is_trial":false,"path_per_floor":["R","M","T","$","M","M","T","E","M","$","E","?","M","E","M","B",null,"R","M","M","$","?","M","T","M","?","?","E","M","R","$","M","B",null,"R","M","?","M","$","R","T","M","E","R","M","$","?","E","M","B",null,"E","$","R","B","B",null],"character_chosen":"THE_AUTOMATON","items_purchased":["bronze:Verify"],"campfire_rested":4,"item_purchase_floors":[31],"current_hp_per_floor":[63,63,63,63,60,60,60,60,59,59,59,52,52,52,52,52,63,63,63,63,63,45,44,44,44,27,27,9,16,26,26,23,30,73,73,73,83,83,83,83,83,83,67,83,83,83,83,83,83,69,83,63,63,88,72,68],"gold":191,"neow_bonus":"TRANSFORM_TWO_CARDS","is_daily":false,"chose_seed":false,"campfire_upgraded":2,"win_rate":0.0,"timestamp":1612532944,"path_taken":["R","M","?","?","M","M","T","E","M","?","E","?","?","E","M","BOSS","R","M","M","$","?","M","T","?","?","?","E","?","R","$","M","BOSS","R","M","?","?","$","R","T","M","E","R","M","?","?","E","M","BOSS","E","$","R","BOSS","BOSS"],"items_purchased_type":["Card"],"build_version":"2020-12-22","purchased_purges":5,"victory":true,"max_hp_per_floor":[63,63,63,63,63,63,63,63,63,63,63,63,63,63,63,63,63,63,63,63,63,63,63,63,63,63,63,63,63,73,73,73,73,73,73,73,83,83,83,83,83,83,83,83,83,83,83,83,83,83,83,88,88,88,88,88],"relic_stats":{"counters":[33,137],"Dead Branch":[85],"Eternal Feather":6,"Pen Nib":[33],"Orichalcum":[12],"Cursed Key":2,"obtain_stats":[{"Potion Belt":8,"Lantern":43,"bronze:BronzeCore":0,"downfall:HeartBlessingRed":30,"Dead Branch":3,"Oddly Smooth Stone":52,"downfall:HeartBlessingGreen":18,"Eternal Feather":48,"Pen Nib":11,"Omamori":14,"Orichalcum":28,"Ancient Tea Set":7,"Cursed Key":17,"downfall:HeartBlessingBlue":30,"Fusion Hammer":34,"hexamod:BolsterEngine":41,"bronze:SilverBullet":12},{"Potion Belt":5,"Lantern":26,"bronze:BronzeCore":0,"downfall:HeartBlessingRed":20,"Dead Branch":1,"Oddly Smooth Stone":31,"downfall:HeartBlessingGreen":12,"Eternal Feather":28,"Pen Nib":8,"Omamori":10,"Orichalcum":19,"Ancient Tea Set":4,"Cursed Key":12,"downfall:HeartBlessingBlue":20,"Fusion Hammer":22,"hexamod:BolsterEngine":24,"bronze:SilverBullet":8},{"Potion Belt":15,"Lantern":96,"bronze:BronzeCore":0,"downfall:HeartBlessingRed":75,"Dead Branch":3,"Oddly Smooth Stone":118,"downfall:HeartBlessingGreen":42,"Eternal Feather":106,"Pen Nib":29,"Omamori":34,"Orichalcum":71,"Ancient Tea Set":11,"Cursed Key":42,"downfall:HeartBlessingBlue":75,"Fusion Hammer":84,"hexamod:BolsterEngine":87,"bronze:SilverBullet":29}]},"card_choices":[{"not_picked":["bronze:BuggyMess","bronze:MaxOutput"],"picked":"bronze:DelayedGuard","floor":2.0},{"not_picked":["bronze:Boost","bronze:Optimize"],"picked":"bronze:FollowUp","floor":4.0},{"not_picked":["bronze:OilSpill","bronze:Shield","bronze:Overheat"],"picked":"SKIP","floor":5.0},{"not_picked":["bronze:Constructor","bronze:InfiniteBeams","bronze:WildBeam"],"picked":"SKIP","floor":6.0},{"not_picked":["bronze:ItsAFeature","bronze:Repulsor","bronze:Invalidate"],"picked":"SKIP","floor":8.0},{"not_picked":["bronze:BuggyMess","bronze:Shield","bronze:OilSpill"],"picked":"SKIP","floor":9.0},{"not_picked":["bronze:Invalidate","bronze:ShipIt","bronze:BronzeOrb"],"picked":"SKIP","floor":10.0},{"not_picked":["bronze:Shield","bronze:ItsAFeature","bronze:Iterate"],"picked":"SKIP","floor":11.0},{"not_picked":["bronze:Turbo","bronze:Shield","bronze:Iterate"],"picked":"SKIP","floor":13.0},{"not_picked":["bronze:InfiniteBeams","bronze:Shell"],"picked":"bronze:NullPointer","floor":14.0},{"not_picked":["bronze:FineTuning","bronze:Invalidate","bronze:Branch"],"picked":"SKIP","floor":15.0},{"not_picked":["bronze:HyperBeam","bronze:Format"],"picked":"bronze:Break","floor":16.0},{"not_picked":["bronze:Branch","bronze:InfiniteBeams+1","bronze:Invalidate"],"picked":"SKIP","floor":19.0},{"not_picked":["bronze:OilSpill","bronze:InfiniteBeams"],"picked":"bronze:Backtrace","floor":20.0},{"not_picked":["bronze:BronzeArmor","bronze:Overheat","bronze:Branch"],"picked":"SKIP","floor":21.0},{"not_picked":["bronze:Allocate","bronze:DarkDash","bronze:OilSpill"],"picked":"SKIP","floor":23.0},{"not_picked":["bronze:CloningBeam","bronze:DelayedSlice","bronze:CleanCode"],"picked":"SKIP","floor":25.0},{"not_picked":[],"picked":"bronze:DonuBeam","floor":26.0},{"not_picked":[],"picked":"bronze:DecaBeam","floor":26.0},{"not_picked":["bronze:Branch","bronze:BitShift","bronze:DelayedSlice"],"picked":"SKIP","floor":28.0},{"not_picked":["bronze:Shield","bronze:Shell+1","bronze:Turbo+1"],"picked":"SKIP","floor":29.0},{"not_picked":["bronze:Separator","bronze:Iterate","bronze:DelayedSlice"],"picked":"SKIP","floor":32.0},{"not_picked":["bronze:FineTuning+1","bronze:Deprecate+1","bronze:Constructor+1"],"picked":"SKIP","floor":36.0},{"not_picked":["bronze:ChildClass+1","bronze:DigitalCarnage+1","bronze:ShipIt"],"picked":"SKIP","floor":38.0},{"not_picked":["bronze:ClassDefault+1","bronze:OilSpill","bronze:Flail"],"picked":"SKIP","floor":42.0},{"not_picked":["bronze:Invalidate","bronze:Shield"],"picked":"bronze:Iterate+1","floor":43.0},{"not_picked":["bronze:FineTuning+1","bronze:ClassDefault","bronze:WildBeam+1"],"picked":"SKIP","floor":45.0},{"not_picked":["bronze:ItsAFeature+1","bronze:Shield+1","bronze:Library"],"picked":"SKIP","floor":48.0},{"not_picked":["bronze:Allocate","bronze:Frontload","bronze:Repulsor+1"],"picked":"SKIP","floor":49.0},{"not_picked":["bronze:Branch+1","bronze:MaxOutput","bronze:Repulsor+1"],"picked":"SKIP","floor":52.0}],"player_experience":547217,"relics_obtained":[{"floor":3.0,"key":"Dead Branch"},{"floor":7.0,"key":"Ancient Tea Set"},{"floor":8.0,"key":"Potion Belt"},{"floor":11.0,"key":"Pen Nib"},{"floor":14.0,"key":"Omamori"},{"floor":28.0,"key":"Orichalcum"},{"floor":41.0,"key":"hexamod:BolsterEngine"},{"floor":43.0,"key":"Lantern"},{"floor":48.0,"key":"Eternal Feather"},{"floor":52.0,"key":"Oddly Smooth Stone"}],"event_choices":[{"damage_healed":0.0,"max_hp_gain":0.0,"max_hp_loss":0.0,"gold_gain":0.0,"event_name":"Scrap Ooze","player_choice":"Success","floor":12.0,"gold_loss":0.0,"damage_taken":7.0,"relics_obtained":["bronze:SilverBullet"]},{"cards_removed":["bronze:Break"],"damage_healed":0.0,"max_hp_gain":10.0,"max_hp_loss":0.0,"gold_gain":0.0,"event_name":"Bonfire Elementals","player_choice":"Offered Rare","floor":37.0,"gold_loss":0.0,"damage_taken":0.0}],"is_beta":false,"boss_relics":[{"not_picked":["SacredBark","Black Star"],"picked":"Cursed Key"},{"not_picked":["Snecko Eye","Philosopher\u0027s Stone"],"picked":"Fusion Hammer"}],"items_purged_floors":[4,10,21,39,46],"is_endless":false,"potions_floor_spawned":[5,6,9,14,16,20,23,25,26,32,38,43,45,48,49,52],"ascension_level":4}}