{"host":"tgnam0g96qraiyqx","time":1612522894,"event":{"mods":["Always Whale","Arknights","Aspiration","Bartender","BaseMod","BetterRewards","CapriCore","CatGirl Mod","Chen","Colored Map","Colored Powertips","Decade(???)","Dio Mod","Downfall","Ekko","Energized Spire","Fireblade Mod","Glutton Mod","Hermit","HexUI Lib","Highlight Path","HornydragonMod","Hubris","Jorbs\u0027s Wanderer Trilogy","Kalas","KinomotoSakuraMod(????)","Koishi","Kratos Character Expansion","Luminous","Minty Spire (QoL Compilation)","Permanent Neow","Pikachu Mod","Potionbrewer","Prisma Mod","QueenMod","Railgun Mod","Random Character Button","Reimu??????","Replay The Spire","SCP261 Mod","Shade Mod","Shedinja","Shop Mod","Somnambulant","StSLib","The Alterego","The Bladedancer","The Cursed","The Death Knight","The Druid","The Hayseed","The Immortal","The Judge","The Juggle","The Jungle","The Kombatant","The Showman","The Warrior","The Wild Card","TheFirefly","TheSwordswoman","TheVacant","Warlord Emblem","[IsaacMod]????"],"gold_per_floor":[99,129,129,129,129,155,155,182,27,27,59,94,94,112,126,231,231,131,145,171,171,81,81,81,99,112,36,49,74,74,104,115,220,220,220,234,249,134,146,131,131,131,131,31,47,70,98,180,191,191],"floor_reached":51,"language":"FRA","playtime":8851,"items_purged":["Guardian:Defend_Guardian","Injury","Guardian:Strike_Guardian"],"score":666,"play_id":"d5087e44-e33c-4e1b-a4a6-7e64ac37047a","local_time":"20210205120134","is_ascension_mode":false,"campfire_choices":[{"data":"Guardian:TwinSlam","floor":1,"key":"SMITH"},{"data":"Guardian:FloatingOrbs","floor":10,"key":"SMITH"},{"data":"Guardian:SpikerProtocol","floor":13,"key":"SMITH"},{"data":"Guardian:WalkerClaw","floor":23,"key":"SMITH"},{"data":"Guardian:EvasiveProtocol","floor":30,"key":"SMITH"},{"data":"Inflame","floor":35,"key":"SMITH"},{"data":"Guardian:CurlUp","floor":42,"key":"SMITH"},{"floor":44,"key":"REST"}],"circlet_count":0,"master_deck":["Guardian:Strike_Guardian","Guardian:Strike_Guardian","Guardian:Strike_Guardian","Guardian:Defend_Guardian","Guardian:Defend_Guardian","Guardian:CurlUp+1","Guardian:TwinSlam+1","BettingIsNotGood","Guardian:SpikerProtocol+1","Guardian:FloatingOrbs+1","Guardian:ShieldSpikes+1","Guardian:TemporalShield+1","Guardian:Harden+1","Guardian:TemporalShield+1","Armaments+1","Guardian:WalkerClaw+1","Inflame+1","Guardian:EvasiveProtocol+1","Guardian:PrimingBeam+1","Guardian:BodySlam+1","Guardian:ExploitGems+1","Metallicize+1","Guardian:StasisField+1","Guardian:PiercingHide+1","expansioncontent:QuickStudy+1","Pommel Strike+1"],"relics":["Guardian:ModeShifter","HushsDoor","DeathBook","Toxic Egg 2","Boot","Tiny Chest","KratosMod:minohorn","SteamSale","aspiration:IroncladSkillbook","downfall:HeartBlessingBlue","Nunchaku","Chameleon Ring","hubris:Metronome","KratosMod:amulet","hubris:Towel","downfall:HeartBlessingGreen","potionbrewer:ToyAutogyro"],"acts_visited":["Exordium","TheCity","TheBeyond"],"potions_floor_usage":[16,16,33,33,33,33,33,48,50],"damage_taken":[{"damage":6,"enemies":"Jaw Worm","floor":2,"turns":4},{"damage":20,"enemies":"3 Sentries","floor":6,"turns":8},{"damage":0,"enemies":"Small Slimes","floor":8,"turns":3},{"damage":0,"enemies":"downfall:FleeingMerchant","floor":9,"turns":4},{"damage":0,"enemies":"2 Louse","floor":11,"turns":4},{"damage":0,"enemies":"Blue Slaver","floor":12,"turns":4},{"damage":3,"enemies":"2 Fungi Beasts","floor":14,"turns":3},{"damage":0,"enemies":"Lots of Slimes","floor":15,"turns":4},{"damage":6,"enemies":"DF_ARCHETYPE_STREAMLINE","floor":16,"turns":8},{"damage":5,"enemies":"Shell Parasite","floor":19,"turns":6},{"damage":10,"enemies":"Spheric Guardian","floor":20,"turns":6},{"damage":0,"enemies":"downfall:FleeingMerchant","floor":22,"turns":4},{"damage":2,"enemies":"Centurion and Healer","floor":25,"turns":8},{"damage":15,"enemies":"Sentry and Sphere","floor":26,"turns":6},{"damage":15,"enemies":"downfall:FleeingMerchant","floor":27,"turns":4},{"damage":4,"enemies":"3 Cultists","floor":28,"turns":4},{"damage":12,"enemies":"Book of Stabbing","floor":29,"turns":5},{"damage":5,"enemies":"Slavers","floor":31,"turns":5},{"damage":0,"enemies":"Snecko","floor":32,"turns":3},{"damage":25,"enemies":"SI_MIRROR_ARCHETYPE","floor":33,"turns":5},{"damage":15,"enemies":"Orb Walker","floor":36,"turns":2},{"damage":3,"enemies":"3 Shapes","floor":37,"turns":1},{"damage":0,"enemies":"downfall:FleeingMerchant","floor":38,"turns":4},{"damage":22,"enemies":"Maw","floor":39,"turns":6},{"damage":7,"enemies":"downfall:FleeingMerchant","floor":40,"turns":4},{"damage":0,"enemies":"Writhing Mass","floor":45,"turns":5},{"damage":12,"enemies":"Sphere and 2 Shapes","floor":47,"turns":9},{"damage":3,"enemies":"downfall:FleeingMerchant","floor":48,"turns":4},{"damage":35,"enemies":"Transient","floor":49,"turns":5},{"damage":39,"enemies":"IC_BLOCK_ARCHETYPE","floor":50,"turns":7}],"seed_played":"3842074852030680234","potions_obtained":[{"floor":12,"key":"SCP261:ThunderBarPotion"},{"floor":14,"key":"potionbrewer:DiscountPotion"},{"floor":15,"key":"potionbrewer:EndurancePotion"},{"floor":16,"key":"Languid Potion"},{"floor":18,"key":"EntropicBrew"},{"floor":18,"key":"AttackPotion"},{"floor":33,"key":"Elixir"},{"floor":37,"key":"Block Potion"},{"floor":39,"key":"potionbrewer:MidasPotion"}],"is_trial":false,"path_per_floor":["R","M","?","?","T","E","T","M","$","R","M","M","R","M","M","B",null,"R_BF","M","M","?","$","R","T","M","M","$","M","E","R","E","M","B",null,"R","M","M","$","M","$","T","R","?","R","M","T","M","$","M","B",null],"character_chosen":"GUARDIAN","items_purchased":["SteamSale","Guardian:EvasiveProtocol","expansioncontent:QuickStudy"],"campfire_rested":1,"item_purchase_floors":[9,27,48],"current_hp_per_floor":[80,74,74,74,74,54,54,54,54,54,54,54,54,51,51,50,80,90,90,84,84,90,90,90,90,79,68,68,60,60,59,63,42,90,90,79,80,89,71,68,68,68,68,90,90,90,83,85,55,21],"gold":191,"neow_bonus":"REMOVE_CARD","is_daily":false,"chose_seed":false,"campfire_upgraded":7,"win_rate":0.0,"timestamp":1612522894,"path_taken":["R","M","?","?","?","E","T","M","$","R","M","M","R","M","M","BOSS","R_BF","M","M","?","$","R","T","M","M","?","M","E","R","E","M","BOSS","R","M","M","$","M","$","T","R","?","R","M","?","M","?","M","BOSS"],"items_purchased_type":["Relic","Card","Card"],"build_version":"2020-12-22","purchased_purges":3,"victory":true,"max_hp_per_floor":[80,80,80,80,80,80,80,80,80,80,80,80,80,80,80,80,80,90,90,90,90,90,90,90,90,90,90,90,90,90,90,90,90,90,90,90,90,90,90,90,90,90,90,90,90,90,90,90,90,90],"card_choices":[{"not_picked":[],"picked":"BettingIsNotGood","floor":0},{"not_picked":["Guardian:PrimingBeam","Guardian:Gem_Red"],"picked":"Guardian:SpikerProtocol","floor":2},{"not_picked":["Guardian:CrystalBeam","Guardian:Incinerate"],"picked":"Guardian:FloatingOrbs","floor":6},{"not_picked":["Guardian:Reroute","Guardian:Preprogram+1"],"picked":"Guardian:ShieldSpikes+1","floor":8},{"not_picked":["Guardian:ConstructionForm","Guardian:Emergency+1"],"picked":"Guardian:TemporalShield+1","floor":9},{"not_picked":["Guardian:Gem_White","Guardian:WalkerClaw"],"picked":"Guardian:Gem_Crimson","floor":11},{"not_picked":["Guardian:GuardianWhirl","Guardian:Gem_Yellow","Guardian:Reroute"],"picked":"SKIP","floor":12},{"not_picked":["Guardian:Gem_Lightblue","Guardian:CrystalBeam"],"picked":"Guardian:Harden+1","floor":14},{"not_picked":["Guardian:ShieldCharger+1","Guardian:Recover+1"],"picked":"Guardian:TemporalShield+1","floor":15},{"not_picked":["Guardian:StasisField+1","Guardian:StasisStrike"],"picked":"Guardian:Gem_Orange","floor":16},{"not_picked":["Wild Strike","Guardian:Emergency+1","Clash","Guardian:TemporalStrike"],"picked":"SKIP","floor":19},{"not_picked":["Entrench+1","Shrug It Off+1","Guardian:Recover+1"],"picked":"Armaments+1","floor":20},{"not_picked":["hubris:CleavingFinish+1","True Grit+1","ReplayTheSpireMod:Strike From Hell"],"picked":"Guardian:WalkerClaw","floor":22},{"not_picked":["Guardian:TemporalStrike+1","Clash+1","Massacre+1"],"picked":"Inflame","floor":25},{"not_picked":["ReplayTheSpireMod:Strike From Hell","Guardian:Planning+1","Power Through+1","Fire Breathing"],"picked":"SKIP","floor":26},{"not_picked":["Guardian:Gem_Synthetic","Clash","Guardian:Harden+1"],"picked":"Guardian:Gem_Crimson","floor":27},{"not_picked":["Guardian:Harden+1","Dual Wield+1","Sword Boomerang"],"picked":"Guardian:PrimingBeam+1","floor":28},{"not_picked":["Guardian:Preprogram+1","Guardian:Gem_Green","Anger","Havoc+1"],"picked":"SKIP","floor":29},{"not_picked":["Guardian:Gem_Lightblue","Whirlwind","Second Wind+1","hubris:StunningStrike"],"picked":"SKIP","floor":31},{"not_picked":["Clash","Guardian:TemporalShield+1","Guardian:Gem_Green"],"picked":"Guardian:BodySlam+1","floor":32},{"not_picked":["Offering+1","Bludgeon","Guardian:StasisStrike"],"picked":"Guardian:ExploitGems+1","floor":33},{"not_picked":["Guardian:PiercingHide+1","Guardian:PrismaticBarrier+1","Guardian:WalkerClaw+1"],"picked":"Metallicize+1","floor":36},{"not_picked":["Guardian:Reroute","Guardian:TemporalStrike+1","Guardian:Planning+1"],"picked":"Guardian:Gem_Red","floor":37},{"not_picked":["Carnage+1","Guardian:TemporalStrike","Guardian:TimeCapacitor+1"],"picked":"Guardian:StasisField+1","floor":38},{"not_picked":["Guardian:WalkerClaw","Guardian:Incinerate+1","Guardian:Preprogram+1","Guardian:ShieldCharger+1"],"picked":"SKIP","floor":39},{"not_picked":["Thunderclap","Guardian:TimeCapacitor","Guardian:SentryBeam","Second Wind+1"],"picked":"SKIP","floor":40},{"not_picked":["Replay:Undeath\u0027s Touch+1","Evolve+1","Havoc+1","Guardian:CrystalBeam"],"picked":"SKIP","floor":45},{"not_picked":["Guardian:MultiBeam+1","Guardian:Incinerate","Guardian:PrimingBeam"],"picked":"Guardian:PiercingHide+1","floor":47},{"not_picked":["Clash","Guardian:Planning+1","Guardian:Incinerate","Guardian:ShieldSpikes+1"],"picked":"SKIP","floor":48},{"not_picked":["hubris:StunningStrike","Guardian:Suspension+1","Wild Strike"],"picked":"Pommel Strike+1","floor":49}],"player_experience":2614320,"relics_obtained":[{"floor":6,"key":"Tiny Chest"},{"floor":7,"key":"KratosMod:minohorn"},{"floor":24,"key":"Nunchaku"},{"floor":29,"key":"Chameleon Ring"},{"floor":31,"key":"hubris:Metronome"},{"floor":41,"key":"KratosMod:amulet"},{"floor":46,"key":"potionbrewer:ToyAutogyro"}],"event_choices":[],"is_beta":false,"boss_relics":[{"not_picked":["Snecko Heart","Guardian:ModeShifterPlus"],"picked":"aspiration:IroncladSkillbook"},{"not_picked":[]},{"not_picked":["energizedSpire:EnergizedDie","Honey Jar","Replay:Bronze Core"]}],"items_purged_floors":[22,38,48],"is_endless":false,"potions_floor_spawned":[12,14,15,16,19,20,26,31,32,33,37,39,47],"ascension_level":0}}