{"host":"LaserWall","time":1612534421,"event":{"mods":["BaseMod","Minty Spire (QoL Compilation)","Relic Stats","Weighted Paths"],"gold_per_floor":[117,135,135,146,164,164,193,193,243,256,283,296,310,329,329,432,432,432,432],"floor_reached":18,"language":"ENG","playtime":1289,"items_purged":[],"score":211,"play_id":"2c16bb7b-db56-4fa4-b778-563dda03297f","local_time":"20210205091341","is_ascension_mode":true,"campfire_choices":[{"data":"Streamline","floor":6,"key":"SMITH"},{"floor":8,"key":"REST"},{"data":"Coolheaded","floor":15,"key":"SMITH"}],"circlet_count":0,"master_deck":["Strike_B","Strike_B","Strike_B","Strike_B","Defend_B","Defend_B","Defend_B","Defend_B","Zap","Dualcast","Streamline+1","Self Repair","Sweeping Beam","Glacier","Steam","Self Repair","Coolheaded+1","Fission"],"relics":["Busted Crown","Question Card","Oddly Smooth Stone","Smiling Mask","Snecko Eye"],"acts_visited":["Exordium","TheCity"],"potions_floor_usage":[5,11,16,16],"damage_taken":[{"damage":1,"enemies":"2 Louse","floor":1,"turns":2},{"damage":2,"enemies":"Jaw Worm","floor":2,"turns":3},{"damage":0,"enemies":"Small Slimes","floor":4,"turns":4},{"damage":23,"enemies":"Red Slaver","floor":5,"turns":6},{"damage":25,"enemies":"Lagavulin","floor":7,"turns":6},{"damage":8,"enemies":"Blue Slaver","floor":10,"turns":3},{"damage":14,"enemies":"3 Sentries","floor":11,"turns":8},{"damage":0,"enemies":"Exordium Wildlife","floor":12,"turns":2},{"damage":3,"enemies":"2 Fungi Beasts","floor":13,"turns":3},{"damage":8,"enemies":"3 Louse","floor":14,"turns":3},{"damage":37,"enemies":"Slime Boss","floor":16,"turns":13},{"damage":4,"enemies":"Shell Parasite","floor":18,"turns":7}],"seed_played":"-3050757585753649734","potions_obtained":[{"floor":2,"key":"Regen Potion"},{"floor":4,"key":"DistilledChaos"},{"floor":13,"key":"PowerPotion"},{"floor":14,"key":"Explosive Potion"},{"floor":16,"key":"LiquidMemories"}],"is_trial":false,"path_per_floor":["M","M","?","M","M","R","E","R","T","M","E","M","M","M","R","B",null,"M"],"character_chosen":"DEFECT","items_purchased":[],"campfire_rested":1,"item_purchase_floors":[],"current_hp_per_floor":[74,72,54,61,45,45,27,49,49,48,56,56,60,66,66,43,75,71,71],"gold":432,"neow_bonus":"BOSS_RELIC","is_daily":false,"chose_seed":false,"campfire_upgraded":2,"win_rate":0.0,"timestamp":1612534421,"path_taken":["M","M","?","M","M","R","E","R","T","M","E","M","M","M","R","BOSS","M"],"items_purchased_type":[],"build_version":"2020-12-18","purchased_purges":0,"victory":false,"max_hp_per_floor":[75,75,75,75,75,75,75,75,75,75,75,75,75,75,75,75,75,75,75],"relic_stats":{"Busted Crown":22,"counters":[12,60],"Snecko Eye":[14,11,12,20],"Question Card":6,"Smiling Mask":0,"obtain_stats":[{"Busted Crown":0,"Oddly Smooth Stone":9,"Snecko Eye":17,"Cracked Core":0,"Question Card":7,"Smiling Mask":11},{"Busted Crown":0,"Oddly Smooth Stone":5,"Snecko Eye":11,"Cracked Core":0,"Question Card":5,"Smiling Mask":7},{"Busted Crown":0,"Oddly Smooth Stone":21,"Snecko Eye":53,"Cracked Core":0,"Question Card":21,"Smiling Mask":32}]},"card_choices":[{"not_picked":[],"picked":"Streamline","floor":1},{"not_picked":[],"picked":"Self Repair","floor":2},{"not_picked":["Storm"],"picked":"SKIP","floor":4},{"not_picked":["Turbo"],"picked":"SKIP","floor":5},{"not_picked":["Stack"],"picked":"SKIP","floor":7},{"not_picked":["Steam Power"],"picked":"Sweeping Beam","floor":10},{"not_picked":["Coolheaded"],"picked":"Glacier","floor":11},{"not_picked":["Gash"],"picked":"Steam","floor":12},{"not_picked":["Loop"],"picked":"Self Repair","floor":13},{"not_picked":["Reinforced Body"],"picked":"Coolheaded","floor":14},{"not_picked":["Amplify"],"picked":"Fission","floor":16}],"player_experience":206665,"relics_obtained":[{"floor":7,"key":"Question Card"},{"floor":9,"key":"Oddly Smooth Stone"},{"floor":11,"key":"Smiling Mask"}],"event_choices":[{"damage_healed":0,"gold_gain":0,"player_choice":"Fled","damage_taken":18,"max_hp_gain":0,"max_hp_loss":0,"event_name":"Scrap Ooze","floor":3,"gold_loss":0}],"is_beta":true,"boss_relics":[{"not_picked":["Inserter","Runic Dome"],"picked":"Snecko Eye"}],"items_purged_floors":[],"is_endless":false,"potions_floor_spawned":[2,4,13,14,16],"killed_by":"Shell Parasite","ascension_level":4}}