{"host":"q8ewzd1tf4mqkgtb","time":1612551435,"event":{"mods":["BaseMod","Colored Map","Minty Spire (QoL Compilation)","Relic Stats","StSLib"],"gold_per_floor":[112,112,123,123,138,171,199,199,226,226,242,242,262,274,274,349,349,359,372,62,80,80,80,111,111,111,127,138,156,181,199,199,273,273,286,302,302,302],"floor_reached":37,"language":"ENG","playtime":9743,"items_purged":["Strike_R"],"score":1005,"play_id":"7a3c3b24-e5fb-4861-8c6c-703c319e183f","local_time":"20210205125715","is_ascension_mode":true,"campfire_choices":[{"data":"Feed","floor":8.0,"key":"SMITH"},{"data":"Dual Wield","floor":10.0,"key":"SMITH"},{"data":"Blood for Blood","floor":12.0,"key":"SMITH"},{"data":"Offering","floor":15.0,"key":"SMITH"},{"data":"Feel No Pain","floor":23.0,"key":"SMITH"},{"data":"Dark Embrace","floor":25.0,"key":"SMITH"},{"data":"Corruption","floor":32.0,"key":"SMITH"}],"circlet_count":0,"master_deck":["AscendersBane","Strike_R","Strike_R","Defend_R","Defend_R","Defend_R","Defend_R","Bash","CurseOfTheBell","Feel No Pain+1","Anger","Feed+1","Dual Wield+1","Warcry","Wild Strike","Blood for Blood+1","Second Wind","Offering+1","Shrug It Off","Corruption+1","Shrug It Off","Battle Trance","Shrug It Off","Dark Embrace+1","Warcry","Sentinel","Bloodletting","Shrug It Off","Warcry","Rage+1","Reaper","Pummel","Exhume","Warcry+1","Feel No Pain","Warcry+1","Flex+1"],"relics":["Calling Bell","Nunchaku","Eternal Feather","Prayer Wheel","Lantern","Odd Mushroom","Ancient Tea Set","Runic Pyramid","Frozen Eye","Regal Pillow","InkBottle","Sundial","Cursed Key"],"acts_visited":["Exordium","TheCity","TheBeyond"],"potions_floor_usage":[],"damage_taken":[{"damage":2.0,"enemies":"Cultist","floor":1.0,"turns":4.0},{"damage":14.0,"enemies":"2 Louse","floor":3.0,"turns":3.0},{"damage":8.0,"enemies":"Small Slimes","floor":5.0,"turns":4.0},{"damage":21.0,"enemies":"Lagavulin","floor":6.0,"turns":8.0},{"damage":37.0,"enemies":"The Mushroom Lair","floor":7.0,"turns":5.0},{"damage":11.0,"enemies":"Blue Slaver","floor":11.0,"turns":4.0},{"damage":5.0,"enemies":"Red Slaver","floor":13.0,"turns":3.0},{"damage":12.0,"enemies":"3 Louse","floor":14.0,"turns":4.0},{"damage":47.0,"enemies":"Slime Boss","floor":16.0,"turns":12.0},{"damage":13.0,"enemies":"Chosen","floor":18.0,"turns":6.0},{"damage":16.0,"enemies":"2 Thieves","floor":19.0,"turns":4.0},{"damage":19.0,"enemies":"Snake Plant","floor":21.0,"turns":5.0},{"damage":28.0,"enemies":"Book of Stabbing","floor":24.0,"turns":5.0},{"damage":6.0,"enemies":"Snecko","floor":27.0,"turns":7.0},{"damage":9.0,"enemies":"3 Cultists","floor":28.0,"turns":5.0},{"damage":33.0,"enemies":"Shelled Parasite and Fungi","floor":29.0,"turns":8.0},{"damage":12.0,"enemies":"Gremlin Leader","floor":30.0,"turns":7.0},{"damage":6.0,"enemies":"Snecko","floor":31.0,"turns":7.0},{"damage":18.0,"enemies":"Collector","floor":33.0,"turns":7.0},{"damage":6.0,"enemies":"Orb Walker","floor":35.0,"turns":3.0},{"damage":55.0,"enemies":"3 Darklings","floor":36.0,"turns":7.0},{"damage":0,"enemies":"Maw","floor":37,"turns":1}],"seed_played":"3128335700982573683","potions_obtained":[{"floor":3.0,"key":"Block Potion"},{"floor":5.0,"key":"SpeedPotion"},{"floor":6.0,"key":"BloodPotion"},{"floor":14.0,"key":"FairyPotion"},{"floor":19.0,"key":"BloodPotion"},{"floor":29.0,"key":"BlessingOfTheForge"}],"is_trial":false,"path_per_floor":["M","?","M","?","M","E","?","R","T","R","M","R","M","M","R","B",null,"M","M","$","M","?","R","E","R","T","M","M","M","E","M","R","B",null,"M","M","M"],"character_chosen":"IRONCLAD","items_purchased":["Dark Embrace","Frozen Eye"],"campfire_rested":0,"item_purchase_floors":[20,20],"current_hp_per_floor":[66,71,57,50,45,27,10,19,19,28,17,26,21,13,25,6,71,62,50,50,35,35,50,26,41,41,39,42,17,9,7,25,20,114,116,105,105,105],"gold":302,"neow_bonus":"BOSS_RELIC","is_daily":false,"chose_seed":false,"campfire_upgraded":7,"win_rate":0.0,"timestamp":1612551435,"path_taken":["M","?","M","?","M","E","?","R","T","R","M","R","M","M","R","BOSS","M","M","$","M","?","R","E","R","T","M","?","M","E","M","R","BOSS","M","M","M"],"items_purchased_type":["Card","Relic"],"build_version":"2020-12-22","purchased_purges":1,"victory":false,"max_hp_per_floor":[75,80,80,80,83,86,89,89,89,89,89,89,89,93,93,93,93,97,101,101,105,105,105,109,109,109,113,125,133,137,141,141,145,145,149,153,153,153],"relic_stats":{"Nunchaku":[27],"Regal Pillow":0,"counters":[22,119],"Sundial":[4],"Eternal Feather":87,"Prayer Wheel":15,"Cursed Key":0,"obtain_stats":[{"Lantern":6,"Regal Pillow":24,"Eternal Feather":0,"Odd Mushroom":7,"Ancient Tea Set":9,"Cursed Key":34,"Burning Blood":0,"Calling Bell":0,"Frozen Eye":20,"Nunchaku":0,"Sundial":30,"Prayer Wheel":0,"InkBottle":26,"Runic Pyramid":17},{"Lantern":4,"Regal Pillow":13,"Eternal Feather":0,"Odd Mushroom":5,"Ancient Tea Set":5,"Cursed Key":19,"Burning Blood":0,"Calling Bell":0,"Frozen Eye":11,"Nunchaku":0,"Sundial":17,"Prayer Wheel":0,"InkBottle":13,"Runic Pyramid":9},{"Lantern":19,"Regal Pillow":67,"Eternal Feather":0,"Odd Mushroom":24,"Ancient Tea Set":24,"Cursed Key":108,"Burning Blood":0,"Calling Bell":0,"Frozen Eye":57,"Nunchaku":0,"Sundial":94,"Prayer Wheel":0,"InkBottle":67,"Runic Pyramid":47}],"InkBottle":[23]},"card_choices":[{"not_picked":["Uppercut","Cleave"],"picked":"Feel No Pain","floor":1.0},{"not_picked":["Perfected Strike","Wild Strike"],"picked":"Anger","floor":1.0},{"not_picked":["Pommel Strike","True Grit"],"picked":"Feed","floor":3.0},{"not_picked":["Clothesline","Pommel Strike"],"picked":"Dual Wield","floor":3.0},{"not_picked":["Clash","Iron Wave"],"picked":"Warcry","floor":5.0},{"not_picked":["Metallicize","Body Slam"],"picked":"Wild Strike","floor":5.0},{"not_picked":["Heavy Blade","Sword Boomerang"],"picked":"Blood for Blood","floor":6.0},{"not_picked":["Uppercut","Rupture","Searing Blow"],"picked":"SKIP","floor":11.0},{"not_picked":["Infernal Blade","Dual Wield","Anger"],"picked":"SKIP","floor":11.0},{"not_picked":["Flex","Havoc"],"picked":"Second Wind","floor":13.0},{"not_picked":["Clash","Sever Soul","Iron Wave"],"picked":"SKIP","floor":13.0},{"not_picked":["Twin Strike","True Grit"],"picked":"Offering","floor":14.0},{"not_picked":["Pommel Strike","Sever Soul"],"picked":"Shrug It Off","floor":14.0},{"not_picked":["Offering","Exhume"],"picked":"Corruption","floor":16.0},{"not_picked":["Entrench","Bloodletting"],"picked":"Shrug It Off","floor":18.0},{"not_picked":["Rampage","Anger"],"picked":"Battle Trance","floor":18.0},{"not_picked":["Reckless Charge","Hemokinesis"],"picked":"Shrug It Off","floor":19.0},{"not_picked":["Cleave+1","Uppercut","Flame Barrier"],"picked":"SKIP","floor":19.0},{"not_picked":["Fire Breathing","Twin Strike"],"picked":"Warcry","floor":21.0},{"not_picked":["Clash","Wild Strike","Headbutt"],"picked":"SKIP","floor":21.0},{"not_picked":["Power Through","Havoc"],"picked":"Sentinel","floor":24.0},{"not_picked":["Anger","Rupture"],"picked":"Bloodletting","floor":27.0},{"not_picked":["Iron Wave+1","Reckless Charge","Heavy Blade"],"picked":"SKIP","floor":27.0},{"not_picked":["Combust","Limit Break"],"picked":"Shrug It Off","floor":28.0},{"not_picked":["Iron Wave","Thunderclap"],"picked":"Warcry","floor":28.0},{"not_picked":["Fire Breathing","Rampage+1"],"picked":"Rage+1","floor":29.0},{"not_picked":["Carnage","Heavy Blade","Pommel Strike+1"],"picked":"SKIP","floor":29.0},{"not_picked":["Twin Strike","Rage","Heavy Blade+1"],"picked":"SKIP","floor":30.0},{"not_picked":["Flex","Havoc"],"picked":"Reaper","floor":31.0},{"not_picked":["Heavy Blade","Sword Boomerang"],"picked":"Pummel","floor":31.0},{"not_picked":["Brutality","Immolate"],"picked":"Exhume","floor":33.0},{"not_picked":["Reckless Charge+1","Iron Wave"],"picked":"Warcry+1","floor":35.0},{"not_picked":["Perfected Strike+1","Flex"],"picked":"Feel No Pain","floor":35.0},{"not_picked":["Clash","Searing Blow"],"picked":"Warcry+1","floor":36.0},{"not_picked":["Clash+1","Carnage"],"picked":"Flex+1","floor":36.0}],"player_experience":505783,"relics_obtained":[{"floor":0.0,"key":"Nunchaku"},{"floor":0.0,"key":"Eternal Feather"},{"floor":0.0,"key":"Prayer Wheel"},{"floor":6.0,"key":"Lantern"},{"floor":7.0,"key":"Odd Mushroom"},{"floor":9.0,"key":"Ancient Tea Set"},{"floor":24.0,"key":"Regal Pillow"},{"floor":26.0,"key":"InkBottle"},{"floor":30.0,"key":"Sundial"}],"event_choices":[{"damage_healed":0.0,"max_hp_gain":5.0,"max_hp_loss":0.0,"gold_gain":0.0,"event_name":"Big Fish","player_choice":"Donut","floor":2.0,"gold_loss":0.0,"damage_taken":0.0},{"cards_removed":["Strike_R"],"damage_healed":0.0,"max_hp_gain":0.0,"max_hp_loss":0.0,"gold_gain":0.0,"event_name":"Golden Wing","player_choice":"Card Removal","floor":4.0,"gold_loss":0.0,"damage_taken":7.0},{"damage_healed":0.0,"max_hp_gain":0.0,"max_hp_loss":0.0,"gold_gain":0.0,"event_name":"Mushrooms","player_choice":"Fought Mushrooms","floor":7.0,"gold_loss":0.0,"damage_taken":0.0},{"cards_removed":["Strike_R"],"damage_healed":0.0,"max_hp_gain":0.0,"max_hp_loss":0.0,"gold_gain":0.0,"event_name":"Bonfire Elementals","player_choice":"Offered Basic","floor":22.0,"gold_loss":0.0,"damage_taken":0.0}],"is_beta":false,"boss_relics":[{"not_picked":["Mark of Pain","Ectoplasm"],"picked":"Runic Pyramid"},{"not_picked":["Busted Crown","Runic Cube"],"picked":"Cursed Key"}],"items_purged_floors":[20],"is_endless":false,"potions_floor_spawned":[3,5,6,14,19,29,33],"killed_by":"Maw","ascension_level":20}}