{"host":"yd2pjkbo7craqw2u","time":1612530269,"event":{"mods":["Aspiration","BaseMod","Colored Powertips","Conspire","Downfall","Highlight Path","Marisa£®ÏF”Í°°ƒß¿Ì…≥£©","Minty Spire (QoL Compilation)","Practice Mode","Quick Restart","Replay The Spire","Shop Mod","StSLib","SuperFastMode"],"gold_per_floor":[16,33,33,52,62,62,78,104,104,104,104,124,124,220,220,324,324,338,338,263,263,109,109,119,119,145,145,145,155,184,132,132,132,132],"floor_reached":33,"language":"ZHS","playtime":1356,"items_purged":[],"score":302,"play_id":"3702f030-2965-434a-9a04-5d79d1f6dfac","local_time":"20210205210429","is_ascension_mode":true,"campfire_choices":[{"data":"Mayhem","floor":6,"key":"SMITH"},{"data":"Zap","floor":10,"key":"SMITH"},{"floor":13,"key":"REST"},{"data":"Dualcast","floor":15,"key":"SMITH"},{"data":"Consume","floor":23,"key":"SMITH"},{"data":"conspire:SharedLibrary","floor":25,"key":"SMITH"},{"data":"Coolheaded","floor":27,"key":"SMITH"},{"data":"ReplayTheSpireMod:Fabricate Wheel","floor":32,"key":"SMITH"}],"circlet_count":0,"master_deck":["Strike_B","Strike_B+1","Defend_B+1","Zap+1","Dualcast+1","Mayhem+1","Gash","Coolheaded+1","Neutralize","Expertise","Time Bomb","Turbo","Conserve Battery","Undo","Panic Button","Necronomicurse","Consume+1","ReplayTheSpireMod:Repulse","conspire:SharedLibrary+1","Slimebound:CheckThePlaybook","Turbo","Conserve Battery","Mirror Shield"],"relics":["Cracked Core","aspiration:FetidBarrel","Geode","Coffee Dripper","Prayer Wheel","Necronomicon","Chemical X","Simple Rune","MerchantsRug","Prayer Wheel"],"acts_visited":["Exordium","TheCity"],"potions_floor_usage":[16,16,30,30,30,30],"damage_taken":[{"damage":0,"enemies":"Cultist","floor":1,"turns":3},{"damage":7,"enemies":"Small Slimes","floor":2,"turns":4},{"damage":0,"enemies":"2 Louse","floor":4,"turns":2},{"damage":11,"enemies":"2 Fungi Beasts","floor":5,"turns":3},{"damage":10,"enemies":"Looter","floor":7,"turns":4},{"damage":32,"enemies":"Gremlin Nob","floor":8,"turns":4},{"damage":0,"enemies":"Large Slime","floor":12,"turns":4},{"damage":10,"enemies":"The Guardian","floor":16,"turns":8},{"damage":16,"enemies":"Chosen","floor":18,"turns":6},{"damage":13,"enemies":"3 Byrds","floor":24,"turns":6},{"damage":6,"enemies":"Cultist and Chosen","floor":29,"turns":4},{"damage":5,"enemies":"Book of Stabbing","floor":30,"turns":3},{"damage":24,"enemies":"Pondfish","floor":33,"turns":4}],"seed_played":"-843200118382749428","potions_obtained":[{"floor":1,"key":"PowerPotion"},{"floor":2,"key":"EntropicBrew"},{"floor":5,"key":"FocusPotion"},{"floor":18,"key":"Swift Potion"},{"floor":29,"key":"SkillPotion"},{"floor":30,"key":"Venom Potion"}],"is_trial":false,"path_per_floor":["M","M","?","M","M","R","M","E","T","R","?","M","R","?","R","B",null,"M","?","?","?","$","R","M","R","T","R","?","M","E","$","R","B"],"character_chosen":"DEFECT","items_purchased":["Chemical X","MerchantsRug"],"campfire_rested":1,"item_purchase_floors":[22,31],"current_hp_per_floor":[75,68,68,68,57,57,47,15,15,15,8,8,30,30,30,20,75,59,43,43,43,43,43,30,30,30,30,30,24,19,19,19,0,0],"gold":132,"neow_bonus":"RANDOM_COLORLESS_2","is_daily":false,"chose_seed":false,"campfire_upgraded":7,"win_rate":0.0,"timestamp":1612530269,"path_taken":["M","?","?","M","?","R","M","E","T","R","?","M","R","?","R","BOSS","M","?","?","?","$","R","M","R","T","R","?","?","E","?","R","BOSS"],"items_purchased_type":["Relic","Relic"],"build_version":"2020-12-22","purchased_purges":0,"victory":false,"max_hp_per_floor":[75,75,75,75,75,75,75,75,75,75,75,75,75,75,75,75,75,75,75,75,75,75,75,75,75,75,75,68,68,68,68,68,68,68],"card_choices":[{"not_picked":["Violence","Secret Weapon"],"picked":"Mayhem","floor":0},{"not_picked":["BootSequence","Hologram"],"picked":"Gash","floor":1},{"not_picked":["Redo","Auto Shields"],"picked":"Coolheaded","floor":2},{"not_picked":["BootSequence","Redo","Double Energy"],"picked":"SKIP","floor":4},{"not_picked":["Sunder","Aggregate"],"picked":"Time Bomb","floor":5},{"not_picked":["Ball Lightning","Hyperbeam"],"picked":"Turbo","floor":7},{"not_picked":["Leap","Coolheaded","Rainbow"],"picked":"SKIP","floor":8},{"not_picked":["Steam","Crystallizer","Coolheaded"],"picked":"SKIP","floor":12},{"not_picked":["Streamline","Gash"],"picked":"Conserve Battery","floor":14},{"not_picked":["Streamline","Scrape"],"picked":"Undo","floor":14},{"not_picked":["Core Surge","Mirror Shield"],"picked":"ReplayTheSpireMod:Fabricate Wheel","floor":16},{"not_picked":["Conserve Battery","Reinforced Body+1"],"picked":"Panic Button","floor":18},{"not_picked":["Panic Button","Reinforced Body","Stack"],"picked":"SKIP","floor":18},{"not_picked":["BasicCrystalCard","Hello World"],"picked":"conspire:SharedLibrary","floor":24},{"not_picked":["Ball Lightning","BasicCrystalCard","Consume"],"picked":"SKIP","floor":24},{"not_picked":["Crystallizer","Recycle"],"picked":"ReplayTheSpireMod:Fabricate Wheel","floor":29},{"not_picked":["Ball Lightning","Panic Button"],"picked":"Turbo","floor":29},{"not_picked":["Skim","Hyperbeam"],"picked":"Conserve Battery","floor":30}],"player_experience":291617,"relics_obtained":[{"floor":8,"key":"aspiration:FetidBarrel"},{"floor":9,"key":"Geode"},{"floor":19,"key":"Necronomicon"},{"floor":26,"key":"Simple Rune"},{"floor":30,"key":"Regal Pillow"}],"event_choices":[{"cards_removed":["m_BronzeSurvivor"],"damage_healed":0,"gold_gain":0,"player_choice":"Card Removal","damage_taken":7,"max_hp_gain":0,"max_hp_loss":0,"event_name":"Golden Wing","floor":11,"gold_loss":0},{"damage_healed":0,"gold_gain":0,"player_choice":"Obtained Book","damage_taken":16,"max_hp_gain":0,"max_hp_loss":0,"event_name":"Cursed Tome","floor":19,"gold_loss":0},{"cards_removed":["ReplayTheSpireMod:Splinters"],"damage_healed":0,"gold_gain":0,"player_choice":"Gave Gold","damage_taken":0,"max_hp_gain":0,"max_hp_loss":0,"event_name":"Beggar","floor":20,"gold_loss":75},{"damage_healed":0,"gold_gain":0,"cards_transformed":["Strike_B","Defend_B"],"player_choice":"Became Test Subject","damage_taken":0,"max_hp_gain":0,"max_hp_loss":0,"event_name":"Drug Dealer","floor":21,"gold_loss":0,"cards_obtained":["Consume","ReplayTheSpireMod:Repulse"]}],"is_beta":false,"boss_relics":[{"not_picked":["conspire:SlowCooker","Replay:Wanted Poster"],"picked":"Coffee Dripper"}],"items_purged_floors":[],"is_endless":false,"potions_floor_spawned":[1,2,5,12,18,29,30],"killed_by":"Pondfish","ascension_level":3}}