{"host":"tr12w2fixbnujl15","time":1612564347,"event":{"mods":["100% Spire Juice","2.2 Compatiblity","A Penny For Your Troubles","Arknights","BaseMod","Better Skull","Better Vampires","BetterRewards","CapriCore","Clockwork Mod","Colored Powertips","Evolution","Gremlin Skip","Hermit","Hubris","Infinite Spire","JesterMod","Kalas","KinomotoSakuraMod(????)","Koishi","Mad Scientist","Magitek Elite","Mathematician","Minty Spire (QoL Compilation)","Permanent Neow","Quick Restart","Reimu??????","Relic Filter","Remilia_Scarlet Moed?????·?????3.3.5","Replay The Spire","Shop Mod","StSLib","SuperFastMode","The Accelerator","The Bug Knight","The Construct","The Cursed","The Hayseed","The Hierophant","The Immortal","The Mystic","The Necromancer","The Runesmith","The Sage","The Senshi","The Servant 0.9.4","The Spell Scribe","The Vixen","TheFirefly","TheSwordswoman","TheVelvet","Transform Curses","WarShipGirlsR/????R mod","Yakumo Yukari mod","[IsaacMod]????"],"gold_per_floor":[118,118,138,138,157,157,170,189,235,235,310,320,320,152,152,256,256,275,275,275,287,302,302,302,302,302],"floor_reached":24,"language":"ENG","playtime":686,"items_purged":[],"score":188,"play_id":"90307057-e257-4e50-9b31-e87444f2b90a","local_time":"20210205173227","is_ascension_mode":false,"campfire_choices":[{"floor":6,"key":"REST"},{"floor":10,"key":"REST"},{"floor":15,"key":"REST"},{"floor":23,"key":"REST"}],"circlet_count":0,"master_deck":["MokouMod:FlickeringFlame","MokouMod:Strike","MokouMod:Strike","MokouMod:Strike","MokouMod:Strike","MokouMod:Defend","MokouMod:Defend","MokouMod:Defend","MokouMod:Defend","MokouMod:HeatSpark","MokouMod:Geothermal","MokouMod:FujiyamaVolcano","MokouMod:Trailblazer","infinitespire:SevenWalls","MokouMod:BlazingComet","MokouMod:HouraiForge","MokouMod:Fireball","MokouMod:Ventilation","MokouMod:IndiscriminateIgnition","MokouMod:SpontaneousHumanCombustion","MokouMod:Ember","MokouMod:InfernalWave","MokouMod:SearingShot","MokouMod:Sear+1"],"relics":["MokouMod:PhoenixFeather","EVO:Axolotl","HushsDoor","DoctorsRemote","CultistMask","Mastiff:ReiMu","Juzu Bracelet","MerchantsRug","Gem_Box"],"acts_visited":["Exordium","TheCity"],"potions_floor_usage":[16,16,24],"damage_taken":[{"damage":1,"enemies":"Cultist","floor":1,"turns":3},{"damage":7,"enemies":"2 Louse","floor":3,"turns":3},{"damage":7,"enemies":"Jaw Worm","floor":5,"turns":3},{"damage":8,"enemies":"Red Slaver","floor":7,"turns":3},{"damage":18,"enemies":"Exordium Wildlife","floor":8,"turns":4},{"damage":10,"enemies":"Looter","floor":12,"turns":3},{"damage":20,"enemies":"Hexaghost","floor":16,"turns":7},{"damage":10,"enemies":"Spheric Guardian","floor":18,"turns":3},{"damage":22,"enemies":"Shell Parasite","floor":21,"turns":4},{"damage":42,"enemies":"Snake Plant","floor":22,"turns":5},{"damage":52,"enemies":"Centurion and Healer","floor":24,"turns":5}],"seed_played":"-3636161255363236030","potions_obtained":[{"floor":3,"key":"Weak Potion"},{"floor":7,"key":"LiquidMemories"},{"floor":16,"key":"FearPotion"},{"floor":21,"key":"FearPotion"}],"is_trial":false,"path_per_floor":["M","?","M","?","M","R","M","M","T","R","?","M","?","$","R","B",null,"M","?","?","M","M","R","M"],"character_chosen":"MKU","items_purchased":["MerchantsRug","MokouMod:IndiscriminateIgnition"],"campfire_rested":4,"item_purchase_floors":[14,14],"current_hp_per_floor":[74,74,67,50,43,65,57,39,39,61,50,40,33,33,55,35,75,65,65,65,43,1,23,18,18,18],"gold":302,"neow_bonus":"ONE_RANDOM_RARE_CARD","is_daily":false,"chose_seed":false,"campfire_upgraded":0,"win_rate":0.0,"timestamp":1612564347,"path_taken":["M","?","M","?","M","R","M","?","T","R","?","?","?","$","R","BOSS","M","?","?","M","M","R","M"],"items_purchased_type":["Relic","Card"],"build_version":"2020-12-22","purchased_purges":0,"victory":false,"max_hp_per_floor":[75,75,75,75,75,75,75,75,75,75,75,75,75,75,75,75,75,75,75,75,75,75,75,75,75,75],"card_choices":[{"not_picked":[],"picked":"Bomb","floor":0},{"not_picked":["MokouMod:BurningDraft","MokouMod:Meltdown"],"picked":"MokouMod:FujiyamaVolcano","floor":1},{"not_picked":["MokouMod:InfernalWave","MokouMod:Sear"],"picked":"MokouMod:Trailblazer","floor":3},{"not_picked":["infinitespire:Collect","infinitespire:DeathsTouch"],"picked":"infinitespire:SevenWalls","floor":4},{"not_picked":["MokouMod:FlickeringFlame","MokouMod:GuidingSmoke"],"picked":"MokouMod:BlazingComet","floor":5},{"not_picked":["MokouMod:AdaptivePyromancy","MokouMod:BurningDraft"],"picked":"MokouMod:HouraiForge","floor":7},{"not_picked":["MokouMod:AdaptivePyromancy","MokouMod:Burn"],"picked":"MokouMod:Fireball","floor":8},{"not_picked":["MokouMod:UncontrollableSolarReaction","MokouMod:ResonanceReactor"],"picked":"MokouMod:Ventilation","floor":12},{"not_picked":["MokouMod:HouraiForge","MokouMod:RadiantBlade"],"picked":"MokouMod:SpontaneousHumanCombustion","floor":16},{"not_picked":["MokouMod:BurningDraft+1","MokouMod:Firecracker"],"picked":"MokouMod:Ember","floor":18},{"not_picked":["MokouMod:BurningDraft","MokouMod:Overheat"],"picked":"MokouMod:SearingShot","floor":21},{"not_picked":["MokouMod:GuidingSmoke","MokouMod:ThermalPressure"],"picked":"MokouMod:Sear+1","floor":22}],"player_experience":96151,"relics_obtained":[{"floor":9,"key":"Mastiff:ReiMu"}],"event_choices":[{"damage_healed":0,"gold_gain":0,"player_choice":"Trade","damage_taken":0,"relics_obtained":["CultistMask"],"max_hp_gain":0,"max_hp_loss":0,"event_name":"FaceTrader","floor":2,"gold_loss":0},{"damage_healed":0,"gold_gain":75,"player_choice":"Gather Gold","damage_taken":11,"max_hp_gain":0,"max_hp_loss":0,"event_name":"World of Goop","floor":11,"gold_loss":0},{"damage_healed":0,"gold_gain":0,"player_choice":"Success","damage_taken":7,"relics_obtained":["Juzu Bracelet"],"max_hp_gain":0,"max_hp_loss":0,"event_name":"Scrap Ooze","floor":13,"gold_loss":0},{"damage_healed":0,"gold_gain":0,"player_choice":"1 cards matched","damage_taken":0,"max_hp_gain":0,"max_hp_loss":0,"event_name":"Match and Keep!","floor":20,"gold_loss":0,"cards_obtained":["MokouMod:InfernalWave"]}],"is_beta":false,"boss_relics":[{"not_picked":["Tiny House","Replay:Wanted Poster"],"picked":"Gem_Box"},{"not_picked":[]}],"items_purged_floors":[],"is_endless":false,"potions_floor_spawned":[3,7,16,21],"killed_by":"Centurion and Healer","ascension_level":0}}