{"host":"Vegetablebread","time":1612550685,"event":{"mods":["BaseMod","Bestiary","Minty Spire (QoL Compilation)","Relic Stats","Slay the Relics Exporter"],"gold_per_floor":[115,215,230,249,268,296,296,327,327,346,346,362,391,408,408,486,486,502,502,525,536,67,92,92,124,176,195,195,195,195,205,205,205,205],"floor_reached":33,"language":"ENG","playtime":4198,"items_purged":["Strike_R"],"score":664,"play_id":"cb3c5e9a-64ec-4182-a079-97b11aa2d16e","local_time":"20210205104445","is_ascension_mode":true,"campfire_choices":[{"data":"Combust","floor":7,"key":"SMITH"},{"data":"Fiend Fire","floor":11,"key":"SMITH"},{"floor":15,"key":"REST"},{"data":"RitualDagger","floor":24,"key":"SMITH"},{"data":"Spot Weakness","floor":28,"key":"SMITH"},{"data":"Burning Pact","floor":32,"key":"SMITH"}],"circlet_count":0,"master_deck":["AscendersBane","Strike_R","Strike_R","Strike_R","Strike_R","Defend_R","Defend_R","Defend_R","Defend_R","Bash","Twin Strike","Spot Weakness+1","Combust+1","Twin Strike","Wild Strike","Fiend Fire+1","Shrug It Off","Offering","Power Through","Reaper","Burning Pact+1","RitualDagger+1","True Grit+1","Disarm+1","Burning Pact+1","Spot Weakness+1","Shockwave+1","Ghostly+1","Ghostly+1","Ghostly+1","True Grit+1"],"relics":["Burning Blood","Tiny Chest","MealTicket","Dream Catcher","Red Skull","White Beast Statue","Velvet Choker","PreservedInsect","Toxic Egg 2","Centennial Puzzle","Bottled Flame","Nunchaku"],"acts_visited":["Exordium","TheCity"],"potions_floor_usage":[6,6,16,23,25,27,27,33,33],"damage_taken":[{"damage":2,"enemies":"Small Slimes","floor":1,"turns":5},{"damage":1,"enemies":"Cultist","floor":3,"turns":3},{"damage":9,"enemies":"Jaw Worm","floor":4,"turns":4},{"damage":27,"enemies":"Large Slime","floor":5,"turns":6},{"damage":2,"enemies":"Lagavulin","floor":6,"turns":4},{"damage":28,"enemies":"3 Sentries","floor":8,"turns":5},{"damage":0,"enemies":"3 Louse","floor":10,"turns":2},{"damage":8,"enemies":"2 Fungi Beasts","floor":12,"turns":2},{"damage":29,"enemies":"Lagavulin","floor":13,"turns":6},{"damage":7,"enemies":"Looter","floor":14,"turns":2},{"damage":34,"enemies":"Slime Boss","floor":16,"turns":5},{"damage":5,"enemies":"3 Byrds","floor":18,"turns":4},{"damage":12,"enemies":"2 Thieves","floor":21,"turns":3},{"damage":20,"enemies":"Slavers","floor":23,"turns":4},{"damage":40,"enemies":"Gremlin Leader","floor":25,"turns":4},{"damage":25,"enemies":"Sentry and Sphere","floor":27,"turns":4},{"damage":27,"enemies":"Shelled Parasite and Fungi","floor":31,"turns":4},{"damage":34,"enemies":"Automaton","floor":33,"turns":10}],"seed_played":"-7767792407511780287","potions_obtained":[{"floor":4,"key":"PowerPotion"},{"floor":5,"key":"BlessingOfTheForge"},{"floor":13,"key":"ColorlessPotion"},{"floor":14,"key":"Fire Potion"},{"floor":16,"key":"SpeedPotion"},{"floor":18,"key":"DistilledChaos"},{"floor":23,"key":"SkillPotion"},{"floor":25,"key":"BlessingOfTheForge"},{"floor":27,"key":"LiquidBronze"},{"floor":31,"key":"Weak Potion"}],"is_trial":false,"path_per_floor":["M","?","M","M","M","E","R","E","T","M","R","M","E","M","R","B",null,"M","?","T","M","$","E","R","E","T","M","R","?","?","M","R","B"],"character_chosen":"IRONCLAD","items_purchased":["Toxic Egg 2","True Grit+1","Disarm+1"],"campfire_rested":1,"item_purchase_floors":[22,22,22],"current_hp_per_floor":[72,72,75,72,51,55,55,33,33,39,39,37,14,13,35,7,58,64,58,58,52,67,60,60,41,41,33,33,33,33,16,16,0,0],"gold":205,"neow_bonus":"RANDOM_COMMON_RELIC","is_daily":false,"chose_seed":false,"campfire_upgraded":5,"win_rate":0.0,"timestamp":1612550685,"path_taken":["M","?","?","M","M","E","R","E","T","M","R","M","E","M","R","BOSS","M","?","?","M","$","E","R","E","T","M","R","?","?","M","R","BOSS"],"items_purchased_type":["Relic","Card","Card"],"build_version":"2020-12-18","purchased_purges":1,"victory":false,"max_hp_per_floor":[75,75,75,75,75,75,75,75,75,75,75,75,75,75,75,75,75,75,75,75,75,75,75,75,75,75,75,75,75,37,37,37,37,37],"relic_stats":{"Dream Catcher":1,"Centennial Puzzle":[12],"Nunchaku":[2],"counters":[18,77],"Tiny Chest":1,"MealTicket":15,"PreservedInsect":91,"obtain_stats":[{"Dream Catcher":8,"Centennial Puzzle":23,"Bottled Flame":25,"Nunchaku":26,"Velvet Choker":17,"Tiny Chest":0,"MealTicket":6,"PreservedInsect":20,"Toxic Egg 2":22,"Burning Blood":0,"Red Skull":9,"White Beast Statue":13},{"Dream Catcher":6,"Centennial Puzzle":14,"Bottled Flame":15,"Nunchaku":15,"Velvet Choker":11,"Tiny Chest":0,"MealTicket":5,"PreservedInsect":12,"Toxic Egg 2":13,"Burning Blood":0,"Red Skull":6,"White Beast Statue":9},{"Dream Catcher":27,"Centennial Puzzle":55,"Bottled Flame":59,"Nunchaku":59,"Velvet Choker":44,"Tiny Chest":0,"MealTicket":22,"PreservedInsect":48,"Toxic Egg 2":51,"Burning Blood":0,"Red Skull":27,"White Beast Statue":37}],"Burning Blood":100},"card_choices":[{"not_picked":["Bloodletting","Warcry"],"picked":"Twin Strike","floor":1},{"not_picked":["Wild Strike","Cleave"],"picked":"Spot Weakness","floor":3},{"not_picked":["Intimidate","Clash"],"picked":"Combust","floor":4},{"not_picked":["Dropkick","Dark Embrace"],"picked":"Twin Strike","floor":5},{"not_picked":["Perfected Strike","Havoc"],"picked":"Wild Strike","floor":6},{"not_picked":["Reckless Charge","Flame Barrier"],"picked":"Fiend Fire","floor":8},{"not_picked":["Carnage","Warcry","Uppercut"],"picked":"SKIP","floor":10},{"not_picked":["Anger","Thunderclap"],"picked":"Shrug It Off","floor":12},{"not_picked":["Dark Embrace","Uppercut"],"picked":"Offering","floor":13},{"not_picked":["Havoc","Flex","Searing Blow"],"picked":"SKIP","floor":14},{"not_picked":["Clothesline","Blood for Blood"],"picked":"Power Through","floor":15},{"not_picked":["Bludgeon","Brutality"],"picked":"Reaper","floor":16},{"not_picked":["Feel No Pain","Flex"],"picked":"Burning Pact","floor":18},{"not_picked":["Wild Strike","Seeing Red","Twin Strike"],"picked":"SKIP","floor":21},{"not_picked":["Searing Blow","Sentinel+1","Iron Wave"],"picked":"SKIP","floor":23},{"not_picked":["Sentinel+1","Havoc+1"],"picked":"Burning Pact+1","floor":25},{"not_picked":["Ghostly Armor+1","Warcry+1"],"picked":"Spot Weakness+1","floor":27},{"not_picked":["Body Slam+1","Thunderclap"],"picked":"True Grit+1","floor":31}],"player_experience":10451356,"relics_obtained":[{"floor":6,"key":"MealTicket"},{"floor":8,"key":"Dream Catcher"},{"floor":9,"key":"Red Skull"},{"floor":13,"key":"White Beast Statue"},{"floor":20,"key":"PreservedInsect"},{"floor":23,"key":"Centennial Puzzle"},{"floor":25,"key":"Bottled Flame"},{"floor":26,"key":"Nunchaku"}],"event_choices":[{"damage_healed":0,"gold_gain":100,"player_choice":"Gold","damage_taken":0,"max_hp_gain":0,"max_hp_loss":0,"event_name":"Wheel of Change","floor":2,"gold_loss":0},{"damage_healed":0,"gold_gain":0,"player_choice":"Joined the Cult","damage_taken":6,"max_hp_gain":0,"max_hp_loss":0,"event_name":"Nest","floor":19,"gold_loss":0,"cards_obtained":["RitualDagger"]},{"damage_healed":0,"gold_gain":0,"player_choice":"Read","damage_taken":0,"max_hp_gain":0,"max_hp_loss":0,"event_name":"The Library","floor":29,"gold_loss":0,"cards_obtained":["Shockwave"]},{"damage_healed":0,"gold_gain":0,"player_choice":"Became a Ghost","damage_taken":0,"max_hp_gain":0,"max_hp_loss":38,"event_name":"Ghosts","floor":30,"gold_loss":0,"cards_obtained":["Ghostly","Ghostly","Ghostly"]}],"is_beta":true,"boss_relics":[{"not_picked":["Runic Dome","Snecko Eye"],"picked":"Velvet Choker"}],"items_purged_floors":[22],"is_endless":false,"potions_floor_spawned":[4,5,13,14,16,18,21,23,25,27,31],"killed_by":"Automaton","ascension_level":20}}