{"host":"gfxjwtol062e9znw","time":1612518452,"event":{"mods":["BaseMod","Colored Map","Minty Spire (QoL Compilation)","Rare Cards Sparkle"],"gold_per_floor":[10,30,43,43,55,55,72,72,72,99,99,113,142,154,154,255,255,275,350,368,2,20,48,48,78,133,133,150,50,62,73,73,170,170,184,132,182,198,214,214,244,244,244,254,254,270,270,288,288,288],"floor_reached":51,"language":"ENG","playtime":3931,"items_purged":["Defend_R","Defend_R"],"score":1012,"play_id":"e4c60d35-4d75-4440-b435-4205e24ff279","local_time":"20210205204732","is_ascension_mode":true,"campfire_choices":[{"data":"Fire Breathing","floor":6.0,"key":"SMITH"},{"data":"True Grit","floor":8.0,"key":"SMITH"},{"data":"Disarm","floor":15.0,"key":"SMITH"},{"data":"Body Slam","floor":24.0,"key":"SMITH"},{"data":"Demon Form","floor":27.0,"key":"SMITH"},{"data":"Heavy Blade","floor":32.0,"key":"SMITH"},{"data":"Whirlwind","floor":40.0,"key":"SMITH"},{"floor":42.0,"key":"REST"},{"data":"Double Tap","floor":45.0,"key":"SMITH"},{"data":"Sword Boomerang","floor":47,"key":"SMITH"},{"data":"Limit Break","floor":49,"key":"SMITH"}],"circlet_count":0,"master_deck":["Strike_R","Strike_R","Strike_R","Strike_R","Defend_R","Bash","Armaments","Iron Wave","Rampage","Ghostly Armor","Pommel Strike","Fire Breathing+1","True Grit+1","Shrug It Off","Whirlwind+1","Disarm+1","Reaper","Power Through","Body Slam+1","Sword Boomerang+1","Demon Form+1","Heavy Blade+1","Flame Barrier+1","Infernal Blade+1","Whirlwind+1","Sword Boomerang+1","Double Tap+1","Intimidate+1","Limit Break+1"],"relics":["Black Blood","Akabeko","Anchor","Odd Mushroom","HornCleat","SlaversCollar","FossilizedHelix","Bronze Scales","Pantograph","Nunchaku","TungstenRod","Shuriken","Regal Pillow"],"acts_visited":["Exordium","TheCity","TheBeyond"],"potions_floor_usage":[46,46,50,50],"damage_taken":[{"damage":1.0,"enemies":"2 Louse","floor":1.0,"turns":3.0},{"damage":12.0,"enemies":"Jaw Worm","floor":2.0,"turns":3.0},{"damage":1.0,"enemies":"Small Slimes","floor":3.0,"turns":4.0},{"damage":0.0,"enemies":"2 Fungi Beasts","floor":5.0,"turns":3.0},{"damage":14.0,"enemies":"Large Slime","floor":7.0,"turns":7.0},{"damage":4.0,"enemies":"The Mushroom Lair","floor":10.0,"turns":6.0},{"damage":0.0,"enemies":"3 Louse","floor":12.0,"turns":3.0},{"damage":21.0,"enemies":"Lagavulin","floor":13.0,"turns":8.0},{"damage":1.0,"enemies":"Looter","floor":14.0,"turns":2.0},{"damage":22.0,"enemies":"The Guardian","floor":16.0,"turns":14.0},{"damage":0.0,"enemies":"3 Byrds","floor":18.0,"turns":6.0},{"damage":18.0,"enemies":"Shell Parasite","floor":20.0,"turns":8.0},{"damage":8.0,"enemies":"Chosen and Byrds","floor":22.0,"turns":5.0},{"damage":23.0,"enemies":"Book of Stabbing","floor":23.0,"turns":8.0},{"damage":0.0,"enemies":"Slavers","floor":25.0,"turns":6.0},{"damage":0.0,"enemies":"Snecko","floor":28.0,"turns":4.0},{"damage":25.0,"enemies":"3 Cultists","floor":30.0,"turns":6.0},{"damage":0.0,"enemies":"Shelled Parasite and Fungi","floor":31.0,"turns":5.0},{"damage":5.0,"enemies":"Champ","floor":33.0,"turns":9.0},{"damage":14.0,"enemies":"3 Shapes","floor":35.0,"turns":6.0},{"damage":0.0,"enemies":"Mind Bloom Boss Battle","floor":37.0,"turns":7.0},{"damage":35.0,"enemies":"Orb Walker","floor":38.0,"turns":6.0},{"damage":21.0,"enemies":"Writhing Mass","floor":39.0,"turns":7.0},{"damage":52.0,"enemies":"Reptomancer","floor":41.0,"turns":5.0},{"damage":12.0,"enemies":"4 Shapes","floor":44.0,"turns":3.0},{"damage":13,"enemies":"Transient","floor":46,"turns":5},{"damage":9,"enemies":"Maw","floor":48,"turns":7},{"damage":88,"enemies":"Donu and Deca","floor":50,"turns":8}],"seed_played":"8992648171298815392","potions_obtained":[{"floor":1.0,"key":"SkillPotion"},{"floor":2.0,"key":"SkillPotion"},{"floor":12.0,"key":"PowerPotion"},{"floor":14.0,"key":"BloodPotion"},{"floor":16.0,"key":"EssenceOfSteel"},{"floor":25.0,"key":"Strength Potion"},{"floor":28.0,"key":"Dexterity Potion"},{"floor":30.0,"key":"Dexterity Potion"},{"floor":31.0,"key":"Block Potion"},{"floor":41.0,"key":"Block Potion"},{"floor":44.0,"key":"SneckoOil"},{"floor":48,"key":"DistilledChaos"}],"is_trial":false,"path_per_floor":["M","M","M","?","M","R","M","R","T","?","?","M","E","M","R","B",null,"M","?","M","$","M","E","R","E","T","R","M","$","M","M","R","B",null,"M","$","?","M","M","R","E","R","T","M","R","M","R","M","R","B",null],"character_chosen":"IRONCLAD","items_purchased":["FossilizedHelix","Energy Potion"],"campfire_rested":1,"item_purchase_floors":[21,36],"current_hp_per_floor":[77,71,76,73,79,79,71,71,71,73,78,84,69,74,74,58,78,85,77,65,65,69,64,64,78,78,78,85,85,66,75,75,85,85,83,83,85,72,75,75,43,68,68,68,68,67,67,70,70,48],"gold":288,"neow_bonus":"TRANSFORM_TWO_CARDS","is_daily":false,"chose_seed":false,"campfire_upgraded":10,"win_rate":0.0,"timestamp":1612518452,"path_taken":["M","M","M","?","M","R","M","R","T","?","?","M","E","M","R","BOSS","M","?","M","$","M","E","R","E","T","R","M","$","M","M","R","BOSS","M","?","?","M","M","R","E","R","T","M","R","M","R","M","R","BOSS"],"items_purchased_type":["Relic","Potion"],"build_version":"2020-12-22","purchased_purges":2,"victory":true,"max_hp_per_floor":[80,80,80,80,80,80,80,80,80,80,85,85,85,85,85,85,85,85,85,85,85,85,85,85,85,85,85,85,85,85,85,85,85,85,85,85,85,85,85,85,85,85,85,85,85,85,85,85,85,85],"card_choices":[{"not_picked":["Whirlwind","Shockwave"],"picked":"Rampage","floor":1.0},{"not_picked":["Armaments","Flex"],"picked":"Ghostly Armor","floor":2.0},{"not_picked":["Sword Boomerang","Iron Wave"],"picked":"Pommel Strike","floor":3.0},{"not_picked":["Thunderclap","Headbutt"],"picked":"Fire Breathing","floor":5.0},{"not_picked":["Juggernaut","Evolve"],"picked":"True Grit","floor":7.0},{"not_picked":["Clash","Sword Boomerang"],"picked":"Shrug It Off","floor":10.0},{"not_picked":["Pummel","Blood for Blood"],"picked":"Whirlwind","floor":12.0},{"not_picked":["Havoc","Evolve","Flex"],"picked":"SKIP","floor":13.0},{"not_picked":["Corruption","Anger"],"picked":"Disarm","floor":14.0},{"not_picked":["Bludgeon","Corruption"],"picked":"Reaper","floor":16.0},{"not_picked":["Reckless Charge","Headbutt"],"picked":"Power Through","floor":18.0},{"not_picked":["True Grit","Anger"],"picked":"Body Slam","floor":20.0},{"not_picked":["Iron Wave+1","Flex","Rampage"],"picked":"SKIP","floor":22.0},{"not_picked":["Flex","True Grit+1"],"picked":"Sword Boomerang","floor":23.0},{"not_picked":["Infernal Blade","Bloodletting"],"picked":"Demon Form","floor":25.0},{"not_picked":["Evolve","Rage"],"picked":"Heavy Blade","floor":28.0},{"not_picked":["Bloodletting","Whirlwind","Clash"],"picked":"SKIP","floor":30.0},{"not_picked":["Fire Breathing","Disarm","Headbutt"],"picked":"SKIP","floor":31.0},{"not_picked":["Body Slam","Headbutt+1"],"picked":"Flame Barrier+1","floor":35.0},{"not_picked":["Havoc+1","Pummel"],"picked":"Infernal Blade+1","floor":37.0},{"not_picked":["True Grit","Twin Strike"],"picked":"Whirlwind+1","floor":38.0},{"not_picked":["Body Slam+1","Infernal Blade+1"],"picked":"Sword Boomerang+1","floor":39.0},{"not_picked":["Blood for Blood","Thunderclap"],"picked":"Double Tap","floor":41.0},{"not_picked":["Body Slam","Pommel Strike+1"],"picked":"Intimidate+1","floor":44.0},{"not_picked":["Anger","Intimidate","Clothesline"],"picked":"SKIP","floor":46},{"not_picked":["Rampage+1","Blood for Blood+1"],"picked":"Limit Break","floor":48}],"player_experience":87341,"relics_obtained":[{"floor":9.0,"key":"Anchor"},{"floor":10.0,"key":"Odd Mushroom"},{"floor":13.0,"key":"HornCleat"},{"floor":23.0,"key":"Bronze Scales"},{"floor":25.0,"key":"Pantograph"},{"floor":26.0,"key":"Nunchaku"},{"floor":37.0,"key":"TungstenRod"},{"floor":41.0,"key":"Shuriken"},{"floor":43.0,"key":"Regal Pillow"}],"event_choices":[{"damage_healed":0.0,"max_hp_gain":0.0,"max_hp_loss":0.0,"gold_gain":0.0,"event_name":"Scrap Ooze","player_choice":"Success","floor":4.0,"gold_loss":0.0,"damage_taken":3.0,"relics_obtained":["Akabeko"]},{"damage_healed":0.0,"max_hp_gain":0.0,"max_hp_loss":0.0,"gold_gain":0.0,"event_name":"Mushrooms","player_choice":"Fought Mushrooms","floor":10.0,"gold_loss":0.0,"damage_taken":0.0},{"damage_healed":0.0,"max_hp_gain":5.0,"max_hp_loss":0.0,"gold_gain":0.0,"event_name":"Big Fish","player_choice":"Donut","floor":11.0,"gold_loss":0.0,"damage_taken":0.0},{"damage_healed":0.0,"max_hp_gain":0.0,"max_hp_loss":0.0,"gold_gain":75.0,"event_name":"FaceTrader","player_choice":"Touch","floor":19.0,"gold_loss":0.0,"damage_taken":8.0},{"damage_healed":0.0,"max_hp_gain":0.0,"max_hp_loss":0.0,"gold_gain":0.0,"event_name":"MindBloom","player_choice":"Fight","floor":37.0,"gold_loss":0.0,"damage_taken":0.0}],"is_beta":false,"boss_relics":[{"not_picked":["Astrolabe","Calling Bell"],"picked":"SlaversCollar"},{"not_picked":["Fusion Hammer","SacredBark"],"picked":"Black Blood"}],"items_purged_floors":[21,29],"is_endless":false,"potions_floor_spawned":[1,2,12,14,16,25,28,30,31,38,41,44,48],"ascension_level":9}}