{"host":"skr63qsdfgeey3it","time":1612559086,"event":{"mods":["BaseMod","Colored Map","Hubris","Minty Spire (QoL Compilation)","Monster B Gone","Reliquary","Replay The Spire","Spicy Shops","StSLib"],"gold_per_floor":[112,112,127,145,1,34,34,45,124,124,141,151,151,151,151,223,223,243,243,243,342,342,369,369,94,144,144,154,154,154,154,154,154,154],"floor_reached":33,"language":"ENG","playtime":1054,"items_purged":["hubris:Disease","Strike_R"],"score":529,"play_id":"f65dc802-af5d-4080-95dc-6b6398965a01","local_time":"20210205150446","is_ascension_mode":true,"campfire_choices":[{"data":"Sword Boomerang","floor":7,"key":"SMITH"},{"data":"Armaments","floor":10,"key":"SMITH"},{"data":"Bludgeon","floor":13,"key":"SMITH"},{"floor":15,"key":"DIG"},{"data":"Barricade","floor":24,"key":"SMITH"},{"floor":27,"key":"REST"},{"data":"Bash","floor":32,"key":"SMITH"}],"circlet_count":0,"master_deck":["AscendersBane","Strike_R+1","Strike_R+1","Strike_R+1","Strike_R+1","Defend_R+1","Defend_R+1","Defend_R+1","Bash+1","m_Survivalism","Flame Barrier","Sword Boomerang+1","Sword Boomerang","Power Through","Armaments+1","Pommel Strike","Bludgeon+1","ReplayTheSpireMod:Strike From Hell","Barricade+1","True Grit+1","Body Slam"],"relics":["Black Blood","hubris:GlazedTorus","reliquary:RoseTintedGlasses","Gremlin Horn","StrikeDummy","ReplayFunnel","Bottled Flame","Lantern","Red Skull","BargainBundle","hubris:TenFootPole","reliquary:Firecrackers"],"acts_visited":["Exordium","TheCity"],"potions_floor_usage":[6,6,23,23],"damage_taken":[{"damage":12,"enemies":"Jaw Worm","floor":1,"turns":6},{"damage":12,"enemies":"Small Slimes","floor":3,"turns":4},{"damage":0,"enemies":"Cultist","floor":4,"turns":4},{"damage":12,"enemies":"3 Sentries","floor":6,"turns":8},{"damage":15,"enemies":"Large Slime","floor":8,"turns":6},{"damage":0,"enemies":"3 Louse","floor":11,"turns":3},{"damage":7,"enemies":"2 Fungi Beasts","floor":12,"turns":3},{"damage":0,"enemies":"Slime Boss","floor":16,"turns":7},{"damage":10,"enemies":"3 Byrds","floor":18,"turns":4},{"damage":50,"enemies":"Book of Stabbing","floor":23,"turns":7},{"damage":11,"enemies":"Spheric Guardian","floor":28,"turns":3},{"damage":62,"enemies":"Automaton","floor":33,"turns":6}],"seed_played":"852302515911074250","potions_obtained":[{"floor":1,"key":"Dexterity Potion"},{"floor":3,"key":"AttackPotion"},{"floor":8,"key":"Elixir"},{"floor":12,"key":"Languid Potion"}],"is_trial":false,"path_per_floor":["M","?","M","M","$","E","R","M","T","R","M","M","R","?","R_BF","B",null,"M","T","?","?","?","E","R","$","T","R","M","?","T","?","R","B"],"character_chosen":"IRONCLAD","items_purchased":["reliquary:RoseTintedGlasses","BargainBundle"],"campfire_rested":1,"item_purchase_floors":[5,25],"current_hp_per_floor":[62,62,56,62,62,56,56,47,47,47,53,52,52,52,52,58,71,73,73,73,73,73,35,35,35,35,57,58,58,58,58,58,0,0],"gold":154,"neow_bonus":"ONE_RARE_RELIC","is_daily":false,"chose_seed":false,"campfire_upgraded":5,"win_rate":0.0,"timestamp":1612559086,"path_taken":["M","?","M","M","$","E","R","M","T","R","M","M","R","?","R_BF","BOSS","M","?","?","?","?","E","R","$","T","R","M","?","?","?","R","BOSS"],"items_purchased_type":["Relic","Relic"],"build_version":"2020-12-22","purchased_purges":2,"victory":false,"max_hp_per_floor":[75,75,75,75,75,75,75,75,75,75,75,75,75,75,75,75,75,75,75,75,75,75,75,75,75,75,75,75,75,75,75,75,75,75],"card_choices":[{"not_picked":["Run Through","Bloodletting"],"picked":"Flame Barrier","floor":1},{"not_picked":["Run Through","Iron Wave"],"picked":"Sword Boomerang","floor":3},{"not_picked":["Anger","Shrug It Off"],"picked":"Sword Boomerang","floor":4},{"not_picked":["True Grit","Battle Trance"],"picked":"Power Through","floor":6},{"not_picked":["Warcry","Replay:Undeath\u0027s Touch"],"picked":"Armaments","floor":8},{"not_picked":["Wild Strike","Dual Wield"],"picked":"Pommel Strike","floor":11},{"not_picked":["Rampage","Reckless Charge"],"picked":"Bludgeon","floor":12},{"not_picked":["Reaper","Double Tap"],"picked":"Barricade","floor":16},{"not_picked":["Armaments","Feel No Pain"],"picked":"True Grit+1","floor":18},{"not_picked":["Uppercut","Inflame+1"],"picked":"Body Slam","floor":23},{"not_picked":["ReplayTheSpireMod:Limb From Limb","Cleave","Replay:Undeath\u0027s Touch"],"picked":"SKIP","floor":28}],"player_experience":884137,"relics_obtained":[{"floor":6,"key":"Gremlin Horn"},{"floor":9,"key":"StrikeDummy"},{"floor":15,"key":"ReplayFunnel"},{"floor":19,"key":"Bottled Flame"},{"floor":23,"key":"Red Skull"},{"floor":26,"key":"hubris:TenFootPole"},{"floor":30,"key":"reliquary:Firecrackers"}],"event_choices":[{"damage_healed":0,"gold_gain":0,"cards_transformed":["Vigilance"],"player_choice":"Transformed","damage_taken":0,"max_hp_gain":0,"max_hp_loss":0,"event_name":"Transmorgrifier","floor":14,"gold_loss":0,"cards_obtained":["ReplayTheSpireMod:Strike From Hell"]},{"damage_healed":0,"gold_gain":99,"player_choice":"Stole From Cult","damage_taken":0,"max_hp_gain":0,"max_hp_loss":0,"event_name":"Nest","floor":21,"gold_loss":0},{"damage_healed":0,"gold_gain":0,"player_choice":"Ignored","damage_taken":0,"max_hp_gain":0,"max_hp_loss":0,"event_name":"Vampires","floor":22,"gold_loss":0},{"damage_healed":0,"gold_gain":0,"player_choice":"Simplicity","damage_taken":0,"max_hp_gain":0,"max_hp_loss":0,"event_name":"Back to Basics","floor":29,"gold_loss":0,"cards_upgraded":["Strike_R","Strike_R","Strike_R","Strike_R","Defend_R","Defend_R","Defend_R"]}],"is_beta":false,"boss_relics":[{"not_picked":["ReplayTheSpireMod:DimensionalGlitch","Runic Cube"],"picked":"Black Blood"}],"items_purged_floors":[25,25],"is_endless":false,"potions_floor_spawned":[1,3,8,12,16,18],"killed_by":"Automaton","ascension_level":14}}