{"host":"fuszjwm6fqgjjp4d","time":1612513459,"event":{"mods":["BaseMod","Bestiary","Colored Map","Minty Spire (QoL Compilation)","Permanent Neow","Relic Sorter","Relic Stats","StSLib"],"gold_per_floor":[110,35,49,49,61,61,89,89,112,130,130,163,178,205,205,205,205],"floor_reached":16,"language":"ENG","playtime":441,"items_purged":[],"score":240,"play_id":"ed08272a-202a-4800-9086-5efcc574438c","local_time":"20210205022419","is_ascension_mode":true,"campfire_choices":[{"data":"Bash","floor":6.0,"key":"SMITH"},{"data":"Shrug It Off","floor":8.0,"key":"SMITH"},{"data":"Flame Barrier","floor":15,"key":"SMITH"}],"circlet_count":0,"master_deck":["AscendersBane","Strike_R","Strike_R","Strike_R","Strike_R","Defend_R","Defend_R","Defend_R+1","Defend_R+1","Bash+1","Headbutt+1","Inflame+1","Thunderclap","Shrug It Off+1","Pommel Strike","Flame Barrier+1","Iron Wave"],"relics":["Burning Blood","Strawberry","Akabeko","Lantern","Omamori","War Paint"],"acts_visited":["Exordium"],"potions_floor_usage":[12,14,16],"damage_taken":[{"damage":9.0,"enemies":"2 Louse","floor":1.0,"turns":3.0},{"damage":15.0,"enemies":"Small Slimes","floor":3.0,"turns":4.0},{"damage":4.0,"enemies":"Jaw Worm","floor":5.0,"turns":4.0},{"damage":8.0,"enemies":"Gremlin Nob","floor":7.0,"turns":3.0},{"damage":0.0,"enemies":"Looter","floor":10.0,"turns":3.0},{"damage":20,"enemies":"Lagavulin","floor":12,"turns":3},{"damage":2,"enemies":"3 Louse","floor":13,"turns":2},{"damage":15,"enemies":"3 Sentries","floor":14,"turns":5},{"damage":26,"enemies":"The Guardian","floor":16,"turns":9}],"seed_played":"5821863884824763396","potions_obtained":[{"floor":1.0,"key":"SkillPotion"},{"floor":7.0,"key":"Strength Potion"},{"floor":13,"key":"Fire Potion"},{"floor":14,"key":"SteroidPotion"}],"is_trial":false,"path_per_floor":["M","?","M","?","M","R","E","R","T","M","?","E","M","E","R","B"],"character_chosen":"IRONCLAD","items_purchased":[],"campfire_rested":0,"item_purchase_floors":[],"current_hp_per_floor":[72,72,63,38,40,40,38,38,38,44,44,30,34,25,25,0,0],"gold":205,"neow_bonus":"RANDOM_COMMON_RELIC","is_daily":false,"chose_seed":false,"campfire_upgraded":3,"win_rate":0.0,"timestamp":1612513459,"path_taken":["M","?","M","?","M","R","E","R","T","?","?","E","M","E","R","BOSS"],"items_purchased_type":[],"build_version":"2020-12-22","purchased_purges":0,"victory":false,"max_hp_per_floor":[82,82,82,82,82,82,82,82,82,82,82,82,82,82,82,82,82],"relic_stats":{"counters":[9,36],"War Paint":["Defend_R","Defend_R"],"obtain_stats":[{"Lantern":9,"Strawberry":0,"Omamori":12,"War Paint":14,"Burning Blood":0,"Akabeko":7},{"Lantern":4,"Strawberry":0,"Omamori":6,"War Paint":8,"Burning Blood":0,"Akabeko":4},{"Lantern":14,"Strawberry":0,"Omamori":20,"War Paint":27,"Burning Blood":0,"Akabeko":14}],"Burning Blood":48},"card_choices":[{"not_picked":["Intimidate","Shrug It Off"],"picked":"Headbutt","floor":1.0},{"not_picked":["Cleave","Infernal Blade"],"picked":"Inflame","floor":3.0},{"not_picked":["Evolve","Warcry"],"picked":"Thunderclap","floor":5.0},{"not_picked":["Iron Wave","Wild Strike"],"picked":"Shrug It Off","floor":7.0},{"not_picked":["Flex","Sword Boomerang"],"picked":"Pommel Strike","floor":10.0},{"not_picked":["Twin Strike","Pommel Strike"],"picked":"Flame Barrier","floor":12},{"not_picked":["Rage","Armaments","Searing Blow"],"picked":"SKIP","floor":13},{"not_picked":["Havoc","Body Slam"],"picked":"Iron Wave","floor":14}],"player_experience":1443296,"relics_obtained":[{"floor":7.0,"key":"Akabeko"},{"floor":9.0,"key":"Lantern"},{"floor":12,"key":"Omamori"},{"floor":14,"key":"War Paint"}],"event_choices":[{"cards_removed":["Strike_R"],"damage_healed":0.0,"max_hp_gain":0.0,"max_hp_loss":0.0,"gold_gain":0.0,"event_name":"The Cleric","player_choice":"Card Removal","floor":2.0,"gold_loss":75.0,"damage_taken":0.0},{"damage_healed":0.0,"max_hp_gain":0.0,"max_hp_loss":0.0,"gold_gain":0.0,"event_name":"Shining Light","player_choice":"Entered Light","floor":4.0,"gold_loss":0.0,"damage_taken":25.0,"cards_upgraded":["Inflame","Headbutt"]},{"damage_healed":0,"gold_gain":0,"player_choice":"Ignored","damage_taken":0,"max_hp_gain":0,"max_hp_loss":0,"event_name":"Liars Game","floor":11,"gold_loss":0}],"is_beta":false,"boss_relics":[],"items_purged_floors":[],"is_endless":false,"potions_floor_spawned":[1,7,13,14],"killed_by":"The Guardian","ascension_level":20}}