{"host":"684z1xpuwaoqmmh1","time":1612534705,"event":{"mods":["A Magickal Journey","BaseMod","Downfall","Hermit","Jorbs\u0027s Wanderer Trilogy","Marisa????????","Minty Spire (QoL Compilation)","Robot Space Explorer","Shade Mod","StSLib","The Dragon Tamer","The Elementalist","The Hayseed","The Hierophant","The Marked","The Mystic","The Runesmith","The Saiyan","The Vixen","TheBandit","TheFirefly"],"gold_per_floor":[119,294,62,62,80,110,110,140,140,17,46,46,71,83,83,181,181,196,216,226,226,236,263,263,263,263],"floor_reached":25,"language":"ENG","playtime":1208,"items_purged":["Doubt"],"score":349,"play_id":"ab3ffc17-9f82-454b-9029-911ade292bd8","local_time":"20210205161825","is_ascension_mode":true,"campfire_choices":[{"data":"Runesmith:Fortify","floor":7,"key":"SMITH"},{"data":"Runesmith:HeatedChisel","floor":12,"key":"SMITH"},{"data":"Runesmith:LithiumIon","floor":15,"key":"SMITH"},{"data":"Runesmith:UnlimitedPower","floor":24,"key":"SMITH"}],"circlet_count":0,"master_deck":["Runesmith:Strike_RS","Runesmith:Strike_RS","Runesmith:Defend_RS","Runesmith:Defend_RS","Runesmith:Defend_RS","Runesmith:Defend_RS","Runesmith:CraftFirestone+1","Runesmith:Fortify+1","Runesmith:DoubleUp","Runesmith:UnstableHammer","Runesmith:HeatedChisel+1","Runesmith:Firestorm","Runesmith:RuneHurl+1","Runesmith:UnlimitedPower+1","Runesmith:CraftIncendium","Runesmith:LithiumIon+1","Runesmith:ReplicatingBarrier","Runesmith:Firewall","Runesmith:Accelerate","Runesmith:PerfectChisel+1","Runesmith:HammerThrow+1","Runesmith:CraftMedicinae"],"relics":["Runesmith:BrokenRuby","TheAbacus","White Beast Statue","Molten Egg 2","InkBottle","Mango","Toy Ornithopter","Oddly Smooth Stone","Empty Cage","MutagenicStrength","The Courier"],"acts_visited":["Exordium","TheCity"],"potions_floor_usage":[11,16,19,20,22,23,25],"damage_taken":[{"damage":2,"enemies":"Small Slimes","floor":1,"turns":4},{"damage":0,"enemies":"2 Louse","floor":5,"turns":3},{"damage":7,"enemies":"Lagavulin","floor":6,"turns":7},{"damage":18,"enemies":"Gremlin Nob","floor":8,"turns":4},{"damage":5,"enemies":"3 Sentries","floor":11,"turns":6},{"damage":2,"enemies":"Lagavulin","floor":13,"turns":6},{"damage":0,"enemies":"Cultist","floor":14,"turns":3},{"damage":33,"enemies":"The Guardian","floor":16,"turns":10},{"damage":10,"enemies":"Shell Parasite","floor":18,"turns":6},{"damage":24,"enemies":"2 Thieves","floor":19,"turns":4},{"damage":1,"enemies":"Centurion and Healer","floor":20,"turns":8},{"damage":0,"enemies":"Sentry and Sphere","floor":22,"turns":5},{"damage":31,"enemies":"Slavers","floor":23,"turns":7},{"damage":29,"enemies":"Gremlin Leader","floor":25,"turns":6}],"seed_played":"2244333285889579880","potions_obtained":[{"floor":5,"key":"LiquidMemories"},{"floor":8,"key":"CultistPotion"},{"floor":11,"key":"AttackPotion"},{"floor":13,"key":"EssenceOfSteel"},{"floor":16,"key":"CultistPotion"},{"floor":18,"key":"Swift Potion"},{"floor":19,"key":"hexamod:SoulburnPotion"},{"floor":20,"key":"EssenceOfSteel"},{"floor":22,"key":"LiquidBronze"},{"floor":23,"key":"champ:CounterPotion"}],"is_trial":false,"path_per_floor":["M","?","$","?","M","E","R","E","T","?","E","R","E","M","R","B",null,"M","M","M","?","M","E","R","E"],"character_chosen":"RUNESMITH_CLASS","items_purchased":["TheAbacus"],"campfire_rested":0,"item_purchase_floors":[3],"current_hp_per_floor":[61,61,61,61,61,54,54,36,36,50,45,45,43,43,43,15,67,57,38,42,42,47,21,21,0,0],"gold":263,"neow_bonus":"THREE_CARDS","is_daily":false,"chose_seed":false,"campfire_upgraded":4,"win_rate":0.0,"timestamp":1612534705,"path_taken":["M","?","$","?","M","E","R","E","T","?","E","R","E","M","R","BOSS","M","?","M","?","M","E","R","E"],"items_purchased_type":["Relic"],"build_version":"2020-12-22","purchased_purges":1,"victory":false,"max_hp_per_floor":[70,70,70,70,70,70,70,70,70,84,84,84,84,84,84,84,84,84,84,84,84,84,84,84,84,84],"card_choices":[{"not_picked":["Runesmith:HeatExchange","Runesmith:Reinforce"],"picked":"Runesmith:DoubleUp","floor":0},{"not_picked":["Runesmith:Grindstone","Runesmith:Overpower"],"picked":"Runesmith:UnstableHammer","floor":1},{"not_picked":["Runesmith:Grindstone","Runesmith:MakeshiftArmor"],"picked":"Runesmith:HeatedChisel","floor":5},{"not_picked":["Runesmith:GoWithTheFlow","Runesmith:StaticCage"],"picked":"Runesmith:Firestorm","floor":6},{"not_picked":["Runesmith:Firestorm","Runesmith:HammerThrow+1"],"picked":"Runesmith:RuneHurl+1","floor":8},{"not_picked":["Runesmith:Refine","Runesmith:CraftObretio"],"picked":"Runesmith:UnlimitedPower","floor":11},{"not_picked":["Runesmith:RuneHurl+1","Runesmith:HammerThrow+1"],"picked":"Runesmith:CraftIncendium","floor":13},{"not_picked":["Runesmith:NegativeSpace","Runesmith:ShiftingStrike+1"],"picked":"Runesmith:LithiumIon","floor":14},{"not_picked":["Runesmith:CraftPrismatica","Runesmith:MetallurgicalResearch"],"picked":"Runesmith:ReplicatingBarrier","floor":16},{"not_picked":["Runesmith:Accelerate","Runesmith:GoWithTheFlow+1"],"picked":"Runesmith:Firewall","floor":18},{"not_picked":["Runesmith:Reinforce","Runesmith:UnstableHammer+1"],"picked":"Runesmith:Accelerate","floor":19},{"not_picked":["Runesmith:Retool","Runesmith:CraftProtectio+1"],"picked":"Runesmith:PerfectChisel+1","floor":20},{"not_picked":["Runesmith:HammerAndChisel+1","Runesmith:StaticCage+1"],"picked":"Runesmith:HammerThrow+1","floor":22},{"not_picked":["Runesmith:MakeshiftArmor","Runesmith:ChiselStab+1"],"picked":"Runesmith:CraftMedicinae","floor":23}],"player_experience":2957882,"relics_obtained":[{"floor":6,"key":"White Beast Statue"},{"floor":8,"key":"Molten Egg 2"},{"floor":9,"key":"InkBottle"},{"floor":11,"key":"Toy Ornithopter"},{"floor":13,"key":"Oddly Smooth Stone"},{"floor":23,"key":"The Courier"}],"event_choices":[{"damage_healed":0,"gold_gain":175,"player_choice":"AGREE","damage_taken":0,"max_hp_gain":0,"max_hp_loss":0,"event_name":"Liars Game","floor":2,"gold_loss":0,"cards_obtained":["Doubt"]},{"damage_healed":0,"gold_gain":0,"player_choice":"Grow","damage_taken":0,"max_hp_gain":0,"max_hp_loss":0,"event_name":"Living Wall","floor":4,"gold_loss":0,"cards_upgraded":["Runesmith:CraftFirestone"]},{"damage_healed":0,"gold_gain":0,"player_choice":"Paid Gold","damage_taken":0,"relics_obtained":["Mango"],"max_hp_gain":0,"max_hp_loss":0,"event_name":"WeMeetAgain","floor":10,"gold_loss":123},{"damage_healed":0,"gold_gain":0,"player_choice":"Inject Mutagens","damage_taken":0,"relics_obtained":["MutagenicStrength"],"max_hp_gain":0,"max_hp_loss":0,"event_name":"Drug Dealer","floor":21,"gold_loss":0}],"is_beta":false,"boss_relics":[{"not_picked":["Ectoplasm","bronze:MakeshiftBattery"],"picked":"Empty Cage"}],"items_purged_floors":[3],"is_endless":false,"potions_floor_spawned":[5,8,11,13,14,16,18,19,20,22,23],"killed_by":"Gremlin Leader","ascension_level":8}}