{"host":"d4nr47a59rmbesnz","time":1612539546,"event":{"mods":["A Magickal Journey","BaseMod","Better Third Choice","Hermit","Minty Spire (QoL Compilation)","Quick Restart","Replay The Spire","Shade Mod","StSLib","The Bladedancer","The Cursed","The Death Knight","The Disciple","The Forsaken","The Hierophant","The Necromancer","The Spell Scribe","The Valiant"],"gold_per_floor":[111,127,141,141,62,62,102,102,172,172,185,203,226,245,245,245,245],"floor_reached":16,"language":"ENG","playtime":569,"items_purged":[],"score":104,"play_id":"b471672b-6357-4ac1-8ea5-e3b2fc5f72b4","local_time":"20210205183906","is_ascension_mode":false,"campfire_choices":[{"data":"theForsaken:Smite","floor":6,"key":"SMITH"},{"floor":10,"key":"REST"},{"floor":15,"key":"REST"}],"circlet_count":0,"master_deck":["theForsaken:TheForsaken_Strike","theForsaken:TheForsaken_Strike","theForsaken:TheForsaken_Strike","theForsaken:TheForsaken_Strike","theForsaken:TheForsaken_Defend","theForsaken:TheForsaken_Defend","theForsaken:TheForsaken_Defend","theForsaken:TheForsaken_Defend","theForsaken:Smite+1","theForsaken:Penitence","theForsaken:Thunderbolt","theForsaken:CreepingInfection","theForsaken:RainingSunlight","Injury","theForsaken:Backlash","theForsaken:Backlash","theForsaken:PowerUp","theForsaken:DarkBargain","theForsaken:HealingLight","theForsaken:Bolster","theForsaken:StoreUp"],"relics":["Philosopher\u0027s Stone","Golden Idol","Bronze Scales","Shuriken","Kunai"],"acts_visited":["Exordium"],"potions_floor_usage":[14,16],"damage_taken":[{"damage":0,"enemies":"Cultist","floor":1,"turns":3},{"damage":2,"enemies":"Small Slimes","floor":2,"turns":4},{"damage":3,"enemies":"2 Louse","floor":3,"turns":2},{"damage":55,"enemies":"3 Sentries","floor":7,"turns":8},{"damage":14,"enemies":"Gremlin Gang","floor":11,"turns":4},{"damage":7,"enemies":"3 Louse","floor":12,"turns":3},{"damage":16,"enemies":"Blue Slaver","floor":13,"turns":3},{"damage":10,"enemies":"Lots of Slimes","floor":14,"turns":3},{"damage":32,"enemies":"Slime Boss","floor":16,"turns":4}],"seed_played":"-4447434465426892683","potions_obtained":[{"floor":7,"key":"Dexterity Potion"},{"floor":11,"key":"Block Potion"},{"floor":13,"key":"theForsaken:FearPotion"},{"floor":14,"key":"ColorlessPotion"}],"is_trial":false,"path_per_floor":["M","M","M","?","$","R","E","?","T","R","M","M","M","M","R","B"],"character_chosen":"THE_FORSAKEN","items_purchased":["theForsaken:Backlash","theForsaken:PowerUp"],"campfire_rested":2,"item_purchase_floors":[5,5],"current_hp_per_floor":[65,64,63,63,63,63,17,17,17,36,27,25,15,5,24,0,0],"gold":245,"neow_bonus":"BOSS_RELIC","is_daily":false,"chose_seed":false,"campfire_upgraded":1,"win_rate":0.0,"timestamp":1612539546,"path_taken":["M","M","M","?","$","R","E","?","T","R","M","?","?","M","R","BOSS"],"items_purchased_type":["Card","Card"],"build_version":"2020-12-22","purchased_purges":0,"victory":false,"max_hp_per_floor":[65,65,65,65,65,65,65,65,65,65,65,65,65,65,65,65,65],"card_choices":[{"not_picked":["theForsaken:PanicDive","theForsaken:HorrifyingStrike"],"picked":"theForsaken:Thunderbolt","floor":1},{"not_picked":["theForsaken:StoreUp","theForsaken:Bolster"],"picked":"theForsaken:CreepingInfection","floor":2},{"not_picked":["theForsaken:FuryStrikes","theForsaken:Eulogy"],"picked":"theForsaken:RainingSunlight","floor":3},{"not_picked":["theForsaken:DivineGuidance","theForsaken:Preservation"],"picked":"theForsaken:StoreUp","floor":7},{"not_picked":["theForsaken:CowardsBrand","theForsaken:BlindFaith"],"picked":"theForsaken:DarkBargain","floor":11},{"not_picked":["theForsaken:ChargeAttack","theForsaken:DarkBarrier"],"picked":"theForsaken:HealingLight","floor":12},{"not_picked":["theForsaken:ChargeAttack","theForsaken:FatRoll"],"picked":"theForsaken:Bolster","floor":13},{"not_picked":["theForsaken:FatRoll","theForsaken:Parry"],"picked":"theForsaken:StoreUp","floor":14}],"player_experience":81791,"relics_obtained":[{"floor":7,"key":"Bronze Scales"},{"floor":9,"key":"Kunai"}],"event_choices":[{"damage_healed":0,"gold_gain":0,"player_choice":"Take Wound","damage_taken":0,"relics_obtained":["Golden Idol"],"max_hp_gain":0,"max_hp_loss":0,"event_name":"Golden Idol","floor":4,"gold_loss":0,"cards_obtained":["Injury"]},{"cards_removed":["theForsaken:StoreUp"],"damage_healed":0,"gold_gain":0,"player_choice":"Gave Card","damage_taken":0,"relics_obtained":["Shuriken"],"max_hp_gain":0,"max_hp_loss":0,"event_name":"WeMeetAgain","floor":8,"gold_loss":0}],"is_beta":false,"boss_relics":[],"items_purged_floors":[],"is_endless":false,"potions_floor_spawned":[7,11,13,14],"killed_by":"Slime Boss","ascension_level":0}}