{"host":"xiain65d2hovry7l","time":1612526561,"event":{"mods":["2.2 Compatiblity","Act Like it!","BaseMod","Better Match","Better Note","BetterRewards","Challenge The Spire","Colored Map","Colored Powertips","Downfall","Friendly Minions","Mimic Mod","Minty Spire (QoL Compilation)","Remilia??????","StSLib","The Administrix","The Construct","The Necromancer","The Servant 0.9.4","Unknown Chances"],"gold_per_floor":[99,119,139,64,81,113,153,153,173,202,213,63,73,173,186,290,290,40,58,3,22,42,58,92,42,42,55,69,83,33,33,88,186,186,136,189,243,299,354,304,304,399,349,432,432,522,422,18,35,35,35,101,64,14,14,14,14],"floor_reached":56,"language":"ENG","playtime":4533,"items_purged":["Clumsy","Slimebound:ComboTackle"],"score":740,"play_id":"414d3e47-3f72-42ba-b8af-97c17da3105c","local_time":"20210205130241","is_ascension_mode":false,"campfire_choices":[{"floor":1,"key":"RECALL"},{"data":"Slimebound:Gluttony","floor":12,"key":"SMITH"},{"data":"Slimebound:RallyTheTroops","floor":18,"key":"SMITH"},{"data":"Slimebound:DisruptingSlam","floor":25,"key":"SMITH"},{"data":"Slimebound:LeadByExample","floor":30,"key":"SMITH"},{"data":"Slimebound:FirmFortitude","floor":35,"key":"SMITH"},{"data":"Slimebound:MassRepurpose","floor":40,"key":"SMITH"},{"floor":43,"key":"REST"},{"floor":54,"key":"REST"}],"circlet_count":0,"master_deck":["Slimebound:Tackle","Slimebound:Split","Slimebound:CorrosiveSpit","Slimebound:SplitLeeching","Slimebound:SplitLeeching","Slimebound:SplitBruiser","Slimebound:Dissolve","Slimebound:Gluttony+1","Slimebound:SamplingLick","Slimebound:ComboTackle","Slimebound:SlimeBrawl","Slimebound:DisruptingSlam+1","Slimebound:RallyTheTroops+1","Slimebound:SlimeSpikes+1","Slimebound:SlimeBarrage+1","Slimebound:ProtectTheBoss","Slimebound:GoopSpray+1","Slimebound:ProtectTheBoss","Slimebound:PressTheAttack+1","Slimebound:LeechingTouch","Slimebound:HauntingLick","Slimebound:PressTheAttack","Slimebound:LeadByExample+1","Slimebound:SlimeSpikes","Slimebound:MassRepurpose+1","Slimebound:ProtectTheBoss","Slimebound:SelfFormingGoo","Slimebound:FirmFortitude+1","Slimebound:MinionMaster","Slimebound:ForwardTackle","Slimebound:Replication","Slimebound:SamplingLick+1","Slimebound:GoopSpray","Slimebound:SpikyOuterGoop+1","Slimebound:Prepare","Slimebound:LevelUp","Slimebound:Schlurp","Slimebound:LevelUp","Trip","Slimebound:Darklings","Slimebound:Schlurp+1","Slimebound:LevelUp","Slimebound:SamplingLick","Slimebound:SplitLeeching","Slimebound:LeechLife","Slimebound:SlimeTap"],"relics":["Slimebound:AbsorbEndCombat","Slimebound:GreedOozeRelic","Pen Nib","PreservedInsect","downfall:HeartBlessingRed","bronze:MakeshiftBattery","downfall:HeartBlessingGreen","downfall:HeartBlessingBlue","Eternal Feather","downfall:KnowingSkull","Pandora\u0027s Box","Blood Vial","Girya","StoneCalendar","Dead Branch","Incense Burner"],"acts_visited":["Exordium","TheCity","TheBeyond","TheEnding"],"potions_floor_usage":[6,33,55,55,55,56,56],"damage_taken":[{"damage":4,"enemies":"Cultist","floor":2,"turns":4},{"damage":1,"enemies":"Jaw Worm","floor":3,"turns":4},{"damage":0,"enemies":"Small Slimes","floor":5,"turns":4},{"damage":31,"enemies":"Gremlin Nob","floor":6,"turns":4},{"damage":3,"enemies":"Exordium Thugs","floor":7,"turns":7},{"damage":8,"enemies":"Exordium Thugs","floor":9,"turns":4},{"damage":12,"enemies":"Lagavulin","floor":10,"turns":6},{"damage":1,"enemies":"Blue Slaver","floor":11,"turns":3},{"damage":8,"enemies":"3 Louse","floor":13,"turns":3},{"damage":0,"enemies":"Large Slime","floor":15,"turns":2},{"damage":39,"enemies":"WA_ARCHETYPE_RETAIN","floor":16,"turns":7},{"damage":19,"enemies":"3 Byrds","floor":19,"turns":4},{"damage":8,"enemies":"downfall:FleeingMerchant","floor":20,"turns":4},{"damage":0,"enemies":"Chosen","floor":21,"turns":4},{"damage":8,"enemies":"Shelled Parasite and Fungi","floor":22,"turns":4},{"damage":12,"enemies":"Snake Plant","floor":23,"turns":4},{"damage":0,"enemies":"3 Cultists","floor":24,"turns":5},{"damage":9,"enemies":"3 Cultists","floor":27,"turns":4},{"damage":4,"enemies":"Centurion and Healer","floor":28,"turns":5},{"damage":3,"enemies":"Cultist and Chosen","floor":29,"turns":3},{"damage":24,"enemies":"Shelled Parasite and Fungi","floor":32,"turns":3},{"damage":47,"enemies":"IC_MUSHROOM_ARCHETYPE","floor":33,"turns":7},{"damage":9,"enemies":"Orb Walker","floor":36,"turns":2},{"damage":3,"enemies":"3 Shapes","floor":37,"turns":5},{"damage":9,"enemies":"Spire Growth","floor":38,"turns":4},{"damage":33,"enemies":"3 Darklings","floor":39,"turns":5},{"damage":61,"enemies":"2 Orb Walkers","floor":42,"turns":5},{"damage":6,"enemies":"downfall:FleeingMerchant","floor":44,"turns":3},{"damage":3,"enemies":"downfall:FleeingMerchant","floor":46,"turns":5},{"damage":0,"enemies":"Transient","floor":49,"turns":5},{"damage":39,"enemies":"DF_ARCHETYPE_ORBS","floor":50,"turns":8},{"damage":61,"enemies":"downfall:CharBossMerchant","floor":52,"turns":7},{"damage":34,"enemies":"downfall:NeowBoss","floor":55,"turns":11},{"damage":77,"enemies":"downfall:NeowBossFinal","floor":56,"turns":5}],"seed_played":"2361531627772210089","potions_obtained":[{"floor":5,"key":"SteroidPotion"},{"floor":6,"key":"sneckomod:MuddlingPotion"},{"floor":11,"key":"Dexterity Potion"},{"floor":16,"key":"Swift Potion"},{"floor":19,"key":"PowerPotion"},{"floor":23,"key":"CultistPotion"},{"floor":36,"key":"Strength Potion"}],"is_trial":false,"path_per_floor":["R","M","M","?","M","E","MIM","?","M","E","M","R","M","?","M","B",null,"R","M","$","M","M","M","MIM","R","?","M","M","M","R","?","M","B",null,"R","M","M","M","M","R","T","?","R","$","?","?","$","$","M","B",null,"E","$","R","B","B"],"character_chosen":"SLIMEBOUND","items_purchased":["Slimebound:ProtectTheBoss","Slimebound:Schlurp","Slimebound:LevelUp","Trip","Slimebound:LevelUp","Dead Branch","Slimebound:SamplingLick","Slimebound:SlimeTap"],"campfire_rested":2,"item_purchase_floors":[20,44,44,44,48,48,48,53],"current_hp_per_floor":[71,71,71,71,71,42,45,45,43,39,42,42,40,40,46,15,71,81,70,68,76,74,68,72,81,81,78,81,78,81,75,59,20,81,81,79,80,75,50,71,71,20,65,69,69,74,74,74,81,44,81,23,23,74,50,0,0,0],"gold":14,"neow_bonus":"TEN_PERCENT_HP_BONUS","is_daily":false,"chose_seed":false,"campfire_upgraded":6,"win_rate":0.0,"timestamp":1612526561,"path_taken":["R","M","M","?","M","E","MIM","?","?","E","M","R","M","?","M","BOSS","R","M","$","M","M","M","MIM","R","?","?","M","M","R","?","M","BOSS","R","M","M","M","M","R","T","?","R","$","?","?","?","$","M","BOSS","E","$","R","BOSS","BOSS"],"items_purchased_type":["Card","Card","Card","Card","Card","Relic","Card","Card"],"build_version":"2020-12-22","purchased_purges":2,"victory":false,"max_hp_per_floor":[71,71,71,71,71,71,71,71,71,71,71,71,71,71,71,71,71,81,81,81,81,81,81,81,81,81,81,81,81,81,81,81,81,81,81,81,81,81,81,81,81,81,81,81,81,81,81,81,81,81,81,81,81,81,81,81,81,81],"card_choices":[{"not_picked":["Slimebound:SlimeTap","Slimebound:GrowthPunch"],"picked":"Slimebound:SplitLeeching","floor":2},{"not_picked":["Slimebound:SplitAcid","Slimebound:LeechingTouch"],"picked":"Slimebound:SplitLeeching","floor":3},{"not_picked":["Slimebound:SplitMire","Slimebound:SplitBruiser","Slimebound:ItLooksTasty"],"picked":"SKIP","floor":5},{"not_picked":["Slimebound:SplitMire","Slimebound:ItLooksTasty"],"picked":"Slimebound:SplitBruiser","floor":5},{"not_picked":["Slimebound:SplitMire","Slimebound:Replication"],"picked":"Slimebound:Dissolve","floor":6},{"not_picked":["Slimebound:PrepareCrush","Slimebound:HauntingLick"],"picked":"Slimebound:Gluttony","floor":7},{"not_picked":["Slimebound:FinishingTackle","Slimebound:SplitAcid"],"picked":"Slimebound:SamplingLick","floor":9},{"not_picked":["Slimebound:SplitAcid","Slimebound:LeechEnergy"],"picked":"Slimebound:ComboTackle","floor":10},{"not_picked":["Slimebound:Schlurp","Slimebound:SlimeSpikes"],"picked":"Slimebound:SlimeBrawl","floor":11},{"not_picked":["Slimebound:GrowthPunch","Slimebound:Gluttony"],"picked":"Slimebound:OozeBath","floor":13},{"not_picked":["Slimebound:ItLooksTasty","Slimebound:Schlurp"],"picked":"Slimebound:DisruptingSlam","floor":15},{"not_picked":["Slimebound:OozeBath","Slimebound:MinionMaster"],"picked":"Slimebound:RallyTheTroops","floor":16},{"not_picked":["Slimebound:ComboTackle","Slimebound:SplitLeeching"],"picked":"Slimebound:SlimeSpikes+1","floor":19},{"not_picked":["Slimebound:Prepare","Slimebound:LeechEnergy"],"picked":"Slimebound:SlimeBarrage","floor":20},{"not_picked":["Slimebound:SplitBruiser","Slimebound:MegaLick"],"picked":"Slimebound:GoopSpray+1","floor":21},{"not_picked":["Slimebound:Schlurp","Slimebound:ItLooksTasty"],"picked":"Slimebound:ProtectTheBoss","floor":22},{"not_picked":["Slimebound:GoopTackle+1","Slimebound:RollThrough"],"picked":"Slimebound:PressTheAttack+1","floor":23},{"not_picked":["Slimebound:Grow","Slimebound:ComboTackle"],"picked":"Slimebound:LeechingTouch","floor":24},{"not_picked":["Slimebound:SplitBruiser","Slimebound:SplitAcid"],"picked":"Slimebound:HauntingLick","floor":27},{"not_picked":["Slimebound:LivingWall","Slimebound:Gluttony+1"],"picked":"Slimebound:PressTheAttack","floor":28},{"not_picked":["Slimebound:SplitBruiser","Slimebound:Schlurp+1"],"picked":"Slimebound:LeadByExample","floor":29},{"not_picked":["Slimebound:RejuvenatingLick","Slimebound:OneTwoCombo"],"picked":"Slimebound:SlimeSpikes","floor":32},{"not_picked":["Slimebound:MinionMaster","Slimebound:SelfFormingGoo"],"picked":"Slimebound:MassRepurpose","floor":33},{"not_picked":["Slimebound:LeechingTouch+1","Slimebound:SplitLeeching+1"],"picked":"Slimebound:SamplingLick+1","floor":36},{"not_picked":["Slimebound:LeechEnergy","Slimebound:ComboTackle+1"],"picked":"Slimebound:GoopSpray","floor":37},{"not_picked":["Slimebound:SamplingLick+1","Slimebound:Nibble"],"picked":"Slimebound:SpikyOuterGoop+1","floor":38},{"not_picked":["Slimebound:FinishingTackle","Slimebound:PressTheAttack","Slimebound:ItLooksTasty+1"],"picked":"SKIP","floor":39},{"not_picked":["Slimebound:GrowthPunch+1","Slimebound:SlimeBrawl"],"picked":"Slimebound:Prepare","floor":42},{"not_picked":["Slimebound:Replication+1","Slimebound:Dissolve"],"picked":"Slimebound:LevelUp","floor":44},{"not_picked":["Slimebound:SplitBruiser","Slimebound:ComboTackle"],"picked":"Slimebound:Schlurp+1","floor":46},{"not_picked":["Slimebound:LeechEnergy+1","Slimebound:GoopTackle+1"],"picked":"Slimebound:SplitLeeching","floor":49},{"not_picked":["Slimebound:GoopTackle","Slimebound:HauntingLick+1"],"picked":"Slimebound:LeechLife","floor":52}],"player_experience":707626,"relics_obtained":[{"floor":6,"key":"Pen Nib"},{"floor":10,"key":"PreservedInsect"},{"floor":24,"key":"Eternal Feather"},{"floor":41,"key":"Blood Vial"},{"floor":42,"key":"Girya"},{"floor":46,"key":"StoneCalendar"},{"floor":52,"key":"Incense Burner"}],"event_choices":[{"damage_healed":0,"gold_gain":0,"player_choice":"Fight","damage_taken":0,"max_hp_gain":0,"max_hp_loss":0,"event_name":"Mysterious Sphere","floor":42,"gold_loss":0}],"is_beta":false,"boss_relics":[{"not_picked":["Empty Cage","Calling Bell"],"picked":"bronze:MakeshiftBattery"},{"not_picked":["Velvet Choker","Sozu"],"picked":"Pandora\u0027s Box"}],"items_purged_floors":[44,47],"is_endless":false,"potions_floor_spawned":[5,6,11,16,19,23,28,29,36,39,49],"killed_by":"downfall:NeowBossFinal","ascension_level":0}}