{"host":"qxeepl7ydvsgmfdb","time":1612497476,"event":{"mods":["AchievementEnabler","BaseMod","Colored Powertips","Minty Spire (QoL Compilation)","Quick Restart","slay the spire mod where everything is the same but ironclad has a cowboy hat"],"gold_per_floor":[119,135,210,210,62,95,95,126,126,126,136,64,64,77,77,180,180,194,226,226,148,164,164,189,189,189,189,78,109,109,120,120,224,224,234,254,254,7,22,22,50,50,50,76,76,26,248,248,248,248,248],"floor_reached":50,"language":"ENG","playtime":1578,"items_purged":["Strike_B","Strike_B"],"score":753,"play_id":"7064c145-dd49-4782-95dc-6b70bcb8087a","local_time":"20210204225756","is_ascension_mode":true,"campfire_choices":[{"data":"Zap","floor":7,"key":"SMITH"},{"floor":10,"key":"REST"},{"floor":13,"key":"REST"},{"data":"Chaos","floor":15,"key":"SMITH"},{"floor":23,"key":"REST"},{"floor":27,"key":"REST"},{"floor":32,"key":"REST"},{"floor":40,"key":"REST"},{"floor":42,"key":"REST"},{"data":"Redo","floor":45,"key":"SMITH"},{"floor":49,"key":"REST"}],"circlet_count":0,"master_deck":["Strike_B","Strike_B","Defend_B","Defend_B","Defend_B","Defend_B","Zap+1","Dualcast","Ball Lightning","Sweeping Beam","Ball Lightning","Chaos+1","Ball Lightning+1","Leap","Melter","Chill","Electrodynamics","Cold Snap+1","Doom and Gloom","Ball Lightning+1","Redo+1","Fission"],"relics":["Cracked Core","NeowsBlessing","Cables","Membership Card","Nunchaku","Mummified Hand","Omamori","Regal Pillow","Calling Bell","Happy Flower","HornCleat","Torii","Red Mask","Singing Bowl","Juzu Bracelet","Darkstone Periapt","InkBottle","HandDrill","Bag of Marbles","MutagenicStrength","Gremlin Horn","Runic Capacitor","Shuriken","CaptainsWheel","Blue Candle"],"acts_visited":["Exordium","TheCity","TheBeyond"],"potions_floor_usage":[19,22,29,33,33,50,50,50],"damage_taken":[{"damage":0,"enemies":"2 Louse","floor":1,"turns":1},{"damage":0,"enemies":"Small Slimes","floor":2,"turns":1},{"damage":0,"enemies":"Gremlin Nob","floor":6,"turns":1},{"damage":25,"enemies":"Lagavulin","floor":8,"turns":5},{"damage":12,"enemies":"Jaw Worm","floor":11,"turns":2},{"damage":5,"enemies":"Large Slime","floor":14,"turns":3},{"damage":59,"enemies":"The Guardian","floor":16,"turns":11},{"damage":10,"enemies":"Shell Parasite","floor":18,"turns":4},{"damage":37,"enemies":"Masked Bandits","floor":19,"turns":4},{"damage":17,"enemies":"2 Thieves","floor":22,"turns":3},{"damage":27,"enemies":"Gremlin Leader","floor":24,"turns":6},{"damage":28,"enemies":"Slavers","floor":29,"turns":5},{"damage":0,"enemies":"Chosen and Byrds","floor":31,"turns":4},{"damage":98,"enemies":"Automaton","floor":33,"turns":10},{"damage":21,"enemies":"3 Shapes","floor":35,"turns":4},{"damage":17,"enemies":"3 Darklings","floor":36,"turns":5},{"damage":36,"enemies":"Maw","floor":39,"turns":8},{"damage":17,"enemies":"Reptomancer","floor":41,"turns":4},{"damage":26,"enemies":"Nemesis","floor":44,"turns":7},{"damage":104,"enemies":"Time Eater","floor":50,"turns":9}],"seed_played":"-93541458299937250","potions_obtained":[{"floor":11,"key":"CultistPotion"},{"floor":14,"key":"Ancient Potion"},{"floor":19,"key":"Ancient Potion"},{"floor":22,"key":"Fruit Juice"},{"floor":25,"key":"FairyPotion"},{"floor":25,"key":"FearPotion"},{"floor":25,"key":"ColorlessPotion"},{"floor":29,"key":"ColorlessPotion"},{"floor":33,"key":"Dexterity Potion"},{"floor":35,"key":"Fire Potion"},{"floor":39,"key":"Weak Potion"}],"is_trial":false,"path_per_floor":["M","M","?","?","$","E","R","E","T","R","M","$","R","M","R","B",null,"M","?","?","$","M","R","E","?","T","R","$","E","?","M","R","B",null,"M","M","?","$","M","R","E","R","T","E","R","$","?","?","R","B"],"character_chosen":"DEFECT","items_purchased":["Membership Card","Regal Pillow","Juzu Bracelet","HandDrill","Gremlin Horn","Runic Capacitor","Doom and Gloom"],"campfire_rested":8,"item_purchase_floors":[5,12,21,28,38,38,38],"current_hp_per_floor":[75,75,64,52,52,52,52,27,27,49,37,37,74,69,69,10,75,65,28,28,28,16,55,28,28,28,67,67,41,41,41,80,8,82,61,46,48,48,12,52,35,75,75,51,51,51,51,51,88,0,0],"gold":248,"neow_bonus":"THREE_ENEMY_KILL","is_daily":false,"chose_seed":false,"campfire_upgraded":3,"win_rate":0.0,"timestamp":1612497476,"path_taken":["M","M","?","?","$","E","R","E","T","R","M","?","R","M","R","BOSS","M","?","?","$","M","R","E","?","T","R","$","E","?","M","R","BOSS","M","M","?","$","M","R","E","R","T","E","R","$","?","?","R","BOSS"],"items_purchased_type":["Relic","Relic","Relic","Relic","Relic","Relic","Card"],"build_version":"2020-12-22","purchased_purges":2,"victory":false,"max_hp_per_floor":[75,75,75,75,75,75,75,75,75,75,75,75,75,75,75,75,75,75,75,75,75,80,80,80,80,80,80,80,82,82,82,82,82,82,82,84,86,86,86,86,86,86,86,88,88,88,88,88,88,88,88],"card_choices":[{"not_picked":["Turbo","Gash","Undo"],"picked":"SKIP","floor":1},{"not_picked":["Barrage","Leap"],"picked":"Ball Lightning","floor":2},{"not_picked":["Conserve Battery","Creative AI"],"picked":"Sweeping Beam","floor":6},{"not_picked":["Conserve Battery","Storm"],"picked":"Ball Lightning","floor":8},{"not_picked":["Rebound","Reprogram","Turbo"],"picked":"SKIP","floor":11},{"not_picked":["Genetic Algorithm","Rebound"],"picked":"Chaos","floor":14},{"not_picked":["Coolheaded","Melter"],"picked":"Ball Lightning+1","floor":18},{"not_picked":["Hologram+1","Beam Cell"],"picked":"Leap","floor":22},{"not_picked":["Reboot","Go for the Eyes"],"picked":"Melter","floor":24},{"not_picked":["Sunder","Self Repair","Fission"],"picked":"Singing Bowl","floor":29},{"not_picked":["Loop","Doom and Gloom"],"picked":"Chill","floor":31},{"not_picked":["Echo Form","All For One"],"picked":"Electrodynamics","floor":33},{"not_picked":["Sweeping Beam+1","Auto Shields+1"],"picked":"Cold Snap+1","floor":35},{"not_picked":["Barrage+1","Beam Cell","Sweeping Beam"],"picked":"Singing Bowl","floor":36},{"not_picked":["The Bomb","Finesse","Forethought"],"picked":"Singing Bowl","floor":37},{"not_picked":["Barrage","Storm+1"],"picked":"Ball Lightning+1","floor":39},{"not_picked":["Steam","Go for the Eyes"],"picked":"Redo","floor":41},{"not_picked":["Barrage","Leap","Streamline+1"],"picked":"Singing Bowl","floor":44}],"player_experience":165768,"relics_obtained":[{"floor":6,"key":"Nunchaku"},{"floor":8,"key":"Mummified Hand"},{"floor":9,"key":"Omamori"},{"floor":17,"key":"Happy Flower"},{"floor":17,"key":"HornCleat"},{"floor":17,"key":"Torii"},{"floor":19,"key":"Red Mask"},{"floor":24,"key":"Darkstone Periapt"},{"floor":26,"key":"InkBottle"},{"floor":29,"key":"Bag of Marbles"},{"floor":41,"key":"Shuriken"},{"floor":43,"key":"CaptainsWheel"},{"floor":44,"key":"Blue Candle"}],"event_choices":[{"damage_healed":0,"gold_gain":75,"player_choice":"Gather Gold","damage_taken":11,"max_hp_gain":0,"max_hp_loss":0,"event_name":"World of Goop","floor":3,"gold_loss":0},{"damage_healed":0,"gold_gain":0,"player_choice":"Success","damage_taken":12,"relics_obtained":["Cables"],"max_hp_gain":0,"max_hp_loss":0,"event_name":"Scrap Ooze","floor":4,"gold_loss":0},{"damage_healed":0,"gold_gain":0,"player_choice":"Fought Bandits","damage_taken":0,"max_hp_gain":0,"max_hp_loss":0,"event_name":"Masked Bandits","floor":19,"gold_loss":0},{"damage_healed":0,"gold_gain":0,"player_choice":"Stole Relic","damage_taken":0,"relics_obtained":["Singing Bowl"],"max_hp_gain":0,"max_hp_loss":0,"event_name":"Addict","floor":20,"gold_loss":0,"cards_obtained":["Shame"]},{"damage_healed":0,"gold_gain":0,"player_choice":"Got Potions","damage_taken":0,"max_hp_gain":0,"max_hp_loss":0,"event_name":"Lab","floor":25,"gold_loss":0},{"damage_healed":0,"gold_gain":0,"player_choice":"Inject Mutagens","damage_taken":0,"relics_obtained":["MutagenicStrength"],"max_hp_gain":0,"max_hp_loss":0,"event_name":"Drug Dealer","floor":30,"gold_loss":0},{"damage_healed":0,"gold_gain":0,"player_choice":"Memory 1","damage_taken":0,"max_hp_gain":0,"max_hp_loss":0,"event_name":"SensoryStone","floor":37,"gold_loss":0},{"damage_healed":0,"gold_gain":222,"player_choice":"Wore Mask","damage_taken":0,"max_hp_gain":0,"max_hp_loss":0,"event_name":"Tomb of Lord Red Mask","floor":47,"gold_loss":0},{"damage_healed":0,"gold_gain":0,"player_choice":"1 cards matched","damage_taken":0,"max_hp_gain":0,"max_hp_loss":0,"event_name":"Match and Keep!","floor":48,"gold_loss":0,"cards_obtained":["Fission"]}],"is_beta":false,"boss_relics":[{"not_picked":["Runic Dome","SlaversCollar"],"picked":"Calling Bell"},{"not_picked":["Runic Pyramid","Pandora\u0027s Box","Astrolabe"]}],"items_purged_floors":[28,46],"is_endless":false,"potions_floor_spawned":[11,14,19,22,29,33,35,39],"killed_by":"Time Eater","ascension_level":4}}