{"host":"i73ch23exsqar74a","time":1612558504,"event":{"mods":["AchievementEnabler","Arknights","Aspiration","Astrologer","Bard","Bartender","BaseMod","Beaked The Cultist","Better Sensory Stone","CCEM2","CapriCore","Challenge The Spire","ChefMod","Chen","Colored Map","Colored Powertips","Conjunction","Conspire","Downfall","Fireblade Mod","FutureSeer","GifTheSpireLib","Glutton Mod","Gremlin Mod","Halation","Hermit","Highlight Path","HololiveMod","Hubris","Infinite Spire","Jedi Mod","Lobotomy","LobotomyExtend","Luminous","Marked Mod","Minty Spire (QoL Compilation)","Prisma Mod","Quarter Circle Forward PUNCH!","Quick Restart","Random Character Button","RatMod","Relic Sorter","Reliquary","Replay The Spire","SOS???????","Shade Mod","Spicy Shops","Spikes Relics","Spire Arcade","StSLib","Stuff the Spire","The Alterego","The Animator","The Bug Knight","The Construct","The Cursed","The Druid","The Exalted","The Immortal","The Judge","The Poker Player","The Sage","The Wild Card","TheHero","TheSwordswoman","TheVacant","TheVelvet","Thieving Mod","Yuri Mod","???Mod??????Boss","???mod?????"],"gold_per_floor":[120,120,120,0,17,17,30,30,56,56,81,81,101,101,101,204,254,272,272,287,306,306,306,338,338,338,367,367,34,94,108,158,259,309,321,281,281,281,124,124,139,139,139,139,156,223,223,233,233,233,233,233,233,39,70,70],"floor_reached":57,"language":"ENG","playtime":2437,"items_purged":[],"score":1313,"play_id":"48f01a75-44b9-4335-80bf-da69c1ee19fa","local_time":"20210206005504","is_ascension_mode":false,"campfire_choices":[],"circlet_count":0,"master_deck":["LongBird","BigBird","ApocalypseBird","PunishingBird","SpecialBullet","SpecialBullet","SpecialBullet","SpecialBullet","SpecialBullet","SpecialBullet","SpecialBullet","SpecialBullet","DisciplinaryCode","InformationCode","SecurityCode","ShedSkin","SwordSharpenedByTears","Wellcheers","Murderer","SomewhereSpear+1","Tough","GreedKing","WallGazer","GoldRush","OSAHOGD","Beak","WristCuter","GrinderMk4","RapturousDream+1","TrainingCode","ParadiseLost+1","SomewhereSpear+1","FourthMatchFlame","WelfareCode","FourthMatchFlame+1","FourthMatchFlame","Lamp","ScreamingWedge","WristCuter+1"],"relics":["CogitoBucket","aspiration:Nostalgia","animeID:HeroCostume","LetterFromLob","CCEMRelics:WrappedPresent","CrustySpines","Whetstone","hubris:MobiusCoin","Centennial Puzzle","Bromod:ArcaneConsequence","Gaze_r","HonorFeather","MagicBullet_r","Black Star","SkinProphecy","aspiration:RitualStick","halation:PrussianBluePaint","jedi:crownofsimplicity","StuffTheSpire:Tea","qcfpunch:Not_Strongest_Fighting_Style_Guidebook","CCEMRelics:HeliumBalloon","Torii","ChangeAnything","RedMistMask","CCEMRelics:TransientCore","Twilight","halation:LettersToHer","Lamp_r","Letter Opener","Justitia_r","CCEMRelics:DissonantTune","CCEMRelics:CocoNut"],"acts_visited":["Exordium","TheCity","TheBeyond","TheEnding"],"potions_floor_usage":[41,41,41,50,56],"damage_taken":[{"damage":10.0,"enemies":"2 Louse","floor":1.0,"turns":3.0},{"damage":19.0,"enemies":"Jaw Worm","floor":5.0,"turns":3.0},{"damage":10.0,"enemies":"conspire:RoseBush","floor":7.0,"turns":3.0},{"damage":21.0,"enemies":"Replay:BlueRogue","floor":11.0,"turns":7.0},{"damage":12.0,"enemies":"3 Louse","floor":13.0,"turns":3.0},{"damage":29.0,"enemies":"Exordium Thugs","floor":14.0,"turns":3.0},{"damage":0.0,"enemies":"Exordium Thugs","floor":14.0,"turns":1.0},{"damage":53,"enemies":"Hexaghost","floor":16,"turns":10},{"damage":37,"enemies":"Chosen","floor":18,"turns":6},{"damage":2,"enemies":"Shelled Parasite and Fungi","floor":20,"turns":3},{"damage":20,"enemies":"3 Cultists","floor":21,"turns":4},{"damage":21,"enemies":"Gremlin Leader","floor":24,"turns":6},{"damage":38,"enemies":"Nightmare","floor":27,"turns":4},{"damage":42,"enemies":"Snake Plant","floor":30,"turns":8},{"damage":2,"enemies":"Cultist and Chosen","floor":31,"turns":4},{"damage":36,"enemies":"Collector","floor":33,"turns":4},{"damage":7,"enemies":"Orb Walker","floor":35,"turns":2},{"damage":32,"enemies":"3 Darklings","floor":37,"turns":5},{"damage":95,"enemies":"3 Darklings","floor":41,"turns":5},{"damage":2,"enemies":"Maw","floor":45,"turns":4},{"damage":1,"enemies":"Transient","floor":46,"turns":4},{"damage":10,"enemies":"Writhing Mass","floor":48,"turns":2},{"damage":137,"enemies":"FixerMidnight","floor":50,"turns":4},{"damage":3,"enemies":"Shield and Spear","floor":55,"turns":2},{"damage":44,"enemies":"The Heart","floor":56,"turns":3}],"seed_played":"-9045667352368010678","potions_obtained":[{"floor":5.0,"key":"AttackPotion"},{"floor":13.0,"key":"Dexterity Potion"},{"floor":16,"key":"PowerPotion"},{"floor":18,"key":"champ:CounterPotion"},{"floor":41,"key":"Fire Potion"},{"floor":45,"key":"Elixir"}],"is_trial":false,"path_per_floor":["M","$","?","$","M","R","M","R","T","?","E","R","M","M","R","B",null,"M","?","M","M","?","R","E","R","T","NM","R","$","M","M","R","B",null,"M","?","M","?","$","R","M","R","T","R","M","M","R","M","R","B",null,null,"R","$","E","B",null],"character_chosen":"Angela","items_purchased":["hubris:MobiusCoin","Torii","GrinderMk4","halation:LettersToHer","FourthMatchFlame","FourthMatchFlame","Lamp","ScreamingWedge"],"campfire_rested":0,"item_purchase_floors":[4,29,29,39,39,54,54,54],"current_hp_per_floor":[68,75,75,75,64,64,75,75,75,75,75,75,75,75,75,59,75,69,60,77,74,79,79,80,81,81,64,83,83,82,89,89,73,91,102,102,99,95,101,106,45,118,118,118,123,128,128,135,135,25,31,140,140,140,152,134],"gold":70,"neow_bonus":"NOSTALGIA","is_daily":false,"chose_seed":false,"campfire_upgraded":0,"win_rate":0.0,"timestamp":1612558504,"path_taken":["M","$","?","?","M","R","M","R","T","?","E","R","?","M","R","BOSS","M","?","M","M","?","R","E","R","T","NM","R","$","M","M","R","BOSS","M","?","?","?","$","R","M","R","T","R","M","M","R","?","R","BOSS","R","$","E","BOSS"],"items_purchased_type":["Relic","Relic","Card","Relic","Card","Card","Card","Card"],"build_version":"2020-12-22","purchased_purges":0,"victory":true,"max_hp_per_floor":[70,75,75,75,75,75,75,75,75,75,75,75,75,75,75,75,75,75,75,77,79,79,79,81,81,81,83,83,83,87,89,89,91,91,102,102,106,106,106,106,118,118,118,118,123,128,128,135,135,140,140,140,140,140,152,158],"card_choices":[{"not_picked":["WallGazer","OSAHOGD"],"picked":"PunishingBird","floor":1.0},{"not_picked":["FourthMatchFlame"],"picked":"ShedSkin","floor":1.0},{"not_picked":["RapturousDream"],"picked":"SwordSharpenedByTears","floor":5.0},{"not_picked":["MeatLantern","NakedNest"],"picked":"Wellcheers","floor":5.0},{"not_picked":["Bloodbath","Scorched"],"picked":"Murderer","floor":7.0},{"not_picked":["TheSmile"],"picked":"SomewhereSpear","floor":7.0},{"not_picked":["Horn"],"picked":"Tough","floor":11.0},{"not_picked":["OSAHOGD","QueenBee"],"picked":"GreedKing","floor":11.0},{"not_picked":["Scorched","SnowQueen"],"picked":"WallGazer","floor":13.0},{"not_picked":["Loneliness","Christmas"],"picked":"SKIP","floor":13.0},{"not_picked":["Adoration"],"picked":"GoldRush","floor":16},{"not_picked":["VoidDream","LaLuna"],"picked":"OSAHOGD","floor":18},{"not_picked":["Moonlight","Loneliness"],"picked":"SKIP","floor":18},{"not_picked":["CUTE","BlackSwan_ego"],"picked":"SKIP","floor":20},{"not_picked":["Hypocrisy+1","Discord+1"],"picked":"SKIP","floor":21},{"not_picked":["InTheNameOfLoveAndHate"],"picked":"Beak","floor":24},{"not_picked":["Funeral","BlackSwan"],"picked":"LongBird","floor":27},{"not_picked":["Wingbeat"],"picked":"WristCuter","floor":27},{"not_picked":["Harvest"],"picked":"RapturousDream+1","floor":30},{"not_picked":["Tough","SomewhereSpear"],"picked":"SKIP","floor":31},{"not_picked":["Justitia"],"picked":"ParadiseLost","floor":33},{"not_picked":["LaLuna","MeltingLove"],"picked":"BigBird","floor":35},{"not_picked":["CherryBlossom","Heaven"],"picked":"SKIP","floor":35},{"not_picked":["Soda"],"picked":"SomewhereSpear+1","floor":37},{"not_picked":["InTheNameOfLoveAndHate","SoundOfStar"],"picked":"SKIP","floor":41},{"not_picked":["CUTE+1","BlueScar"],"picked":"SKIP","floor":45},{"not_picked":["Amita"],"picked":"FourthMatchFlame+1","floor":46},{"not_picked":["ScreamingWedge","ShedSkin"],"picked":"SKIP","floor":48},{"not_picked":["RapturousDream+1"],"picked":"WristCuter+1","floor":55}],"player_experience":1412954,"relics_obtained":[{"floor":1.0,"key":"LetterFromLob"},{"floor":2.0,"key":"CrustySpines"},{"floor":3.0,"key":"Whetstone"},{"floor":9.0,"key":"Centennial Puzzle"},{"floor":11.0,"key":"Bromod:ArcaneConsequence"},{"floor":24,"key":"halation:PrussianBluePaint"},{"floor":24,"key":"jedi:crownofsimplicity"},{"floor":26,"key":"StuffTheSpire:Tea"},{"floor":27,"key":"qcfpunch:Not_Strongest_Fighting_Style_Guidebook"},{"floor":27,"key":"CCEMRelics:HeliumBalloon"},{"floor":31,"key":"RedMistMask"},{"floor":37,"key":"Twilight"},{"floor":43,"key":"halation:LettersToHer"},{"floor":43,"key":"Letter Opener"},{"floor":55,"key":"CCEMRelics:DissonantTune"},{"floor":55,"key":"CCEMRelics:CocoNut"}],"event_choices":[{"damage_healed":0.0,"max_hp_gain":0.0,"max_hp_loss":0.0,"gold_gain":0.0,"event_name":"Upgrade Shrine","player_choice":"Upgraded","floor":10.0,"gold_loss":0.0,"damage_taken":0.0,"cards_upgraded":["SomewhereSpear"]},{"damage_healed":0,"gold_gain":0,"player_choice":"Upgrade","damage_taken":0,"max_hp_gain":0,"max_hp_loss":0,"event_name":"Designer","floor":36,"gold_loss":40,"cards_upgraded":["ParadiseLost"]},{"damage_healed":0,"gold_gain":0,"player_choice":"Damaged","damage_taken":10,"max_hp_gain":0,"max_hp_loss":0,"event_name":"Wheel of Change","floor":38,"gold_loss":0}],"is_beta":false,"boss_relics":[{"not_picked":["halation:MonkeysPaw","Replay:Cursed D8"],"picked":"Black Star"},{"not_picked":["Snecko Eye","aspiration:RunicSpoon"],"picked":"CCEMRelics:TransientCore"}],"items_purged_floors":[],"is_endless":false,"potions_floor_spawned":[5,13,16,18,24,27,31,41,45],"ascension_level":0}}