{"host":"bpnwh7vpv9k3tssc","time":1612567154,"event":{"mods":["BaseMod","Colored Map","Colored Powertips","Curses Come First","Highlight Path","Minty Spire (QoL Compilation)","Quick Restart","Random Character Button","Relic Sorter","StSLib"],"gold_per_floor":[116,134,59,59,69,97,97,111,111,36,36,92,121,156,156,233,233,245,259,259,159,159,159,173,173,173,173,192,29,46,71,71,143,143,143,156,156,31,31,31],"floor_reached":39,"language":"ENG","playtime":1325,"items_purged":["Defend_R","Strike_R","Strike_R"],"score":733,"play_id":"16dff69d-914b-4444-bf2f-21db5f0fd6d2","local_time":"20210206001914","is_ascension_mode":true,"campfire_choices":[{"data":"Demon Form","floor":7,"key":"SMITH"},{"data":"Sword Boomerang","floor":11,"key":"SMITH"},{"data":"Armaments","floor":15,"key":"SMITH"},{"data":"J.A.X.","floor":23,"key":"SMITH"},{"data":"True Grit","floor":25,"key":"SMITH"},{"data":"Limit Break","floor":32,"key":"SMITH"}],"circlet_count":0,"master_deck":["AscendersBane","Strike_R","Strike_R","Defend_R","Defend_R","Defend_R","Bash","Sword Boomerang+1","Twin Strike","Thunderclap","Demon Form+1","Armaments+1","Ghostly Armor","Fiend Fire","Demon Form","Feel No Pain","True Grit+1","J.A.X.+1","Decay","Pain","Dark Embrace","Limit Break+1","Pummel","Berserk"],"relics":["Black Blood","NeowsBlessing","Vajra","FossilizedHelix","Sundial","MealTicket","Odd Mushroom","Akabeko","Cursed Key","Gremlin Horn","Blue Candle","Potion Belt"],"acts_visited":["Exordium","TheCity","TheBeyond"],"potions_floor_usage":[14,18,30,31,35],"damage_taken":[{"damage":0,"enemies":"Cultist","floor":1,"turns":1},{"damage":0,"enemies":"Small Slimes","floor":2,"turns":1},{"damage":0,"enemies":"Jaw Worm","floor":5,"turns":1},{"damage":18,"enemies":"Gremlin Nob","floor":6,"turns":3},{"damage":0,"enemies":"2 Fungi Beasts","floor":8,"turns":3},{"damage":15,"enemies":"3 Sentries","floor":12,"turns":5},{"damage":16,"enemies":"The Mushroom Lair","floor":13,"turns":4},{"damage":10,"enemies":"3 Sentries","floor":14,"turns":6},{"damage":20,"enemies":"The Guardian","floor":16,"turns":7},{"damage":11,"enemies":"2 Thieves","floor":18,"turns":2},{"damage":6,"enemies":"Chosen","floor":19,"turns":3},{"damage":13,"enemies":"3 Cultists","floor":24,"turns":4},{"damage":1,"enemies":"Snecko","floor":28,"turns":3},{"damage":16,"enemies":"Centurion and Healer","floor":30,"turns":4},{"damage":31,"enemies":"Slavers","floor":31,"turns":4},{"damage":35,"enemies":"Automaton","floor":33,"turns":6},{"damage":14,"enemies":"3 Darklings","floor":35,"turns":2},{"damage":12,"enemies":"Orb Walker","floor":36,"turns":2},{"damage":76,"enemies":"Jaw Worm Horde","floor":39,"turns":3}],"seed_played":"1157213324015250718","potions_obtained":[{"floor":1,"key":"BloodPotion"},{"floor":2,"key":"LiquidBronze"},{"floor":6,"key":"Ancient Potion"},{"floor":13,"key":"DistilledChaos"},{"floor":16,"key":"Explosive Potion"},{"floor":19,"key":"AttackPotion"},{"floor":30,"key":"SmokeBomb"},{"floor":36,"key":"Fire Potion"}],"is_trial":false,"path_per_floor":["M","M","$","?","M","E","R","M","T","?","R","?","?","E","R","B",null,"M","M","?","$","?","R","M","R","T","T","M","$","M","E","R","B",null,"M","M","?","$","M"],"character_chosen":"IRONCLAD","items_purchased":["Limit Break"],"campfire_rested":0,"item_purchase_floors":[29],"current_hp_per_floor":[74,75,75,57,63,51,51,57,57,57,57,48,38,49,49,35,65,60,60,60,75,75,75,68,68,68,68,73,75,65,40,40,11,59,57,57,57,72,0,0],"gold":31,"neow_bonus":"THREE_ENEMY_KILL","is_daily":false,"chose_seed":false,"campfire_upgraded":6,"win_rate":0.0,"timestamp":1612567154,"path_taken":["M","?","?","?","M","E","R","M","T","?","R","?","?","E","R","BOSS","M","M","?","$","?","R","M","R","T","?","M","$","?","E","R","BOSS","M","M","?","$","M"],"items_purchased_type":["Card"],"build_version":"2020-12-22","purchased_purges":3,"victory":false,"max_hp_per_floor":[75,75,75,75,75,75,75,75,75,75,75,75,75,75,75,75,75,75,75,75,75,75,75,75,75,75,75,75,75,75,75,75,75,75,75,75,75,75,75,75],"card_choices":[{"not_picked":["Combust","Cleave"],"picked":"Sword Boomerang","floor":1},{"not_picked":["Warcry","Havoc"],"picked":"Twin Strike","floor":2},{"not_picked":["Body Slam","Clash"],"picked":"Thunderclap","floor":5},{"not_picked":["Heavy Blade","Exhume"],"picked":"Demon Form","floor":6},{"not_picked":["True Grit","Headbutt","Warcry"],"picked":"SKIP","floor":8},{"not_picked":["Sword Boomerang","Body Slam"],"picked":"Armaments","floor":12},{"not_picked":["Dual Wield","Hemokinesis"],"picked":"Ghostly Armor","floor":13},{"not_picked":["Burning Pact","Body Slam"],"picked":"Fiend Fire","floor":14},{"not_picked":["Corruption","Offering"],"picked":"Demon Form","floor":16},{"not_picked":["Headbutt","Pommel Strike+1"],"picked":"Feel No Pain","floor":18},{"not_picked":["Armaments","Flame Barrier"],"picked":"True Grit","floor":19},{"not_picked":["Searing Blow","Infernal Blade","Reckless Charge"],"picked":"SKIP","floor":24},{"not_picked":["True Grit","Wild Strike"],"picked":"Dark Embrace","floor":28},{"not_picked":["Clash","Anger"],"picked":"Pummel","floor":30},{"not_picked":["Cleave","Combust","Wild Strike"],"picked":"SKIP","floor":31},{"not_picked":["Juggernaut","Corruption"],"picked":"Berserk","floor":33},{"not_picked":["Cleave","Iron Wave","Anger"],"picked":"SKIP","floor":36}],"player_experience":361703,"relics_obtained":[{"floor":6,"key":"FossilizedHelix"},{"floor":9,"key":"Sundial"},{"floor":12,"key":"MealTicket"},{"floor":13,"key":"Odd Mushroom"},{"floor":14,"key":"Akabeko"},{"floor":26,"key":"Gremlin Horn"},{"floor":27,"key":"Blue Candle"},{"floor":31,"key":"Potion Belt"}],"event_choices":[{"damage_healed":0,"gold_gain":0,"player_choice":"Success","damage_taken":18,"relics_obtained":["Vajra"],"max_hp_gain":0,"max_hp_loss":0,"event_name":"Scrap Ooze","floor":4,"gold_loss":0},{"cards_removed":["Strike_R"],"damage_healed":0,"gold_gain":0,"player_choice":"Card Removal","damage_taken":0,"max_hp_gain":0,"max_hp_loss":0,"event_name":"The Cleric","floor":10,"gold_loss":75},{"damage_healed":0,"gold_gain":0,"player_choice":"Searched \u00271\u0027 times","damage_taken":0,"max_hp_gain":0,"max_hp_loss":0,"event_name":"Dead Adventurer","floor":12,"gold_loss":0},{"damage_healed":0,"gold_gain":0,"player_choice":"Fought Mushrooms","damage_taken":0,"max_hp_gain":0,"max_hp_loss":0,"event_name":"Mushrooms","floor":13,"gold_loss":0},{"damage_healed":0,"gold_gain":0,"player_choice":"Ignored","damage_taken":0,"max_hp_gain":0,"max_hp_loss":0,"event_name":"Ghosts","floor":20,"gold_loss":0},{"damage_healed":0,"gold_gain":0,"player_choice":"Obtain J.A.X.","damage_taken":0,"max_hp_gain":0,"max_hp_loss":0,"event_name":"Drug Dealer","floor":22,"gold_loss":0,"cards_obtained":["J.A.X."]},{"damage_healed":0,"gold_gain":0,"player_choice":"Ignored","damage_taken":0,"max_hp_gain":0,"max_hp_loss":0,"event_name":"Tomb of Lord Red Mask","floor":37,"gold_loss":0}],"is_beta":false,"boss_relics":[{"not_picked":["Runic Cube","Coffee Dripper"],"picked":"Cursed Key"},{"not_picked":["Black Star","Mark of Pain"],"picked":"Black Blood"}],"items_purged_floors":[3,21,38],"is_endless":false,"potions_floor_spawned":[1,2,6,13,16,19,28,30,36],"killed_by":"Jaw Worm Horde","ascension_level":16}}