{"host":"1xo5g347e5o4auts","time":1612511963,"event":{"mods":["BaseMod","Minty Spire (QoL Compilation)","Permanent Neow","StSLib"],"gold_per_floor":[113,132,207,224,224,224,257,268,268,298,298,328,4,20,20,94,94,113,132,132,149,149,149,149,149],"floor_reached":24,"language":"ENG","playtime":884,"items_purged":["Strike_B"],"score":532,"play_id":"81d61f9d-7d0c-44f1-adf9-862beb2ea014","local_time":"20210205095923","is_ascension_mode":true,"campfire_choices":[{"data":"The Bomb","floor":6.0,"key":"SMITH"},{"floor":11.0,"key":"REST"},{"data":"Defragment","floor":15.0,"key":"SMITH"},{"floor":23,"key":"REST"}],"circlet_count":0,"master_deck":["AscendersBane","Strike_B","Strike_B","Strike_B","Defend_B","Defend_B","Defend_B","Defend_B","Zap","Dualcast","The Bomb+1","Conserve Battery","Lockon","Buffer","Coolheaded","Genetic Algorithm","Defragment+1","Hologram","Defragment","Capacitor","Compile Driver","Auto Shields","Core Surge","Coolheaded","Coolheaded+1","Genetic Algorithm"],"relics":["Cracked Core","Mummified Hand","The Courier","Sundial","Dream Catcher","DataDisk","Orrery","Cursed Key"],"acts_visited":["Exordium","TheCity"],"potions_floor_usage":[24],"damage_taken":[{"damage":7.0,"enemies":"Jaw Worm","floor":1.0,"turns":3.0},{"damage":2.0,"enemies":"Small Slimes","floor":2.0,"turns":4.0},{"damage":0.0,"enemies":"Cultist","floor":4.0,"turns":3.0},{"damage":8.0,"enemies":"Gremlin Nob","floor":7.0,"turns":3.0},{"damage":6.0,"enemies":"Blue Slaver","floor":8.0,"turns":4.0},{"damage":17.0,"enemies":"3 Sentries","floor":10.0,"turns":3.0},{"damage":6.0,"enemies":"Lagavulin","floor":12.0,"turns":6.0},{"damage":7.0,"enemies":"Lots of Slimes","floor":14.0,"turns":3.0},{"damage":0.0,"enemies":"The Guardian","floor":16.0,"turns":8.0},{"damage":10.0,"enemies":"Chosen","floor":18.0,"turns":4.0},{"damage":18.0,"enemies":"Shell Parasite","floor":19.0,"turns":6.0},{"damage":0.0,"enemies":"Snecko","floor":21.0,"turns":6.0},{"damage":53,"enemies":"Gremlin Leader","floor":24,"turns":4}],"seed_played":"4981653413674599829","potions_obtained":[{"floor":1.0,"key":"Fire Potion"},{"floor":2.0,"key":"Block Potion"},{"floor":18.0,"key":"EssenceOfDarkness"},{"floor":19.0,"key":"PowerPotion"}],"is_trial":false,"path_per_floor":["M","M","?","M","?","R","E","M","T","E","R","E","$","M","R","B",null,"M","M","?","M","?","R","E"],"character_chosen":"DEFECT","items_purchased":["DataDisk","Orrery"],"campfire_rested":2,"item_purchase_floors":[13,13],"current_hp_per_floor":[57,55,44,44,44,44,36,30,30,13,32,26,26,19,19,19,53,43,25,19,19,32,51,0,0],"gold":149,"neow_bonus":"RANDOM_COLORLESS_2","is_daily":false,"chose_seed":false,"campfire_upgraded":2,"win_rate":0.0,"timestamp":1612511963,"path_taken":["M","M","?","M","?","R","E","?","T","E","R","E","$","M","R","BOSS","M","M","?","?","?","R","E"],"items_purchased_type":["Relic","Relic"],"build_version":"2020-12-22","purchased_purges":1,"victory":false,"max_hp_per_floor":[64,64,64,64,64,64,64,64,64,64,64,64,64,64,64,64,64,64,64,64,64,64,64,64,64],"card_choices":[{"not_picked":["Transmutation","Secret Weapon"],"picked":"The Bomb","floor":0.0},{"not_picked":["Heatsinks","Lockon"],"picked":"Conserve Battery","floor":1.0},{"not_picked":["Gash","Stack","Chill"],"picked":"SKIP","floor":2.0},{"not_picked":["Gash","Beam Cell"],"picked":"Lockon","floor":4.0},{"not_picked":["Redo","Streamline"],"picked":"Genetic Algorithm","floor":7.0},{"not_picked":["Redo","White Noise","Chaos"],"picked":"SKIP","floor":8.0},{"not_picked":["Steam","Rebound"],"picked":"Defragment","floor":10.0},{"not_picked":["All For One","Go for the Eyes","Redo"],"picked":"SKIP","floor":12.0},{"not_picked":["Stack","Sweeping Beam"],"picked":"Hologram","floor":13.0},{"not_picked":["Capacitor","Cold Snap"],"picked":"Defragment","floor":13.0},{"not_picked":["Auto Shields","Force Field"],"picked":"Capacitor","floor":13.0},{"not_picked":["Rainbow","Cold Snap"],"picked":"Compile Driver","floor":13.0},{"not_picked":["Blizzard","Rebound"],"picked":"Auto Shields","floor":13.0},{"not_picked":["Reprogram","Conserve Battery","Turbo"],"picked":"SKIP","floor":14.0},{"not_picked":["Multi-Cast","All For One"],"picked":"Core Surge","floor":16.0},{"not_picked":["Compile Driver+1","Consume"],"picked":"Coolheaded","floor":18.0},{"not_picked":["Rebound","Compile Driver"],"picked":"Coolheaded+1","floor":19.0},{"not_picked":["White Noise","Coolheaded"],"picked":"Genetic Algorithm","floor":21.0}],"player_experience":1444382,"relics_obtained":[{"floor":7.0,"key":"Mummified Hand"},{"floor":9.0,"key":"The Courier"},{"floor":10.0,"key":"Sundial"},{"floor":12.0,"key":"Dream Catcher"}],"event_choices":[{"damage_healed":0.0,"max_hp_gain":0.0,"max_hp_loss":0.0,"gold_gain":75.0,"event_name":"World of Goop","player_choice":"Gather Gold","floor":3.0,"gold_loss":0.0,"damage_taken":11.0},{"damage_healed":0.0,"max_hp_gain":0.0,"max_hp_loss":0.0,"gold_gain":0.0,"event_name":"Match and Keep!","player_choice":"2 cards matched","floor":5.0,"gold_loss":0.0,"damage_taken":0.0,"cards_obtained":["Buffer","Coolheaded"]},{"damage_healed":0.0,"max_hp_gain":0.0,"max_hp_loss":0.0,"gold_gain":0.0,"event_name":"Knowing Skull","player_choice":"","floor":20.0,"potions_obtained":[],"gold_loss":0.0,"damage_taken":6.0,"cards_obtained":[]},{"damage_healed":13.0,"max_hp_gain":0.0,"max_hp_loss":0.0,"gold_gain":0.0,"event_name":"The Library","player_choice":"Heal","floor":22.0,"gold_loss":0.0,"damage_taken":0.0}],"is_beta":false,"boss_relics":[{"not_picked":["Sozu","Runic Dome"],"picked":"Cursed Key"}],"items_purged_floors":[13],"is_endless":false,"potions_floor_spawned":[1,2,7,8,18,19],"killed_by":"Gremlin Leader","ascension_level":20}}