{"host":"i9wanet4r0ff4t9y","time":1612516138,"event":{"mods":["2.2 Compatiblity","Act Like it!","BaseMod","Bestiary","Better Altar","Better Match","Better Note","Better Sensory Stone","Better Skull","Better Third Choice","Better Vampires","BetterRewards","CapriCore","Colored Map","Curses Come First","Downfall","Hubris","Minty Spire (QoL Compilation)","Quick Restart","READ ME - Guardian Mod","READ ME - Snecko Mod","Relic Stats","Reliquary","Say the Spire","Spicy Shops","StSLib","The Gatherer","Waifu the Spire"],"gold_per_floor":[115,115,115,134,134,134,167,167,167,195,195,228,238,256,256,355,355,373,389,389,57,75,75,102,102,102,133,149,184,184,201,201,303,303,315,365,365,385,49,49,81,81,105,140,0,0,15,28,28,28],"floor_reached":51,"language":"POL","playtime":1391,"items_purged":[],"score":1520,"play_id":"2701721a-862a-4440-a040-1bb4ecaa4d41","local_time":"20210205100858","is_ascension_mode":true,"campfire_choices":[{"data":"hubris:DuctTapeCard","floor":6.0,"key":"SMITH"},{"floor":8.0,"key":"REST"},{"data":"Echo Form","floor":15.0,"key":"SMITH"},{"data":"Creative AI","floor":23.0,"key":"SMITH"},{"data":"White Noise","floor":25.0,"key":"SMITH"},{"floor":32.0,"key":"REST"},{"data":"Aggregate","floor":40.0,"key":"SMITH"},{"data":"Echo Form","floor":42.0,"key":"SMITH"},{"data":"White Noise","floor":49,"key":"SMITH"}],"circlet_count":0,"master_deck":["Strike_B","Strike_B","Strike_B","Strike_B","Defend_B","Defend_B","Defend_B","Zap","Dualcast","Hologram","Conserve Battery","Gash","Cold Snap+1","Chill","Compile Driver+1","BootSequence","Beam Cell","Streamline","Echo Form+1","Creative AI+1","Streamline+1","White Noise+1","Static Discharge","Reboot","Turbo","Beam Cell+1","Melter+1","hubris:PowerSurge","Echo Form+1","Undo","Thunder Strike+1","White Noise+1","Hello World","Madness","Madness","Consume+1","Aggregate+1","Cold Snap+1","Double Energy+1","hubris:DuctTapeCard","Consume+1","Barrage+1","Tempest+1","Double Energy+1"],"relics":["Cracked Core","Oddly Smooth Stone","Sling","Girya","hexamod:BolsterEngine","hubris:Icosahedron","hubris:DuctTape","MealTicket","reliquary:TuningFork","Ice Cream","reliquary:Buckler","hubris:ScarierMask","Mummified Hand","Omamori","Molten Egg 2","Bronze Scales","hubris:CuriousFeather","hubris:CrackedHourglass","FossilizedHelix","Shuriken","StrikeDummy","Toy Ornithopter","reliquary:Knoch","Red Mask"],"acts_visited":["Exordium","TheCity","TheBeyond"],"potions_floor_usage":[44,50],"damage_taken":[{"damage":0.0,"enemies":"Jaw Worm","floor":1.0,"turns":3.0},{"damage":0.0,"enemies":"Small Slimes","floor":4.0,"turns":4.0},{"damage":18.0,"enemies":"Gremlin Nob","floor":7.0,"turns":4.0},{"damage":0.0,"enemies":"3 Sentries","floor":10.0,"turns":6.0},{"damage":0.0,"enemies":"Lagavulin","floor":12.0,"turns":5.0},{"damage":0.0,"enemies":"Cultist","floor":13.0,"turns":2.0},{"damage":0.0,"enemies":"2 Fungi Beasts","floor":14.0,"turns":2.0},{"damage":27.0,"enemies":"Hexaghost","floor":16.0,"turns":8.0},{"damage":24.0,"enemies":"Spheric Guardian","floor":18.0,"turns":4.0},{"damage":0.0,"enemies":"2 Thieves","floor":19.0,"turns":2.0},{"damage":0.0,"enemies":"Cultist and Chosen","floor":22.0,"turns":3.0},{"damage":21.0,"enemies":"Book of Stabbing","floor":24.0,"turns":4.0},{"damage":0.0,"enemies":"Slavers","floor":27.0,"turns":4.0},{"damage":0.0,"enemies":"Shelled Parasite and Fungi","floor":28.0,"turns":3.0},{"damage":5.0,"enemies":"Gremlin Leader","floor":29.0,"turns":3.0},{"damage":0.0,"enemies":"Centurion and Healer","floor":31.0,"turns":2.0},{"damage":0.0,"enemies":"Automaton","floor":33.0,"turns":6.0},{"damage":0.0,"enemies":"Orb Walker","floor":35.0,"turns":2.0},{"damage":5.0,"enemies":"Mind Bloom Boss Battle","floor":36.0,"turns":5.0},{"damage":0.0,"enemies":"3 Darklings","floor":38.0,"turns":3.0},{"damage":0.0,"enemies":"Nemesis","floor":41.0,"turns":3.0},{"damage":0,"enemies":"Giant Head","floor":44,"turns":6},{"damage":0,"enemies":"Spire Growth","floor":47,"turns":5},{"damage":0,"enemies":"Sphere and 2 Shapes","floor":48,"turns":3},{"damage":0,"enemies":"hubris:GrandSnecko","floor":50,"turns":6}],"seed_played":"5516607546643139456","potions_obtained":[{"floor":10.0,"key":"SteroidPotion"},{"floor":14.0,"key":"sneckomod:MuddlingPotion"},{"floor":18.0,"key":"sneckomod:MuddlingPotion"},{"floor":24.0,"key":"DuplicationPotion"},{"floor":31.0,"key":"Guardian:BlockOnCardUsePotion"},{"floor":33.0,"key":"Weak Potion"},{"floor":38.0,"key":"FocusPotion"},{"floor":48,"key":"Swift Potion"}],"is_trial":false,"path_per_floor":["M","?","?","M","?","R","E","R","T","E","?","E","M","M","R","B",null,"M","M","?","$","M","R","E","R","T","E","M","E","?","M","R","B",null,"M","?","?","M","$","R","E","R","T","E","?","?","M","M","R","B",null],"character_chosen":"DEFECT","items_purchased":["Oddly Smooth Stone","Sling","Self Repair","Hologram","Conserve Battery","Gash","Cold Snap","Mummified Hand","Static Discharge","Shuriken","Aggregate","Cold Snap+1"],"campfire_rested":2,"item_purchase_floors":[0,0,0,0,0,0,0,21,21,39,39,39],"current_hp_per_floor":[47,47,35,42,42,42,34,56,56,66,66,75,75,75,75,58,71,57,67,67,75,75,75,74,74,74,75,75,70,55,55,75,75,75,75,70,61,71,75,75,75,75,75,75,75,75,75,75,75,75],"gold":28,"neow_bonus":"","is_daily":false,"chose_seed":false,"campfire_upgraded":7,"win_rate":0.0,"timestamp":1612516138,"path_taken":["M","?","?","M","?","R","E","R","T","E","?","E","M","M","R","BOSS","M","?","?","?","M","R","E","R","T","E","M","E","?","M","R","BOSS","M","?","?","M","$","R","E","R","T","E","?","?","M","M","R","BOSS"],"items_purchased_type":["Relic","Relic","Card","Card","Card","Card","Card","Relic","Card","Relic","Card","Card"],"build_version":"2020-12-22","purchased_purges":0,"victory":true,"max_hp_per_floor":[75,75,75,75,75,75,75,75,75,75,75,75,75,75,75,75,75,75,75,75,75,75,75,75,75,75,75,75,75,75,75,75,75,75,75,75,75,75,75,75,75,75,75,75,75,75,75,75,75,75],"relic_stats":{"counters":[337,1297],"Mummified Hand":[115],"Shuriken":[11],"Bronze Scales":[76],"MealTicket":12,"obtain_stats":[{"Replay:Accelerometer":42,"Spirit Poop":5,"Sling":0,"Replay:Wanted Poster":17,"Blood Vial":12,"Replay:Bronze Core":17,"Fusion Hammer":34,"Replay:Bottled Flurry":27,"HandDrill":30,"hubris:RGBLights":30,"Pen Nib":37,"Akabeko":13,"Cables":40,"reliquary:Bookmark":0,"StrikeDummy":41,"Regal Pillow":0,"Singing Bowl":9,"hubris:EmptyBottle":0,"Ancient Tea Set":25,"Smiling Mask":45,"Pet Ghost":9,"Ring of Fangs":46,"WristBlade":17,"Toolbox":3,"hubris:CuriousFeather":29,"Chemical X":37,"InkBottle":44,"Ring of the Snake":0,"Potion Belt":4,"Lee\u0027s Waffle":0,"NeowsBlessing":0,"Golden Idol":2,"Circlet":0,"PreservedInsect":0,"Ring of Greed":2,"hubris:Towel":2,"Nuclear Battery":17,"reliquary:KinkedSpring":17,"Ornamental Fan":36,"hubris:Spice":28,"betterThird:SlimedRelic":2,"Art of War":26,"Garlic":29,"hexamod:BolsterEngine":9,"hubris:CrackedHourglass":34,"Ice Cream":0,"Divine Protection":9,"reliquary:FeatherDuster":25,"Tiny House":34,"Calipers":47,"Gremlin Horn":6,"Runic Capacitor":47,"Centennial Puzzle":43,"Honey Jar":34,"Philosopher\u0027s Stone":17,"Prayer Wheel":0,"Girya":0,"hubris:DuctTape":0,"ReplayTheSpireMod:CursedCoin":24,"Replay:Grab Bag":17,"Ring of Chaos":34,"WarpedTongs":29,"reliquary:JackalopeAntler":10,"hubris:Zylophone":13,"Onion Ring":40,"hubris:PeanutButter":43,"reliquary:Knoch":10,"Symbiotic Virus":38,"Pocketwatch":44,"Snake Skull":25,"Juzu Bracelet":0,"hubris:RunicObelisk":0,"Empty Cage":0,"Nunchaku":9,"Tough Bandages":0,"Dream Catcher":8,"Emotion Chip":41,"Chameleon Ring":0,"hubris:Icosahedron":36,"hubris:Stopwatch":34,"Red Mask":19,"Replay:Antivirus Software":26,"Guide Book":37,"Replay:WaspNest":37,"Odd Mushroom":10,"Medical Kit":47,"Mercury Hourglass":23,"Calling Bell":17,"reliquary:ExpiredCoupon":26,"Pondfish Scales":54,"DataDisk":38,"hubris:BundleOfHerbs":39,"Bag of Marbles":44,"Membership Card":0,"reliquary:PurpleTingedLeaf":0,"FossilizedHelix":36,"ReplayTheSpireMod:ShopPack":0,"TwistedFunnel":0,"reliquary:Conveyor":38,"Whetstone":24,"Boot":23,"Old Coin":2,"reliquary:FerryPass":30,"Sundial":43,"MealTicket":7,"Kunai":44,"Pear":44,"ReplayTheSpireMod:Ring of Addiction":46,"Counterbalance":47,"reliquary:WeakTea":0,"reliquary:SculptingSteel":10,"Ring of the Serpent":17,"Lantern":14,"hubris:Metronome":23,"reliquary:Aerogel":42,"Painkiller Herb":34,"StoneCalendar":53,"Blue Doll":25,"Bag of Preparation":6,"Replay:Multitool":27,"Cursed Key":34,"BranchBurnRelic":15,"Matryoshka":27,"Ninja Scroll":21,"hubris:ScarierMask":17,"reliquary:Buckler":20,"WingedGreaves":23,"Ring of Panic":5,"Thread and Needle":26,"betterThird:NestCultRelic":21,"The Courier":45,"Omamori":9,"Frozen Egg 2":26,"MawBank":2,"sneckomod:BabySnecko":31,"Bloody Idol":25,"Turnip":7,"ReplayTheSpireMod:Onyx Gauntlets":17,"Toy Ornithopter":46,"reliquary:PartyBalloon":34,"CeramicFish":8,"Vajra":22,"reliquary:QuartzCube":12,"Lizard Tail":47,"Replay:Frozen Program":0,"HornCleat":6,"Strawberry":37,"Toxic Egg 2":26,"Happy Flower":43,"reliquary:Sideboard":26,"Dead Branch":0,"Oddly Smooth Stone":20,"Replay:Kaleidoscope":0,"War Paint":26,"Replay:Baseball":11,"Bottled Flame":30,"reliquary:PorcupineQuills":0,"ReplayTheSpireMod:Shallot":11,"Shuriken":9,"Bronze Scales":48,"Simple Rune":24,"Molten Egg 2":0,"Black Star":17,"ReplayTheSpireMod:TigerMarble":0,"Darkstone Periapt":0,"Replay:PocketPolymizer":17,"reliquary:Boomerang":41,"SacredBark":46,"Mango":10,"Incense Burner":28,"ClockworkSouvenir":25,"Replay:Bandana":43,"Mummified Hand":37,"Pantograph":37,"Gambling Chip":36,"Tiny Chest":0,"reliquary:RoseTintedGlasses":9,"Cracked Core":0,"Gremlin Food":30,"BargainBundle":53,"ReplayTheSpireMod:Ninjato":7,"reliquary:LoveEmittingDiode":0,"Quantum Egg":30,"hexamod:Sixitude":37,"Orichalcum":5,"White Beast Statue":36,"Peace Pipe":36,"Anchor":23,"CaptainsWheel":37,"reliquary:RedPaperclip":34,"reliquary:Craggleroot":34,"reliquary:Stiletto":27,"reliquary:TuningFork":24},{"Replay:Accelerometer":122,"Spirit Poop":172,"Sling":26,"Replay:Wanted Poster":84,"Blood Vial":263,"Replay:Bronze Core":34,"Fusion Hammer":186,"Replay:Bottled Flurry":39,"HandDrill":41,"hubris:RGBLights":304,"Pen Nib":66,"Akabeko":7,"Cables":190,"reliquary:Bookmark":192,"StrikeDummy":333,"Regal Pillow":214,"Singing Bowl":128,"hubris:EmptyBottle":259,"Ancient Tea Set":15,"Smiling Mask":97,"Pet Ghost":105,"Ring of Fangs":48,"WristBlade":58,"Toolbox":171,"hubris:CuriousFeather":327,"Chemical X":66,"InkBottle":71,"Ring of the Snake":0,"Potion Belt":293,"Lee\u0027s Waffle":49,"NeowsBlessing":0,"Golden Idol":260,"Circlet":0,"PreservedInsect":154,"Ring of Greed":171,"hubris:Towel":240,"Nuclear Battery":200,"reliquary:KinkedSpring":245,"Ornamental Fan":93,"hubris:Spice":251,"betterThird:SlimedRelic":102,"Art of War":15,"Garlic":137,"hexamod:BolsterEngine":220,"hubris:CrackedHourglass":329,"Ice Cream":192,"Divine Protection":159,"reliquary:FeatherDuster":205,"Tiny House":43,"Calipers":257,"Gremlin Horn":158,"Runic Capacitor":282,"Centennial Puzzle":22,"Honey Jar":117,"Philosopher\u0027s Stone":9,"Prayer Wheel":49,"Girya":312,"hubris:DuctTape":284,"ReplayTheSpireMod:CursedCoin":113,"Replay:Grab Bag":58,"Ring of Chaos":92,"WarpedTongs":62,"reliquary:JackalopeAntler":197,"hubris:Zylophone":244,"Onion Ring":69,"hubris:PeanutButter":257,"reliquary:Knoch":197,"Symbiotic Virus":256,"Pocketwatch":23,"Snake Skull":37,"Juzu Bracelet":26,"hubris:RunicObelisk":291,"Empty Cage":214,"Nunchaku":30,"Tough Bandages":126,"Dream Catcher":159,"Emotion Chip":257,"Chameleon Ring":76,"hubris:Icosahedron":255,"hubris:Stopwatch":274,"Red Mask":11,"Replay:Antivirus Software":182,"Guide Book":45,"Replay:WaspNest":119,"Odd Mushroom":31,"Medical Kit":150,"Mercury Hourglass":181,"Calling Bell":162,"reliquary:ExpiredCoupon":303,"Pondfish Scales":76,"DataDisk":256,"hubris:BundleOfHerbs":278,"Bag of Marbles":148,"Membership Card":26,"reliquary:PurpleTingedLeaf":239,"FossilizedHelix":331,"ReplayTheSpireMod:ShopPack":101,"TwistedFunnel":76,"reliquary:Conveyor":232,"Whetstone":61,"Boot":113,"Old Coin":171,"reliquary:FerryPass":273,"Sundial":70,"MealTicket":53,"Kunai":310,"Pear":71,"ReplayTheSpireMod:Ring of Addiction":48,"Counterbalance":150,"reliquary:WeakTea":291,"reliquary:SculptingSteel":291,"Ring of the Serpent":132,"Lantern":199,"hubris:Metronome":269,"reliquary:Aerogel":280,"Painkiller Herb":140,"StoneCalendar":152,"Blue Doll":166,"Bag of Preparation":3,"Replay:Multitool":39,"Cursed Key":18,"BranchBurnRelic":33,"Matryoshka":89,"Ninja Scroll":59,"hubris:ScarierMask":320,"reliquary:Buckler":301,"WingedGreaves":204,"Ring of Panic":104,"Thread and Needle":37,"betterThird:NestCultRelic":36,"The Courier":48,"Omamori":4,"Frozen Egg 2":88,"MawBank":1,"sneckomod:BabySnecko":229,"Bloody Idol":249,"Turnip":128,"ReplayTheSpireMod:Onyx Gauntlets":58,"Toy Ornithopter":48,"reliquary:PartyBalloon":254,"CeramicFish":80,"Vajra":12,"reliquary:QuartzCube":221,"Lizard Tail":24,"Replay:Frozen Program":170,"HornCleat":294,"Strawberry":45,"Toxic Egg 2":113,"Happy Flower":122,"reliquary:Sideboard":205,"Dead Branch":26,"Oddly Smooth Stone":110,"Replay:Kaleidoscope":26,"War Paint":135,"Replay:Baseball":31,"Bottled Flame":90,"reliquary:PorcupineQuills":192,"ReplayTheSpireMod:Shallot":31,"Shuriken":80,"Bronze Scales":191,"Simple Rune":165,"Molten Egg 2":239,"Black Star":58,"ReplayTheSpireMod:TigerMarble":101,"Darkstone Periapt":49,"Replay:PocketPolymizer":162,"reliquary:Boomerang":212,"SacredBark":48,"Mango":220,"Incense Burner":40,"ClockworkSouvenir":37,"Replay:Bandana":97,"Mummified Hand":66,"Pantograph":66,"Gambling Chip":119,"Tiny Chest":76,"reliquary:RoseTintedGlasses":262,"Cracked Core":0,"Gremlin Food":41,"BargainBundle":75,"ReplayTheSpireMod:Ninjato":80,"reliquary:LoveEmittingDiode":214,"Quantum Egg":63,"hexamod:Sixitude":210,"Orichalcum":28,"White Beast Statue":275,"Peace Pipe":209,"Anchor":13,"CaptainsWheel":20,"reliquary:RedPaperclip":306,"reliquary:Craggleroot":230,"reliquary:Stiletto":303,"reliquary:TuningFork":269},{"Replay:Accelerometer":422,"Spirit Poop":625,"Sling":101,"Replay:Wanted Poster":313,"Blood Vial":971,"Replay:Bronze Core":127,"Fusion Hammer":676,"Replay:Bottled Flurry":144,"HandDrill":153,"hubris:RGBLights":1163,"Pen Nib":253,"Akabeko":19,"Cables":695,"reliquary:Bookmark":711,"StrikeDummy":1277,"Regal Pillow":792,"Singing Bowl":446,"hubris:EmptyBottle":957,"Ancient Tea Set":54,"Smiling Mask":346,"Pet Ghost":367,"Ring of Fangs":186,"WristBlade":230,"Toolbox":621,"hubris:CuriousFeather":1256,"Chemical X":253,"InkBottle":268,"Ring of the Snake":0,"Potion Belt":1117,"Lee\u0027s Waffle":194,"NeowsBlessing":0,"Golden Idol":960,"Circlet":0,"PreservedInsect":556,"Ring of Greed":621,"hubris:Towel":883,"Nuclear Battery":738,"reliquary:KinkedSpring":903,"Ornamental Fan":335,"hubris:Spice":920,"betterThird:SlimedRelic":361,"Art of War":54,"Garlic":486,"hexamod:BolsterEngine":809,"hubris:CrackedHourglass":1264,"Ice Cream":711,"Divine Protection":573,"reliquary:FeatherDuster":758,"Tiny House":164,"Calipers":948,"Gremlin Horn":570,"Runic Capacitor":1078,"Centennial Puzzle":78,"Honey Jar":408,"Philosopher\u0027s Stone":30,"Prayer Wheel":194,"Girya":1200,"hubris:DuctTape":1093,"ReplayTheSpireMod:CursedCoin":394,"Replay:Grab Bag":230,"Ring of Chaos":332,"WarpedTongs":240,"reliquary:JackalopeAntler":725,"hubris:Zylophone":895,"Onion Ring":262,"hubris:PeanutButter":948,"reliquary:Knoch":725,"Symbiotic Virus":944,"Pocketwatch":83,"Snake Skull":137,"Juzu Bracelet":101,"hubris:RunicObelisk":1113,"Empty Cage":792,"Nunchaku":111,"Tough Bandages":437,"Dream Catcher":573,"Emotion Chip":948,"Chameleon Ring":283,"hubris:Icosahedron":941,"hubris:Stopwatch":1030,"Red Mask":38,"Replay:Antivirus Software":660,"Guide Book":173,"Replay:WaspNest":415,"Odd Mushroom":114,"Medical Kit":534,"Mercury Hourglass":657,"Calling Bell":589,"reliquary:ExpiredCoupon":1159,"Pondfish Scales":283,"DataDisk":944,"hubris:BundleOfHerbs":1051,"Bag of Marbles":526,"Membership Card":101,"reliquary:PurpleTingedLeaf":880,"FossilizedHelix":1271,"ReplayTheSpireMod:ShopPack":360,"TwistedFunnel":283,"reliquary:Conveyor":854,"Whetstone":237,"Boot":394,"Old Coin":621,"reliquary:FerryPass":1021,"Sundial":265,"MealTicket":209,"Kunai":1189,"Pear":268,"ReplayTheSpireMod:Ring of Addiction":186,"Counterbalance":534,"reliquary:WeakTea":1113,"reliquary:SculptingSteel":1113,"Ring of the Serpent":465,"Lantern":731,"hubris:Metronome":1005,"reliquary:Aerogel":1064,"Painkiller Herb":500,"StoneCalendar":544,"Blue Doll":600,"Bag of Preparation":3,"Replay:Multitool":144,"Cursed Key":66,"BranchBurnRelic":118,"Matryoshka":324,"Ninja Scroll":232,"hubris:ScarierMask":1234,"reliquary:Buckler":1152,"WingedGreaves":754,"Ring of Panic":365,"Thread and Needle":137,"betterThird:NestCultRelic":133,"The Courier":186,"Omamori":7,"Frozen Egg 2":320,"MawBank":1,"sneckomod:BabySnecko":839,"Bloody Idol":915,"Turnip":446,"ReplayTheSpireMod:Onyx Gauntlets":230,"Toy Ornithopter":186,"reliquary:PartyBalloon":938,"CeramicFish":298,"Vajra":42,"reliquary:QuartzCube":813,"Lizard Tail":88,"Replay:Frozen Program":616,"HornCleat":1123,"Strawberry":173,"Toxic Egg 2":394,"Happy Flower":422,"reliquary:Sideboard":758,"Dead Branch":101,"Oddly Smooth Stone":381,"Replay:Kaleidoscope":101,"War Paint":477,"Replay:Baseball":114,"Bottled Flame":326,"reliquary:PorcupineQuills":711,"ReplayTheSpireMod:Shallot":114,"Shuriken":298,"Bronze Scales":701,"Simple Rune":598,"Molten Egg 2":880,"Black Star":230,"ReplayTheSpireMod:TigerMarble":360,"Darkstone Periapt":194,"Replay:PocketPolymizer":589,"reliquary:Boomerang":786,"SacredBark":186,"Mango":809,"Incense Burner":148,"ClockworkSouvenir":137,"Replay:Bandana":346,"Mummified Hand":253,"Pantograph":253,"Gambling Chip":415,"Tiny Chest":283,"reliquary:RoseTintedGlasses":968,"Cracked Core":0,"Gremlin Food":153,"BargainBundle":280,"ReplayTheSpireMod:Ninjato":298,"reliquary:LoveEmittingDiode":792,"Quantum Egg":243,"hexamod:Sixitude":781,"Orichalcum":106,"White Beast Statue":1035,"Peace Pipe":778,"Anchor":46,"CaptainsWheel":72,"reliquary:RedPaperclip":1175,"reliquary:Craggleroot":847,"reliquary:Stiletto":1159,"reliquary:TuningFork":1005}],"Toy Ornithopter":0},"card_choices":[{"not_picked":["Ball Lightning","Conserve Battery"],"picked":"White Noise","floor":1.0},{"not_picked":["Scrape","Compile Driver"],"picked":"Chill","floor":4.0},{"not_picked":["Rebound","Reprogram"],"picked":"Compile Driver","floor":7.0},{"not_picked":["Beam Cell","Conserve Battery"],"picked":"BootSequence","floor":10.0},{"not_picked":["Compile Driver","Redo"],"picked":"Beam Cell","floor":12.0},{"not_picked":["Leap","Coolheaded"],"picked":"Streamline","floor":13.0},{"not_picked":["hubris:Ukulele","Conserve Battery"],"picked":"Echo Form","floor":14.0},{"not_picked":["hubris:SpecializedCircuitry","hubris:DoWhile"],"picked":"Creative AI","floor":16.0},{"not_picked":["Scrape","Sweeping Beam"],"picked":"Streamline+1","floor":18.0},{"not_picked":["Ball Lightning","Leap"],"picked":"White Noise","floor":19.0},{"not_picked":["Genetic Algorithm","Rebound+1"],"picked":"Reboot","floor":22.0},{"not_picked":["Coolheaded","Streamline"],"picked":"Turbo","floor":24.0},{"not_picked":["Streamline+1","Compile Driver+1"],"picked":"Beam Cell+1","floor":27.0},{"not_picked":["Steam","Gash+1"],"picked":"Melter+1","floor":28.0},{"not_picked":["Multi-Cast","Cold Snap+1"],"picked":"hubris:PowerSurge","floor":29.0},{"not_picked":["Turbo","Coolheaded+1"],"picked":"Undo","floor":31.0},{"not_picked":["hubris:Prefetch","Hyperbeam+1"],"picked":"Thunder Strike+1","floor":33.0},{"not_picked":["Steam+1","Lockon+1"],"picked":"White Noise","floor":35.0},{"not_picked":["Coolheaded+1","Barrage+1"],"picked":"Hello World","floor":36.0},{"not_picked":["Hologram+1","Go for the Eyes+1"],"picked":"Consume+1","floor":38.0},{"not_picked":["Ball Lightning+1","Aggregate+1"],"picked":"Double Energy+1","floor":41.0},{"not_picked":["Biased Cognition","hubris:Ukulele+1"],"picked":"Consume+1","floor":44},{"not_picked":["Turbo+1","Rebound+1"],"picked":"Tempest+1","floor":47},{"not_picked":["Compile Driver+1","Beam Cell+1"],"picked":"Double Energy+1","floor":48}],"player_experience":464184,"relics_obtained":[{"floor":7.0,"key":"MealTicket"},{"floor":9.0,"key":"reliquary:TuningFork"},{"floor":10.0,"key":"Ice Cream"},{"floor":12.0,"key":"reliquary:Buckler"},{"floor":24.0,"key":"Omamori"},{"floor":26.0,"key":"Molten Egg 2"},{"floor":27.0,"key":"Bronze Scales"},{"floor":29.0,"key":"hubris:CuriousFeather"},{"floor":36.0,"key":"FossilizedHelix"},{"floor":41.0,"key":"StrikeDummy"},{"floor":43.0,"key":"Toy Ornithopter"},{"floor":44,"key":"reliquary:Knoch"}],"event_choices":[{"damage_healed":0.0,"max_hp_gain":0.0,"max_hp_loss":0.0,"gold_gain":0.0,"event_name":"betterThird:BetterScrap","player_choice":"Relic ","floor":3.0,"gold_loss":0.0,"damage_taken":12.0,"cards_obtained":["Pummel"]},{"damage_healed":0.0,"max_hp_gain":0.0,"max_hp_loss":0.0,"gold_gain":0.0,"event_name":"Golden Wing","player_choice":"Ignored","floor":5.0,"gold_loss":0.0,"damage_taken":0.0},{"cards_removed":["Defend_B"],"damage_healed":0.0,"max_hp_gain":0.0,"max_hp_loss":0.0,"gold_gain":0.0,"event_name":"Bonfire Elementals","player_choice":"Offered Basic","floor":11.0,"gold_loss":0.0,"damage_taken":0.0},{"damage_healed":0.0,"max_hp_gain":0.0,"max_hp_loss":15.0,"gold_gain":2.0,"event_name":"betterStone:BetterStone","player_choice":"2","floor":30.0,"gold_loss":0.0,"damage_taken":0.0},{"damage_healed":0.0,"max_hp_gain":0.0,"max_hp_loss":0.0,"gold_gain":0.0,"event_name":"MindBloom","player_choice":"Fight","floor":36.0,"gold_loss":0.0,"damage_taken":0.0},{"damage_healed":0.0,"max_hp_gain":0.0,"max_hp_loss":0.0,"gold_gain":0.0,"event_name":"Winding Halls","player_choice":"Embrace Madness","floor":37.0,"gold_loss":0.0,"damage_taken":9.0,"cards_obtained":["Madness","Madness"]},{"damage_healed":0,"gold_gain":0,"player_choice":"Paid","damage_taken":0,"relics_obtained":["Red Mask"],"max_hp_gain":0,"max_hp_loss":0,"event_name":"Tomb of Lord Red Mask","floor":45,"gold_loss":140}],"is_beta":false,"boss_relics":[{"not_picked":["hubris:TerracottaHorce","hubris:Stopwatch"],"picked":"hubris:ScarierMask"},{"not_picked":["reliquary:Ember","bronze:MakeshiftBattery"],"picked":"hubris:CrackedHourglass"}],"items_purged_floors":[],"is_endless":false,"potions_floor_spawned":[10,14,18,24,31,33,38,48],"ascension_level":5}}