{"host":"farxtl2u8hmkbdo2","time":1612498955,"event":{"mods":["A Magickal Journey","Ascension Reborn","BaseMod","Better Altar","Better Note","Better Sensory Stone","Better Skull","Better Third Choice","Challenge The Spire","Colored Map","Colored Powertips","Current Relic Mod","Downfall","Energized Spire","Fox Events","Gremlin Mod","Hermit","Hubris","Mimic Mod","Minty Spire (QoL Compilation)","Prisma Mod","Quick Restart","READ ME - Guardian Mod","READ ME - Snecko Mod","Rare Cards Sparkle","StSLib","The Bladedancer","The Bug Knight","The Cursed","The Disciple","The Hierophant","The Marked","The Necromancer","The Runesmith","Transform Curses"],"gold_per_floor":[117,117,130,147,162,162,173,173,173,188,188,215,234,259,259,354,354,373,373,384,384,384,416,432,432,432,47,67,86,86,112,112,211,211,221,241,241,259,276,276,302,302,302,302,302,12,26,26,26,26],"floor_reached":51,"language":"SPA","playtime":4114,"items_purged":[],"score":804,"play_id":"76acfca4-fb5b-43b7-a625-ba437bb2d5a1","local_time":"20210205012235","is_ascension_mode":true,"campfire_choices":[{"data":"PrismaMod:ChloeCaladbolg","floor":6.0,"key":"SMITH"},{"data":"PrismaMod:ChloeDemonicTutor","floor":8.0,"key":"SMITH"},{"data":"PrismaMod:ChloeGaeBolg","floor":11.0,"key":"SMITH"},{"data":"PrismaMod:ChloeCheapAttack","floor":15.0,"key":"SMITH"},{"data":"PrismaMod:ChloeCaladbolg","floor":25.0,"key":"SMITH"},{"data":"PrismaMod:ChloeCheapDefend","floor":32.0,"key":"SMITH"},{"floor":40.0,"key":"REST"},{"floor":42.0,"key":"REST"},{"data":"PrismaMod:ChloeCheapDefend","floor":45.0,"key":"SMITH"},{"data":"PrismaMod:ChloeCheapAttackTwo","floor":49.0,"key":"SMITH"}],"circlet_count":0,"master_deck":["PrismaMod:ChloeCommonAttack","PrismaMod:ChloeCommonAttack","PrismaMod:ChloeCommonAttack","PrismaMod:ChloeCommonAttack","PrismaMod:ChloeCommonAttack","PrismaMod:ChloeCommonDefend","PrismaMod:ChloeCommonDefend","PrismaMod:ChloeCommonDefend","PrismaMod:ChloeCommonDefend","PrismaMod:ChloeCommonDefend","PrismaMod:ChloeCheapAttack+1","PrismaMod:ChloeCheapDefend+1","PrismaMod:ChloeUncommonAttack","PrismaMod:ChloeCaladbolg+1","PrismaMod:ChloeDemonicTutor+1","PrismaMod:ChloeCheapDefend+1","PrismaMod:ChloeExhaustOne","PrismaMod:ChloeGaeBolg+1","PrismaMod:ChloeMordred+1","PrismaMod:ChloeHalloween+1","PrismaMod:ChloeUncommonDefend+1","PrismaMod:ChloeCarnivalDefend+1","PrismaMod:ChloeMordred+1","PrismaMod:ChloeRitsuka+1","PrismaMod:ChloeCaladbolg+1","PrismaMod:ChloeCheapDefendTwo+1","PrismaMod:ChloeCheapDefendTwo+1","PrismaMod:ChloeCheapDefend+1","PrismaMod:ChloeMordred+1","PrismaMod:ChloeCheapAttack+1","PrismaMod:ChloeExhaustTwo+1","PrismaMod:ChloeCarnivalAttack","PrismaMod:ChloeRuleBreaker","PrismaMod:ChloeExcalibur+1","PrismaMod:ChloeCheapDefend+1","PrismaMod:ChloeDiscardRecovery+1","PrismaMod:ChloeChristmas+1","Sadistic Nature","Blind+1","PrismaMod:ChloeCheapAttackTwo+1"],"relics":["PrismaMod:PrismaTraceOn","CaptainsWheel","Toxic Egg 2","Akabeko","SlaversCollar","Bag of Preparation","Letter Opener","Bottled Flame","Lee\u0027s Waffle","Enchiridion","HornCleat","hubris:ScarierMask","Regal Pillow","Calipers","Du-Vu Doll","hubris:Icosahedron"],"acts_visited":["Exordium","TheCity","TheBeyond"],"potions_floor_usage":[50],"damage_taken":[{"damage":2.0,"enemies":"Small Slimes","floor":1.0,"turns":4.0},{"damage":2.0,"enemies":"Jaw Worm","floor":3.0,"turns":2.0},{"damage":0.0,"enemies":"Cultist","floor":4.0,"turns":2.0},{"damage":12.0,"enemies":"3 Louse","floor":5.0,"turns":4.0},{"damage":3.0,"enemies":"Red Slaver","floor":7.0,"turns":3.0},{"damage":10.0,"enemies":"Looter","floor":10.0,"turns":4.0},{"damage":12.0,"enemies":"Gremlin Nob","floor":12.0,"turns":3.0},{"damage":1.0,"enemies":"Large Slime","floor":13.0,"turns":3.0},{"damage":0.0,"enemies":"Lagavulin","floor":14.0,"turns":2.0},{"damage":17.0,"enemies":"Hexaghost","floor":16.0,"turns":9.0},{"damage":1.0,"enemies":"Chosen","floor":18.0,"turns":3.0},{"damage":16.0,"enemies":"Cultist and Chosen","floor":20.0,"turns":6.0},{"damage":16.0,"enemies":"Gremlin Leader","floor":23.0,"turns":4.0},{"damage":5.0,"enemies":"Centurion and Healer","floor":24.0,"turns":5.0},{"damage":0.0,"enemies":"3 Cultists","floor":28.0,"turns":3.0},{"damage":0.0,"enemies":"Snake Plant","floor":29.0,"turns":3.0},{"damage":12.0,"enemies":"Book of Stabbing","floor":31.0,"turns":3.0},{"damage":0.0,"enemies":"Automaton","floor":33.0,"turns":4.0},{"damage":13.0,"enemies":"3 Shapes","floor":35.0,"turns":2.0},{"damage":15.0,"enemies":"Orb Walker","floor":36.0,"turns":2.0},{"damage":0.0,"enemies":"4 Shapes","floor":38.0,"turns":1.0},{"damage":43.0,"enemies":"Spire Growth","floor":39.0,"turns":6.0},{"damage":14.0,"enemies":"Nemesis","floor":41.0,"turns":3.0},{"damage":7.0,"enemies":"Transient","floor":47.0,"turns":5.0},{"damage":26,"enemies":"hubris:GrandSnecko","floor":50,"turns":7}],"seed_played":"5978808430826724663","potions_obtained":[{"floor":1.0,"key":"DuplicationPotion"},{"floor":12.0,"key":"FearPotion"},{"floor":14.0,"key":"Weak Potion"},{"floor":21.0,"key":"foxEvents:VialedCaress"},{"floor":31.0,"key":"champ:CounterPotion"},{"floor":33.0,"key":"BlessingOfTheForge"},{"floor":39.0,"key":"SmokeBomb"},{"floor":47.0,"key":"Ancient Potion"}],"is_trial":false,"path_per_floor":["M","?","M","M","M","R","M","R","T","M","R","E","M","E","R","B",null,"M","?","M","?","?","E","M","R","T","$","M","M","?","E","R","B",null,"M","M","?","M","M","R","E","R","T","?","R","$","M","?","R","B",null],"character_chosen":"CHLOE","items_purchased":["Bottled Flame","Lee\u0027s Waffle","Sadistic Nature","Blind+1"],"campfire_rested":2,"item_purchase_floors":[27,27,46,46],"current_hp_per_floor":[80,85,83,83,71,71,68,68,68,58,58,46,45,45,45,28,87,86,86,70,70,70,54,49,49,49,80,80,80,64,80,80,80,80,67,52,52,52,9,48,34,73,73,73,73,73,66,66,66,40],"gold":26,"neow_bonus":"TEN_PERCENT_HP_BONUS","is_daily":false,"chose_seed":false,"campfire_upgraded":8,"win_rate":0.0,"timestamp":1612498955,"path_taken":["M","?","M","?","?","R","M","R","T","M","R","E","M","E","R","BOSS","M","?","M","?","?","E","M","R","T","$","M","?","?","E","R","BOSS","M","M","?","?","?","R","E","R","T","?","R","$","M","?","R","BOSS"],"items_purchased_type":["Relic","Relic","Card","Card"],"build_version":"2020-12-22","purchased_purges":0,"victory":true,"max_hp_per_floor":[82,87,87,87,87,87,87,87,87,87,87,87,87,87,87,87,87,87,87,87,73,73,73,73,73,73,80,80,80,80,80,80,80,80,80,80,80,80,80,80,80,80,80,80,80,80,80,80,80,80],"card_choices":[{"not_picked":["PrismaMod:ChloeUncommonAOEAttack","PrismaMod:ChloeCheapDefendTwo"],"picked":"PrismaMod:ChloeUncommonAttack","floor":1.0},{"not_picked":["PrismaMod:ChloeCheapAttack","PrismaMod:ChloeUncommonAOEAttack"],"picked":"PrismaMod:ChloeCaladbolg","floor":3.0},{"not_picked":["PrismaMod:ChloeCommonAOEAttack","PrismaMod:ChloeUncommonAttack"],"picked":"PrismaMod:ChloeDemonicTutor","floor":4.0},{"not_picked":["PrismaMod:ChloeDiscardRecovery","PrismaMod:ChloeUncommonAOEAttack"],"picked":"PrismaMod:ChloeCheapDefend","floor":5.0},{"not_picked":["PrismaMod:ChloeCommonAOEAttack","PrismaMod:ChloeDiscardRecovery"],"picked":"PrismaMod:ChloeExhaustOne","floor":7.0},{"not_picked":["PrismaMod:ChloeExhaustOne","PrismaMod:ChloeCommonAOEAttack"],"picked":"PrismaMod:ChloeGaeBolg","floor":10.0},{"not_picked":["PrismaMod:ChloeExhaustOne+1","PrismaMod:ChloeDiscardRecovery+1"],"picked":"PrismaMod:ChloeMordred+1","floor":12.0},{"not_picked":["PrismaMod:ChloeExhaustOne+1","PrismaMod:ChloeDemonicTutor+1"],"picked":"PrismaMod:ChloeHalloween+1","floor":13.0},{"not_picked":["PrismaMod:ChloeGaeBolg","PrismaMod:ChloeCheapAttackTwo"],"picked":"PrismaMod:ChloeUncommonDefend+1","floor":14.0},{"not_picked":["PrismaMod:ChloeAnySkillTrace+1","PrismaMod:ChloeAnyUncommonTrace+1"],"picked":"PrismaMod:ChloeCarnivalDefend+1","floor":16.0},{"not_picked":["PrismaMod:ChloeCheapDefend+1","PrismaMod:ChloeMaid+1"],"picked":"PrismaMod:ChloeMordred+1","floor":18.0},{"not_picked":["PrismaMod:ChloeCheapDefendTwo+1","PrismaMod:ChloeCommonAOEAttack"],"picked":"PrismaMod:ChloeRitsuka+1","floor":20.0},{"not_picked":["PrismaMod:ChloeDiscardRecovery+1","PrismaMod:ChloeUncommonAOEAttack+1"],"picked":"PrismaMod:ChloeCheapDefendTwo+1","floor":23.0},{"not_picked":["PrismaMod:ChloeCaladbolg","PrismaMod:ChloeDemonicTutor+1"],"picked":"PrismaMod:ChloeCheapDefend+1","floor":24.0},{"not_picked":["PrismaMod:ChloeExhaustOne+1","PrismaMod:ChloeCheapDefend+1"],"picked":"PrismaMod:ChloeMordred+1","floor":28.0},{"not_picked":["PrismaMod:ChloeDiscardRecovery+1","PrismaMod:ChloeExhaustOne+1"],"picked":"PrismaMod:ChloeCheapAttack+1","floor":29.0},{"not_picked":["PrismaMod:ChloeRitsuka+1","PrismaMod:ChloeExcalibur"],"picked":"PrismaMod:ChloeExhaustTwo+1","floor":31.0},{"not_picked":["PrismaMod:ChloeAnyCommonTrace+1","PrismaMod:ChloeAnySkillTrace+1"],"picked":"PrismaMod:ChloeCarnivalAttack","floor":33.0},{"not_picked":["PrismaMod:ChloeCheapAttack","PrismaMod:ChloeRhongomyniad"],"picked":"PrismaMod:ChloeRuleBreaker","floor":35.0},{"not_picked":["PrismaMod:ChloeChristmas+1","PrismaMod:ChloeBetterTracePools"],"picked":"PrismaMod:ChloeExcalibur+1","floor":36.0},{"not_picked":["PrismaMod:ChloeRitsuka+1","PrismaMod:ChloeUncommonAOEAttack"],"picked":"PrismaMod:ChloeCheapDefend+1","floor":38.0},{"not_picked":["PrismaMod:ChloeUncommonAttack","PrismaMod:ChloeExcalibur"],"picked":"PrismaMod:ChloeDiscardRecovery+1","floor":39.0},{"not_picked":["PrismaMod:ChloeExhaustOne+1","PrismaMod:ChloeRhongomyniad"],"picked":"PrismaMod:ChloeChristmas+1","floor":41.0},{"not_picked":["PrismaMod:ChloeCommonAOEAttack+1","PrismaMod:ChloeExhaustOne+1"],"picked":"PrismaMod:ChloeCheapAttackTwo","floor":47.0}],"player_experience":2031395,"relics_obtained":[{"floor":9.0,"key":"CaptainsWheel"},{"floor":12.0,"key":"Toxic Egg 2"},{"floor":14.0,"key":"Akabeko"},{"floor":23.0,"key":"Bag of Preparation"},{"floor":26.0,"key":"Letter Opener"},{"floor":30.0,"key":"Enchiridion"},{"floor":31.0,"key":"HornCleat"},{"floor":41.0,"key":"Calipers"},{"floor":43.0,"key":"Du-Vu Doll"}],"event_choices":[{"damage_healed":0.0,"max_hp_gain":5.0,"max_hp_loss":0.0,"gold_gain":0.0,"event_name":"Big Fish","player_choice":"Donut","floor":2.0,"gold_loss":0.0,"damage_taken":0.0},{"cards_removed":["PrismaMod:ChloeCarnivalDefend"],"damage_healed":0.0,"max_hp_gain":0.0,"max_hp_loss":0.0,"gold_gain":0.0,"event_name":"betterNote:BetterNote","player_choice":"Give","floor":19.0,"gold_loss":0.0,"damage_taken":0.0,"cards_obtained":["None"]},{"damage_healed":0.0,"max_hp_gain":0.0,"max_hp_loss":0.0,"gold_gain":0.0,"event_name":"Match and Keep!","player_choice":"2 cards matched","floor":22.0,"gold_loss":0.0,"damage_taken":0.0,"cards_obtained":["PrismaMod:ChloeCaladbolg","PrismaMod:ChloeCheapDefendTwo"]},{"damage_healed":0.0,"max_hp_gain":0.0,"max_hp_loss":0.0,"gold_gain":0.0,"event_name":"Cursed Tome","player_choice":"Obtained Book","floor":30.0,"gold_loss":0.0,"damage_taken":16.0},{"damage_healed":0.0,"max_hp_gain":0.0,"max_hp_loss":0.0,"gold_gain":0.0,"event_name":"WeMeetAgain","player_choice":"Gave Potion","floor":37.0,"gold_loss":0.0,"damage_taken":0.0,"relics_obtained":["Regal Pillow"]},{"damage_healed":0.0,"max_hp_gain":0.0,"max_hp_loss":0.0,"gold_gain":0.0,"event_name":"Tomb of Lord Red Mask","player_choice":"Ignored","floor":44.0,"gold_loss":0.0,"damage_taken":0.0}],"is_beta":false,"boss_relics":[{"not_picked":["Snecko Eye","Coffee Dripper"],"picked":"SlaversCollar"},{"not_picked":["Cursed Key","energizedSpire:DeadBattery"],"picked":"hubris:ScarierMask"}],"items_purged_floors":[],"is_endless":false,"potions_floor_spawned":[1,12,14,31,33,39,47],"ascension_level":0}}