{"host":"78ng8b0jg92p48rp","time":1612531632,"event":{"mods":["Aspiration","BaseMod","Minty Spire (QoL Compilation)","Quick Restart","Replay The Spire","StSLib"],"gold_per_floor":[111,122,0,0,0,35,35,110,137,137,150,28,28,28,28],"floor_reached":14,"language":"ZHS","playtime":628,"items_purged":["Regret","Strike_G"],"score":86,"play_id":"dc2165cb-dfe0-4321-bfb3-9bcf93321b07","local_time":"20210205212712","is_ascension_mode":false,"campfire_choices":[{"data":"Defend_G","floor":10,"key":"PURGE"},{"data":"Strike_G","floor":13,"key":"PURGE"}],"circlet_count":0,"master_deck":["Strike_G","Strike_G","Strike_G","Defend_G","Defend_G","Defend_G","Defend_G","Survivor","Neutralize","Acrobatics","ReplayTheSpireMod:Necrosis","Distraction","Catalyst"],"relics":["Ring of the Snake","Smiling Mask","Peace Pipe","ReplayTheSpireMod:TigerMarble"],"acts_visited":["Exordium"],"potions_floor_usage":[6],"damage_taken":[{"damage":6,"enemies":"Cultist","floor":1,"turns":5},{"damage":2,"enemies":"Jaw Worm","floor":2,"turns":3},{"damage":41,"enemies":"3 Sentries","floor":6,"turns":14},{"damage":0,"enemies":"2 Louse","floor":11,"turns":2},{"damage":16,"enemies":"Lagavulin","floor":14,"turns":3}],"seed_played":"-5376234193968079992","potions_obtained":[{"floor":1,"key":"Block Potion"},{"floor":4,"key":"ColorlessPotion"},{"floor":4,"key":"Swift Potion"}],"is_trial":false,"path_per_floor":["M","M","$","?","$","E","$","?","T","R","M","$","R","E"],"character_chosen":"THE_SILENT","items_purchased":["ReplayTheSpireMod:Necrosis","Catalyst"],"campfire_rested":0,"item_purchase_floors":[3,12],"current_hp_per_floor":[64,62,62,62,62,21,21,14,14,14,14,14,14,0,0],"gold":28,"neow_bonus":"RANDOM_EVENT","is_daily":false,"chose_seed":false,"campfire_upgraded":0,"win_rate":0.0,"timestamp":1612531632,"path_taken":["M","M","$","?","?","E","?","?","T","R","M","$","R","E"],"items_purchased_type":["Card","Card"],"build_version":"2020-12-22","purchased_purges":2,"victory":false,"max_hp_per_floor":[70,70,70,70,70,70,70,70,70,70,70,70,70,70,70],"card_choices":[{"not_picked":["Tactician","Caltrops","ReplayTheSpireMod:The Works"],"picked":"SKIP","floor":1},{"not_picked":["Blade Dance","Slice"],"picked":"Acrobatics","floor":2},{"not_picked":["Reflex","Deflect"],"picked":"Distraction","floor":6},{"not_picked":["Deflect","Hidden Blade","Underhanded Strike"],"picked":"SKIP","floor":11}],"player_experience":82268,"relics_obtained":[{"floor":6,"key":"Peace Pipe"},{"floor":9,"key":"ReplayTheSpireMod:TigerMarble"}],"event_choices":[{"damage_healed":0,"gold_gain":0,"player_choice":"Box","damage_taken":0,"relics_obtained":["Smiling Mask"],"max_hp_gain":0,"max_hp_loss":0,"event_name":"Big Fish","floor":0,"gold_loss":0,"cards_obtained":["Regret"]},{"damage_healed":0,"gold_gain":0,"player_choice":"Got Potions","damage_taken":0,"max_hp_gain":0,"max_hp_loss":0,"event_name":"Lab","floor":4,"gold_loss":0},{"damage_healed":0,"gold_gain":75,"player_choice":"Touch","damage_taken":7,"max_hp_gain":0,"max_hp_loss":0,"event_name":"FaceTrader","floor":8,"gold_loss":0}],"is_beta":false,"boss_relics":[],"items_purged_floors":[3,12],"is_endless":false,"potions_floor_spawned":[1],"killed_by":"Lagavulin","ascension_level":0}}