{"host":"z6c1sol8rulx2ubz","time":1612537444,"event":{"mods":["AchievementEnabler","Act Like it!","BaseMod","Better Note","Better Third Choice","Downfall","Elementarium","Gold Saver","Hallownest","Infinite Spire","Minty Spire (QoL Compilation)","Quick Restart","Rare Cards Sparkle","StSLib","The Bug Knight","Wandering Minibosses"],"gold_per_floor":[1928,1947,1677,1692,1707,1607,1607,1707,1720,1755,1509,2303,2203,2217,2232,2329,2329,2329,2349,2349,2362,2373,2387,2387,2287,2319,2319,2353,2683,2694,2727,2742,2847,2847,2847,2866,2866,2866,2877,2877,2904,2904,2921,2935,2935,2967,2978,2998,3018,3121,3121,3121,3134,3152,3166,3341,3341,3341,3359,3376,3392,3406,3422,3422,3450,3466,3568,3568,3568,3568,3668,3688,3704,3704,3729,3729,3729,3764,3764,3764,3775,3800,3815,3815,3815,3815],"floor_reached":84,"language":"ENG","playtime":4490,"items_purged":["bronze:Replicate"],"score":1406,"play_id":"8c725948-48f0-49d1-a5cc-30d75397a3c5","local_time":"20210205150404","is_ascension_mode":false,"campfire_choices":[{"floor":1.0,"key":"RECALL"},{"data":"bronze:MaxOutput","floor":6.0,"key":"SMITH"},{"data":"bronze:Allocate","floor":13.0,"key":"SMITH"},{"data":"bronze:InfiniteLoop","floor":18.0,"key":"SMITH"},{"data":"bronze:FineTuning","floor":25.0,"key":"SMITH"},{"data":"bronze:CloningBeam","floor":27.0,"key":"SMITH"},{"data":"bronze:Repair","floor":35.0,"key":"SMITH"},{"floor":42.0,"key":"REST"},{"floor":45.0,"key":"REST"},{"data":"bronze:Optimize","floor":52,"key":"SMITH"},{"data":"bronze:Break","floor":64,"key":"SMITH"},{"floor":69,"key":"REST"},{"data":"bronze:AlphaBuild","floor":74,"key":"SMITH"},{"floor":77,"key":"REST"},{"floor":80,"key":"REST"}],"circlet_count":0,"master_deck":["bronze:Strike","bronze:Strike","bronze:Strike","bronze:Defend","bronze:Defend","bronze:Goto","bronze:Repair+1","bronze:Break+1","bronze:MaxOutput+1","bronze:FineTuning+1","bronze:Allocate+1","bronze:Iterate","bronze:ItsAFeature","bronze:Iterate","bronze:Shell","bronze:BugBarrage","bronze:Optimize+1","bronze:ItsAFeature","bronze:Iterate","bronze:InfiniteLoop+1","bronze:WildBeam","bronze:WildBeam","bronze:CloningBeam+1","bronze:ForLoop+1","bronze:Break","bronze:FineTuning+1","expansioncontent:PrepareCrush","expansioncontent:Chronoboost","bronze:ChildClass+1","bronze:InfiniteLoop","bronze:Iterate","bronze:ChildClass","bronze:HardenedForm","CurseOfTheBell","bronze:Virus","bronze:AlphaBuild+1","J.A.X.+1","bronze:Overheat"],"relics":["expansioncontent:StudyCardRelic","downfall:HeartBlessingRed","Meat on the Bone","White Beast Statue","bronze:SilverBullet","Toy Ornithopter","wanderingMiniBosses:MasterThiefsPresence","downfall:HeartBlessingGreen","Busted Crown","downfall:HeartBlessingBlue","HollowMod:StagPassRelic","Ice Cream","Potion Belt","bronze:MakeshiftBattery","Lizard Tail","Omamori","Cursed Key","Pen Nib","Calling Bell","Vajra","Toxic Egg 2","Du-Vu Doll","downfall:RedIOU","MutagenicStrength"],"acts_visited":["Exordium","TheCity","TheBeyond","Exordium","TheCity"],"potions_floor_usage":[61,71],"damage_taken":[{"damage":0.0,"enemies":"Cultist","floor":2.0,"turns":3.0},{"damage":2.0,"enemies":"downfall:FleeingMerchant","floor":3.0,"turns":4.0},{"damage":2.0,"enemies":"2 Louse","floor":4.0,"turns":3.0},{"damage":1.0,"enemies":"Jaw Worm","floor":5.0,"turns":3.0},{"damage":1.0,"enemies":"downfall:LadyInBlue","floor":8.0,"turns":3.0},{"damage":2.0,"enemies":"2 Fungi Beasts","floor":9.0,"turns":3.0},{"damage":0.0,"enemies":"HollowMod:MossKnight","floor":10.0,"turns":4.0},{"damage":10.0,"enemies":"downfall:FleeingMerchant","floor":11.0,"turns":6.0},{"damage":20.0,"enemies":"Large Slime","floor":12.0,"turns":5.0},{"damage":8.0,"enemies":"Blue Slaver","floor":14.0,"turns":3.0},{"damage":9.0,"enemies":"Gremlin Gang","floor":15.0,"turns":4.0},{"damage":0.0,"enemies":"DF_ARCHETYPE_STREAMLINE","floor":16.0,"turns":3.0},{"damage":0.0,"enemies":"3 Byrds","floor":19.0,"turns":2.0},{"damage":1.0,"enemies":"Shell Parasite","floor":21.0,"turns":2.0},{"damage":14.0,"enemies":"Centurion and Healer","floor":22.0,"turns":3.0},{"damage":0.0,"enemies":"Cultist and Chosen","floor":23.0,"turns":2.0},{"damage":10.0,"enemies":"Slavers","floor":26.0,"turns":2.0},{"damage":3.0,"enemies":"Gremlin Leader","floor":28.0,"turns":2.0},{"damage":15.0,"enemies":"downfall:FleeingMerchant","floor":29.0,"turns":4.0},{"damage":2.0,"enemies":"3 Cultists","floor":30.0,"turns":3.0},{"damage":39.0,"enemies":"Nightmare","floor":31.0,"turns":6.0},{"damage":21.0,"enemies":"Sentry and Sphere","floor":32.0,"turns":5.0},{"damage":34.0,"enemies":"SI_MIRROR_ARCHETYPE","floor":33.0,"turns":5.0},{"damage":22.0,"enemies":"3 Shapes","floor":36.0,"turns":2.0},{"damage":9.0,"enemies":"3 Darklings","floor":39.0,"turns":2.0},{"damage":0.0,"enemies":"Transient","floor":43.0,"turns":5.0},{"damage":12.0,"enemies":"Spire Growth","floor":44.0,"turns":3.0},{"damage":1.0,"enemies":"Giant Head","floor":46.0,"turns":4.0},{"damage":0.0,"enemies":"Jaw Worm Horde","floor":47.0,"turns":2.0},{"damage":0.0,"enemies":"3 Darklings","floor":48.0,"turns":2.0},{"damage":11.0,"enemies":"Writhing Mass","floor":49.0,"turns":3.0},{"damage":141.0,"enemies":"WA_ARCHETYPE_DIVINITY","floor":50.0,"turns":9.0},{"damage":10,"enemies":"Jaw Worm","floor":53,"turns":2},{"damage":0,"enemies":"2 Louse","floor":54,"turns":1},{"damage":0,"enemies":"Cultist","floor":55,"turns":1},{"damage":0,"enemies":"Blue Slaver","floor":59,"turns":1},{"damage":0,"enemies":"2 Fungi Beasts","floor":60,"turns":1},{"damage":4,"enemies":"Exordium Wildlife","floor":61,"turns":2},{"damage":0,"enemies":"Blue Slaver","floor":62,"turns":2},{"damage":0,"enemies":"Gremlin Gang","floor":63,"turns":1},{"damage":0,"enemies":"Lagavulin","floor":65,"turns":2},{"damage":0,"enemies":"Exordium Wildlife","floor":66,"turns":2},{"damage":11,"enemies":"The Guardian","floor":67,"turns":3},{"damage":27,"enemies":"downfall:Augmenter","floor":71,"turns":3},{"damage":15,"enemies":"Shell Parasite","floor":72,"turns":2},{"damage":0,"enemies":"Snake Plant","floor":73,"turns":1},{"damage":22,"enemies":"HollowMod:Nosk","floor":75,"turns":2},{"damage":0,"enemies":"Gremlin Leader","floor":78,"turns":1},{"damage":0,"enemies":"Cultist and Chosen","floor":81,"turns":2},{"damage":18,"enemies":"Book of Stabbing","floor":82,"turns":2},{"damage":3,"enemies":"Shelled Parasite and Fungi","floor":83,"turns":1},{"damage":76,"enemies":"Champ","floor":84,"turns":4}],"seed_played":"3867631143573042323","potions_obtained":[{"floor":2.0,"key":"BlessingOfTheForge"},{"floor":4.0,"key":"FearPotion"},{"floor":5.0,"key":"champ:CounterPotion"},{"floor":8.0,"key":"BlessingOfTheForge"},{"floor":8.0,"key":"EssenceOfSteel"},{"floor":8.0,"key":"bronze:BurnAndBuffPotion"},{"floor":10.0,"key":"PowerPotion"},{"floor":11.0,"key":"SteroidPotion"},{"floor":12.0,"key":"Strength Potion"},{"floor":15.0,"key":"sneckomod:MuddlingPotion"},{"floor":16.0,"key":"Dexterity Potion"},{"floor":19.0,"key":"champ:CounterPotion"},{"floor":21.0,"key":"Strength Potion"},{"floor":22.0,"key":"BlessingOfTheForge"},{"floor":26.0,"key":"Swift Potion"},{"floor":28.0,"key":"DuplicationPotion"},{"floor":29.0,"key":"Swift Potion"},{"floor":31.0,"key":"Strength Potion"},{"floor":32.0,"key":"Explosive Potion"},{"floor":33.0,"key":"Slimebound:ThreeZeroPotion"},{"floor":36.0,"key":"Fire Potion"},{"floor":39.0,"key":"Ancient Potion"},{"floor":43.0,"key":"hexamod:SoulburnPotion"},{"floor":44.0,"key":"FairyPotion"},{"floor":46.0,"key":"SpeedPotion"},{"floor":47.0,"key":"Weak Potion"},{"floor":50.0,"key":"infinitespire:BlackPotion"},{"floor":53,"key":"Weak Potion"},{"floor":54,"key":"Swift Potion"},{"floor":55,"key":"SkillPotion"},{"floor":61,"key":"SpeedPotion"},{"floor":71,"key":"PowerPotion"},{"floor":75,"key":"Regen Potion"}],"is_trial":false,"path_per_floor":["R","M","$","M","M","R","T","?","M","E","$","M","R","M","M","B",null,"R","M","?","M","M","M","T","R","E","R","E","$","M","NM","M","B",null,"R","M","?","?","M","?","T","R","M","M","R","E","M","M","M","B",null,"R","M","M","M","?","?","T","M","M","M","M","M","R","E","M","B",null,"R","?","?","M","M","R","E","?","R","E","?","R","M","E","M","B"],"character_chosen":"THE_AUTOMATON","items_purchased":["bronze:MaxOutput","bronze:FineTuning","bronze:Allocate","bronze:Optimize","Toy Ornithopter"],"campfire_rested":5,"item_purchase_floors":[3,3,3,11,11],"current_hp_per_floor":[70,70,68,66,65,65,65,70,70,70,67,54,54,46,53,70,70,70,70,70,69,66,70,70,80,70,70,67,65,63,48,46,41,80,80,58,58,58,59,54,54,78,80,68,80,79,80,80,75,57,80,80,70,70,70,70,70,70,70,70,71,80,80,80,80,80,69,80,80,80,53,50,50,50,40,40,64,64,64,80,80,62,59,0,0,0],"gold":3815,"neow_bonus":"BOSS_RELIC","is_daily":false,"chose_seed":false,"campfire_upgraded":9,"win_rate":0.0,"timestamp":1612537444,"path_taken":["R","M","$","M","M","R","T","?","M","E","?","M","R","M","M","BOSS","R","M","?","?","?","M","T","R","E","R","E","?","M","NM","M","BOSS","R","M","?","?","M","?","T","R","M","M","R","E","M","M","M","BOSS","R","M","M","M","?","?","T","M","M","?","M","M","R","E","M","BOSS","R","?","?","M","M","R","E","?","R","E","?","R","?","E","M","BOSS"],"items_purchased_type":["Card","Card","Card","Card","Relic"],"build_version":"2020-12-22","purchased_purges":1,"victory":false,"max_hp_per_floor":[70,70,70,70,70,70,70,70,70,70,70,70,70,70,70,70,70,70,70,70,70,70,70,70,80,80,80,80,80,80,80,80,80,80,80,80,80,80,80,80,80,80,80,80,80,80,80,80,80,80,80,80,80,80,80,80,80,80,80,80,80,80,80,80,80,80,80,80,80,80,80,80,80,80,80,80,80,80,80,80,80,80,80,80,80,80],"card_choices":[{"not_picked":["bronze:Deprecate","bronze:Shell"],"picked":"bronze:Repair","floor":2.0},{"not_picked":["bronze:Invalidate","bronze:GetLatest"],"picked":"bronze:Break","floor":3.0},{"not_picked":["bronze:Backtrace","bronze:WhirlingStrike"],"picked":"bronze:Iterate","floor":4.0},{"not_picked":["bronze:BugBarrage","bronze:FollowUp"],"picked":"bronze:ItsAFeature","floor":5.0},{"not_picked":["bronze:FollowUp","bronze:Backtrace"],"picked":"bronze:Iterate","floor":8.0},{"not_picked":["bronze:InfiniteBeams","bronze:CutThrough","bronze:Deprecate"],"picked":"SKIP","floor":9.0},{"not_picked":["bronze:Separator","bronze:CutThrough"],"picked":"bronze:Shell","floor":10.0},{"not_picked":["bronze:Repair","bronze:Constructor"],"picked":"bronze:BugBarrage","floor":11.0},{"not_picked":["bronze:Shell","bronze:InfiniteBeams"],"picked":"bronze:ItsAFeature","floor":12.0},{"not_picked":["bronze:CutThrough","bronze:Branch","bronze:DarkDash"],"picked":"SKIP","floor":14.0},{"not_picked":["bronze:ItsAFeature","bronze:Return"],"picked":"bronze:Iterate","floor":15.0},{"not_picked":["bronze:FindAndReplace","bronze:ShipIt"],"picked":"bronze:InfiniteLoop","floor":16.0},{"not_picked":[],"picked":"bronze:WildBeam","floor":19.0},{"not_picked":["bronze:Boost"],"picked":"SKIP","floor":21.0},{"not_picked":["bronze:BitShift"],"picked":"SKIP","floor":22.0},{"not_picked":[],"picked":"bronze:WildBeam","floor":23.0},{"not_picked":[],"picked":"bronze:CloningBeam","floor":26.0},{"not_picked":["bronze:Return"],"picked":"SKIP","floor":28.0},{"not_picked":["bronze:DelayedGuard+1"],"picked":"SKIP","floor":29.0},{"not_picked":["bronze:GetLatest"],"picked":"SKIP","floor":30.0},{"not_picked":[],"picked":"bronze:ForLoop+1","floor":31.0},{"not_picked":["bronze:InfiniteBeams+1"],"picked":"SKIP","floor":32.0},{"not_picked":[],"picked":"bronze:Break","floor":33.0},{"not_picked":[],"picked":"bronze:FineTuning+1","floor":36.0},{"not_picked":["bronze:Branch"],"picked":"SKIP","floor":39.0},{"not_picked":["expansioncontent:Chronoboost","expansioncontent:Hexaburn"],"picked":"expansioncontent:PrepareCrush","floor":40.0},{"not_picked":["expansioncontent:GuardianWhirl","expansioncontent:InvincibleStrength"],"picked":"expansioncontent:Chronoboost","floor":40.0},{"not_picked":["bronze:Constructor+1"],"picked":"SKIP","floor":43.0},{"not_picked":["bronze:GetLatest"],"picked":"SKIP","floor":44.0},{"not_picked":["bronze:OilSpill"],"picked":"SKIP","floor":46.0},{"not_picked":[],"picked":"bronze:ChildClass+1","floor":47.0},{"not_picked":["bronze:Philosophize+1"],"picked":"SKIP","floor":48.0},{"not_picked":["bronze:OilSpill+1"],"picked":"SKIP","floor":49.0},{"not_picked":[],"picked":"bronze:InfiniteLoop","floor":50.0},{"not_picked":["bronze:Philosophize"],"picked":"SKIP","floor":53},{"not_picked":[],"picked":"bronze:Iterate","floor":54},{"not_picked":["bronze:Safeguard"],"picked":"SKIP","floor":55},{"not_picked":["bronze:Deprecate"],"picked":"SKIP","floor":59},{"not_picked":["bronze:DelayedGuard"],"picked":"SKIP","floor":60},{"not_picked":["bronze:CloningBeam"],"picked":"SKIP","floor":61},{"not_picked":["bronze:ForLoop"],"picked":"SKIP","floor":62},{"not_picked":[],"picked":"bronze:ChildClass","floor":63},{"not_picked":["bronze:ItsAFeature"],"picked":"SKIP","floor":65},{"not_picked":["bronze:FollowUp"],"picked":"SKIP","floor":66},{"not_picked":[],"picked":"bronze:HardenedForm","floor":67},{"not_picked":[],"picked":"J.A.X.","floor":71},{"not_picked":["bronze:DelayedGuard+1"],"picked":"SKIP","floor":72},{"not_picked":["bronze:DelayedGuard+1"],"picked":"SKIP","floor":73},{"not_picked":[],"picked":"bronze:Overheat","floor":75},{"not_picked":["bronze:Branch+1"],"picked":"SKIP","floor":78},{"not_picked":["bronze:ItsAFeature"],"picked":"SKIP","floor":81},{"not_picked":["bronze:Philosophize+1"],"picked":"SKIP","floor":82},{"not_picked":["bronze:Safeguard+1"],"picked":"SKIP","floor":83}],"player_experience":251063,"relics_obtained":[{"floor":7.0,"key":"Meat on the Bone"},{"floor":8.0,"key":"White Beast Statue"},{"floor":10.0,"key":"bronze:SilverBullet"},{"floor":12.0,"key":"wanderingMiniBosses:MasterThiefsPresence"},{"floor":26.0,"key":"HollowMod:StagPassRelic"},{"floor":28.0,"key":"Ice Cream"},{"floor":31.0,"key":"Potion Belt"},{"floor":37.0,"key":"Lizard Tail"},{"floor":41.0,"key":"Bag of Preparation"},{"floor":46.0,"key":"Omamori"},{"floor":58,"key":"Pen Nib"},{"floor":68,"key":"Vajra"},{"floor":68,"key":"Toxic Egg 2"},{"floor":68,"key":"Du-Vu Doll"},{"floor":71,"key":"MutagenicStrength"}],"event_choices":[{"cards_removed":["bronze:Defend"],"damage_healed":0.0,"max_hp_gain":0.0,"max_hp_loss":0.0,"gold_gain":0.0,"event_name":"Falling","player_choice":"Removed Skill","floor":38.0,"gold_loss":0.0,"damage_taken":0.0},{"damage_healed":0,"gold_gain":0,"player_choice":"Got Potions","damage_taken":0,"max_hp_gain":0,"max_hp_loss":0,"event_name":"Lab","floor":57,"gold_loss":0}],"is_beta":false,"boss_relics":[{"not_picked":["Calling Bell","SacredBark"],"picked":"Busted Crown"},{"not_picked":["Philosopher\u0027s Stone","Astrolabe"],"picked":"bronze:MakeshiftBattery"},{"not_picked":["Velvet Choker","infinitespire:Cupcake"],"picked":"Cursed Key"},{"not_picked":["Pandora\u0027s Box","Fusion Hammer"],"picked":"Calling Bell"}],"items_purged_floors":[3],"is_endless":true,"potions_floor_spawned":[2,4,5,9,10,11,12,14,15,16,19,21,22,23,26,28,29,30,31,32,33,36,39,43,44,46,47,48,49,50,53,54,55,59,60,61,62,63,65,66,67,71,72,73,75,78,81,82,83],"killed_by":"Champ","ascension_level":0}}