{"host":"04x9isxu4s2lvye3","time":1612497618,"event":{"mods":["BaseMod","Colored Powertips","Highlight Path","Minty Spire (QoL Compilation)"],"gold_per_floor":[113,113,174,193,208,208,249,270,270,270,270,284,297,37,37,37,37],"floor_reached":16,"language":"ENG","playtime":562,"items_purged":["Strike_G"],"score":122,"play_id":"e1cad40d-3d87-4939-b006-cddf0e1b6ef6","local_time":"20210204230018","is_ascension_mode":true,"campfire_choices":[{"data":"Endless Agony","floor":6,"key":"SMITH"},{"floor":10,"key":"REST"},{"floor":15,"key":"REST"}],"circlet_count":0,"master_deck":["Strike_G","Strike_G","Strike_G","Strike_G","Defend_G","Defend_G","Defend_G","Defend_G","Defend_G","Survivor","Neutralize","Masterful Stab","Deflect","Endless Agony+1","Backstab","Quick Slash","Infinite Blades"],"relics":["Ring of the Snake","NeowsBlessing","Golden Idol","Meat on the Bone","Ginger","FaceOfCleric","Membership Card","Happy Flower"],"acts_visited":["Exordium"],"potions_floor_usage":[7],"damage_taken":[{"damage":0,"enemies":"Jaw Worm","floor":1,"turns":1},{"damage":0,"enemies":"Small Slimes","floor":4,"turns":1},{"damage":0,"enemies":"Cultist","floor":5,"turns":1},{"damage":47,"enemies":"Lagavulin","floor":7,"turns":10},{"damage":3,"enemies":"Lots of Slimes","floor":8,"turns":4},{"damage":1,"enemies":"Blue Slaver","floor":12,"turns":3},{"damage":1,"enemies":"Looter","floor":13,"turns":3},{"damage":67,"enemies":"Slime Boss","floor":16,"turns":9}],"seed_played":"103173747241353585","potions_obtained":[{"floor":4,"key":"Strength Potion"},{"floor":5,"key":"CunningPotion"},{"floor":12,"key":"GhostInAJar"}],"is_trial":false,"path_per_floor":["M","?","?","M","M","R","E","M","T","R","?","M","M","$","R","B"],"character_chosen":"THE_SILENT","items_purchased":["Membership Card","Happy Flower"],"campfire_rested":2,"item_purchase_floors":[14,14],"current_hp_per_floor":[70,65,65,65,65,65,18,27,27,46,46,46,46,46,66,0,0],"gold":37,"neow_bonus":"THREE_ENEMY_KILL","is_daily":false,"chose_seed":false,"campfire_upgraded":1,"win_rate":0.0,"timestamp":1612497618,"path_taken":["M","?","?","M","M","R","E","M","T","R","?","M","?","$","R","BOSS"],"items_purchased_type":["Relic","Relic"],"build_version":"2020-12-22","purchased_purges":1,"victory":false,"max_hp_per_floor":[70,65,65,65,65,65,65,65,65,65,65,66,67,67,67,67,67],"card_choices":[{"not_picked":["Slice","Setup"],"picked":"Masterful Stab","floor":1},{"not_picked":["Flying Knee","Dodge and Roll"],"picked":"Deflect","floor":4},{"not_picked":["Dodge and Roll","PiercingWail"],"picked":"Endless Agony","floor":5},{"not_picked":["PiercingWail","Poisoned Stab"],"picked":"Backstab","floor":7},{"not_picked":["Well Laid Plans","Outmaneuver"],"picked":"Quick Slash","floor":8},{"not_picked":["Corpse Explosion","Poisoned Stab"],"picked":"Infinite Blades","floor":12},{"not_picked":["Escape Plan","Heel Hook","Distraction"],"picked":"SKIP","floor":13}],"player_experience":238285,"relics_obtained":[{"floor":7,"key":"Meat on the Bone"},{"floor":9,"key":"Ginger"}],"event_choices":[{"damage_healed":0,"gold_gain":0,"player_choice":"Lose Max HP","damage_taken":0,"relics_obtained":["Golden Idol"],"max_hp_gain":0,"max_hp_loss":5,"event_name":"Golden Idol","floor":2,"gold_loss":0},{"damage_healed":0,"gold_gain":61,"player_choice":"Gained Gold","damage_taken":0,"max_hp_gain":0,"max_hp_loss":0,"event_name":"Golden Wing","floor":3,"gold_loss":0},{"damage_healed":0,"gold_gain":0,"player_choice":"Trade","damage_taken":0,"relics_obtained":["FaceOfCleric"],"max_hp_gain":0,"max_hp_loss":0,"event_name":"FaceTrader","floor":11,"gold_loss":0}],"is_beta":false,"boss_relics":[],"items_purged_floors":[14],"is_endless":false,"potions_floor_spawned":[4,5,12],"killed_by":"Slime Boss","ascension_level":4}}