{"host":"osk2oboccoevp2u5","time":1612492643,"event":{"mods":["AchievementEnabler","Alarm Clock","BaseMod","Colored Powertips","Disable Question Mark Monsters","Displayed Cursed Tome","Key Reminder","Koishi","Minty Spire (QoL Compilation)","Potion Indicator Mod","Quick Restart","Rare Cards Sparkle","Reorder Act Four","StSLib","Useless Jewels Mod"],"gold_per_floor":[117,136,106,120,131,131,166,166,166,184,212,224,224,239,239,239,239],"floor_reached":16,"language":"ENG","playtime":1012,"items_purged":[],"score":125,"play_id":"b6e2192e-45ff-4a86-9ff8-412d3ba225a5","local_time":"20210204223723","is_ascension_mode":true,"campfire_choices":[{"data":"Koishi:Provoke","floor":6,"key":"SMITH"},{"floor":8,"key":"REST"},{"floor":15,"key":"REST"}],"circlet_count":0,"master_deck":["Koishi:BasicStrike+1","Koishi:BasicStrike","Koishi:BasicStrike","Koishi:BasicStrike","Koishi:BasicDefend","Koishi:BasicDefend","Koishi:BasicDefend","Koishi:BasicDefend","Koishi:Provoke+1","Koishi:HauntingSlash","Koishi:SubconsciousSweep","Koishi:ReflexRadar","Koishi:MassHysteria","Koishi:SubterraneanRose","Koishi:EmbersOfLove","Koishi:SprinkleStarAndHeart+1","Koishi:ReflexRadar"],"relics":["Koishi:ImaginaryFriend","Koishi:AHoleWhereASisterShouldBe","Dead Branch","Prayer Wheel","Matryoshka"],"acts_visited":["Exordium"],"potions_floor_usage":[7,11,16,16],"damage_taken":[{"damage":0,"enemies":"Jaw Worm","floor":1,"turns":6},{"damage":0,"enemies":"Cultist","floor":2,"turns":3},{"damage":0,"enemies":"2 Louse","floor":4,"turns":2},{"damage":7,"enemies":"Exordium Wildlife","floor":5,"turns":4},{"damage":22,"enemies":"3 Sentries","floor":7,"turns":7},{"damage":1,"enemies":"2 Fungi Beasts","floor":10,"turns":3},{"damage":16,"enemies":"Gremlin Nob","floor":11,"turns":3},{"damage":4,"enemies":"Large Slime","floor":12,"turns":5},{"damage":3,"enemies":"Red Slaver","floor":14,"turns":2},{"damage":30,"enemies":"Hexaghost","floor":16,"turns":10}],"seed_played":"6124565087802342939","potions_obtained":[{"floor":1,"key":"LiquidMemories"},{"floor":3,"key":"FearPotion"},{"floor":3,"key":"GamblersBrew"},{"floor":4,"key":"PowerPotion"},{"floor":7,"key":"Explosive Potion"},{"floor":11,"key":"DistilledChaos"}],"is_trial":false,"path_per_floor":["M","M","?","M","M","R","E","R","T","M","E","M","?","M","R","B"],"character_chosen":"KOISHI","items_purchased":[],"campfire_rested":2,"item_purchase_floors":[],"current_hp_per_floor":[60,60,60,60,55,55,33,51,51,51,36,32,20,18,36,6,6],"gold":239,"neow_bonus":"RANDOM_COMMON_RELIC","is_daily":false,"chose_seed":false,"campfire_upgraded":1,"win_rate":0.0,"timestamp":1612492643,"path_taken":["M","M","?","M","?","R","E","R","T","M","E","M","?","M","R","BOSS"],"items_purchased_type":[],"build_version":"2020-12-22","purchased_purges":0,"victory":false,"max_hp_per_floor":[60,60,60,60,60,60,60,60,60,60,60,60,60,60,60,60,60],"card_choices":[{"not_picked":["Koishi:YoukaiPolygraph","Koishi:FleetingPhantom"],"picked":"Koishi:SubconsciousSweep","floor":1},{"not_picked":["Koishi:Jaunt","Koishi:ParalyzingFear","Koishi:TraumaticStroke"],"picked":"SKIP","floor":2},{"not_picked":["Koishi:CatchAndRose","Koishi:RacingHeart","Koishi:Whimsy"],"picked":"SKIP","floor":4},{"not_picked":["Koishi:JumpScare","Koishi:DreadfulBlow","Koishi:PhilosophyOfTheDespised"],"picked":"SKIP","floor":5},{"not_picked":["Koishi:UnseenTerror","Koishi:Catatonia","Koishi:BramblyRoseGarden"],"picked":"SKIP","floor":7},{"not_picked":["Koishi:StrangeCloudFist","Koishi:Vanish"],"picked":"Koishi:ReflexRadar","floor":10},{"not_picked":["Koishi:UnseenTerror","Koishi:Jaunt"],"picked":"Koishi:MassHysteria","floor":10},{"not_picked":["Koishi:StrangeCloudFist","Koishi:DreadfulBlow"],"picked":"Koishi:SubterraneanRose","floor":11},{"not_picked":["Koishi:RacingHeart","Koishi:Prune"],"picked":"Koishi:EmbersOfLove","floor":12},{"not_picked":["Koishi:CatchAndRose","Koishi:Heartbroken"],"picked":"Koishi:SprinkleStarAndHeart","floor":12},{"not_picked":["Koishi:IdleWhim","Koishi:JumpScare"],"picked":"Koishi:ReflexRadar","floor":14},{"not_picked":["Koishi:BloodcurdlingScream","Koishi:StrangeCloudFist","Koishi:FidgetySnatcher"],"picked":"SKIP","floor":14}],"player_experience":955788,"relics_obtained":[{"floor":7,"key":"Dead Branch"},{"floor":9,"key":"Prayer Wheel"},{"floor":11,"key":"Matryoshka"}],"event_choices":[{"damage_healed":0,"gold_gain":0,"player_choice":"Bought 2 Potions","damage_taken":0,"max_hp_gain":0,"max_hp_loss":0,"event_name":"The Woman in Blue","floor":3,"gold_loss":0},{"damage_healed":0,"gold_gain":0,"player_choice":"Entered Light","damage_taken":12,"max_hp_gain":0,"max_hp_loss":0,"event_name":"Shining Light","floor":13,"gold_loss":0,"cards_upgraded":["Koishi:BasicStrike","Koishi:SprinkleStarAndHeart"]}],"is_beta":false,"boss_relics":[],"items_purged_floors":[],"is_endless":false,"potions_floor_spawned":[1,4,7,11],"killed_by":"Hexaghost","ascension_level":2}}