{"host":"df48i9djcn92c5sx","time":1612529312,"event":{"mods":["Act Like it!","Arknights","BaseMod","Decade(王小明)","Downfall","Gensokyo","Marisa（F雨　魔理沙）","Minty Spire (QoL Compilation)","READ ME - Guardian Mod","READ ME - Snecko Mod","Reimu（博丽灵梦）","Remilia（蕾米莉亚）","Shop Mod","StSLib","The Jungle","The Servant 0.9.4"],"gold_per_floor":[119,219,237,237,247,247,267,299,299,299,105,123,123,143,143,240,240,254,0,19,19,19,19],"floor_reached":22,"language":"ZHS","playtime":651,"items_purged":[],"score":283,"play_id":"bfbd3e76-cc62-4486-b6d7-39e49d16d837","local_time":"20210205204832","is_ascension_mode":true,"campfire_choices":[{"data":"MasterSpark","floor":6,"key":"SMITH"},{"data":"ShootTheMoon","floor":10,"key":"SMITH"},{"data":"CasketOfStar","floor":13,"key":"SMITH"},{"data":"OpenUniverse","floor":15,"key":"SMITH"}],"circlet_count":0,"master_deck":["AscendersBane","Strike_MRS+1","Strike_MRS","Strike_MRS+1","Strike_MRS","Defend_MRS","Defend_MRS","Defend_MRS","Defend_MRS","MasterSpark+1","UpSweep","ShootTheMoon+1","FairyDestructionRay+1","AsteroidBelt","CasketOfStar+1","OpenUniverse+1","UltimateShortwave","SporeBomb"],"relics":["MiniHakkero","NeowsBlessing","Bird Faced Urn","Oddly Smooth Stone","Gremlin Horn","Strange Spoon","Sozu","Gensokyo:UndefinedDarkness"],"acts_visited":["Exordium","Gensokyo:Gensokyo"],"potions_floor_usage":[],"damage_taken":[{"damage":0,"enemies":"Gensokyo:Gryphon","floor":1,"turns":1},{"damage":0,"enemies":"Gensokyo:2_Kodama","floor":3,"turns":1},{"damage":0,"enemies":"Gensokyo:Python","floor":5,"turns":1},{"damage":12,"enemies":"Gensokyo:CorruptedTreant","floor":7,"turns":4},{"damage":20,"enemies":"Gensokyo:Mamizou","floor":8,"turns":7},{"damage":0,"enemies":"Gensokyo:2_Rabbits","floor":12,"turns":3},{"damage":0,"enemies":"Gensokyo:LivingMonolith","floor":14,"turns":3},{"damage":40,"enemies":"Gensokyo:Yukari","floor":16,"turns":12},{"damage":18,"enemies":"Gensokyo:2_Gloops","floor":18,"turns":6},{"damage":2,"enemies":"Gensokyo:AngelMirror","floor":20,"turns":3},{"damage":43,"enemies":"Gensokyo:Chomper_and_Gloop","floor":22,"turns":5}],"seed_played":"-182328877893878596","potions_obtained":[{"floor":8,"key":"ColorlessPotion"},{"floor":12,"key":"SteroidPotion"}],"is_trial":false,"path_per_floor":["M","?","M","T","M","R","M","E","T","R","$","M","R","M","R","B",null,"M","?","M","?","M"],"character_chosen":"MARISA","items_purchased":["Strange Spoon","AsteroidBelt"],"campfire_rested":0,"item_purchase_floors":[11,11],"current_hp_per_floor":[68,68,68,68,68,68,56,36,36,36,36,36,36,38,38,2,57,45,45,43,43,0,0],"gold":19,"neow_bonus":"THREE_ENEMY_KILL","is_daily":false,"chose_seed":false,"campfire_upgraded":4,"win_rate":0.0,"timestamp":1612529312,"path_taken":["M","?","?","?","?","R","M","E","T","R","$","M","R","M","R","BOSS","M","?","M","?","?"],"items_purchased_type":["Relic","Card"],"build_version":"2020-12-22","purchased_purges":0,"victory":false,"max_hp_per_floor":[75,75,75,75,75,75,75,75,75,75,75,75,75,75,75,75,75,75,75,75,75,75,75],"card_choices":[{"not_picked":["DC","WitchLeyline","GalacticHalo"],"picked":"SKIP","floor":1},{"not_picked":["DarkSpark","MysteriousBeam","IllusionStar"],"picked":"SKIP","floor":3},{"not_picked":["Occultation","DC","EnergyRecoil"],"picked":"SKIP","floor":5},{"not_picked":["GalacticHalo","ShootingEcho"],"picked":"ShootTheMoon","floor":7},{"not_picked":["GalacticHalo","StarBarrage"],"picked":"FairyDestructionRay","floor":8},{"not_picked":["MilkyWay","GalacticHalo"],"picked":"CasketOfStar","floor":12},{"not_picked":["MysteriousBeam","GasGiant"],"picked":"OpenUniverse","floor":14},{"not_picked":["TreasureHunter","SatelliteIllusion"],"picked":"UltimateShortwave","floor":16},{"not_picked":["WitchOfGreed","MagicChant"],"picked":"SporeBomb","floor":18},{"not_picked":["LuminesStrike","MilkyWay","MeteoricShower"],"picked":"SKIP","floor":20}],"player_experience":1515283,"relics_obtained":[{"floor":4,"key":"Bird Faced Urn"},{"floor":8,"key":"Oddly Smooth Stone"},{"floor":9,"key":"Gremlin Horn"}],"event_choices":[],"is_beta":false,"boss_relics":[{"not_picked":["ExperimentalFamiliar","Black Star"],"picked":"Sozu"}],"items_purged_floors":[],"is_endless":false,"potions_floor_spawned":[8,12,16,20],"killed_by":"Gensokyo:Chomper_and_Gloop","ascension_level":11}}