{"host":"Kdaddybrian","time":1612563211,"event":{"mods":["AchievementEnabler","BaseMod","Bestiary","Colored Powertips","Minty Spire (QoL Compilation)","Potion Indicator Mod","Quick Restart","Rare Cards Sparkle","Relic Stats","StSLib","Uncapped"],"gold_per_floor":[116,132,150,166,178,178,211,211,211,244,419,439,33,53,53,156,156,172,184,184,196,212,212,311,311,311,343,343,13,13,29,29,131,181,193,193,209,224,224,224,17,29,29,45,73,93,93,123,123,123,123,123,42,42,42],"floor_reached":54,"language":"ENG","playtime":3312,"items_purged":["Doubt"],"score":1221,"play_id":"a781a1af-ce31-4ee0-90fc-aeec328e473a","local_time":"20210205171331","is_ascension_mode":true,"campfire_choices":[{"floor":6.0,"key":"REST"},{"data":"TalkToTheHand","floor":8.0,"key":"SMITH"},{"data":"Nirvana","floor":15.0,"key":"SMITH"},{"floor":23.0,"key":"REST"},{"floor":28.0,"key":"REST"},{"floor":30.0,"key":"REST"},{"floor":32.0,"key":"RECALL"},{"floor":40.0,"key":"REST"},{"floor":47.0,"key":"REST"},{"floor":49.0,"key":"REST"},{"floor":52.0,"key":"REST"}],"circlet_count":0,"master_deck":["Strike_P+1","Strike_P","Defend_P","Defend_P","Defend_P","Defend_P","Eruption","Vigilance","TalkToTheHand+1","BattleHymn","FollowUp","Conclude","Tantrum","FlurryOfBlows","Wireheading","FearNoEvil","Nirvana+1","Consecrate","Scrawl+1","Blasphemy+1","ThirdEye+1","TalkToTheHand","Wallop","Wallop+1","Vengeance+1","Weave","Tantrum","Nirvana","Evaluate+1","Vault+1","Prostrate+1","Protect+1","WindmillStrike","Enlightenment+1","ClearTheMind+1","Indignation+1","Vault+1","JustLucky+1","EmptyBody+1","EmptyBody+1","ClearTheMind+1","MentalFortress"],"relics":["Runic Pyramid","Dead Branch","FossilizedHelix","GoldenEye","Odd Mushroom","Toxic Egg 2","Fusion Hammer","CloakClasp","Lizard Tail","Gremlin Horn","Tiny House","White Beast Statue","Kunai"],"acts_visited":["Exordium","TheCity","TheBeyond","TheEnding"],"potions_floor_usage":[],"damage_taken":[{"damage":0.0,"enemies":"Cultist","floor":1.0,"turns":2.0},{"damage":12.0,"enemies":"2 Louse","floor":2.0,"turns":3.0},{"damage":4.0,"enemies":"Jaw Worm","floor":3.0,"turns":4.0},{"damage":2.0,"enemies":"2 Fungi Beasts","floor":4.0,"turns":3.0},{"damage":6.0,"enemies":"Blue Slaver","floor":5.0,"turns":4.0},{"damage":10.0,"enemies":"Gremlin Nob","floor":7.0,"turns":3.0},{"damage":0.0,"enemies":"3 Sentries","floor":10.0,"turns":2.0},{"damage":0.0,"enemies":"The Mushroom Lair","floor":12.0,"turns":1.0},{"damage":0.0,"enemies":"Exordium Thugs","floor":14.0,"turns":3.0},{"damage":0.0,"enemies":"Slime Boss","floor":16.0,"turns":4.0},{"damage":7.0,"enemies":"Shell Parasite","floor":18.0,"turns":3.0},{"damage":6.0,"enemies":"Chosen","floor":19.0,"turns":3.0},{"damage":23.0,"enemies":"Snecko","floor":21.0,"turns":6.0},{"damage":0.0,"enemies":"Shelled Parasite and Fungi","floor":22.0,"turns":4.0},{"damage":14.0,"enemies":"Book of Stabbing","floor":27.0,"turns":4.0},{"damage":0.0,"enemies":"Centurion and Healer","floor":31.0,"turns":4.0},{"damage":0.0,"enemies":"Champ","floor":33.0,"turns":9.0},{"damage":0.0,"enemies":"3 Darklings","floor":35.0,"turns":5.0},{"damage":0.0,"enemies":"Orb Walker","floor":37.0,"turns":4.0},{"damage":0.0,"enemies":"Transient","floor":38.0,"turns":6.0},{"damage":6.0,"enemies":"Maw","floor":42.0,"turns":9.0},{"damage":0.0,"enemies":"Jaw Worm Horde","floor":44.0,"turns":3.0},{"damage":13.0,"enemies":"Reptomancer","floor":45.0,"turns":6.0},{"damage":0.0,"enemies":"3 Darklings","floor":46.0,"turns":4.0},{"damage":0.0,"enemies":"Nemesis","floor":48.0,"turns":8.0},{"damage":86.0,"enemies":"Donu and Deca","floor":50.0,"turns":12.0},{"damage":78,"enemies":"Shield and Spear","floor":54,"turns":4}],"seed_played":"6464204629293695062","potions_obtained":[{"floor":1.0,"key":"Strength Potion"},{"floor":10.0,"key":"Explosive Potion"},{"floor":16.0,"key":"AttackPotion"},{"floor":18.0,"key":"BottledMiracle"},{"floor":44.0,"key":"DistilledChaos"},{"floor":45.0,"key":"EssenceOfSteel"},{"floor":46.0,"key":"Strength Potion"},{"floor":48.0,"key":"Dexterity Potion"}],"is_trial":false,"path_per_floor":["M","M","M","M","M","R","E","R","T","E","?","?","$","M","R","B",null,"M","M","?","M","M","R","?","?","T","E","R","$","R","M","R","B",null,"M","?","M","M","?","R","$","M","T","M","E","M","R","E","R","B",null,"R","$","E"],"character_chosen":"WATCHER","items_purchased":["Toxic Egg 2","Nirvana","Consecrate","Gremlin Horn","Nirvana","WindmillStrike","Enlightenment+1","ClearTheMind+1","ClearTheMind+1","MentalFortress"],"campfire_rested":8,"item_purchase_floors":[13,13,13,29,29,41,41,41,53,53],"current_hp_per_floor":[65,53,49,47,41,62,52,52,52,52,52,52,52,52,52,52,67,60,54,41,18,18,41,41,41,41,27,50,50,73,73,73,73,81,81,81,81,81,78,78,78,72,72,72,59,59,78,78,78,36,68,78,78,0,0],"gold":42,"neow_bonus":"BOSS_RELIC","is_daily":false,"chose_seed":false,"campfire_upgraded":2,"win_rate":0.0,"timestamp":1612563211,"path_taken":["M","?","M","M","M","R","E","R","T","E","?","?","$","M","R","BOSS","M","M","?","M","M","R","?","?","T","E","R","?","R","?","R","BOSS","M","?","M","M","?","R","$","M","T","M","E","M","R","E","R","BOSS","R","$","E"],"items_purchased_type":["Relic","Card","Card","Relic","Card","Card","Card","Card","Card","Card"],"build_version":"2020-12-18","purchased_purges":1,"victory":false,"max_hp_per_floor":[72,72,72,72,72,72,72,72,72,72,72,72,72,72,72,72,72,72,72,77,77,77,77,77,77,77,77,77,77,77,77,77,77,82,82,82,82,82,78,78,78,78,78,78,78,78,78,78,78,78,78,78,78,78,78],"relic_stats":{"Lizard Tail":39,"Gremlin Horn":[12,12],"counters":[27,123],"Dead Branch":[94],"CloakClasp":[379],"Kunai":[7],"GoldenEye":[100],"obtain_stats":[{"Tiny House":34,"Gremlin Horn":29,"Dead Branch":7,"CloakClasp":26,"Odd Mushroom":12,"GoldenEye":10,"White Beast Statue":45,"Lizard Tail":27,"Fusion Hammer":17,"Kunai":48,"PureWater":0,"Toxic Egg 2":13,"FossilizedHelix":9,"Runic Pyramid":0},{"Tiny House":17,"Gremlin Horn":15,"Dead Branch":6,"CloakClasp":14,"Odd Mushroom":8,"GoldenEye":7,"White Beast Statue":23,"Lizard Tail":15,"Fusion Hammer":10,"Kunai":25,"PureWater":0,"Toxic Egg 2":8,"FossilizedHelix":6,"Runic Pyramid":0},{"Tiny House":62,"Gremlin Horn":49,"Dead Branch":19,"CloakClasp":45,"Odd Mushroom":22,"GoldenEye":21,"White Beast Statue":95,"Lizard Tail":49,"Fusion Hammer":29,"Kunai":107,"PureWater":0,"Toxic Egg 2":22,"FossilizedHelix":19,"Runic Pyramid":0}]},"card_choices":[{"not_picked":["WheelKick","Study"],"picked":"TalkToTheHand","floor":1.0},{"not_picked":["Prostrate","FlyingSleeves"],"picked":"BattleHymn","floor":2.0},{"not_picked":["ReachHeaven","PathToVictory"],"picked":"FollowUp","floor":3.0},{"not_picked":["Consecrate","WindmillStrike"],"picked":"Conclude","floor":4.0},{"not_picked":["Pray","Fasting2"],"picked":"Tantrum","floor":5.0},{"not_picked":["InnerPeace","SandsOfTime"],"picked":"FlurryOfBlows","floor":7.0},{"not_picked":["MentalFortress","JustLucky"],"picked":"Wireheading","floor":10.0},{"not_picked":["Perseverance","Weave"],"picked":"FearNoEvil","floor":12.0},{"not_picked":["FollowUp","JustLucky"],"picked":"Scrawl+1","floor":14.0},{"not_picked":["Brilliance","MasterReality"],"picked":"Blasphemy+1","floor":16.0},{"not_picked":["TalkToTheHand+1","Protect+1"],"picked":"ThirdEye+1","floor":18.0},{"not_picked":["Indignation+1","CrushJoints+1"],"picked":"TalkToTheHand","floor":19.0},{"not_picked":["Consecrate","EmptyBody+1"],"picked":"Wallop","floor":21.0},{"not_picked":["FlurryOfBlows+1","ThirdEye+1"],"picked":"Wallop+1","floor":22.0},{"not_picked":["Vengeance+1","Scrawl+1"],"picked":"Tantrum","floor":27.0},{"not_picked":["PathToVictory+1","Prostrate+1"],"picked":"Evaluate+1","floor":31.0},{"not_picked":["Ragnarok","SpiritShield+1"],"picked":"Vault+1","floor":33.0},{"not_picked":["LikeWater+1","CutThroughFate"],"picked":"Prostrate+1","floor":34.0},{"not_picked":["SashWhip","CutThroughFate","Judgement+1"],"picked":"SKIP","floor":35.0},{"not_picked":["JustLucky","Prostrate+1","CrushJoints+1"],"picked":"SKIP","floor":37.0},{"not_picked":["FlyingSleeves","Evaluate+1"],"picked":"Protect+1","floor":38.0},{"not_picked":["Weave+1","FollowUp+1"],"picked":"Indignation+1","floor":42.0},{"not_picked":["JustLucky+1","ThirdEye+1"],"picked":"Vault+1","floor":44.0},{"not_picked":["Collect+1","Crescendo+1"],"picked":"JustLucky+1","floor":45.0},{"not_picked":["FlyingSleeves","ThirdEye+1"],"picked":"EmptyBody+1","floor":46.0},{"not_picked":["Establishment","BattleHymn+1"],"picked":"EmptyBody+1","floor":48.0}],"player_experience":3015130,"relics_obtained":[{"floor":7.0,"key":"Dead Branch"},{"floor":9.0,"key":"FossilizedHelix"},{"floor":10.0,"key":"GoldenEye"},{"floor":12.0,"key":"Odd Mushroom"},{"floor":26.0,"key":"CloakClasp"},{"floor":27.0,"key":"Lizard Tail"},{"floor":45.0,"key":"White Beast Statue"},{"floor":48.0,"key":"Kunai"}],"event_choices":[{"damage_healed":0.0,"max_hp_gain":0.0,"max_hp_loss":0.0,"gold_gain":175.0,"event_name":"Liars Game","player_choice":"AGREE","floor":11.0,"gold_loss":0.0,"damage_taken":0.0,"cards_obtained":["Doubt"]},{"damage_healed":0.0,"max_hp_gain":0.0,"max_hp_loss":0.0,"gold_gain":0.0,"event_name":"Mushrooms","player_choice":"Fought Mushrooms","floor":12.0,"gold_loss":0.0,"damage_taken":0.0},{"damage_healed":0.0,"max_hp_gain":5.0,"max_hp_loss":0.0,"gold_gain":0.0,"event_name":"Forgotten Altar","player_choice":"Shed Blood","floor":20.0,"gold_loss":0.0,"damage_taken":18.0},{"damage_healed":0.0,"max_hp_gain":0.0,"max_hp_loss":0.0,"gold_gain":99.0,"event_name":"Nest","player_choice":"Stole From Cult","floor":24.0,"gold_loss":0.0,"damage_taken":0.0},{"damage_healed":0.0,"max_hp_gain":0.0,"max_hp_loss":0.0,"gold_gain":0.0,"cards_transformed":["Strike_P","Strike_P"],"event_name":"Drug Dealer","player_choice":"Became Test Subject","floor":25.0,"gold_loss":0.0,"damage_taken":0.0,"cards_obtained":["Vengeance","Weave"]},{"damage_healed":0.0,"max_hp_gain":0.0,"max_hp_loss":0.0,"gold_gain":0.0,"event_name":"Tomb of Lord Red Mask","player_choice":"Ignored","floor":36.0,"gold_loss":0.0,"damage_taken":0.0},{"damage_healed":0.0,"max_hp_gain":0.0,"max_hp_loss":4.0,"gold_gain":0.0,"event_name":"Winding Halls","player_choice":"Max HP","floor":39.0,"gold_loss":0.0,"damage_taken":0.0}],"is_beta":true,"boss_relics":[{"not_picked":["Astrolabe","Pandora\u0027s Box"],"picked":"Fusion Hammer"},{"not_picked":["Coffee Dripper","Velvet Choker"],"picked":"Tiny House"}],"items_purged_floors":[13],"is_endless":false,"potions_floor_spawned":[1,10,16,18,19,37,44,45,46,48],"killed_by":"Shield and Spear","ascension_level":8}}