{"host":"yassvrowvc2yfwp2","time":1612492591,"event":{"mods":["2.2 Compatiblity","Act Like it!","BaseMod","Better Note","Curses Come First","Dota2Spire","Downfall","HololiveMod","Jorbs\u0027s Wanderer Trilogy","Minty Spire (QoL Compilation)","Prisma Mod","Rare Cards Sparkle","Reimu£®≤©¿ˆ¡È√Œ£©","Replay The Spire","Say the Spire","Spicy Shops","StSLib","The Bug Knight","The Cursed","The Servant 0.9.4"],"gold_per_floor":[99,111,111,122,134,134,134,134,119,294,71,82,82,93,112,213,213,213,232,332,346,365,395,441,541,591,651,976,1002,103,134,153,250,250,250,264,277,327,427,314,314,329,329,361,411,423,493,521,541,541],"floor_reached":51,"language":"ZHS","playtime":3084,"items_purged":["Doubt"],"score":1411,"play_id":"bb1006d2-7c1d-4446-8b10-988da04e83bf","local_time":"20210205103631","is_ascension_mode":true,"campfire_choices":[{"data":"Gouge","floor":8,"key":"SMITH"},{"floor":18,"key":"DIG"},{"data":"expansioncontent:DashGenerateEvil","floor":35,"key":"SMITH"},{"data":"MurderousAura","floor":43,"key":"SMITH"}],"circlet_count":0,"master_deck":["Strike_S","Strike_S","Strike_S","Strike_S","Defend_S","Defend_S","Defend_S","KidneyShot","Exchange","Misdirection","CommonCold","Gouge+1","Regret","Hightail","TrueSight","MoonPhase+1","Misdirection","Desolation","Replay:Sssssssssstrike","GearUp","Desolation","Read","FlawlessForm","Clumsy","Decay","TheCursedMod:Dregs","TheWorld","SurpressingFire","Barrier+1","Manipulate+1","Initiator","Moondial+1","Regret","BestPractice+1","expansioncontent:DashGenerateEvil+1","Orbit","Orbit","Deadline","MurderousAura+1","Manipulate+1","Gouge","Shuttle","InstantArmor+1"],"relics":["Uniform","Dota2Spire:Butterfly","Ring of Peace","ReplayTheSpireMod:Ring of Collecting","Replay:Ringing Soul","Ring of Misfortune","PocketWatch","BargainBundle","Replay:Ancient Bell","Orichalcum","Dota2Spire:EtherealBlade","Counterbalance","Ornamental Fan","White Beast Statue","Dota2Spire:ShivaGuard","ReplayTheSpireMod:Ring of Addiction","Dota2Spire:ShadowBlade","Toy Ornithopter","SacredBark","downfall:CloakOfManyFaces","CultistMask","FaceOfCleric","NlothsMask","GremlinMask","SsserpentHead","Garlic","HollowMod:StagPassRelic","Dota2Spire:EyeOfSkadi","Pen Nib","Dota2Spire:RefresherOrb","Eternal Feather","Replay:PocketPolymizer","Membership Card","TentaclePot:ReiMu","Dota2Spire:DrumOfEndurance","Happy Flower","Gremlin Horn","Frozen Egg 2","Potion Belt","RuthlessExorcism:ReiMu"],"acts_visited":["Exordium","TheCity","TheBeyond"],"potions_floor_usage":[21,37,39,40,50,50],"damage_taken":[{"damage":0,"enemies":"2 Louse","floor":2,"turns":4},{"damage":0,"enemies":"Jaw Worm","floor":4,"turns":6},{"damage":0,"enemies":"Small Slimes","floor":5,"turns":4},{"damage":3,"enemies":"downfall:FleeingMerchant","floor":9,"turns":4},{"damage":0,"enemies":"downfall:FleeingMerchant","floor":11,"turns":4},{"damage":0,"enemies":"Blue Slaver","floor":12,"turns":4},{"damage":8,"enemies":"Exordium Thugs","floor":14,"turns":6},{"damage":0,"enemies":"Large Slime","floor":15,"turns":5},{"damage":0,"enemies":"Hexaghost","floor":16,"turns":11},{"damage":0,"enemies":"Shell Parasite","floor":19,"turns":5},{"damage":0,"enemies":"downfall:LadyInBlue","floor":20,"turns":12},{"damage":0,"enemies":"3 Cultists","floor":21,"turns":9},{"damage":0,"enemies":"Sentry and Sphere","floor":22,"turns":10},{"damage":0,"enemies":"HollowMod:Nosk","floor":23,"turns":8},{"damage":0,"enemies":"downfall:FaceTrader","floor":25,"turns":7},{"damage":0,"enemies":"Chosen and Byrds","floor":27,"turns":6},{"damage":0,"enemies":"Replay:Snechameleon","floor":29,"turns":4},{"damage":0,"enemies":"downfall:FleeingMerchant","floor":30,"turns":4},{"damage":0,"enemies":"Slavers","floor":31,"turns":5},{"damage":0,"enemies":"Snake Plant","floor":32,"turns":5},{"damage":0,"enemies":"SI_MIRROR_ARCHETYPE","floor":33,"turns":6},{"damage":9,"enemies":"3 Shapes","floor":36,"turns":2},{"damage":0,"enemies":"3 Darklings","floor":37,"turns":7},{"damage":0,"enemies":"3 Darklings","floor":39,"turns":5},{"damage":0,"enemies":"downfall:FleeingMerchant","floor":40,"turns":3},{"damage":0,"enemies":"Maw","floor":42,"turns":6},{"damage":0,"enemies":"R_Hoarder","floor":44,"turns":5},{"damage":0,"enemies":"Jaw Worm Horde","floor":46,"turns":2},{"damage":0,"enemies":"Sphere and 2 Shapes","floor":47,"turns":3},{"damage":0,"enemies":"Nemesis","floor":48,"turns":5},{"damage":0,"enemies":"HollowMod:SlobberingHusk","floor":49,"turns":4},{"damage":0,"enemies":"WA_ARCHETYPE_DIVINITY","floor":50,"turns":6}],"seed_played":"-1093467269532770401","potions_obtained":[{"floor":5,"key":"BlessingOfTheForge"},{"floor":12,"key":"GamblersBrew"},{"floor":15,"key":"EssenceOfSteel"},{"floor":20,"key":"SkillPotion"},{"floor":20,"key":"CultistPotion"},{"floor":21,"key":"Block Potion"},{"floor":36,"key":"Block Potion"},{"floor":37,"key":"SteroidPotion"},{"floor":39,"key":"Block Potion"},{"floor":40,"key":"Fruit Juice"},{"floor":42,"key":"Elixir"},{"floor":44,"key":"Elixir"},{"floor":46,"key":"AttackPotion"}],"is_trial":false,"path_per_floor":["R","M","?","M","M","?","T","R","$","?","$","M","?","M","M","B",null,"R","M","?","M","M","E","T","?","?","M","?","E","$","E","M","B",null,"R","M","M","T","?","$","T","M","R","E","?","M","M","E","M","B",null],"character_chosen":"THE_SERVANT","items_purchased":["BargainBundle","MoonPhase+1","Misdirection","Desolation","Replay:Sssssssssstrike","HollowMod:StagPassRelic","expansioncontent:DashGenerateEvil","Dota2Spire:EyeOfSkadi","Orbit","Membership Card","TentaclePot:ReiMu","Dota2Spire:DrumOfEndurance","Happy Flower","Gremlin Horn"],"campfire_rested":0,"item_purchase_floors":[11,11,11,11,11,30,30,30,30,40,40,40,40,40],"current_hp_per_floor":[65,65,65,65,65,68,68,68,68,71,74,77,77,72,75,78,92,92,95,98,101,104,104,104,107,107,111,112,113,122,124,125,129,127,127,122,131,131,134,145,145,149,149,148,148,149,148,152,153,152],"gold":541,"neow_bonus":"ONE_RARE_RELIC","is_daily":false,"chose_seed":false,"campfire_upgraded":3,"win_rate":0.0,"timestamp":1612492591,"path_taken":["R","M","?","M","M","?","T","R","?","?","$","?","?","M","M","BOSS","R","M","?","M","M","E","T","?","?","?","?","E","$","E","M","BOSS","R","M","M","?","?","$","T","M","R","E","?","M","?","E","M","BOSS"],"items_purchased_type":["Relic","Card","Card","Card","Card","Relic","Card","Relic","Card","Relic","Relic","Relic","Relic","Relic"],"build_version":"2020-12-22","purchased_purges":1,"victory":true,"max_hp_per_floor":[65,65,65,65,65,68,68,68,71,74,77,80,80,83,86,89,92,92,95,98,101,104,104,104,107,107,111,112,113,122,124,125,129,127,127,131,133,133,134,145,145,149,149,148,148,149,148,152,153,152],"card_choices":[{"not_picked":["BottledTime","Spin"],"picked":"Misdirection","floor":2},{"not_picked":["Unruled","DoubleEdge"],"picked":"Gouge","floor":4},{"not_picked":["SpecialFormula","Starlight","Replace"],"picked":"SKIP","floor":5},{"not_picked":["DoubleEdge","ShatteredReality"],"picked":"Hightail","floor":9},{"not_picked":["FanOfKnives","DoubleEdge"],"picked":"TrueSight","floor":11},{"not_picked":["Spin","Unruled"],"picked":"GearUp","floor":12},{"not_picked":["InstantArmor","Contraction"],"picked":"Desolation","floor":14},{"not_picked":["Spin","Starlight"],"picked":"Read","floor":15},{"not_picked":["FloweringNight","Deny"],"picked":"FlawlessForm","floor":16},{"not_picked":["Languid","Hololive_RevenueRecovery"],"picked":"Clumsy","floor":17},{"not_picked":["Pain","Spreading Infection"],"picked":"Decay","floor":17},{"not_picked":["Shame","Sickly"],"picked":"TheCursedMod:Dregs","floor":17},{"not_picked":["Rewind","Alleviate"],"picked":"TheWorld","floor":19},{"not_picked":["Alleviate+1","Defy"],"picked":"SurpressingFire","floor":20},{"not_picked":["Revamp+1","Alleviate+1"],"picked":"Barrier+1","floor":21},{"not_picked":["Potential","BottledTime"],"picked":"Manipulate+1","floor":22},{"not_picked":["Potential","Starlight","Alleviate"],"picked":"SKIP","floor":23},{"not_picked":["Read","Rewind"],"picked":"Initiator","floor":25},{"not_picked":["Contraction+1","Unruled"],"picked":"Moondial+1","floor":27},{"not_picked":["Ricochet","Moonlight","StarChef"],"picked":"SKIP","floor":29},{"not_picked":["SurpressingFire+1","SilverBlades"],"picked":"BestPractice+1","floor":30},{"not_picked":["Rearm","Revamp+1"],"picked":"Deadline","floor":31},{"not_picked":["BottledTime+1","Deny","Unruled"],"picked":"SKIP","floor":32},{"not_picked":["Initiator","Deny"],"picked":"MurderousAura","floor":33},{"not_picked":["Hightail","FastForward"],"picked":"Manipulate+1","floor":36},{"not_picked":["Alleviate","Rewind+1"],"picked":"Gouge","floor":37},{"not_picked":["Unruled","Moonlight+1","Revamp+1"],"picked":"SKIP","floor":40},{"not_picked":["Ricochet","ShiftingGears+1"],"picked":"Shuttle","floor":42},{"not_picked":["Rearm","Deny","DoubleEdge+1"],"picked":"SKIP","floor":44},{"not_picked":["TimeWarp+1","Potential","Unruled+1"],"picked":"SKIP","floor":46},{"not_picked":["Revamp","Ricochet","FastForward"],"picked":"SKIP","floor":47},{"not_picked":["Sunlight","BestPractice+1"],"picked":"InstantArmor+1","floor":48},{"not_picked":["Replace+1","Revamp","Unruled"],"picked":"SKIP","floor":49}],"player_experience":2126699,"relics_obtained":[{"floor":3,"key":"Ring of Peace"},{"floor":3,"key":"ReplayTheSpireMod:Ring of Collecting"},{"floor":7,"key":"Ring of Misfortune"},{"floor":7,"key":"PocketWatch"},{"floor":18,"key":"Ornamental Fan"},{"floor":20,"key":"White Beast Statue"},{"floor":23,"key":"Dota2Spire:ShivaGuard"},{"floor":24,"key":"ReplayTheSpireMod:Ring of Addiction"},{"floor":24,"key":"Dota2Spire:ShadowBlade"},{"floor":24,"key":"Toy Ornithopter"},{"floor":24,"key":"SacredBark"},{"floor":25,"key":"downfall:CloakOfManyFaces"},{"floor":29,"key":"Garlic"},{"floor":31,"key":"Pen Nib"},{"floor":38,"key":"Eternal Feather"},{"floor":39,"key":"Replay:PocketPolymizer"},{"floor":41,"key":"Frozen Egg 2"},{"floor":44,"key":"Potion Belt"},{"floor":48,"key":"RuthlessExorcism:ReiMu"}],"event_choices":[{"damage_healed":0,"gold_gain":0,"player_choice":"Box","damage_taken":0,"relics_obtained":["Replay:Ringing Soul"],"max_hp_gain":0,"max_hp_loss":0,"event_name":"Big Fish","floor":6,"gold_loss":0,"cards_obtained":["Regret"]},{"damage_healed":0,"gold_gain":175,"player_choice":"AGREE","damage_taken":0,"max_hp_gain":0,"max_hp_loss":0,"event_name":"Liars Game","floor":10,"gold_loss":0,"cards_obtained":["Doubt"]},{"damage_healed":0,"gold_gain":0,"player_choice":"Ignored","damage_taken":0,"max_hp_gain":0,"max_hp_loss":0,"event_name":"betterNote:BetterNote","floor":26,"gold_loss":0,"cards_obtained":["Strike_S"]}],"is_beta":false,"boss_relics":[{"not_picked":["StoneMask","expansioncontent:StudyCardRelic"],"picked":"Replay:Ancient Bell"},{"not_picked":["Art of War","Pet Ghost"],"picked":"Orichalcum"},{"not_picked":["KneeBrace","Quantum Egg"],"picked":"Dota2Spire:EtherealBlade"},{"not_picked":["WingedGreaves","Replay:Arrowhead"],"picked":"Counterbalance"},{"not_picked":["Tiny House","Painkiller Herb"],"picked":"Dota2Spire:RefresherOrb"}],"items_purged_floors":[11],"is_endless":false,"potions_floor_spawned":[5,12,15,20,21,22,23,25,27,29,30,31,32,33,36,37,39,40,42,44,46,47,48,49],"ascension_level":1}}