{"host":"gfr9dk7hxbf4u708","time":1612566587,"event":{"mods":["AchievementEnabler","BaseMod","Better Third Choice","Colored Map","Downfall","Googly Eyes","Hermit","Hubris","Infinite Spire","Minty Spire (QoL Compilation)","Permanent Neow","Quick Restart","Random Character Button","Reliquary","Replay The Spire","StSLib","The Bug Knight","The Hierophant","The Jungle","The Runesmith"],"gold_per_floor":[199,218,58,72,57,71,96,127,127,189,189,209,209,235,255,358,358,358,370,385,270,120,120,145,145,145,172,183,183,218,107,119,231,231,231,249,99,109,109,121,121,121,121,121,157,157,171,17,41,41],"floor_reached":51,"language":"ENG","playtime":3989,"items_purged":["bronze:Strike","bronze:Strike","bronze:Strike","bronze:Defend"],"score":795,"play_id":"e9d65db7-4f0c-4b78-be1b-fd125c684e7c","local_time":"20210206010947","is_ascension_mode":false,"campfire_choices":[{"data":"bronze:Goto","floor":1,"key":"SMITH"},{"data":"bronze:GetLatest","floor":9,"key":"SMITH"},{"data":"bronze:GetLatest","floor":13,"key":"SMITH"},{"data":"bronze:FindAndReplace","floor":18,"key":"SMITH"},{"data":"bronze:FollowUp","floor":23,"key":"SMITH"},{"data":"bronze:FollowUp","floor":25,"key":"SMITH"},{"data":"bronze:HardenedForm","floor":35,"key":"SMITH"},{"data":"Ghostly","floor":42,"key":"SMITH"},{"data":"bronze:CutThrough","floor":46,"key":"SMITH"}],"circlet_count":0,"master_deck":["bronze:Defend","bronze:Defend","bronze:Defend","bronze:Replicate","bronze:Goto+1","bronze:FollowUp+1","bronze:GetLatest+1","bronze:GetLatest+1","bronze:Overheat","bronze:FollowUp+1","bronze:MaxOutput+1","bronze:Branch+1","bronze:CutThrough+1","bronze:FindAndReplace+1","bronze:ForLoop","bronze:WhirlingStrike","Ghostly+1","bronze:DigitalCarnage","bronze:Format+1","bronze:HardenedForm+1","Parasite","bronze:Boost+1","bronze:FindAndReplace"],"relics":["bronze:BronzeCore","Potion Belt","Ornamental Fan","Tiny Chest","reliquary:Aerogel","Runic Dome","hubris:SlimyHat","infinitespire:FocusingShard","Gremlin Horn","CeramicFish","reliquary:BallBearing","Runesmith:UraniumAnvil","downfall:TeleportStone","hubris:BundleOfHerbs","reliquary:SharkskinSheath","OrangePellets"],"acts_visited":["Exordium","TheCity","TheBeyond"],"potions_floor_usage":[16,30,33,40,50,50,50,50,50],"damage_taken":[{"damage":2,"enemies":"Small Slimes","floor":2,"turns":3},{"damage":0,"enemies":"downfall:FleeingMerchant","floor":3,"turns":4},{"damage":2,"enemies":"Jaw Worm","floor":4,"turns":3},{"damage":0,"enemies":"downfall:FleeingMerchant","floor":5,"turns":4},{"damage":0,"enemies":"Cultist","floor":6,"turns":2},{"damage":12,"enemies":"Gremlin Nob","floor":8,"turns":3},{"damage":7,"enemies":"3 Sentries","floor":10,"turns":6},{"damage":0,"enemies":"3 Louse","floor":12,"turns":2},{"damage":0,"enemies":"3 Sentries","floor":14,"turns":4},{"damage":7,"enemies":"Blue Slaver","floor":15,"turns":2},{"damage":0,"enemies":"WA_ARCHETYPE_RETAIN","floor":16,"turns":4},{"damage":0,"enemies":"3 Byrds","floor":19,"turns":3},{"damage":11,"enemies":"Snake Plant","floor":20,"turns":4},{"damage":0,"enemies":"downfall:FleeingMerchant","floor":21,"turns":4},{"damage":4,"enemies":"Book of Stabbing","floor":27,"turns":5},{"damage":0,"enemies":"Snecko","floor":28,"turns":4},{"damage":14,"enemies":"Gremlin Leader","floor":30,"turns":3},{"damage":0,"enemies":"downfall:FleeingMerchant","floor":31,"turns":4},{"damage":0,"enemies":"3 Cultists","floor":32,"turns":3},{"damage":1,"enemies":"SI_MIRROR_ARCHETYPE","floor":33,"turns":7},{"damage":2,"enemies":"Orb Walker","floor":36,"turns":3},{"damage":0,"enemies":"3 Shapes","floor":38,"turns":2},{"damage":1,"enemies":"Transient","floor":40,"turns":5},{"damage":2,"enemies":"Writhing Mass","floor":45,"turns":6},{"damage":0,"enemies":"Spire Growth","floor":47,"turns":4},{"damage":1,"enemies":"Transient","floor":49,"turns":5},{"damage":0,"enemies":"DF_ARCHETYPE_ORBS","floor":50,"turns":8}],"seed_played":"8418108308618116237","potions_obtained":[{"floor":6,"key":"AttackPotion"},{"floor":8,"key":"Elixir"},{"floor":12,"key":"Swift Potion"},{"floor":15,"key":"AttackPotion"},{"floor":16,"key":"Weak Potion"},{"floor":19,"key":"LifebloodPotion"},{"floor":27,"key":"champ:CounterPotion"},{"floor":33,"key":"sneckomod:MuddlingPotion"},{"floor":36,"key":"Dexterity Potion"},{"floor":40,"key":"Energy Potion"}],"is_trial":false,"path_per_floor":["R","M","$","M","$","M","T","E","R","?","?","M","R","E","M","B",null,"R","M","M","$","?","R","T","R","T","E","M","?","E","$","M","B",null,"R","M","$","M","?","M","T","R","T","?","M","R","M","$","M","B",null],"character_chosen":"THE_AUTOMATON","items_purchased":["bronze:GetLatest","reliquary:BallBearing","bronze:Format+1","OrangePellets"],"campfire_rested":0,"item_purchase_floors":[3,31,31,48],"current_hp_per_floor":[70,68,68,66,66,66,66,54,54,47,47,47,47,47,40,40,70,70,70,59,59,59,59,59,59,59,55,55,55,41,41,41,40,70,70,68,68,68,68,67,67,67,67,67,68,68,68,68,67,70],"gold":41,"neow_bonus":"HUNDRED_GOLD","is_daily":false,"chose_seed":false,"campfire_upgraded":9,"win_rate":0.0,"timestamp":1612566587,"path_taken":["R","M","$","M","$","M","T","E","R","?","?","?","R","E","M","BOSS","R","M","M","$","?","R","T","R","?","E","M","?","E","$","M","BOSS","R","M","$","?","?","M","T","R","?","?","M","R","?","?","M","BOSS"],"items_purchased_type":["Card","Relic","Card","Relic"],"build_version":"2020-12-22","purchased_purges":4,"victory":true,"max_hp_per_floor":[70,70,70,70,70,70,70,70,70,70,70,70,70,70,70,70,70,70,70,70,70,70,70,70,70,70,70,70,70,70,70,70,70,70,70,70,70,70,70,70,70,70,70,70,70,70,70,70,70,70],"card_choices":[{"not_picked":["bronze:DarkDash","bronze:DelayedGuard"],"picked":"bronze:FollowUp","floor":2},{"not_picked":["bronze:Frontload","bronze:BuggyMess"],"picked":"bronze:GetLatest","floor":3},{"not_picked":["bronze:Frontload","bronze:Repulsor"],"picked":"bronze:Overheat","floor":4},{"not_picked":["bronze:Deprecate","bronze:Invalidate","bronze:FineTuning"],"picked":"SKIP","floor":5},{"not_picked":["bronze:Flail","bronze:NullPointer"],"picked":"bronze:FollowUp","floor":6},{"not_picked":["bronze:WildBeam","bronze:RecursiveStrike"],"picked":"bronze:MaxOutput","floor":8},{"not_picked":["bronze:DelayedGuard","bronze:BugBarrage"],"picked":"bronze:Branch","floor":12},{"not_picked":["bronze:Allocate","bronze:Safeguard"],"picked":"bronze:CutThrough","floor":14},{"not_picked":["bronze:FineTuning","bronze:Shield","bronze:Iterate"],"picked":"SKIP","floor":15},{"not_picked":["bronze:HyperBeam","bronze:CleanCode"],"picked":"bronze:FindAndReplace","floor":16},{"not_picked":["bronze:ForceShield","bronze:Allocate"],"picked":"bronze:ForLoop","floor":19},{"not_picked":["bronze:Return","bronze:DelayedSlice","bronze:BitShift+1"],"picked":"SKIP","floor":20},{"not_picked":["bronze:Overload+1","bronze:Overheat"],"picked":"bronze:WhirlingStrike","floor":21},{"not_picked":["bronze:Backtrace","bronze:Deprecate+1","bronze:ChosenStrike"],"picked":"SKIP","floor":27},{"not_picked":["bronze:Return+1","bronze:CutThrough","bronze:Iterate"],"picked":"SKIP","floor":28},{"not_picked":["bronze:Shield+1","bronze:DelayedSlice"],"picked":"bronze:DigitalCarnage","floor":30},{"not_picked":["bronze:DelayedSlice","bronze:Repair","bronze:DarkDash+1"],"picked":"SKIP","floor":31},{"not_picked":["bronze:Optimize+1","bronze:BitShift+1","bronze:Repair"],"picked":"SKIP","floor":32},{"not_picked":["bronze:Verify","bronze:CleanCode"],"picked":"bronze:HardenedForm","floor":33},{"not_picked":["bronze:Deprecate+1","bronze:Overheat","bronze:Invalidate"],"picked":"SKIP","floor":36},{"not_picked":["bronze:Invalidate","bronze:ClassDefault","bronze:Frontload+1"],"picked":"SKIP","floor":38},{"not_picked":["bronze:Overheat+1","bronze:FineTuning+1","bronze:BugBarrage+1"],"picked":"SKIP","floor":40},{"not_picked":["bronze:BuggyMess","bronze:Branch+1"],"picked":"bronze:Boost+1","floor":45},{"not_picked":["bronze:Overheat","bronze:Optimize+1","bronze:Overload"],"picked":"SKIP","floor":47},{"not_picked":["bronze:Iterate+1","bronze:DigitalCarnage+1"],"picked":"bronze:FindAndReplace","floor":49}],"player_experience":328049,"relics_obtained":[{"floor":7,"key":"Potion Belt"},{"floor":8,"key":"Ornamental Fan"},{"floor":10,"key":"Tiny Chest"},{"floor":14,"key":"reliquary:Aerogel"},{"floor":24,"key":"hubris:SlimyHat"},{"floor":26,"key":"infinitespire:FocusingShard"},{"floor":27,"key":"Gremlin Horn"},{"floor":30,"key":"CeramicFish"},{"floor":41,"key":"hubris:BundleOfHerbs"},{"floor":43,"key":"reliquary:SharkskinSheath"}],"event_choices":[],"is_beta":false,"boss_relics":[{"not_picked":["Replay:Drink Me","ReplayTheSpireMod:SealedPack"],"picked":"Runic Dome"},{"not_picked":["Velvet Choker","Replay:Wanted Poster"],"picked":"Runesmith:UraniumAnvil"}],"items_purged_floors":[3,21,31,37],"is_endless":false,"potions_floor_spawned":[6,8,12,15,16,19,27,28,33,36,38,40],"ascension_level":0}}