{"host":"l84l8xigz5v5foa2","time":1612530700,"event":{"mods":["2.2 Compatiblity","AchievementEnabler","BaseMod","Better Note","Better Vampires","BetterRewards","Card Filter","Colored Map","DeckTracker","Downfall","Gremlin Skip","Highlight Path","Keyboard Shortcuts","Minty Spire (QoL Compilation)","Permanent Neow","Quick Restart","Relic Filter","Relic Stats","StSLib","SuperFastMode","Transform Curses","Unknown Chances"],"gold_per_floor":[99,109,119,130,149,149,149,167,181,211,211,245,245,265,277,355,355,355,368,360,360,360,26,50,76,76,76,76],"floor_reached":26,"language":"ENG","playtime":935,"items_purged":["hexamod:Strike"],"score":440,"play_id":"a9c2ff6f-6a77-4691-962a-67e7bca44c8c","local_time":"20210205221140","is_ascension_mode":true,"campfire_choices":[{"data":"hexamod:Float","floor":1.0,"key":"SMITH"},{"data":"hexamod:GhostOfSpirePast","floor":6.0,"key":"SMITH"},{"data":"hexamod:RainOfEmbers","floor":11.0,"key":"SMITH"},{"data":"hexamod:GhostflameBarrier","floor":13.0,"key":"SMITH"},{"data":"hexamod:ForkedFlame","floor":18.0,"key":"SMITH"}],"circlet_count":0,"master_deck":["AscendersBane","hexamod:Strike","hexamod:Strike","hexamod:Defend","hexamod:Defend","hexamod:Defend","hexamod:Defend","hexamod:Sear","hexamod:Float+1","hexamod:Toasty+1","hexamod:GhostOfSpirePast+1","hexamod:PhantomFireball","hexamod:GhostflameBarrier+1","hexamod:HauntingEcho","hexamod:RainOfEmbers+1","hexamod:AdvancingGuard","hexamod:TimeWarp","hexamod:ApocalypseNow","hexamod:ForkedFlame+1","hexamod:FirstSeal","RitualDagger","hexamod:HexaLevel","hexamod:FourthSeal","hexamod:HeatShield"],"relics":["hexamod:SpiritBrand","Kunai","Akabeko","Strawberry","hexamod:IceCube","Medical Kit","hexamod:TheBrokenSeal"],"acts_visited":["Exordium","TheCity"],"potions_floor_usage":[25,26,26,26],"damage_taken":[{"damage":2.0,"enemies":"Jaw Worm","floor":2.0,"turns":3.0},{"damage":5.0,"enemies":"Small Slimes","floor":3.0,"turns":3.0},{"damage":0.0,"enemies":"2 Louse","floor":4.0,"turns":4.0},{"damage":12.0,"enemies":"2 Fungi Beasts","floor":5.0,"turns":3.0},{"damage":4.0,"enemies":"Red Slaver","floor":8.0,"turns":3.0},{"damage":0.0,"enemies":"Large Slime","floor":9.0,"turns":4.0},{"damage":9.0,"enemies":"3 Sentries","floor":10.0,"turns":7.0},{"damage":1.0,"enemies":"Gremlin Nob","floor":12.0,"turns":3.0},{"damage":3.0,"enemies":"Blue Slaver","floor":14.0,"turns":2.0},{"damage":1.0,"enemies":"Exordium Thugs","floor":15.0,"turns":2.0},{"damage":11.0,"enemies":"IC_STATUS_ARCHETYPE","floor":16.0,"turns":8.0},{"damage":6.0,"enemies":"3 Byrds","floor":19.0,"turns":5.0},{"damage":0.0,"enemies":"downfall:FleeingMerchant","floor":23.0,"turns":4.0},{"damage":83,"enemies":"Cultist and Chosen","floor":25,"turns":9},{"damage":37,"enemies":"Book of Stabbing","floor":26,"turns":3}],"seed_played":"-1628109652367029508","potions_obtained":[{"floor":2.0,"key":"hexamod:EctoCoolerPotion"},{"floor":4.0,"key":"Ancient Potion"},{"floor":5.0,"key":"Regen Potion"},{"floor":8.0,"key":"hexamod:EctoCoolerPotion"},{"floor":15.0,"key":"Strength Potion"},{"floor":19.0,"key":"hexamod:InfernoChargePotion"},{"floor":23.0,"key":"EssenceOfSteel"},{"floor":25,"key":"champ:CounterPotion"},{"floor":25,"key":"EntropicBrew"}],"is_trial":false,"path_per_floor":["R","M","M","M","M","R","T","M","M","E","R","E","R","M","M","B",null,"R","M","?","?","?","$","T","M","E"],"character_chosen":"THE_SPIRIT","items_purchased":["Medical Kit","hexamod:FourthSeal"],"campfire_rested":0,"item_purchase_floors":[23,23],"current_hp_per_floor":[57,55,50,50,45,45,45,60,63,61,61,70,70,70,69,58,67,67,68,61,61,55,69,69,28,0,0,0],"gold":76,"neow_bonus":"TRANSFORM_CARD","is_daily":false,"chose_seed":false,"campfire_upgraded":5,"win_rate":0.0,"timestamp":1612530700,"path_taken":["R","M","M","M","M","R","T","M","M","E","R","E","R","M","M","BOSS","R","M","?","?","?","$","T","M","E"],"items_purchased_type":["Relic","Card"],"build_version":"2020-12-22","purchased_purges":1,"victory":false,"max_hp_per_floor":[63,63,63,63,63,63,63,63,63,63,63,70,70,70,70,70,70,70,70,70,70,70,70,70,80,80,80,80],"relic_stats":{"counters":[15,63],"Kunai":[4],"Medical Kit":[0],"obtain_stats":[{"Strawberry":12,"hexamod:TheBrokenSeal":25,"Kunai":7,"Medical Kit":23,"hexamod:SpiritBrand":0,"Akabeko":10,"hexamod:IceCube":17},{"Strawberry":8,"hexamod:TheBrokenSeal":14,"Kunai":4,"Medical Kit":13,"hexamod:SpiritBrand":0,"Akabeko":7,"hexamod:IceCube":11},{"Strawberry":30,"hexamod:TheBrokenSeal":56,"Kunai":13,"Medical Kit":51,"hexamod:SpiritBrand":0,"Akabeko":27,"hexamod:IceCube":42}]},"card_choices":[{"not_picked":["hexamod:SpectralSpark","hexamod:BurningTouch","hexamod:SecondSeal"],"picked":"SKIP","floor":2.0},{"not_picked":["hexamod:BurningTouch","hexamod:FlamesFromBeyond"],"picked":"hexamod:ThirdSeal","floor":3.0},{"not_picked":["hexamod:HeatMetal","hexamod:NightmareGuise"],"picked":"hexamod:GhostOfSpirePast","floor":4.0},{"not_picked":["hexamod:ParanormalForm","hexamod:Incineration"],"picked":"hexamod:FirstSeal","floor":4.0},{"not_picked":["hexamod:SoulSteal","hexamod:GhostLash"],"picked":"hexamod:PhantomFireball","floor":5.0},{"not_picked":["hexamod:AdvancingGuard","hexamod:RadiantFlame"],"picked":"hexamod:GhostflameBarrier","floor":5.0},{"not_picked":["hexamod:ExtraCrispy","hexamod:FirstSeal","hexamod:GhostflameBarrier"],"picked":"SKIP","floor":8.0},{"not_picked":["hexamod:FastForward","hexamod:Hexaguard","hexamod:NightmareGuise"],"picked":"SKIP","floor":8.0},{"not_picked":["hexamod:ShieldOfDarkness","hexamod:PhantomCloak"],"picked":"hexamod:HauntingEcho","floor":9.0},{"not_picked":["hexamod:BurningTouch","hexamod:SkipABeat"],"picked":"hexamod:RainOfEmbers","floor":9.0},{"not_picked":["hexamod:GhostLash","hexamod:Incineration"],"picked":"hexamod:AdvancingGuard","floor":10.0},{"not_picked":["hexamod:AdvancingGuard","hexamod:RainOfEmbers","hexamod:RadiantFlame"],"picked":"SKIP","floor":10.0},{"not_picked":["hexamod:StepThrough","hexamod:GhostOfSpirePast"],"picked":"hexamod:TimeWarp","floor":12.0},{"not_picked":["hexamod:HauntingEcho","hexamod:NightmareGuise"],"picked":"hexamod:ApocalypseNow","floor":12.0},{"not_picked":["hexamod:BurningTouch","hexamod:SwordOfDarkness","hexamod:SuperheatedStrike"],"picked":"SKIP","floor":14.0},{"not_picked":["hexamod:AdvancingGuard","hexamod:BacktrackSmack","hexamod:GhostShield"],"picked":"SKIP","floor":14.0},{"not_picked":["hexamod:Again","hexamod:GhostShield","hexamod:PhantomFireball"],"picked":"SKIP","floor":15.0},{"not_picked":["hexamod:GhostOfSpirePresent","hexamod:WildfireWeapon"],"picked":"hexamod:FifthSeal","floor":16.0},{"not_picked":["hexamod:FlameSwitch","hexamod:VolcanoVisage"],"picked":"hexamod:ForkedFlame","floor":16.0},{"not_picked":["hexamod:ThirdSeal","hexamod:FirstSeal"],"picked":"hexamod:SixthSeal","floor":19.0},{"not_picked":["hexamod:NightmareStrike+1","hexamod:Incineration+1","hexamod:PhantomCloak"],"picked":"SKIP","floor":19.0},{"not_picked":["hexamod:HeatMetal","hexamod:FlamesFromBeyond","hexamod:HauntingEcho"],"picked":"SKIP","floor":19.0},{"not_picked":["hexamod:HauntingEcho","hexamod:PhantomFireball"],"picked":"hexamod:HexaLevel","floor":23.0},{"not_picked":["hexamod:FifthSeal","hexamod:BurningTouch","hexamod:FastForward"],"picked":"SKIP","floor":23.0},{"not_picked":["hexamod:BurningTouch","hexamod:Incineration"],"picked":"hexamod:HeatShield","floor":25}],"player_experience":3539014,"relics_obtained":[{"floor":7.0,"key":"Kunai"},{"floor":10.0,"key":"Akabeko"},{"floor":12.0,"key":"Strawberry"}],"event_choices":[],"is_beta":false,"boss_relics":[{"not_picked":["Astrolabe","Cursed Key"],"picked":"hexamod:IceCube"}],"items_purged_floors":[23],"is_endless":false,"potions_floor_spawned":[2,4,5,8,15,19],"killed_by":"Book of Stabbing","ascension_level":20}}