{"host":"x5w0lpd9f3pel4f4","time":1612557921,"event":{"mods":["2.2 Compatiblity","Act Like it!","Arknights","BaseMod","Beaked The Cultist","Better Altar","Better Note","Better Sensory Stone","Better Skull","Better Third Choice","Better Vampires","BetterRewards","Block Reminder","CapriCore","Card Filter","Colored Map","Colored Powertips","Conspire","Custom Start","Defuse TimeMaze Blight","Displayed Cursed Tome","Downfall","Gremlin Skip","Hallownest","Hubris","Infinite Spire","Koishi","MarisaÅiñ∂âJÅ@ñÇóùçπÅj","Minty Spire (QoL Compilation)","Monster B Gone","Permanent Neow","Quick Restart","Relic Filter","Relic Sorter","Relic Stats","Replay The Spire","Shop Mod","Spires \u0026 Sneckos","StSLib","Steal the Spire","The Construct","The Fake Hero","Thieving Mod","Treasure Hunter","Waifu the Spire","everything is the same but u backflip on backflip"],"gold_per_floor":[510,460,482,513,106,106,137,174,200,200,239,274,304,304,304,407,407,416,416],"floor_reached":18,"language":"ENG","playtime":1452,"items_purged":["beaked:Strike_Y"],"score":189,"play_id":"b2835e80-6286-43a8-b037-7cc265a6bcc0","local_time":"20210205154521","is_ascension_mode":false,"campfire_choices":[{"data":"Thinking Ahead","floor":6,"key":"SMITH"},{"data":"beaked:BraceForImpact","floor":15,"key":"SMITH"}],"circlet_count":0,"master_deck":["beaked:Strike_Y","beaked:Strike_Y","beaked:Strike_Y","beaked:Strike_Y","beaked:Strike_Y","beaked:Defend_Y","beaked:Defend_Y","beaked:Defend_Y","beaked:Defend_Y","beaked:Ceremony","beaked:Ceremony","beaked:Ceremony+1","beaked:WarriorEssence","conspire:SpireCoStock","beaked:Daydream","beaked:Windmill","Thinking Ahead+1","beaked:BraceForImpact+1","beaked:SurvivalInstinct+1","beaked:DigDeeper","beaked:Resilience","beaked:ShadowFade","TH:ArmorSpikes","TH:ArmorSpikes","TH:ArmorSpikes","TH:ArmorSpikes","TH:ArmorSpikes"],"relics":["beaked:MendingPlumage","hubris:OldNail","infinitespire:PuzzleCube","Akabeko","hubris:Towel","hubris:RunicObelisk"],"acts_visited":["Exordium","Exordium"],"potions_floor_usage":[16,16,18],"damage_taken":[{"damage":2,"enemies":"Small Slimes","floor":1,"turns":4},{"damage":16,"enemies":"Jaw Worm","floor":3,"turns":5},{"damage":31,"enemies":"infinitespire:Voidling","floor":4,"turns":6},{"damage":15,"enemies":"Looter","floor":7,"turns":4},{"damage":10,"enemies":"Blue Slaver","floor":8,"turns":4},{"damage":11,"enemies":"Lagavulin","floor":11,"turns":7},{"damage":34,"enemies":"Exordium Thugs","floor":12,"turns":8},{"damage":4,"enemies":"conspire:2 RoseBushes","floor":13,"turns":7},{"damage":11,"enemies":"The Guardian","floor":16,"turns":13},{"damage":48,"enemies":"Hallownest:Guard_and_Sentry","floor":18,"turns":6}],"seed_played":"5749394312130972320","potions_obtained":[{"floor":1,"key":"Block Potion"},{"floor":3,"key":"sneckomod:MuddlingPotion"},{"floor":12,"key":"LifebloodPotion"},{"floor":16,"key":"DistilledChaos"}],"is_trial":false,"path_per_floor":["M","?","M","M","$","R","M","M","T","?","E","M","M","?","R","B",null,"M"],"character_chosen":"BEAKED_THE_CULTIST","items_purchased":["hubris:OldNail","Thinking Ahead"],"campfire_rested":0,"item_purchase_floors":[5,5],"current_hp_per_floor":[50,50,45,49,49,49,44,49,49,49,50,41,50,50,50,50,50,19,19],"gold":416,"neow_bonus":"UPGRADE_CARD","is_daily":false,"chose_seed":false,"campfire_upgraded":2,"win_rate":0.0,"timestamp":1612557921,"path_taken":["M","?","M","M","$","R","M","M","T","?","E","M","?","?","R","BOSS","M"],"items_purchased_type":["Relic","Card"],"build_version":"2020-12-22","purchased_purges":1,"victory":false,"max_hp_per_floor":[50,50,50,50,50,50,50,50,50,50,50,50,50,50,50,50,50,50,50],"relic_stats":{"counters":[10,64],"obtain_stats":[{"beaked:MendingPlumage":0,"hubris:Towel":14,"hubris:RunicObelisk":17,"hubris:OldNail":5,"infinitespire:PuzzleCube":9,"Akabeko":11},{"beaked:MendingPlumage":0,"hubris:Towel":8,"hubris:RunicObelisk":9,"hubris:OldNail":3,"infinitespire:PuzzleCube":5,"Akabeko":6},{"beaked:MendingPlumage":0,"hubris:Towel":45,"hubris:RunicObelisk":58,"hubris:OldNail":15,"infinitespire:PuzzleCube":23,"Akabeko":30}]},"card_choices":[{"not_picked":["beaked:Brace","beaked:Recite"],"picked":"beaked:WarriorEssence","floor":1},{"not_picked":["beaked:Tweet","beaked:Evade"],"picked":"beaked:Daydream","floor":3},{"not_picked":["beaked:Redirect","beaked:DigDeep"],"picked":"beaked:Windmill","floor":4},{"not_picked":["beaked:Foresight","beaked:Tweet"],"picked":"beaked:BraceForImpact","floor":7},{"not_picked":["beaked:Windmill","beaked:Brace"],"picked":"beaked:SurvivalInstinct","floor":8},{"not_picked":["TH:DeckOfManyThings","TH:ArmorSpikes"],"picked":"SKIP","floor":9},{"not_picked":["TH:ArmorSpikes","TH:DeckOfManyThings"],"picked":"SKIP","floor":11},{"not_picked":["beaked:TuckingFeathers","beaked:WarriorEssence","beaked:CrazyRituals"],"picked":"SKIP","floor":11},{"not_picked":["beaked:Overexert","beaked:Insight"],"picked":"beaked:DigDeeper","floor":12},{"not_picked":["beaked:BounceBack","beaked:Flinch"],"picked":"beaked:Resilience","floor":13},{"not_picked":["beaked:WildInstinct","beaked:CheekyTricks"],"picked":"beaked:ShadowFade","floor":16}],"player_experience":257394,"relics_obtained":[{"floor":9,"key":"infinitespire:PuzzleCube"},{"floor":11,"key":"Akabeko"}],"event_choices":[{"damage_healed":0,"gold_gain":0,"player_choice":"Invest 1","damage_taken":0,"max_hp_gain":0,"max_hp_loss":0,"event_name":"conspire:Investor","floor":2,"gold_loss":0},{"damage_healed":0,"gold_gain":0,"player_choice":"Forge","damage_taken":0,"max_hp_gain":0,"max_hp_loss":0,"event_name":"Accursed Blacksmith","floor":10,"gold_loss":0,"cards_upgraded":["beaked:SurvivalInstinct"]}],"is_beta":false,"boss_relics":[{"not_picked":["Runic Dome","conspire:RoyalGoblet"],"picked":"hubris:RunicObelisk"}],"items_purged_floors":[5],"is_endless":false,"potions_floor_spawned":[1,3,12,16],"killed_by":"Hallownest:Guard_and_Sentry","ascension_level":0}}