{"host":"l6vifo5ajdb3p20b","time":1612555121,"event":{"mods":["2.2 Compatiblity","BaseMod","Better Altar","Better Sensory Stone","Better Skull","Better Third Choice","BetterRewards","Block Reminder","Booster Modes","Card Forge","Colored Map","Defuse TimeMaze Blight","Energized Spire","Evolution","Mad Scientist","Marisa????????","Minty Spire (QoL Compilation)","Relic Stats","Robot Space Explorer","StSLib","The Blackbeard","The Necromancer"],"gold_per_floor":[113,123,123,140,140,184,200,200,225,256,256,271,271,287,287,415,415,415],"floor_reached":17,"language":"ENG","playtime":624,"items_purged":[],"score":302,"play_id":"73fa4a98-7de6-44c7-aa1a-7cb7065cb3ee","local_time":"20210206025841","is_ascension_mode":true,"campfire_choices":[{"data":"Cleave","floor":8.0,"key":"SMITH"},{"data":"Bash","floor":11.0,"key":"SMITH"},{"data":"Pommel Strike","floor":13.0,"key":"SMITH"},{"data":"Armaments","floor":15.0,"key":"SMITH"}],"circlet_count":0,"master_deck":["Cleave","Cleave","Cleave","Cleave+1","Cleave","Shrug It Off","Shrug It Off","Shrug It Off","Shrug It Off","Bash+1","Pommel Strike+1","Pommel Strike","Offering","Disarm","Feed","Rage","Armaments+1","Offering"],"relics":["Burning Blood","Hammer of Thor","Seething Fire","Anvil of the Gods","EVO:Axolotl","Golden Idol","PreservedInsect","Toy Ornithopter","Strawberry","Philosopher\u0027s Stone"],"acts_visited":["Exordium","TheCity"],"potions_floor_usage":[],"damage_taken":[{"damage":0.0,"enemies":"Small Slimes","floor":1.0,"turns":2.0},{"damage":3.0,"enemies":"Jaw Worm","floor":2.0,"turns":4.0},{"damage":0.0,"enemies":"Cultist","floor":4.0,"turns":3.0},{"damage":28.0,"enemies":"Gremlin Nob","floor":6.0,"turns":4.0},{"damage":6.0,"enemies":"3 Louse","floor":7.0,"turns":1.0},{"damage":6.0,"enemies":"Lagavulin","floor":10.0,"turns":5.0},{"damage":6.0,"enemies":"Blue Slaver","floor":12.0,"turns":2.0},{"damage":0.0,"enemies":"2 Fungi Beasts","floor":14.0,"turns":2.0},{"damage":63.0,"enemies":"Hexaghost","floor":16.0,"turns":8.0}],"seed_played":"-6429975412495221555","potions_obtained":[{"floor":6.0,"key":"DuplicationPotion"},{"floor":7.0,"key":"Weak Potion"},{"floor":10.0,"key":"Ancient Potion"}],"is_trial":false,"path_per_floor":["M","M","?","M","?","E","M","R","T","E","R","M","R","M","R","B",null],"character_chosen":"IRONCLAD","items_purchased":[],"campfire_rested":0,"item_purchase_floors":[],"current_hp_per_floor":[95,95,100,100,75,53,53,53,53,60,60,63,63,72,72,15,113,113],"gold":415,"neow_bonus":"TEN_PERCENT_HP_BONUS","is_daily":false,"chose_seed":false,"campfire_upgraded":4,"win_rate":0.0,"timestamp":1612555121,"path_taken":["M","M","?","M","?","E","M","R","T","E","R","?","R","M","R","BOSS"],"items_purchased_type":[],"build_version":"2020-12-22","purchased_purges":0,"victory":false,"max_hp_per_floor":[95,95,100,100,100,100,100,100,100,107,107,110,110,113,113,113,113,113],"relic_stats":{"counters":[9,31],"Golden Idol":50,"PreservedInsect":28,"obtain_stats":[{"Anvil of the Gods":0,"Golden Idol":5,"Strawberry":10,"Philosopher\u0027s Stone":17,"Hammer of Thor":0,"PreservedInsect":6,"EVO:Axolotl":0,"Seething Fire":0,"Burning Blood":0,"Toy Ornithopter":9},{"Anvil of the Gods":0,"Golden Idol":3,"Strawberry":6,"Philosopher\u0027s Stone":9,"Hammer of Thor":0,"PreservedInsect":4,"EVO:Axolotl":0,"Seething Fire":0,"Burning Blood":0,"Toy Ornithopter":5},{"Anvil of the Gods":0,"Golden Idol":9,"Strawberry":19,"Philosopher\u0027s Stone":31,"Hammer of Thor":0,"PreservedInsect":13,"EVO:Axolotl":0,"Seething Fire":0,"Burning Blood":0,"Toy Ornithopter":14}],"Burning Blood":39,"Toy Ornithopter":0},"card_choices":[{"not_picked":["Sword Boomerang","Clash"],"picked":"Pommel Strike","floor":1.0},{"not_picked":["Twin Strike","Havoc"],"picked":"Pommel Strike","floor":2.0},{"not_picked":["Perfected Strike","Cleave","Power Through"],"picked":"SKIP","floor":4.0},{"not_picked":["Berserk","Ghostly Armor"],"picked":"Offering","floor":6.0},{"not_picked":["Havoc","Cleave"],"picked":"Disarm","floor":7.0},{"not_picked":["Havoc","Wild Strike"],"picked":"Feed","floor":10.0},{"not_picked":["Warcry","Entrench"],"picked":"Rage","floor":12.0},{"not_picked":["Body Slam","Uppercut"],"picked":"Armaments","floor":14.0},{"not_picked":["Demon Form","Reaper"],"picked":"Offering","floor":16.0}],"player_experience":1155912,"relics_obtained":[{"floor":6.0,"key":"PreservedInsect"},{"floor":9.0,"key":"Toy Ornithopter"},{"floor":10.0,"key":"Strawberry"}],"event_choices":[{"damage_healed":0.0,"max_hp_gain":5.0,"max_hp_loss":0.0,"gold_gain":0.0,"event_name":"Big Fish","player_choice":"Donut","floor":3.0,"gold_loss":0.0,"damage_taken":0.0},{"damage_healed":0.0,"max_hp_gain":0.0,"max_hp_loss":0.0,"gold_gain":0.0,"event_name":"Golden Idol","player_choice":"Take Damage","floor":5.0,"gold_loss":0.0,"damage_taken":25.0,"relics_obtained":["Golden Idol"]}],"is_beta":false,"boss_relics":[{"not_picked":["Mark of Pain","Tiny House"],"picked":"Philosopher\u0027s Stone"}],"items_purged_floors":[],"is_endless":false,"potions_floor_spawned":[6,7,10,14],"ascension_level":1}}