{"host":"v41r765ix9n0d8n3","time":1612551380,"event":{"mods":["BaseMod","Colored Powertips","Hermit","Minty Spire (QoL Compilation)","Shop Mod","StSLib","The Bug Knight","The Cursed","The Druid","The Wild Card"],"gold_per_floor":[117,292,262,277,277,310,336,349,349,349,46,46,62,79,79,177,177,187,217,234,251,350,350,379,379,379,379,294,47,60,60,60],"floor_reached":31,"language":"ENG","playtime":2940,"items_purged":["Doubt","Parasite"],"score":253,"play_id":"88a753ad-617a-4150-8dcd-9bc322280f2f","local_time":"20210205195620","is_ascension_mode":false,"campfire_choices":[{"data":"Carnage","floor":10,"key":"SMITH"},{"data":"Armaments","floor":15,"key":"SMITH"},{"data":"Flex","floor":23,"key":"SMITH"},{"floor":25,"key":"RECALL"},{"data":"Barricade","floor":27,"key":"SMITH"}],"circlet_count":0,"master_deck":["Strike_R+1","Strike_R","Strike_R","Strike_R","Defend_R","Defend_R+1","Defend_R","Defend_R","Bash","Intimidate","Metallicize","Carnage+1","Cleave","Iron Wave","Armaments+1","Burning Pact","Shrug It Off","Bash","Double Tap","Power Through","Warcry","Twin Strike","Barricade+1","Pommel Strike","Flex+1","Flame Barrier","Wild Strike+1","Cleave","Bloodletting","Anger+1","Flex","Heavy Blade+1"],"relics":["Burning Blood","Bottled Flame","TungstenRod","Vajra","Cursed Key","Red Mask","Bottled Lightning","Girya","Molten Egg 2"],"acts_visited":["Exordium","TheCity"],"potions_floor_usage":[6,6,16,18,21,24,31],"damage_taken":[{"damage":7,"enemies":"Jaw Worm","floor":1,"turns":5},{"damage":1,"enemies":"Cultist","floor":4,"turns":4},{"damage":25,"enemies":"Lagavulin","floor":6,"turns":8},{"damage":0,"enemies":"2 Louse","floor":8,"turns":3},{"damage":6,"enemies":"Blue Slaver","floor":13,"turns":3},{"damage":10,"enemies":"Large Slime","floor":14,"turns":5},{"damage":21,"enemies":"Hexaghost","floor":16,"turns":8},{"damage":5,"enemies":"2 Thieves","floor":18,"turns":3},{"damage":34,"enemies":"Masked Bandits","floor":19,"turns":5},{"damage":6,"enemies":"Spheric Guardian","floor":20,"turns":4},{"damage":7,"enemies":"Cultist and Chosen","floor":21,"turns":10},{"damage":3,"enemies":"Book of Stabbing","floor":24,"turns":4},{"damage":15,"enemies":"Snake Plant","floor":30,"turns":3},{"damage":49,"enemies":"Gremlin Leader","floor":31,"turns":4}],"seed_played":"-1979325759203624435","potions_obtained":[{"floor":3,"key":"CultistPotion"},{"floor":3,"key":"Strength Potion"},{"floor":4,"key":"Block Potion"},{"floor":13,"key":"Swift Potion"},{"floor":16,"key":"Explosive Potion"},{"floor":21,"key":"Strength Potion"},{"floor":24,"key":"Dexterity Potion"}],"is_trial":false,"path_per_floor":["M","?","?","M","?","E","T","M","T","R","$","?","M","M","R","B",null,"M","?","M","M","?","R","E","R","T","R","?","$","M","E"],"character_chosen":"IRONCLAD","items_purchased":["Vajra","Armaments","Burning Pact","Bloodletting","Anger+1","Flex"],"campfire_rested":0,"item_purchase_floors":[11,11,11,29,29,29],"current_hp_per_floor":[79,79,79,80,64,45,45,51,51,51,51,51,51,47,47,32,80,80,52,52,51,51,51,54,54,54,54,54,54,45,0,0],"gold":60,"neow_bonus":"TRANSFORM_CARD","is_daily":false,"chose_seed":false,"campfire_upgraded":4,"win_rate":0.0,"timestamp":1612551380,"path_taken":["M","?","?","?","?","E","?","M","T","R","$","?","M","?","R","BOSS","M","?","M","M","?","R","E","R","T","R","?","?","M","E"],"items_purchased_type":["Relic","Card","Card","Card","Card","Card"],"build_version":"2020-12-22","purchased_purges":2,"victory":false,"max_hp_per_floor":[80,80,80,80,80,80,80,80,80,80,80,80,80,80,80,80,80,80,80,80,80,80,80,80,80,80,80,80,77,77,77,77],"card_choices":[{"not_picked":["Havoc","Power Through"],"picked":"Metallicize","floor":1},{"not_picked":["Havoc","True Grit"],"picked":"Carnage","floor":4},{"not_picked":["Sentinel","Fiend Fire"],"picked":"Cleave","floor":6},{"not_picked":["Pommel Strike","Thunderclap"],"picked":"Iron Wave","floor":8},{"not_picked":["Reckless Charge","Body Slam"],"picked":"Warcry","floor":13},{"not_picked":["Armaments","Infernal Blade"],"picked":"Twin Strike","floor":14},{"not_picked":["Bludgeon","Limit Break"],"picked":"Barricade","floor":16},{"not_picked":["Anger","Rampage"],"picked":"Pommel Strike","floor":18},{"not_picked":["Bloodletting","Body Slam+1"],"picked":"Flex","floor":19},{"not_picked":["Hemokinesis","Sever Soul"],"picked":"Flame Barrier","floor":20},{"not_picked":["True Grit","Hemokinesis"],"picked":"Wild Strike+1","floor":21},{"not_picked":["Flame Barrier","Metallicize"],"picked":"Cleave","floor":24},{"not_picked":["Juggernaut","Reckless Charge+1"],"picked":"Heavy Blade+1","floor":30}],"player_experience":541099,"relics_obtained":[{"floor":6,"key":"Bottled Flame"},{"floor":9,"key":"TungstenRod"},{"floor":19,"key":"Red Mask"},{"floor":24,"key":"Bottled Lightning"},{"floor":26,"key":"Girya"}],"event_choices":[{"damage_healed":0,"gold_gain":175,"player_choice":"AGREE","damage_taken":0,"max_hp_gain":0,"max_hp_loss":0,"event_name":"Liars Game","floor":2,"gold_loss":0,"cards_obtained":["Doubt"]},{"damage_healed":0,"gold_gain":0,"player_choice":"Bought 2 Potions","damage_taken":0,"max_hp_gain":0,"max_hp_loss":0,"event_name":"The Woman in Blue","floor":3,"gold_loss":0},{"damage_healed":0,"gold_gain":0,"player_choice":"Entered Light","damage_taken":16,"max_hp_gain":0,"max_hp_loss":0,"event_name":"Shining Light","floor":5,"gold_loss":0,"cards_upgraded":["Strike_R","Defend_R"]},{"damage_healed":0,"gold_gain":0,"player_choice":"4 cards matched","damage_taken":0,"max_hp_gain":0,"max_hp_loss":0,"event_name":"Match and Keep!","floor":12,"gold_loss":0,"cards_obtained":["Shrug It Off","Bash","Double Tap","Power Through"]},{"damage_healed":0,"gold_gain":0,"player_choice":"Fought Bandits","damage_taken":0,"max_hp_gain":0,"max_hp_loss":0,"event_name":"Masked Bandits","floor":19,"gold_loss":0},{"damage_healed":0,"gold_gain":99,"player_choice":"Stole From Cult","damage_taken":0,"max_hp_gain":0,"max_hp_loss":0,"event_name":"Nest","floor":22,"gold_loss":0},{"damage_healed":0,"gold_gain":0,"player_choice":"Obtained Relic","damage_taken":0,"relics_obtained":["Molten Egg 2"],"max_hp_gain":0,"max_hp_loss":0,"event_name":"Addict","floor":28,"gold_loss":85}],"is_beta":false,"boss_relics":[{"not_picked":["Snecko Eye","Tiny House"],"picked":"Cursed Key"}],"items_purged_floors":[11,29],"is_endless":false,"potions_floor_spawned":[4,13,16,21,24],"killed_by":"Gremlin Leader","ascension_level":0}}