{"host":"f5gffvlv6a66yqkd","time":1612542643,"event":{"mods":["2.2 Compatiblity","BaseMod","Colored Map","Custom Start","DeckTracker","Keyboard Shortcuts","Minty Spire (QoL Compilation)","Permanent Neow","Quick Restart","Relic Stats","StSLib","SuperFastMode"],"gold_per_floor":[110,130,150,163,163,197,177,177,229,229,248,265,277,294,294,369,369,384,399,34,53,53,53,53],"floor_reached":23,"language":"KOR","playtime":729,"items_purged":["Strike_R"],"score":394,"play_id":"e8740a88-e2a5-4f26-a029-1ae548e71ee5","local_time":"20210206013043","is_ascension_mode":true,"campfire_choices":[{"data":"Fiend Fire","floor":8.0,"key":"SMITH"},{"data":"Armaments","floor":10.0,"key":"SMITH"},{"floor":15.0,"key":"REST"}],"circlet_count":0,"master_deck":["AscendersBane","Strike_R","Strike_R","Defend_R","Defend_R","Defend_R","Bash","Armaments+1","Fiend Fire+1","Shrug It Off","Sword Boomerang","Headbutt","Sever Soul","Feel No Pain","Body Slam","Evolve","Immolate","Dark Embrace+1"],"relics":["Burning Blood","Bottled Flame","Smiling Mask","Cursed Key","Mango"],"acts_visited":["Exordium","TheCity"],"potions_floor_usage":[23],"damage_taken":[{"damage":9.0,"enemies":"Jaw Worm","floor":1.0,"turns":4.0},{"damage":5.0,"enemies":"Small Slimes","floor":2.0,"turns":3.0},{"damage":0.0,"enemies":"Cultist","floor":3.0,"turns":2.0},{"damage":18.0,"enemies":"Exordium Thugs","floor":4.0,"turns":5.0},{"damage":24.0,"enemies":"3 Sentries","floor":6.0,"turns":11.0},{"damage":21.0,"enemies":"Gremlin Gang","floor":11.0,"turns":6.0},{"damage":4.0,"enemies":"3 Louse","floor":12.0,"turns":4.0},{"damage":17.0,"enemies":"Red Slaver","floor":13.0,"turns":4.0},{"damage":7.0,"enemies":"Large Slime","floor":14.0,"turns":6.0},{"damage":27.0,"enemies":"Slime Boss","floor":16.0,"turns":7.0},{"damage":13.0,"enemies":"2 Thieves","floor":18.0,"turns":2.0},{"damage":34.0,"enemies":"Shell Parasite","floor":19.0,"turns":6.0},{"damage":30.0,"enemies":"Shelled Parasite and Fungi","floor":21.0,"turns":6.0},{"damage":16,"enemies":"Gremlin Leader","floor":23,"turns":4}],"seed_played":"7995424346581444642","potions_obtained":[{"floor":3.0,"key":"Ancient Potion"},{"floor":6.0,"key":"BlessingOfTheForge"},{"floor":7.0,"key":"CultistPotion"},{"floor":16.0,"key":"EssenceOfSteel"},{"floor":21.0,"key":"Regen Potion"}],"is_trial":false,"path_per_floor":["M","M","M","M","?","E","?","R","T","R","M","M","M","M","R","B",null,"M","M","$","M","?","E"],"character_chosen":"IRONCLAD","items_purchased":["Mango"],"campfire_rested":1,"item_purchase_floors":[20],"current_hp_per_floor":[65,66,68,56,56,38,38,38,38,38,23,25,14,13,33,12,54,47,19,33,9,9,5,5],"gold":53,"neow_bonus":"TRANSFORM_TWO_CARDS","is_daily":false,"chose_seed":false,"campfire_upgraded":2,"win_rate":0.0,"timestamp":1612542643,"path_taken":["M","M","M","M","?","E","?","R","T","R","?","M","M","M","R","BOSS","M","M","$","M","?","E"],"items_purchased_type":["Relic"],"build_version":"2020-12-22","purchased_purges":1,"victory":false,"max_hp_per_floor":[68,68,68,68,68,68,68,68,68,68,68,68,68,68,68,68,68,68,68,82,82,82,82,82],"relic_stats":{"counters":[14,70],"Smiling Mask":25,"Cursed Key":0,"obtain_stats":[{"Bottled Flame":6,"Mango":20,"Smiling Mask":9,"Cursed Key":17,"Burning Blood":0},{"Bottled Flame":5,"Mango":12,"Smiling Mask":5,"Cursed Key":10,"Burning Blood":0},{"Bottled Flame":25,"Mango":60,"Smiling Mask":25,"Cursed Key":52,"Burning Blood":0}],"Burning Blood":74},"card_choices":[{"not_picked":["Cleave","Flex"],"picked":"Shrug It Off","floor":1.0},{"not_picked":["Clothesline","Burning Pact"],"picked":"Sword Boomerang","floor":2.0},{"not_picked":["Heavy Blade","Bloodletting"],"picked":"Headbutt","floor":3.0},{"not_picked":["Clothesline","Anger","Heavy Blade"],"picked":"SKIP","floor":4.0},{"not_picked":["Dual Wield","Infernal Blade"],"picked":"Feel No Pain","floor":6.0},{"not_picked":["Shrug It Off","Headbutt"],"picked":"Body Slam","floor":11.0},{"not_picked":["Anger","Twin Strike"],"picked":"Evolve","floor":13.0},{"not_picked":["Twin Strike","Pummel","Sword Boomerang"],"picked":"SKIP","floor":14.0},{"not_picked":["Corruption","Berserk"],"picked":"Immolate","floor":16.0},{"not_picked":["Perfected Strike","Hemokinesis","Cleave"],"picked":"SKIP","floor":18.0},{"not_picked":["Clothesline","Thunderclap"],"picked":"Dark Embrace","floor":19.0},{"not_picked":["Searing Blow+1","Uppercut","Clash"],"picked":"SKIP","floor":21.0}],"player_experience":1657901,"relics_obtained":[{"floor":6.0,"key":"Bottled Flame"},{"floor":9.0,"key":"Smiling Mask"}],"event_choices":[{"damage_healed":0.0,"max_hp_gain":0.0,"max_hp_loss":0.0,"gold_gain":0.0,"cards_transformed":["Strike_R"],"event_name":"Living Wall","player_choice":"Change","floor":5.0,"gold_loss":0.0,"damage_taken":0.0,"cards_obtained":["Sever Soul"]},{"damage_healed":0.0,"max_hp_gain":0.0,"max_hp_loss":0.0,"gold_gain":0.0,"event_name":"The Woman in Blue","player_choice":"Bought 1 Potion","floor":7.0,"gold_loss":0.0,"damage_taken":0.0},{"damage_healed":0.0,"max_hp_gain":0.0,"max_hp_loss":0.0,"gold_gain":0.0,"event_name":"Upgrade Shrine","player_choice":"Upgraded","floor":22.0,"gold_loss":0.0,"damage_taken":0.0,"cards_upgraded":["Dark Embrace"]}],"is_beta":false,"boss_relics":[{"not_picked":["Runic Dome","Sozu"],"picked":"Cursed Key"}],"items_purged_floors":[20],"is_endless":false,"potions_floor_spawned":[3,6,12,16,21],"killed_by":"Gremlin Leader","ascension_level":20}}