{"host":"mz05ln5rr3kgnz5g","time":1612509278,"event":{"mods":["Aspiration","BaseMod","BetterRewards","Conspire","Downfall","Energized Spire","Friendly Minions","GifTheSpireLib","Gold Saver","Halation","Hermit","Hubris","Infinite Spire","Jedi Mod","Jorbs\u0027s Wanderer Trilogy","Kratos Character Expansion","Mimic Mod","Minty Spire (QoL Compilation)","Permanent Neow","Poor People Problems","Reliquary","Replay The Spire","RumiaBox-????????","Shop Mod","Spicy Shops","Spikes Relics","StSLib","Stuff the Spire","SuperFastMode","The Hierophant","The Jungle","TheHero","Trackpad","Wandering Minibosses"],"gold_per_floor":[5365,5377,5388,5388,5407,5442,4385,4385,4419,4448,4448,4483,4499,4532,4532,4636,4636,4646,4666,4681,3748,3748,3748,3748,3748,3748,3748,3748,3748,3748,3748,3748,3748,3748,3748,3212,3212,3217,3217],"floor_reached":38,"language":"ENG","playtime":22554,"items_purged":["Defend_R","Corruption+1","StuffTheSpire:Recharge","Strike_R","Defend_R"],"score":540,"play_id":"5cbf1d71-9ab3-422d-906e-63a64bb3267e","local_time":"20210204231438","is_ascension_mode":true,"campfire_choices":[{"data":"Armaments","floor":8,"key":"SMITH"},{"data":"StuffTheSpire:Slingshot","floor":11,"key":"SMITH"},{"floor":24,"key":"REST"},{"data":"jedi:harder","floor":28,"key":"SMITH"},{"data":"True Grit","floor":32,"key":"SMITH"},{"data":"ReplayTheSpireMod:Private Reserves","floor":35,"key":"SMITH"}],"circlet_count":0,"master_deck":["Strike_R","Strike_R","Defend_R","Bash","True Grit+1","Armaments+1","StuffTheSpire:Slingshot+1","Seeing Red+1","Reaper","Absolvement","Demon Form","infinitespire:OneForAll+1","ReplayTheSpireMod:Muscle Training+1","Rupture","jedi:harder+1","Sword Boomerang","jedi:LeechingStrike","ReplayTheSpireMod:Private Reserves+1","StuffTheSpire:FreeRealEstate","Feel No Pain+1","jedi:controlledanger+1","infinitespire:Starlight","jedi:unlimitedpower"],"relics":["Burning Blood","aspiration:Nostalgia","hermit:Momento","Oddly Smooth Stone","FossilizedHelix","Durian","Prayer Wheel","Pen Nib","RollingBoulder","halation:AfternoonTea","Regal Pillow","Astrolabe","aspiration:DSix","jedi:ironblood","jedi:arcanewood","ReplayTheSpireMod:ShopPack","Kunai","jedi:ominousloannote","aspiration:Lifesprig","Strawberry","reliquary:TatteredRug","infinitespire:WardingShard","Busted Crown","hubris:Metronome","CaptainsWheel"],"acts_visited":["Exordium","TheCity","TheEnding"],"potions_floor_usage":[6,13,18,20,33],"damage_taken":[{"damage":14,"enemies":"infinitespire:Voidling","floor":1,"turns":6},{"damage":1,"enemies":"Cultist","floor":2,"turns":5},{"damage":5,"enemies":"Small Slimes","floor":3,"turns":4},{"damage":22,"enemies":"conspire:2 RoseBushes","floor":5,"turns":7},{"damage":28,"enemies":"Gremlin Nob","floor":6,"turns":5},{"damage":1,"enemies":"Gremlin Gang","floor":9,"turns":9},{"damage":15,"enemies":"Lagavulin","floor":10,"turns":8},{"damage":0,"enemies":"Replay:BlueRogue","floor":12,"turns":6},{"damage":13,"enemies":"Gremlin Gang","floor":13,"turns":4},{"damage":13,"enemies":"3 Sentries","floor":14,"turns":8},{"damage":49,"enemies":"The Guardian","floor":16,"turns":15},{"damage":53,"enemies":"conspire:FuzzyDice","floor":18,"turns":5},{"damage":18,"enemies":"Shell Parasite","floor":19,"turns":6},{"damage":33,"enemies":"Chosen and Byrds","floor":20,"turns":6},{"damage":67,"enemies":"Snecko","floor":22,"turns":6},{"damage":33,"enemies":"Slavers","floor":23,"turns":7},{"damage":13,"enemies":"conspire:HollyBat","floor":27,"turns":11},{"damage":48,"enemies":"Snake Plant","floor":29,"turns":6},{"damage":55,"enemies":"Nightmare","floor":30,"turns":8},{"damage":90,"enemies":"Collector","floor":33,"turns":13},{"damage":71,"enemies":"Shield and Spear","floor":37,"turns":5},{"damage":67,"enemies":"The Heart","floor":38,"turns":5}],"seed_played":"2598229369341663129","potions_obtained":[{"floor":2,"key":"Adrenaline Potion"},{"floor":3,"key":"Elixir"},{"floor":6,"key":"Regen Potion"},{"floor":10,"key":"LifebloodPotion"},{"floor":13,"key":"ColorlessPotion"},{"floor":16,"key":"jedi:holywater"},{"floor":18,"key":"Adrenaline Potion"},{"floor":20,"key":"Ancient Potion"},{"floor":23,"key":"Regen Potion"}],"is_trial":false,"path_per_floor":["M","M","M","?","M","E","$","R","MIM","E","R","E","M","E","R","B",null,"M","M","M","$","M","E","R","?","T","M","R","M","NM","AVR","R","B",null,"R","$","E","B"],"character_chosen":"IRONCLAD","items_purchased":["FossilizedHelix","Durian","Prayer Wheel","Reaper","Absolvement","StuffTheSpire:Recharge","aspiration:DSix","jedi:ironblood","jedi:arcanewood","ReplayTheSpireMod:ShopPack","Kunai","jedi:ominousloannote","hubris:Metronome"],"campfire_rested":1,"item_purchase_floors":[7,7,7,7,7,21,21,21,21,21,21,21,36],"current_hp_per_floor":[72,77,78,78,62,40,45,45,55,52,52,59,57,64,85,50,85,47,79,76,76,15,7,47,47,54,92,92,60,52,52,52,29,92,92,92,37,0,0],"gold":3217,"neow_bonus":"NOSTALGIA","is_daily":false,"chose_seed":false,"campfire_upgraded":5,"win_rate":0.0,"timestamp":1612509278,"path_taken":["M","?","?","?","M","E","?","R","MIM","E","R","E","M","E","R","BOSS","M","M","M","$","M","E","R","?","T","M","?","?","NM","AVR","R","BOSS","R","$","E","BOSS"],"items_purchased_type":["Relic","Relic","Relic","Card","Card","Card","Relic","Relic","Relic","Relic","Relic","Relic","Relic"],"build_version":"2020-12-22","purchased_purges":5,"victory":false,"max_hp_per_floor":[80,80,80,80,80,80,85,85,85,85,85,85,85,85,85,85,85,85,85,85,85,85,85,85,85,92,92,92,92,92,92,92,92,92,92,92,92,92,92],"card_choices":[{"not_picked":["ReplayTheSpireMod:Strike From Hell","Metallicize"],"picked":"True Grit","floor":1},{"not_picked":["Body Slam","Dual Wield","ReplayTheSpireMod:Strike From Hell"],"picked":"SKIP","floor":2},{"not_picked":["Iron Wave","Spot Weakness"],"picked":"Armaments","floor":3},{"not_picked":["hubris:ReadiedAction","Havoc"],"picked":"StuffTheSpire:Slingshot","floor":5},{"not_picked":["conspire:ExplosiveBarrier","Shrug It Off"],"picked":"Seeing Red","floor":6},{"not_picked":["Thunderclap","Abandon","jedi:bloodyhammer"],"picked":"SKIP","floor":10},{"not_picked":["Carnage","Double Tap","Massacre"],"picked":"SKIP","floor":12},{"not_picked":["jedi:fear","Havoc","Second Wind"],"picked":"SKIP","floor":13},{"not_picked":["ReplayTheSpireMod:Strike From Hell","Reckless Charge","BarbarianYell"],"picked":"SKIP","floor":13},{"not_picked":["Absolvement","Armaments","ReplayTheSpireMod:LeadingStrike"],"picked":"SKIP","floor":14},{"not_picked":["Hemogenesis","Corruption"],"picked":"Demon Form","floor":16},{"not_picked":["Second Wind+1","Wild Strike"],"picked":"Rupture","floor":18},{"not_picked":["Disarm","Replay:Undeath\u0027s Touch+1","Uppercut+1"],"picked":"SKIP","floor":18},{"not_picked":["StuffTheSpire:Slingshot","ReplayTheSpireMod:Strike From Hell+1","StuffTheSpire:BloodClot"],"picked":"SKIP","floor":19},{"not_picked":["Pommel Strike+1","Cleave","StuffTheSpire:Slingshot"],"picked":"SKIP","floor":19},{"not_picked":["StuffTheSpire:RockThrow","StuffTheSpire:BloodClot"],"picked":"jedi:harder","floor":20},{"not_picked":["Absolvement","Armaments+1"],"picked":"Sword Boomerang","floor":20},{"not_picked":["Midas Touch","Poisoned Strike"],"picked":"jedi:LeechingStrike","floor":21},{"not_picked":["jedi:forcepull","Violence"],"picked":"ReplayTheSpireMod:Private Reserves","floor":21},{"not_picked":["Assess","Thinking Ahead"],"picked":"StuffTheSpire:FreeRealEstate","floor":21},{"not_picked":["Twin Strike","Wild Strike"],"picked":"Feel No Pain+1","floor":22},{"not_picked":["Perfected Strike","conspire:Purge"],"picked":"jedi:controlledanger+1","floor":22},{"not_picked":["Power Through","jedi:fear","Replay:Undeath\u0027s Touch"],"picked":"SKIP","floor":23},{"not_picked":["StuffTheSpire:Incineration","Sword Boomerang+1","StuffTheSpire:RockThrow"],"picked":"SKIP","floor":27},{"not_picked":["Sentinel","jedi:controlledanger","Clash+1"],"picked":"SKIP","floor":27},{"not_picked":["Replay:Undeath\u0027s Touch","StuffTheSpire:Pyroclast","Rupture"],"picked":"SKIP","floor":29},{"not_picked":["conspire:HitWhereItHurts","Havoc","ReplayTheSpireMod:LeadingStrike"],"picked":"SKIP","floor":29},{"not_picked":["jedi:fear","Replay:Undeath\u0027s Touch","jedi:harder"],"picked":"SKIP","floor":30},{"not_picked":["jedi:fear","Replay:Undeath\u0027s Touch","jedi:harder"],"picked":"SKIP","floor":30},{"not_picked":["hubris:StunningStrike","Barricade"],"picked":"jedi:unlimitedpower","floor":33},{"not_picked":["Body Slam"],"picked":"SKIP","floor":37}],"player_experience":96316,"relics_obtained":[{"floor":6,"key":"Oddly Smooth Stone"},{"floor":9,"key":"Pen Nib"},{"floor":10,"key":"RollingBoulder"},{"floor":12,"key":"halation:AfternoonTea"},{"floor":14,"key":"Regal Pillow"},{"floor":23,"key":"aspiration:Lifesprig"},{"floor":26,"key":"Strawberry"},{"floor":30,"key":"reliquary:TatteredRug"},{"floor":37,"key":"CaptainsWheel"}],"event_choices":[{"damage_healed":0,"gold_gain":0,"player_choice":"Disagree","damage_taken":0,"max_hp_gain":0,"max_hp_loss":0,"event_name":"conspire:LoneGhost","floor":4,"gold_loss":0},{"damage_healed":0,"gold_gain":200,"player_choice":"Gold","damage_taken":0,"max_hp_gain":0,"max_hp_loss":0,"event_name":"Wheel of Change","floor":25,"gold_loss":0}],"is_beta":false,"boss_relics":[{"not_picked":["halation:ForbiddenBikini","halation:HeavySnake"],"picked":"Astrolabe"},{"not_picked":["SacredBark","jedi:battlestandard"],"picked":"Busted Crown"}],"items_purged_floors":[7,21,31,36,36],"is_endless":true,"potions_floor_spawned":[2,3,6,10,13,16,18,20,23,30],"killed_by":"The Heart","ascension_level":1}}