{"host":"eaiphzh066bwqdh7","time":1612561834,"event":{"mods":["BaseMod","Better Note","Halation","Hubris","Minty Spire (QoL Compilation)","Reliquary","Replay The Spire","StSLib"],"gold_per_floor":[112,112,163,175,65,65,78,78,78,78,3,83,120,157,157,258,258,278,377,377,36,36,36,67,67,94,94,136,151,151,26,26,140,140,156,165,174,174,195,195,228,228,246,6,6,6],"floor_reached":45,"language":"ENG","playtime":1309,"items_purged":["Pain","ReplayTheSpireMod:Splinters","Voices"],"score":533,"play_id":"69a6d52d-6bf2-4fab-aec4-9e5ef0828686","local_time":"20210205165034","is_ascension_mode":true,"campfire_choices":[{"data":"Chrysalis","floor":6.0,"key":"SMITH"},{"data":"Panache","floor":8.0,"key":"SMITH"},{"data":"HandOfGreed","floor":10.0,"key":"SMITH"},{"floor":15.0,"key":"REST"},{"data":"Study","floor":23,"key":"SMITH"},{"floor":27,"key":"REST"},{"floor":30,"key":"REST"},{"floor":32,"key":"REST"},{"floor":40,"key":"REST"}],"circlet_count":0,"master_deck":["Strike_P","Strike_P+1","Strike_P+1","Strike_P","Defend_P","Defend_P","Defend_P","Defend_P","Eruption","Vigilance","Overencumbered","Chrysalis+1","Panache+1","HandOfGreed+1","Study+1","hubris:Greed","Judgement+1","Mayhem","hubris:Envy","hubris:DuctTapeCard"],"relics":["PureWater","MawBank","WarpedTongs","ReplayTheSpireMod:ShopPack","hubris:DeckOfHolding","Nunchaku","Cursed Key","MutagenicStrength","halation:BottledLove","Matryoshka","Quantum Egg","Yang","reliquary:WeakTea","CeramicFish","Gremlin Food","Spirit Poop","Blue Doll","Ancient Tea Set","hubris:DuctTape","Mummified Hand"],"acts_visited":["Exordium","TheCity","TheBeyond"],"potions_floor_usage":[24,28,29,41,45],"damage_taken":[{"damage":0.0,"enemies":"2 Louse","floor":1.0,"turns":1.0},{"damage":4.0,"enemies":"Jaw Worm","floor":7.0,"turns":2.0},{"damage":0.0,"enemies":"Gremlin Nob","floor":12.0,"turns":2.0},{"damage":6.0,"enemies":"Small Slimes","floor":13.0,"turns":3.0},{"damage":11.0,"enemies":"Looter","floor":14.0,"turns":4.0},{"damage":50.0,"enemies":"The Guardian","floor":16.0,"turns":6.0},{"damage":12,"enemies":"Chosen","floor":18,"turns":5},{"damage":36,"enemies":"Gremlin Leader","floor":24,"turns":5},{"damage":5,"enemies":"3 Byrds","floor":28,"turns":3},{"damage":4,"enemies":"Snake Plant","floor":29,"turns":3},{"damage":22,"enemies":"Pondfish","floor":33,"turns":4},{"damage":12,"enemies":"3 Shapes","floor":35,"turns":3},{"damage":16,"enemies":"3 Darklings","floor":39,"turns":3},{"damage":79,"enemies":"Giant Head","floor":41,"turns":8},{"damage":84,"enemies":"Nemesis","floor":45,"turns":2}],"seed_played":"6886390473799074073","potions_obtained":[{"floor":1.0,"key":"Strength Potion"},{"floor":3.0,"key":"SneckoOil"},{"floor":3.0,"key":"Venom Potion"},{"floor":13.0,"key":"PowerPotion"},{"floor":14.0,"key":"SpeedPotion"},{"floor":16.0,"key":"SteroidPotion"},{"floor":24,"key":"LiquidBronze"},{"floor":39,"key":"FearPotion"},{"floor":41,"key":"AttackPotion"}],"is_trial":false,"path_per_floor":["M","?","?","?","$","R","M","R","T","R","$","?","M","M","R","B",null,"M","?","?","$","?","R","E","$","T","R","M","M","R","$","R","B",null,"M","?","?","?","M","R","E","?","T","$","E"],"character_chosen":"WATCHER","items_purchased":["ReplayTheSpireMod:ShopPack","halation:BottledLove","Yang","reliquary:WeakTea","Mummified Hand"],"campfire_rested":5,"item_purchase_floors":[5,21,25,25,44],"current_hp_per_floor":[86,86,86,86,86,86,82,82,82,82,82,82,76,65,86,36,86,74,74,74,74,74,74,38,12,12,37,32,28,53,53,78,56,86,74,74,86,86,70,86,7,7,7,7,0,0],"gold":6,"neow_bonus":"TWENTY_PERCENT_HP_BONUS","is_daily":false,"chose_seed":false,"campfire_upgraded":4,"win_rate":0.0,"timestamp":1612561834,"path_taken":["M","?","?","?","$","R","?","R","T","R","$","?","M","M","R","BOSS","M","?","?","$","?","R","E","?","T","R","?","M","R","$","R","BOSS","M","?","?","?","?","R","E","?","T","$","E"],"items_purchased_type":["Relic","Relic","Relic","Relic","Relic"],"build_version":"2020-12-22","purchased_purges":3,"victory":false,"max_hp_per_floor":[86,86,86,86,86,86,86,86,86,86,86,86,86,86,86,86,86,86,86,86,86,86,86,86,86,86,86,86,86,86,86,86,86,86,86,86,86,86,86,86,86,86,86,86,86,86],"card_choices":[{"not_picked":["MentalFortress","ThirdEye","EmptyFist"],"picked":"SKIP","floor":1.0},{"not_picked":["Secret Technique","Midas Touch"],"picked":"Chrysalis","floor":5.0},{"not_picked":["ReplayTheSpireMod:Uncanny Aura","Replay:BasicMightCard"],"picked":"Panache","floor":5.0},{"not_picked":["hubris:Ssssneak","Swift Strike"],"picked":"HandOfGreed","floor":5.0},{"not_picked":["JustLucky","Replay:BluntJabs","WheelKick"],"picked":"SKIP","floor":7.0},{"not_picked":["FlurryOfBlows","Replay:Battleflow"],"picked":"Study","floor":12.0},{"not_picked":["Replay:BluntJabs","SignatureMove"],"picked":"Alpha","floor":13.0},{"not_picked":["Replay:DivineShield","Halt","CarveReality"],"picked":"SKIP","floor":14.0},{"not_picked":["Brilliance","Wish"],"picked":"MasterReality","floor":16.0},{"not_picked":["PathToVictory","SashWhip","ClearTheMind"],"picked":"SKIP","floor":18},{"not_picked":["Collect","PathToVictory","Replay:AtTheReady+1"],"picked":"SKIP","floor":24},{"not_picked":["FlyingSleeves","Crescendo","BowlingBash"],"picked":"SKIP","floor":28},{"not_picked":["Replay:BluntJabs","Crescendo","Collect+1"],"picked":"SKIP","floor":29},{"not_picked":["Replay:AllIn","MasterReality"],"picked":"Judgement","floor":33},{"not_picked":["Halt","SashWhip","Replay:BluntJabs+1"],"picked":"SKIP","floor":35},{"not_picked":["Poisoned Strike","hubris:EnhanceAbility"],"picked":"Mayhem","floor":36},{"not_picked":["Replay:AtTheReady+1","EmptyFist+1","EmptyBody+1"],"picked":"SKIP","floor":39},{"not_picked":["DeceiveReality","Perseverance","Nirvana+1"],"picked":"SKIP","floor":41}],"player_experience":265788,"relics_obtained":[{"floor":3.0,"key":"MawBank"},{"floor":9.0,"key":"hubris:DeckOfHolding"},{"floor":12.0,"key":"Nunchaku"},{"floor":24,"key":"Quantum Egg"},{"floor":26,"key":"CeramicFish"},{"floor":26,"key":"Gremlin Food"},{"floor":41,"key":"Blue Doll"},{"floor":43,"key":"Ancient Tea Set"},{"floor":43,"key":"hubris:DuctTape"}],"event_choices":[{"damage_healed":0.0,"max_hp_gain":0.0,"max_hp_loss":0.0,"gold_gain":0.0,"event_name":"Accursed Blacksmith","player_choice":"Rummage","floor":4.0,"gold_loss":0.0,"damage_taken":0.0,"relics_obtained":["WarpedTongs"],"cards_obtained":["Pain"]},{"damage_healed":0.0,"max_hp_gain":0.0,"max_hp_loss":0.0,"gold_gain":0.0,"event_name":"Dead Adventurer","player_choice":"Searched \u00271\u0027 times","floor":12.0,"gold_loss":0.0,"damage_taken":0.0},{"damage_healed":0,"gold_gain":99,"player_choice":"Stole From Cult","damage_taken":0,"max_hp_gain":0,"max_hp_loss":0,"event_name":"Nest","floor":19,"gold_loss":0},{"damage_healed":0,"gold_gain":0,"player_choice":"Inject Mutagens","damage_taken":0,"relics_obtained":["MutagenicStrength"],"max_hp_gain":0,"max_hp_loss":0,"event_name":"Drug Dealer","floor":20,"gold_loss":0},{"damage_healed":0,"gold_gain":0,"player_choice":"Memory 1","damage_taken":0,"max_hp_gain":0,"max_hp_loss":0,"event_name":"SensoryStone","floor":36,"gold_loss":0},{"damage_healed":22,"gold_gain":0,"player_choice":"Writhe","damage_taken":0,"max_hp_gain":0,"max_hp_loss":0,"event_name":"Winding Halls","floor":37,"gold_loss":0,"cards_obtained":["Writhe"]},{"cards_removed":["Writhe"],"damage_healed":0,"gold_gain":0,"player_choice":"Offered Curse","damage_taken":0,"relics_obtained":["Spirit Poop"],"max_hp_gain":0,"max_hp_loss":0,"event_name":"Bonfire Elementals","floor":38,"gold_loss":0},{"damage_healed":0,"gold_gain":0,"player_choice":"Ignored","damage_taken":0,"max_hp_gain":0,"max_hp_loss":0,"event_name":"Tomb of Lord Red Mask","floor":42,"gold_loss":0}],"is_beta":false,"boss_relics":[{"not_picked":["hubris:GrandSneckoEye","reliquary:WritOfMandamus"],"picked":"Cursed Key"},{"not_picked":["reliquary:Ember","hubris:CrackedHourglass","reliquary:RedPaperclip"]}],"items_purged_floors":[11,21,31],"is_endless":false,"potions_floor_spawned":[1,13,14,16,24,39,41],"killed_by":"Nemesis","ascension_level":3}}