{"host":"rx3fqeecbcmic2ko","time":1612558680,"event":{"mods":["BaseMod","Better Sensory Stone","Disable Question Mark Monsters","Energized Spire","Hyrulean Relics","Minty Spire (QoL Compilation)","Quick Restart","Relic Filter","Small Relic Pack","StSLib","The Bug Knight","The Wild Card"],"gold_per_floor":[119,47,64,64,64,94,94,108,108,122,122,42,42,60,60,155,155,175,200,32,32,48,48,62,62,62],"floor_reached":25,"language":"ENG","playtime":722,"items_purged":[],"score":201,"play_id":"90b27db2-94b4-4264-aa3b-11d5691b2a68","local_time":"20210205155800","is_ascension_mode":false,"campfire_choices":[{"floor":11,"key":"REST"},{"floor":13,"key":"REST"},{"floor":15,"key":"REST"},{"floor":23,"key":"REST"}],"circlet_count":0,"master_deck":["Strike_G","Strike_G","Strike_G","Strike_G","Strike_G","Defend_G","Defend_G","Defend_G","Defend_G","Defend_G","Survivor","Neutralize","Poisoned Stab","Noxious Fumes","Dagger Spray","Deflect","Finisher","Dagger Spray","Accuracy","Predator","Burst","Slice","Sucker Punch+1","Poisoned Stab"],"relics":["WristBlade","Boot","Ornamental Fan","HoveringKite","Dream Catcher","Anchor"],"acts_visited":["Exordium","TheCity"],"potions_floor_usage":[22,25,25],"damage_taken":[{"damage":1,"enemies":"Cultist","floor":1,"turns":4},{"damage":12,"enemies":"Small Slimes","floor":3,"turns":4},{"damage":35,"enemies":"Gremlin Nob","floor":6,"turns":5},{"damage":0,"enemies":"2 Louse","floor":8,"turns":3},{"damage":2,"enemies":"Looter","floor":10,"turns":3},{"damage":10,"enemies":"Exordium Wildlife","floor":14,"turns":2},{"damage":43,"enemies":"Hexaghost","floor":16,"turns":10},{"damage":26,"enemies":"Chosen","floor":18,"turns":7},{"damage":12,"enemies":"3 Byrds","floor":22,"turns":5},{"damage":32,"enemies":"Snake Plant","floor":24,"turns":6},{"damage":22,"enemies":"Book of Stabbing","floor":25,"turns":4}],"seed_played":"8905169821605178676","potions_obtained":[{"floor":6,"key":"DuplicationPotion"},{"floor":14,"key":"EssenceOfSteel"},{"floor":16,"key":"GamblersBrew"},{"floor":22,"key":"Explosive Potion"}],"is_trial":false,"path_per_floor":["M","$","M","?","?","E","?","M","T","M","R","$","R","M","R","B",null,"M","T","$","$","M","R","M","E"],"character_chosen":"THE_SILENT","items_purchased":["Noxious Fumes","Accuracy","Slice","Anchor"],"campfire_rested":4,"item_purchase_floors":[2,12,20,20],"current_hp_per_floor":[69,69,57,57,45,10,10,10,10,8,29,29,50,40,61,18,70,44,44,44,44,32,53,21,0,0],"gold":62,"neow_bonus":"BOSS_RELIC","is_daily":false,"chose_seed":false,"campfire_upgraded":0,"win_rate":0.0,"timestamp":1612558680,"path_taken":["M","$","?","?","?","E","?","M","T","?","R","?","R","M","R","BOSS","M","?","?","$","M","R","?","E"],"items_purchased_type":["Card","Card","Card","Relic"],"build_version":"2020-12-22","purchased_purges":0,"victory":false,"max_hp_per_floor":[70,70,70,70,70,70,70,70,70,70,70,70,70,70,70,70,70,70,70,70,70,70,70,70,70,70],"card_choices":[{"not_picked":["Underhanded Strike","Sucker Punch"],"picked":"Poisoned Stab","floor":1},{"not_picked":["Slice","Bane"],"picked":"Dagger Spray","floor":3},{"not_picked":["Unload","Bane"],"picked":"Deflect","floor":6},{"not_picked":["Outmaneuver","Eviscerate"],"picked":"Finisher","floor":8},{"not_picked":["Underhanded Strike","Acrobatics"],"picked":"Dagger Spray","floor":10},{"not_picked":["Eviscerate","Heel Hook"],"picked":"Predator","floor":14},{"not_picked":["Malaise","Glass Knife"],"picked":"Burst","floor":16},{"not_picked":["Underhanded Strike","Acrobatics","Quick Slash"],"picked":"SKIP","floor":18},{"not_picked":["Prepared","Dodge and Roll"],"picked":"Sucker Punch+1","floor":22},{"not_picked":["Endless Agony","Sucker Punch"],"picked":"Poisoned Stab","floor":23},{"not_picked":["Caltrops+1","Prepared","Heel Hook"],"picked":"SKIP","floor":24}],"player_experience":88910,"relics_obtained":[{"floor":6,"key":"Boot"},{"floor":9,"key":"Ornamental Fan"},{"floor":19,"key":"Dream Catcher"}],"event_choices":[{"damage_healed":0,"gold_gain":0,"player_choice":"Fled","damage_taken":12,"max_hp_gain":0,"max_hp_loss":0,"event_name":"Scrap Ooze","floor":5,"gold_loss":0},{"damage_healed":0,"gold_gain":0,"player_choice":"Ignored","damage_taken":0,"max_hp_gain":0,"max_hp_loss":0,"event_name":"Shining Light","floor":7,"gold_loss":0}],"is_beta":false,"boss_relics":[{"not_picked":["relicPack:ShieldShield","energizedSpire:RedRose"],"picked":"HoveringKite"}],"items_purged_floors":[],"is_endless":false,"potions_floor_spawned":[6,14,16,22],"killed_by":"Book of Stabbing","ascension_level":0}}