{"host":"etcb6tchevl37gae","time":1612552882,"event":{"mods":["BaseMod","Duelist Mod","GifTheSpireLib","Hubris","Minty Spire (QoL Compilation)","Permanent Neow","Remove Card Discount Mod","StSLib"],"gold_per_floor":[145,163,163,0,0,34,50,69,93,118,132,132,132,152,152,280,280,304,304,41,41,59,59,102,123,123,123,136,136,155,179,179,307,307,322,322,346,371,389,389,432,432,512,526,526,526,526,526],"floor_reached":47,"language":"ENG","playtime":4417,"items_purged":["theDuelist:Sparks","theDuelist:BeaverWarrior","theDuelist:CastleWalls","theDuelist:GiantSoldier","theDuelist:ImperialOrder"],"score":581,"play_id":"1c2fec3b-dce1-4edc-904f-dcdfbef888b3","local_time":"20210206032122","is_ascension_mode":false,"campfire_choices":[{"data":"theDuelist:MiraculousDescent","floor":12.0,"key":"SMITH"},{"data":"theDuelist:FrontierWiseman","floor":15.0,"key":"SMITH"},{"data":"theDuelist:YellowBelliedOni","floor":23.0,"key":"SMITH"},{"data":"theDuelist:SolarWindJammer","floor":27.0,"key":"SMITH"},{"data":"theDuelist:ImperialOrder","floor":29.0,"key":"SMITH"},{"data":"theDuelist:Sangan","floor":32.0,"key":"SMITH"},{"floor":40,"key":"REST"},{"floor":42,"key":"REST"},{"data":"theDuelist:AmuletAmbition","floor":46,"key":"SMITH"}],"circlet_count":0,"master_deck":["theDuelist:SolarWindJammer+1","theDuelist:SangaEarth+1","theDuelist:FrontierWiseman+1","theDuelist:Tuningware","theDuelist:KamionTimelord","theDuelist:PotDuality","theDuelist:DeltaMagnet","theDuelist:Sangan+1","theDuelist:YamiForm+1","theDuelist:BattleOx","theDuelist:WormApocalypse+1","theDuelist:WingedKuriboh","theDuelist:CoreBlaster","theDuelist:AmuletAmbition+1","Parasite","theDuelist:MiraculousDescent+1","theDuelist:ScrapFactory+1","theDuelist:GiantSoldier","theDuelist:CastleWalls+1","theDuelist:BeaverWarrior","theDuelist:ImperialOrder+1","theDuelist:YellowBelliedOni+1","theDuelist:FinalFlame"],"relics":["theDuelist:MillenniumPuzzle","theDuelist:CardPoolRelic","theDuelist:CardPoolBasicRelic","theDuelist:BoosterPackPoolRelic","theDuelist:CardPoolAddRelic","theDuelist:CardPoolMinusRelic","theDuelist:CardPoolSaveRelic","theDuelist:CardPoolOptionsRelic","NeowsBlessing","Golden Idol","Potion Belt","Singing Bowl","PreservedInsect","hubris:TenFootPole","Runic Cube","CaptainsWheel","theDuelist:GiftAnubis","Black Star","War Paint","theDuelist:DuelistLetterOpener","theDuelist:MetronomeRelicD","hubris:Towel"],"acts_visited":["Exordium","TheCity","TheBeyond"],"potions_floor_usage":[38],"damage_taken":[{"damage":0.0,"enemies":"Jaw Worm","floor":1.0,"turns":1.0},{"damage":0.0,"enemies":"Small Slimes","floor":2.0,"turns":1.0},{"damage":0.0,"enemies":"3 Sentries","floor":6.0,"turns":2.0},{"damage":0.0,"enemies":"Cultist","floor":7.0,"turns":4.0},{"damage":19.0,"enemies":"Large Slime","floor":8.0,"turns":6.0},{"damage":13.0,"enemies":"Exordium Thugs","floor":10.0,"turns":5.0},{"damage":0.0,"enemies":"Looter","floor":11.0,"turns":3.0},{"damage":7.0,"enemies":"Exordium Wildlife","floor":14.0,"turns":4.0},{"damage":10.0,"enemies":"The Guardian","floor":16.0,"turns":13.0},{"damage":16.0,"enemies":"2 Thieves","floor":18.0,"turns":4.0},{"damage":6.0,"enemies":"3 Byrds","floor":22.0,"turns":8.0},{"damage":0.0,"enemies":"theDuelist:KaibaA2","floor":24.0,"turns":5.0},{"damage":11.0,"enemies":"Snake Plant","floor":25.0,"turns":5.0},{"damage":3.0,"enemies":"3 Cultists","floor":28.0,"turns":5.0},{"damage":6.0,"enemies":"Chosen and Byrds","floor":30.0,"turns":6.0},{"damage":6.0,"enemies":"Cultist and Chosen","floor":31.0,"turns":5.0},{"damage":10.0,"enemies":"Champ","floor":33.0,"turns":11.0},{"damage":17,"enemies":"3 Shapes","floor":35,"turns":6},{"damage":38,"enemies":"3 Darklings","floor":37,"turns":5},{"damage":20,"enemies":"Writhing Mass","floor":38,"turns":9},{"damage":16,"enemies":"Spire Growth","floor":39,"turns":4},{"damage":14,"enemies":"Giant Head","floor":41,"turns":7},{"damage":57,"enemies":"Jaw Worm Horde","floor":44,"turns":8},{"damage":70,"enemies":"Reptomancer","floor":47,"turns":2}],"seed_played":"-6890817972857841242","potions_obtained":[{"floor":1.0,"key":"theDuelist:BigTributeBottle"},{"floor":2.0,"key":"theDuelist:TokenPotion"},{"floor":7.0,"key":"theDuelist:CoolBottle"},{"floor":8.0,"key":"theDuelist:MayhemPotion"},{"floor":18.0,"key":"CunningPotion"},{"floor":25.0,"key":"FocusPotion"},{"floor":28.0,"key":"SneckoOil"},{"floor":31.0,"key":"theDuelist:MegaupgradePotion"},{"floor":33.0,"key":"theDuelist:FusionPotion"},{"floor":38,"key":"theDuelist:VoidBottle"}],"is_trial":false,"path_per_floor":["M","M","?","$","?","E","M","M","T","M","M","R","T","M","R","B",null,"M","?","$","T","M","R","E","M","T","R","M","R","M","M","R","B",null,"M","?","M","M","M","R","E","R","T","M","?","R","E"],"character_chosen":"THE_DUELIST","items_purchased":["Potion Belt","theDuelist:SolarWindJammer","theDuelist:YellowBelliedOni"],"campfire_rested":2,"item_purchase_floors":[4,20,20],"current_hp_per_floor":[80,80,60,60,60,62,62,43,43,30,30,30,30,23,23,13,82,66,66,66,66,62,62,64,55,55,55,54,54,50,44,44,34,92,77,77,39,19,3,31,19,47,47,63,63,63,0,0],"gold":526,"neow_bonus":"THREE_ENEMY_KILL","is_daily":false,"chose_seed":false,"campfire_upgraded":7,"win_rate":0.0,"timestamp":1612552882,"path_taken":["M","M","?","$","?","E","M","M","T","M","M","R","?","?","R","BOSS","M","?","?","?","M","R","E","?","T","R","M","R","M","M","R","BOSS","M","?","M","M","M","R","E","R","T","M","?","R","E"],"items_purchased_type":["Relic","Card","Card"],"build_version":"2020-12-22","purchased_purges":5,"victory":false,"max_hp_per_floor":[80,80,80,80,80,82,82,82,82,82,82,82,82,82,82,82,82,82,82,82,82,84,84,86,88,88,88,90,90,92,92,92,92,92,94,94,94,94,94,94,96,96,96,98,98,98,98,98],"card_choices":[{"not_picked":["theDuelist:WhiteHowling","theDuelist:ImperialOrder","theDuelist:GravityAxe"],"picked":"theDuelist:MiraculousDescent","floor":1.0},{"not_picked":["theDuelist:SpellShatteringArrow","theDuelist:Hinotama","theDuelist:DarkBurningAttack","theDuelist:AfterTheStorm"],"picked":"theDuelist:PotDuality","floor":2.0},{"not_picked":["theDuelist:DoubleTool","theDuelist:Eva","theDuelist:SpiritHarp","theDuelist:BigFire","theDuelist:ChaosSeed"],"picked":"Singing Bowl","floor":6.0},{"not_picked":["theDuelist:LightningRodLord","theDuelist:WormKing","theDuelist:WormWarlord","theDuelist:LightningVortex"],"picked":"theDuelist:BattleOx","floor":7.0},{"not_picked":["theDuelist:RainbowNeos","theDuelist:HappyLover","theDuelist:Eva","theDuelist:RainbowKuriboh"],"picked":"theDuelist:KamionTimelord","floor":8.0},{"not_picked":["theDuelist:SpellShatteringArrow","theDuelist:DoubleTool","theDuelist:CombinationAttack","theDuelist:BigFire"],"picked":"theDuelist:CoreBlaster","floor":10.0},{"not_picked":["theDuelist:Hinotama","theDuelist:Eva","theDuelist:RainbowNeos","theDuelist:VenomShot"],"picked":"theDuelist:Tuningware","floor":11.0},{"not_picked":["theDuelist:BlackPendant","theDuelist:Tuningware","theDuelist:PreventRat","theDuelist:BattleOx"],"picked":"theDuelist:FrontierWiseman","floor":14.0},{"not_picked":["theDuelist:Raigeki","theDuelist:PineappleBlast","theDuelist:LightningBlade","theDuelist:FeatherShot"],"picked":"theDuelist:AmuletAmbition","floor":16.0},{"not_picked":["theDuelist:PsychicShockwave+1","theDuelist:SilverApples","theDuelist:MiraculousDescent","theDuelist:CrystalRaigeki+1"],"picked":"theDuelist:ImperialOrder","floor":18.0},{"not_picked":["theDuelist:WhiteHowling+1","theDuelist:GravityAxe","theDuelist:Electrowhip","theDuelist:MiraculousDescent"],"picked":"Singing Bowl","floor":22.0},{"not_picked":["theDuelist:FeatherShot+1","theDuelist:Wildfire","theDuelist:ForbiddenLance+1"],"picked":"Singing Bowl","floor":24.0},{"not_picked":["theDuelist:RainbowNeos+1","theDuelist:SilverApples","theDuelist:Eva","theDuelist:PowerKaishin+1","theDuelist:MeteorDestruction"],"picked":"Singing Bowl","floor":25.0},{"not_picked":["theDuelist:MeteorDestruction","theDuelist:Hinotama","theDuelist:SwordDeepSeated","theDuelist:Downbeat","theDuelist:MiracleFertilizer"],"picked":"Singing Bowl","floor":28.0},{"not_picked":["theDuelist:SpellShatteringArrow","theDuelist:Tuningware","theDuelist:SpiritHarp","theDuelist:BigFire","theDuelist:CombinationAttack"],"picked":"Singing Bowl","floor":30.0},{"not_picked":["theDuelist:StarBlast","theDuelist:SangaEarth","theDuelist:AssaultArmor","theDuelist:PineappleBlast"],"picked":"theDuelist:Sangan","floor":31.0},{"not_picked":["theDuelist:SwordsRevealing","theDuelist:SevenCompleted+1","theDuelist:FeatherShot","theDuelist:MillenniumShield+1"],"picked":"theDuelist:YamiForm","floor":33.0},{"not_picked":["theDuelist:GravityLash","theDuelist:FeatherShot+1","theDuelist:Raigeki+1"],"picked":"Singing Bowl","floor":35},{"not_picked":["theDuelist:MythicalBeast","theDuelist:BattleFootballer","theDuelist:SolarWindJammer+1","theDuelist:KamionTimelord"],"picked":"theDuelist:SangaEarth+1","floor":37},{"not_picked":["theDuelist:CombinationAttack","theDuelist:SpiritHarp","theDuelist:DarkBurningAttack+1","theDuelist:RainbowNeos+1"],"picked":"theDuelist:WormApocalypse+1","floor":38},{"not_picked":["theDuelist:WormKing+1","theDuelist:RainbowKuriboh","theDuelist:ReinforcementsArmy+1","theDuelist:PotGreed+1"],"picked":"theDuelist:WingedKuriboh","floor":39},{"not_picked":["theDuelist:CastleWalls+1","theDuelist:PotDuality+1","theDuelist:SwordsConcealing+1","theDuelist:EgoBoost","theDuelist:SevenCompleted"],"picked":"Singing Bowl","floor":41},{"not_picked":["theDuelist:ChaosSeed+1","theDuelist:FuryFire+1","theDuelist:SilentDoom+1","theDuelist:SpiralSpearStrike+1","theDuelist:VenomShot+1"],"picked":"Singing Bowl","floor":44}],"player_experience":100199,"relics_obtained":[{"floor":6.0,"key":"Singing Bowl"},{"floor":9.0,"key":"PreservedInsect"},{"floor":13.0,"key":"hubris:TenFootPole"},{"floor":24.0,"key":"CaptainsWheel"},{"floor":26.0,"key":"theDuelist:GiftAnubis"},{"floor":41,"key":"War Paint"},{"floor":41,"key":"theDuelist:DuelistLetterOpener"},{"floor":43,"key":"theDuelist:MetronomeRelicD"}],"event_choices":[{"damage_healed":0.0,"max_hp_gain":0.0,"max_hp_loss":0.0,"gold_gain":0.0,"event_name":"Golden Idol","player_choice":"Take Damage","floor":3.0,"gold_loss":0.0,"damage_taken":20.0,"relics_obtained":["Golden Idol"]},{"damage_healed":0.0,"max_hp_gain":0.0,"max_hp_loss":0.0,"gold_gain":0.0,"event_name":"Egyptian Village","player_choice":"Delta Electro","duelist":true,"floor":5.0,"gold_loss":0.0,"damage_taken":0.0,"cards_obtained":["Delta Electromagnet Warrior"]},{"damage_healed":0.0,"max_hp_gain":0.0,"max_hp_loss":0.0,"gold_gain":0.0,"cards_transformed":["theDuelist:Sparks"],"event_name":"Transmorgrifier","player_choice":"Transformed","floor":19.0,"gold_loss":0.0,"damage_taken":0.0,"cards_obtained":["theDuelist:ImperialOrder"]}],"is_beta":false,"boss_relics":[{"not_picked":["Fusion Hammer","Busted Crown"],"picked":"Runic Cube"},{"not_picked":["Mark of Pain","hubris:ScarierMask"],"picked":"Black Star"}],"items_purged_floors":[4,4,4,4,20],"is_endless":false,"potions_floor_spawned":[1,2,7,8,18,25,28,31,33,35,38,41],"killed_by":"Reptomancer","ascension_level":0}}