{"host":"jqln3q8z91cyrmpl","time":1612505611,"event":{"mods":["AchievementEnabler","BaseMod","Colored Map","DeckTracker","Keyboard Shortcuts","Minty Spire (QoL Compilation)","SuperFastMode"],"gold_per_floor":[119,119,44,219,239,239,61,61,61,61,75,75,88,101,101,203,203,213,228,103,103,119,119,119,119],"floor_reached":24,"language":"KOR","playtime":954,"items_purged":["Strike_G","Doubt","Defend_G"],"score":288,"play_id":"a44c9fca-b5e0-4836-8c3e-c3ccd8f54500","local_time":"20210205151331","is_ascension_mode":true,"campfire_choices":[{"data":"Blade Dance","floor":6,"key":"SMITH"},{"data":"Calculated Gamble","floor":8,"key":"SMITH"},{"data":"Neutralize","floor":10,"key":"SMITH"},{"data":"Dagger Spray","floor":15,"key":"SMITH"},{"data":"Wraith Form v2","floor":23,"key":"SMITH"}],"circlet_count":0,"master_deck":["AscendersBane","Strike_G","Defend_G","Defend_G","Defend_G","Survivor","Neutralize+1","Blade Dance+1","Escape Plan","Calculated Gamble+1","Escape Plan","Dagger Spray+1","Masterful Stab","Wraith Form v2+1","Glass Knife+1","Expertise+1","Predator+1","Blur","Dodge and Roll+1"],"relics":["Ring of the Snake","Potion Belt","Regal Pillow","Astrolabe"],"acts_visited":["Exordium","TheCity"],"potions_floor_usage":[16,22,22,24,24,24],"damage_taken":[{"damage":0,"enemies":"Small Slimes","floor":1,"turns":3},{"damage":7,"enemies":"Cultist","floor":5,"turns":5},{"damage":2,"enemies":"Jaw Worm","floor":11,"turns":4},{"damage":2,"enemies":"Blue Slaver","floor":13,"turns":4},{"damage":0,"enemies":"Lots of Slimes","floor":14,"turns":1},{"damage":31,"enemies":"Slime Boss","floor":16,"turns":10},{"damage":1,"enemies":"Shell Parasite","floor":18,"turns":5},{"damage":0,"enemies":"Spheric Guardian","floor":19,"turns":1},{"damage":9,"enemies":"Shelled Parasite and Fungi","floor":22,"turns":6},{"damage":67,"enemies":"Gremlin Leader","floor":24,"turns":7}],"seed_played":"1398016501619257517","potions_obtained":[{"floor":1,"key":"Block Potion"},{"floor":11,"key":"Regen Potion"},{"floor":14,"key":"EntropicBrew"},{"floor":16,"key":"BlessingOfTheForge"},{"floor":19,"key":"DuplicationPotion"}],"is_trial":false,"path_per_floor":["M","?","$","?","M","R","$","R","T","R","M","$","M","M","R","B",null,"M","M","$","?","M","R","E"],"character_chosen":"THE_SILENT","items_purchased":["Calculated Gamble"],"campfire_rested":0,"item_purchase_floors":[7],"current_hp_per_floor":[63,63,63,63,56,56,56,56,56,56,54,54,52,52,52,21,58,57,57,57,57,63,63,0,0],"gold":119,"neow_bonus":"TRANSFORM_CARD","is_daily":false,"chose_seed":false,"campfire_upgraded":5,"win_rate":0.0,"timestamp":1612505611,"path_taken":["M","?","?","?","?","R","$","R","T","R","M","?","M","M","R","BOSS","M","M","?","?","?","R","E"],"items_purchased_type":["Card"],"build_version":"2020-12-22","purchased_purges":3,"victory":false,"max_hp_per_floor":[70,70,70,70,70,70,70,70,70,70,70,70,70,70,70,70,70,70,70,70,70,70,70,70,70],"card_choices":[{"not_picked":["Predator","Concentrate"],"picked":"Blade Dance","floor":1},{"not_picked":["Riddle With Holes","PiercingWail"],"picked":"Escape Plan","floor":5},{"not_picked":["Dodge and Roll","Outmaneuver"],"picked":"Escape Plan","floor":11},{"not_picked":["Flying Knee","Sucker Punch"],"picked":"Dagger Spray","floor":13},{"not_picked":["Flechettes","Dodge and Roll"],"picked":"Masterful Stab","floor":14},{"not_picked":["Bullet Time","Malaise"],"picked":"Wraith Form v2","floor":16},{"not_picked":["Dagger Spray+1","Acrobatics"],"picked":"Blur","floor":18},{"not_picked":["Flying Knee","Deflect+1"],"picked":"Dodge and Roll+1","floor":19},{"not_picked":["Backflip","Quick Slash","Blade Dance"],"picked":"SKIP","floor":22}],"player_experience":416712,"relics_obtained":[{"floor":9,"key":"Regal Pillow"}],"event_choices":[{"cards_removed":["Riddle With Holes"],"damage_healed":0,"gold_gain":0,"player_choice":"Gave Card","damage_taken":0,"relics_obtained":["Potion Belt"],"max_hp_gain":0,"max_hp_loss":0,"event_name":"WeMeetAgain","floor":2,"gold_loss":0},{"damage_healed":0,"gold_gain":175,"player_choice":"AGREE","damage_taken":0,"max_hp_gain":0,"max_hp_loss":0,"event_name":"Liars Game","floor":4,"gold_loss":0,"cards_obtained":["Doubt"]},{"damage_healed":0,"gold_gain":0,"player_choice":"Bought 0 Potions","damage_taken":0,"max_hp_gain":0,"max_hp_loss":0,"event_name":"The Woman in Blue","floor":21,"gold_loss":0}],"is_beta":false,"boss_relics":[{"not_picked":["Velvet Choker","SacredBark"],"picked":"Astrolabe"}],"items_purged_floors":[3,7,20],"is_endless":false,"potions_floor_spawned":[1,11,14,16,19],"killed_by":"Gremlin Leader","ascension_level":11}}