{"host":"odhb85ppoyjrwi3n","time":1612563710,"event":{"mods":["BaseMod","Better Third Choice","BetterRewards","Bossed Relics","Minty Spire (QoL Compilation)","Quick Restart","StSLib"],"gold_per_floor":[5112,5125,5125,5125,4194,4228,4228,3591,3591,3624,3624,3647,3647,3662,3662,3766,3766,3777,3777,3777,3793,2915,2915,2927,2877,2877,2894,2894,2920,2932,2957,2957,3058,3058,3073,2287,2304,2316,1474,1474,1484,1484,1508,1508,1508,1843,1893,1944,1944,1944],"floor_reached":51,"language":"ENG","playtime":1791,"items_purged":["Strike_B","Defend_B","Strike_B+1","Strike_B+1","DeceiveReality"],"score":988,"play_id":"fa04bf62-8cb2-4332-9440-92e3b35d858e","local_time":"20210205232150","is_ascension_mode":true,"campfire_choices":[{"data":"1","floor":7,"key":"LIFT"},{"floor":11,"key":"REST"},{"floor":15,"key":"REST"},{"data":"2","floor":23,"key":"LIFT"},{"floor":28,"key":"REST"},{"floor":32,"key":"REST"},{"data":"Conserve Battery","floor":40,"key":"SMITH"},{"floor":45,"key":"REST"},{"data":"3","floor":49,"key":"LIFT"}],"circlet_count":0,"master_deck":["Strike_B+1","Defend_B+1","Defend_B+1","Defend_B+1","Zap+1","Dualcast","Ball Lightning","Capacitor","Electrodynamics","Conserve Battery+1","Ball Lightning","Ball Lightning","Defragment+1","Auto Shields+1","Double Energy+1","Creative AI+1","Storm+1","Conserve Battery+1","Ball Lightning+1","Defragment+1","Turbo","Enlightenment","Madness","Madness","Static Discharge+1"],"relics":["Cracked Core","NeowsBlessing","Bag of Marbles","Girya","Peace Pipe","Strange Spoon","Gambling Chip","Pantograph","Sling","Centennial Puzzle","MealTicket","Frozen Egg 2","Odd Mushroom","Meat on the Bone","Astrolabe","Turnip","Lantern","OrangePellets","Cables","Prayer Wheel","Du-Vu Doll","Black Star","Bottled Lightning","Runic Capacitor","Cauldron","Thread and Needle","Blood Vial","Orichalcum","Old Coin","Boot","Incense Burner","Ancient Tea Set"],"acts_visited":["Exordium","TheCity","TheBeyond"],"potions_floor_usage":[6,16,30,30,31,46,50],"damage_taken":[{"damage":0.0,"enemies":"2 Louse","floor":1.0,"turns":1.0},{"damage":0,"enemies":"Jaw Worm","floor":2,"turns":1},{"damage":0,"enemies":"Lagavulin","floor":6,"turns":1},{"damage":9,"enemies":"3 Sentries","floor":10,"turns":2},{"damage":25,"enemies":"The Mushroom Lair","floor":12,"turns":3},{"damage":0,"enemies":"Small Slimes","floor":14,"turns":1},{"damage":23,"enemies":"The Guardian","floor":16,"turns":7},{"damage":0,"enemies":"Chosen","floor":18,"turns":3},{"damage":6,"enemies":"2 Thieves","floor":21,"turns":2},{"damage":17,"enemies":"Snake Plant","floor":24,"turns":3},{"damage":6,"enemies":"Centurion and Healer","floor":27,"turns":2},{"damage":28,"enemies":"Slavers","floor":29,"turns":3},{"damage":2,"enemies":"Snecko","floor":30,"turns":3},{"damage":13,"enemies":"Book of Stabbing","floor":31,"turns":3},{"damage":7,"enemies":"Champ","floor":33,"turns":9},{"damage":1,"enemies":"3 Shapes","floor":35,"turns":3},{"damage":24,"enemies":"3 Darklings","floor":37,"turns":4},{"damage":16,"enemies":"Transient","floor":38,"turns":5},{"damage":5,"enemies":"Spire Growth","floor":41,"turns":4},{"damage":23,"enemies":"Reptomancer","floor":46,"turns":4},{"damage":0,"enemies":"Mind Bloom Boss Battle","floor":47,"turns":4},{"damage":37,"enemies":"Donu and Deca","floor":50,"turns":4}],"seed_played":"-8025733219388037358","potions_obtained":[{"floor":2,"key":"PowerPotion"},{"floor":14,"key":"FocusPotion"},{"floor":18,"key":"BlessingOfTheForge"},{"floor":21,"key":"AttackPotion"},{"floor":31,"key":"Swift Potion"},{"floor":39,"key":"LiquidMemories"}],"is_trial":false,"path_per_floor":["M","M","?","?","$","E","R","$","T","E","R","?","T","M","R","B",null,"M","?","?","M","$","R","M","?","T","M","R","E","M","E","R","B",null,"M","$","M","M","$","R","M","?","T","?","R","E","?","T","R","B",null],"character_chosen":"DEFECT","items_purchased":["Girya","Peace Pipe","Strange Spoon","Ball Lightning","Capacitor","Pantograph","Sling","Centennial Puzzle","Defragment+1","Turnip","Lantern","OrangePellets","Fire Potion","Bottled Lightning","Runic Capacitor","Storm+1","Ancient Potion","SmokeBomb","Cauldron","Thread and Needle","Blood Vial","Defragment+1"],"campfire_rested":5,"item_purchase_floors":[5,5,5,5,5,8,8,8,22,22,22,22,22,36,36,36,36,36,39,39,39,39],"current_hp_per_floor":[75,75,75,67,67,67,67,67,67,58,75,50,50,50,72,52,75,75,75,75,69,75,75,58,58,58,52,74,46,44,43,65,68,75,74,75,51,47,62,62,59,54,54,45,67,46,73,73,73,38],"gold":1944,"neow_bonus":"THREE_ENEMY_KILL","is_daily":false,"chose_seed":false,"campfire_upgraded":1,"win_rate":0.0,"timestamp":1612563710,"path_taken":["M","M","?","?","?","E","R","$","T","E","R","?","?","?","R","BOSS","M","?","?","M","?","R","?","?","T","M","R","E","M","E","R","BOSS","M","$","M","M","$","R","M","?","T","?","R","E","?","?","R","BOSS"],"items_purchased_type":["Relic","Relic","Relic","Card","Card","Relic","Relic","Relic","Card","Relic","Relic","Relic","Potion","Relic","Relic","Card","Potion","Potion","Relic","Relic","Relic","Card"],"build_version":"2020-12-22","purchased_purges":5,"victory":true,"max_hp_per_floor":[75,75,75,75,75,75,75,75,75,75,75,75,75,75,75,75,75,75,75,75,75,75,75,75,75,75,75,75,75,75,75,75,75,75,75,75,75,75,75,75,75,75,75,75,75,75,75,75,75,75],"card_choices":[{"not_picked":["Coolheaded","Chill","Rebound"],"picked":"SKIP","floor":1},{"not_picked":["Steam","White Noise","Hologram"],"picked":"SKIP","floor":2},{"not_picked":["Cold Snap","Self Repair"],"picked":"Electrodynamics","floor":6},{"not_picked":["Multi-Cast","Chaos"],"picked":"Conserve Battery","floor":10},{"not_picked":["Streamline","Beam Cell"],"picked":"Ball Lightning","floor":12},{"not_picked":["Go for the Eyes","Redo"],"picked":"Ball Lightning","floor":14},{"not_picked":["Streamline","Undo","Skim"],"picked":"SKIP","floor":18},{"not_picked":["Genetic Algorithm","Ball Lightning","Leap"],"picked":"SKIP","floor":21},{"not_picked":["Gash","Hologram","Aggregate"],"picked":"SKIP","floor":24},{"not_picked":["Turbo","Hologram"],"picked":"Auto Shields+1","floor":27},{"not_picked":["Buffer+1","Chaos+1","Redo"],"picked":"SKIP","floor":29},{"not_picked":["Steam","Rip and Tear"],"picked":"Double Energy+1","floor":30},{"not_picked":["Barrage","Sweeping Beam","Gash"],"picked":"SKIP","floor":30},{"not_picked":["Steam Power","Tempest","Stack"],"picked":"SKIP","floor":31},{"not_picked":["Amplify","Electrodynamics+1"],"picked":"Creative AI+1","floor":33},{"not_picked":["Turbo","Conserve Battery+1","Loop+1"],"picked":"SKIP","floor":35},{"not_picked":["Skim+1","Turbo+1","Cold Snap+1"],"picked":"SKIP","floor":35},{"not_picked":["Scrape+1","Ball Lightning+1"],"picked":"Conserve Battery+1","floor":37},{"not_picked":["White Noise+1","Recycle+1"],"picked":"Ball Lightning+1","floor":37},{"not_picked":["Rip and Tear","Skim","Leap"],"picked":"SKIP","floor":38},{"not_picked":["Ball Lightning+1","Amplify","Sweeping Beam+1"],"picked":"SKIP","floor":38},{"not_picked":["Skim+1","Scrape+1"],"picked":"Turbo","floor":41},{"not_picked":["Hologram+1","Beam Cell+1","Darkness+1"],"picked":"SKIP","floor":41},{"not_picked":["Blind","Forethought"],"picked":"Enlightenment","floor":42},{"not_picked":["Redo","Ball Lightning"],"picked":"Static Discharge+1","floor":46}],"player_experience":135504,"relics_obtained":[{"floor":6,"key":"Gambling Chip"},{"floor":9,"key":"MealTicket"},{"floor":10,"key":"Frozen Egg 2"},{"floor":12,"key":"Odd Mushroom"},{"floor":13,"key":"Meat on the Bone"},{"floor":26,"key":"Cables"},{"floor":29,"key":"Prayer Wheel"},{"floor":31,"key":"Du-Vu Doll"},{"floor":43,"key":"Orichalcum"},{"floor":46,"key":"Old Coin"},{"floor":46,"key":"Boot"},{"floor":47,"key":"Incense Burner"},{"floor":48,"key":"Ancient Tea Set"}],"event_choices":[{"damage_healed":0,"gold_gain":0,"player_choice":"Grow","damage_taken":0,"max_hp_gain":0,"max_hp_loss":0,"event_name":"Living Wall","floor":3,"gold_loss":0,"cards_upgraded":["Zap"]},{"damage_healed":0,"gold_gain":0,"player_choice":"Fought Mushrooms","damage_taken":0,"max_hp_gain":0,"max_hp_loss":0,"event_name":"Mushrooms","floor":12,"gold_loss":0},{"damage_healed":0,"gold_gain":0,"player_choice":"Ignored","damage_taken":0,"max_hp_gain":0,"max_hp_loss":0,"event_name":"Vampires","floor":19,"gold_loss":0},{"damage_healed":0,"gold_gain":0,"player_choice":"Simplicity","damage_taken":0,"max_hp_gain":0,"max_hp_loss":6,"event_name":"betterThird:BetterWriting","floor":20,"gold_loss":0},{"damage_healed":0,"gold_gain":0,"player_choice":"Bet on Murderer","damage_taken":0,"max_hp_gain":0,"max_hp_loss":0,"event_name":"The Joust","floor":25,"gold_loss":50},{"damage_healed":0,"gold_gain":0,"player_choice":"Memory 2","damage_taken":5,"max_hp_gain":0,"max_hp_loss":0,"event_name":"SensoryStone","floor":42,"gold_loss":0},{"damage_healed":0,"gold_gain":0,"player_choice":"Embrace Madness","damage_taken":9,"max_hp_gain":0,"max_hp_loss":0,"event_name":"Winding Halls","floor":44,"gold_loss":0,"cards_obtained":["Madness","Madness"]},{"damage_healed":0,"gold_gain":0,"player_choice":"Fight","damage_taken":0,"max_hp_gain":0,"max_hp_loss":0,"event_name":"MindBloom","floor":47,"gold_loss":0}],"is_beta":false,"boss_relics":[{"not_picked":["Coffee Dripper","Tiny House"],"picked":"Astrolabe"},{"not_picked":["Nuclear Battery","Sozu"],"picked":"Black Star"}],"items_purged_floors":[5,8,22,36,39],"is_endless":false,"potions_floor_spawned":[2,14,18,21,29,31,38],"ascension_level":2}}