{"host":"5p9hybygolzp0efr","time":1612490941,"event":{"mods":["AchievementEnabler","BaseMod","Bestiary","Colored Map","Minty Spire (QoL Compilation)","Permanent Neow","Relic Stats"],"gold_per_floor":[114,133,133,147,117,117,137,137,137,149,74,24,54,68,68,166,166,182,192,192,203,203,203,203,218,218,218,218,218],"floor_reached":28,"language":"ENG","playtime":1189,"items_purged":["Strike_G"],"score":289,"play_id":"2f1192ab-46fd-4617-90b4-80f1412516eb","local_time":"20210205100901","is_ascension_mode":true,"campfire_choices":[{"data":"Neutralize","floor":6,"key":"SMITH"},{"floor":15,"key":"REST"},{"floor":23,"key":"REST"},{"floor":27,"key":"REST"}],"circlet_count":0,"master_deck":["Strike_G","Strike_G+1","Strike_G","Strike_G","Defend_G","Defend_G","Defend_G","Defend_G","Survivor","Neutralize+1","Blind","Flying Knee","Dagger Spray+1","Acrobatics","Backflip","Poisoned Stab","PiercingWail","Corpse Explosion","Well Laid Plans","Catalyst+1","Deadly Poison"],"relics":["Ring of the Snake","Turnip","Shovel","Velvet Choker","Bottled Tornado"],"acts_visited":["Exordium","TheCity"],"potions_floor_usage":[5,16],"damage_taken":[{"damage":8,"enemies":"Jaw Worm","floor":1,"turns":4},{"damage":0,"enemies":"Cultist","floor":2,"turns":4},{"damage":0,"enemies":"Small Slimes","floor":4,"turns":3},{"damage":10,"enemies":"Exordium Thugs","floor":5,"turns":5},{"damage":0,"enemies":"Looter","floor":7,"turns":3},{"damage":0,"enemies":"2 Fungi Beasts","floor":10,"turns":3},{"damage":12,"enemies":"3 Sentries","floor":13,"turns":6},{"damage":0,"enemies":"Large Slime","floor":14,"turns":4},{"damage":33,"enemies":"The Guardian","floor":16,"turns":18},{"damage":18,"enemies":"Shell Parasite","floor":18,"turns":7},{"damage":8,"enemies":"Spheric Guardian","floor":19,"turns":4},{"damage":1,"enemies":"3 Cultists","floor":21,"turns":3},{"damage":32,"enemies":"Cultist and Chosen","floor":25,"turns":5},{"damage":33,"enemies":"Slavers","floor":28,"turns":3}],"seed_played":"-5673849490726126888","potions_obtained":[{"floor":3,"key":"ColorlessPotion"},{"floor":3,"key":"CultistPotion"},{"floor":3,"key":"EntropicBrew"},{"floor":10,"key":"Explosive Potion"},{"floor":13,"key":"GhostInAJar"},{"floor":16,"key":"AttackPotion"}],"is_trial":false,"path_per_floor":["M","M","?","M","M","R","M","?","T","M","$","?","E","M","R","B",null,"M","M","?","M","?","R","?","M","T","R","E"],"character_chosen":"THE_SILENT","items_purchased":[],"campfire_rested":3,"item_purchase_floors":[],"current_hp_per_floor":[55,55,55,55,45,45,45,31,31,31,31,31,19,19,40,7,54,36,28,15,14,14,36,36,4,4,26,0,0],"gold":218,"neow_bonus":"RANDOM_COLORLESS","is_daily":false,"chose_seed":false,"campfire_upgraded":1,"win_rate":0.0,"timestamp":1612490941,"path_taken":["M","M","?","M","?","R","M","?","T","M","?","?","E","M","R","BOSS","M","M","?","M","?","R","?","?","T","R","E"],"items_purchased_type":[],"build_version":"2020-12-22","purchased_purges":1,"victory":false,"max_hp_per_floor":[70,70,70,70,70,70,70,70,70,70,70,70,70,70,70,70,70,70,70,75,75,75,75,75,75,75,75,75,75],"relic_stats":{"Shovel":0,"counters":[14,72],"Turnip":[10],"obtain_stats":[{"Shovel":13,"Velvet Choker":17,"Turnip":9,"Bottled Tornado":26,"Ring of the Snake":0},{"Shovel":7,"Velvet Choker":9,"Turnip":5,"Bottled Tornado":13,"Ring of the Snake":0},{"Shovel":28,"Velvet Choker":50,"Turnip":19,"Bottled Tornado":69,"Ring of the Snake":0}],"Ring of the Snake":[28]},"card_choices":[{"not_picked":["Jack Of All Trades","Madness"],"picked":"Blind","floor":0},{"not_picked":["Predator","Prepared"],"picked":"Flying Knee","floor":1},{"not_picked":["Dodge and Roll","Well Laid Plans"],"picked":"Dagger Spray","floor":2},{"not_picked":["PiercingWail","Deadly Poison"],"picked":"Acrobatics","floor":4},{"not_picked":["Escape Plan","Calculated Gamble","Expertise"],"picked":"SKIP","floor":5},{"not_picked":["Dodge and Roll","Cloak And Dagger"],"picked":"Backflip","floor":7},{"not_picked":["Calculated Gamble","Dagger Throw","Sucker Punch"],"picked":"SKIP","floor":10},{"not_picked":["Quick Slash","Cloak And Dagger"],"picked":"Poisoned Stab","floor":13},{"not_picked":["Prepared","Dagger Throw"],"picked":"PiercingWail","floor":14},{"not_picked":["Adrenaline","A Thousand Cuts"],"picked":"Corpse Explosion","floor":16},{"not_picked":["Poisoned Stab+1","Concentrate"],"picked":"Well Laid Plans","floor":18},{"not_picked":["Distraction+1","Acrobatics"],"picked":"Catalyst+1","floor":19},{"not_picked":["Cloak And Dagger","Dagger Spray","Prepared"],"picked":"SKIP","floor":21},{"not_picked":["Backstab+1","PiercingWail"],"picked":"Deadly Poison","floor":25}],"player_experience":589895,"relics_obtained":[{"floor":9,"key":"Turnip"},{"floor":13,"key":"Shovel"},{"floor":26,"key":"Bottled Tornado"}],"event_choices":[{"damage_healed":0,"gold_gain":0,"player_choice":"Got Potions","damage_taken":0,"max_hp_gain":0,"max_hp_loss":0,"event_name":"Lab","floor":3,"gold_loss":0},{"damage_healed":0,"gold_gain":0,"player_choice":"Entered Light","damage_taken":14,"max_hp_gain":0,"max_hp_loss":0,"event_name":"Shining Light","floor":8,"gold_loss":0,"cards_upgraded":["Strike_G","Dagger Spray"]},{"cards_removed":["Defend_G"],"damage_healed":0,"gold_gain":0,"player_choice":"Card Removal","damage_taken":0,"max_hp_gain":0,"max_hp_loss":0,"event_name":"The Cleric","floor":12,"gold_loss":50},{"damage_healed":0,"gold_gain":0,"player_choice":"Shed Blood","damage_taken":18,"max_hp_gain":5,"max_hp_loss":0,"event_name":"Forgotten Altar","floor":20,"gold_loss":0},{"damage_healed":0,"gold_gain":0,"player_choice":"Ignored","damage_taken":0,"max_hp_gain":0,"max_hp_loss":0,"event_name":"Ghosts","floor":22,"gold_loss":0},{"damage_healed":0,"gold_gain":0,"player_choice":"Ignored","damage_taken":0,"max_hp_gain":0,"max_hp_loss":0,"event_name":"Cursed Tome","floor":24,"gold_loss":0}],"is_beta":false,"boss_relics":[{"not_picked":["Cursed Key","Fusion Hammer"],"picked":"Velvet Choker"}],"items_purged_floors":[11],"is_endless":false,"potions_floor_spawned":[10,13,14,16,19,21,25],"killed_by":"Slavers","ascension_level":6}}