{"host":"yuwyc1esdalgjt4e","time":1612540949,"event":{"mods":["Arknights","Astrologer","BaseMod","CapriCore","Hermit","KomeijiMod","Marisa????????","Minty Spire (QoL Compilation)","Railgun Mod","Reimu??????","StSLib","The Bug Knight","The Death Knight","The Dragon Tamer","The Hierophant","The Immortal","The Marked","The Servant 0.9.4","The Wild Card","TheSwordswoman","Yuri Mod"],"gold_per_floor":[113,132,232,251,176,206,206,223,300,300,300],"floor_reached":10,"language":"ENG","playtime":374,"items_purged":["DeathKnight:VampiricBlood"],"score":68,"play_id":"bce120bb-32d6-40ac-bfd3-c792fbcc7348","local_time":"20210205170229","is_ascension_mode":false,"campfire_choices":[{"data":"DeathKnight:DancingRuneblade","floor":7,"key":"SMITH"}],"circlet_count":0,"master_deck":["DeathKnight:Strike_DeathKnight","DeathKnight:Strike_DeathKnight","DeathKnight:Strike_DeathKnight","DeathKnight:Strike_DeathKnight","DeathKnight:Strike_DeathKnight","DeathKnight:Defend_DeathKnight","DeathKnight:Defend_DeathKnight","DeathKnight:Defend_DeathKnight","DeathKnight:Defend_DeathKnight","DeathKnight:Defend_DeathKnight","DeathKnight:RuneTap","DeathKnight:RuneStrike","DeathKnight:DancingRuneblade+1","DeathKnight:PathOfFrost"],"relics":["DeathKnight:BrokenRuneblade","Calipers","Pear"],"acts_visited":["Exordium"],"potions_floor_usage":[6,8],"damage_taken":[{"damage":5,"enemies":"Cultist","floor":1,"turns":4},{"damage":7,"enemies":"Small Slimes","floor":2,"turns":2},{"damage":0,"enemies":"2 Louse","floor":4,"turns":3},{"damage":30,"enemies":"3 Sentries","floor":6,"turns":8},{"damage":21,"enemies":"Exordium Thugs","floor":8,"turns":5},{"damage":26,"enemies":"Lagavulin","floor":10,"turns":3}],"seed_played":"6800168182252081334","potions_obtained":[{"floor":2,"key":"FearPotion"},{"floor":4,"key":"PowerPotion"}],"is_trial":false,"path_per_floor":["M","M","?","M","$","E","R","M","T","E"],"character_chosen":"DEATH_KNIGHT","items_purchased":[],"campfire_rested":0,"item_purchase_floors":[],"current_hp_per_floor":[70,63,63,63,63,33,33,12,22,0,0],"gold":300,"neow_bonus":"ONE_RANDOM_RARE_CARD","is_daily":false,"chose_seed":false,"campfire_upgraded":1,"win_rate":0.0,"timestamp":1612540949,"path_taken":["M","M","?","M","$","E","R","M","T","E"],"items_purchased_type":[],"build_version":"2020-12-22","purchased_purges":1,"victory":false,"max_hp_per_floor":[75,75,75,75,75,75,75,75,85,85,85],"card_choices":[{"not_picked":["DeathKnight:HowlingBlast","DeathKnight:DeathStrike"],"picked":"DeathKnight:DancingRuneblade","floor":1},{"not_picked":["DeathKnight:HartStrike","DeathKnight:Hysteria","DeathKnight:ChainsOfIce"],"picked":"SKIP","floor":2},{"not_picked":["DeathKnight:DeathCoil","DeathKnight:IceboundArmor","DeathKnight:Pestilence"],"picked":"SKIP","floor":4},{"not_picked":["DeathKnight:MutagenicPlague","DeathKnight:MindFreeze","DeathKnight:PillarOfFrost"],"picked":"SKIP","floor":6},{"not_picked":["DeathKnight:Defile","DeathKnight:ShatteringStrikes"],"picked":"DeathKnight:PathOfFrost","floor":8}],"player_experience":106391,"relics_obtained":[{"floor":6,"key":"Calipers"},{"floor":9,"key":"Pear"}],"event_choices":[{"damage_healed":0,"gold_gain":100,"player_choice":"Gold","damage_taken":0,"max_hp_gain":0,"max_hp_loss":0,"event_name":"Wheel of Change","floor":3,"gold_loss":0}],"is_beta":false,"boss_relics":[],"items_purged_floors":[5],"is_endless":false,"potions_floor_spawned":[2,4],"killed_by":"Lagavulin","ascension_level":0}}