{"host":"p34rppyhk302xzzg","time":1612524636,"event":{"mods":["AchievementEnabler","Act Like it!","Ascension Reborn","BaseMod","Better Vampires","BetterRewards","Colored Map","Gensokyo","Googly Eyes","Hallownest","Koishi","KomeijiMod","Lobotomy","LobotomyExtend","Marisa£®ÏF”Í°°ƒß¿Ì…≥£©","Minty Spire (QoL Compilation)","Pale of the Ancients","Quick Restart","Reimu£®≤©¿ˆ¡È√Œ£©","Remilia£®¿Ÿ√◊¿Ú—«£©","Replay The Spire","SOS£®Àπ∞Õ¥Ô÷Æ◊”£©","StSLib","The Administrix","The Bug Knight","UnlockEverythingMod","Waifu the Spire","Yakumo Yukari mod","Youmu£®ªÍ∆«—˝√Œ£©","Yuyuko","noobMod","°æ“≈ŒÔø®≈∆°øREMEMod"],"gold_per_floor":[109,125,144,144,144,172,172,190,190,20,31,131,159,169,169,268,268,278,295,3,3,16,16,16,51,74,84,115,115,115,139,139,237,237,254,302,373,384,394,428,428,0,0,0,49,122,189,263,263,341,392,435,435,34,34,86,86,112,112,121],"floor_reached":61,"language":"ZHS","playtime":2561,"items_purged":[],"score":1757,"play_id":"77cd807b-854f-4f5d-802d-7675e3a2736d","local_time":"20210205193036","is_ascension_mode":true,"campfire_choices":[{"data":"UpSweep","floor":15,"key":"SMITH"},{"floor":23,"key":"RECALL"},{"data":"CasketOfStar","floor":29,"key":"SMITH"},{"data":"Barricade","floor":32,"key":"SMITH"},{"data":"BinaryStars","floor":41,"key":"SMITH"},{"floor":49,"key":"DIG"},{"data":"EscapeVelocity","floor":55,"key":"SMITH"},{"data":"BlazingStar","floor":57,"key":"SMITH"}],"circlet_count":0,"master_deck":["CENSORED","BodiesMountain","LongBird","DespairKnight","Strike_MRS","Strike_MRS","Strike_MRS","Strike_MRS","Defend_MRS","Defend_MRS","Defend_MRS","Defend_MRS","MasterSpark","UpSweep+1","UniverseFragment","MilkyWay","Laetitia","UnstableBomb+1","Scorched","GrandCross","LittlePrince","WitchLeyline","WitchLeyline","LuminesStrike","OortCloud","BeautyBeast","AsteroidBelt","OSAHOGD","MilkyWay","BinaryStars+1","Barricade+1","OldLady","FairyDestructionRay+1","WitchLeyline","FairyFestival","SuperNova","DarkMatter+1","CasketOfStar+1","ShootingEcho+1","DeepEcoloBomb","QueenBee","AbsoluteMagnitude","Alriune","UnstableBomb+1","LaLuna","EscapeVelocity+1","CherryBlossoms","SporeBomb+1","DC+1","WitchLeyline+1","MilkyWay+1","MysteriousBeam+1","BlackArmy","AsteroidBelt+1","FieryBird","StarBarrage+1","Funeral","WitchOfGreed","ChargingUp","WhitesApple","IllusionStar+1","MagicAbsorber","StarlightTyphoon","StarlightTyphoon","SatelliteIllusion+1","NakedNest","EnergyFlow+1","BlazingStar+1"],"relics":["MiniHakkero","REME_ComplimentaryCards","ice","CogitoBucket","LetterFromLob","Blue Doll","Replay:Wax Seal","REME_PuzzleBoxRelic","ReplayTheSpireMod:Ninjato","Sozu","SolemnVow_r","SwordSharpenedByTears_r","HellTrain","HandDrill","Ancient Tea Set","Justitia_r","TheSmile_r","Tiny Chest","Gensokyo:ConquerorOfFear","Regal Pillow","Black Star","AtMidnight","AdjustmentMirror","CENSORED_r","CatCart","Replay:WaspNest","Lantern","Boot","Membership Card","REME_ArchaeologicalTools","Prayer Wheel","Replay:Bottled Steam","Red Mask","Replay:Kaleidoscope","WantedRequest","RuthlessExorcism:ReiMu","Eternal Feather","InkBottle","Whetstone","paleoftheancients:Timepiece","paleoftheancients:KeyRelic","CultistMask","paleoftheancients:SoulOfTheIroncluck","TentaclePot:ReiMu","Gremlin Horn","HollowMod:LifeEnderRelic","Bronze Scales"],"acts_visited":["Exordium","Exordium","TheBeyond","TheBeyond"],"potions_floor_usage":[14,50],"damage_taken":[{"damage":9,"enemies":"Small Slimes","floor":1,"turns":3},{"damage":3,"enemies":"Jaw Worm","floor":2,"turns":3},{"damage":6,"enemies":"Cultist","floor":3,"turns":3},{"damage":23,"enemies":"Gremlin Nob","floor":6,"turns":4},{"damage":7,"enemies":"Blue Slaver","floor":8,"turns":2},{"damage":0,"enemies":"Large Slime","floor":11,"turns":1},{"damage":7,"enemies":"3 Sentries","floor":13,"turns":5},{"damage":19,"enemies":"Gremlin Gang","floor":14,"turns":5},{"damage":18,"enemies":"Slime Boss","floor":16,"turns":8},{"damage":0,"enemies":"Gensokyo:CosmicMonolith","floor":18,"turns":3},{"damage":115,"enemies":"Gensokyo:3_Dogs","floor":19,"turns":5},{"damage":11,"enemies":"Gensokyo:Slime_Group","floor":22,"turns":2},{"damage":0,"enemies":"Gensokyo:Koishi","floor":25,"turns":3},{"damage":0,"enemies":"Gensokyo:Wraith","floor":27,"turns":3},{"damage":18,"enemies":"Gensokyo:Tenshi","floor":28,"turns":2},{"damage":3,"enemies":"Gensokyo:Eiki","floor":33,"turns":4},{"damage":37,"enemies":"Orb Walker","floor":35,"turns":2},{"damage":2,"enemies":"Orin","floor":36,"turns":5},{"damage":0,"enemies":"3 Shapes","floor":38,"turns":2},{"damage":0,"enemies":"Jaw Worm Horde","floor":39,"turns":2},{"damage":0,"enemies":"R_Hoarder","floor":40,"turns":2},{"damage":0,"enemies":"3 Darklings","floor":45,"turns":2},{"damage":30,"enemies":"2 Orb Walkers","floor":46,"turns":2},{"damage":24,"enemies":"Giant Head","floor":47,"turns":3},{"damage":106,"enemies":"Awakened One","floor":50,"turns":5},{"damage":17,"enemies":"Awakened One","floor":51,"turns":4},{"damage":53,"enemies":"Awakened One","floor":52,"turns":3},{"damage":0,"enemies":"Awakened One","floor":56,"turns":2},{"damage":0,"enemies":"paleoftheancients:N","floor":60,"turns":2}],"seed_played":"5807638556858466890","potions_obtained":[{"floor":2,"key":"Venom Potion"},{"floor":3,"key":"CalmPotion"},{"floor":11,"key":"LiquidMemories"},{"floor":13,"key":"SpeedPotion"}],"is_trial":false,"path_per_floor":["M","M","M","?","?","E","?","M","T","$","M","?","E","M","R","B",null,"M","M","$","?","M","R","COS","E","T","M","E","R","?","T","R","B",null,"M","?","T","M","M","E","R","$","T","?","M","?","E","T","R_BF","B","M","M","?","$","R","M","R","T","?","B",null],"character_chosen":"MARISA","items_purchased":["REME_PuzzleBoxRelic","LuminesStrike","HandDrill","SuperNova","Membership Card","REME_ArchaeologicalTools","Prayer Wheel","TentaclePot:ReiMu","Gremlin Horn","HollowMod:LifeEnderRelic","StarlightTyphoon","SatelliteIllusion+1"],"campfire_rested":0,"item_purchase_floors":[10,10,20,20,42,42,42,54,54,54,54,54],"current_hp_per_floor":[66,63,57,57,61,38,38,31,31,31,31,31,70,51,51,33,87,87,71,71,71,60,60,60,60,60,64,47,47,47,47,47,53,124,87,126,126,129,130,130,130,130,130,130,130,112,103,103,132,149,162,157,157,157,180,182,182,182,182,182],"gold":121,"neow_bonus":"","is_daily":false,"chose_seed":false,"campfire_upgraded":6,"win_rate":0.0,"timestamp":1612524636,"path_taken":["M","M","M","?","?","E","?","?","T","$","M","?","E","?","R","BOSS","M","?","$","?","?","R","COS","E","T","M","E","R","?","?","R","BOSS","M","?","?","M","?","E","R","$","T","?","M","?","E","?","R_BF","BOSS","M","M","?","$","R","M","R","T","?","BOSS"],"items_purchased_type":["Relic","Card","Relic","Card","Relic","Relic","Relic","Relic","Relic","Relic","Card","Card"],"build_version":"2020-12-22","purchased_purges":0,"victory":true,"max_hp_per_floor":[75,75,75,75,75,75,75,75,75,75,75,75,75,84,84,87,87,89,112,112,112,113,113,113,116,116,120,123,123,123,123,123,124,124,124,127,127,130,130,130,130,130,130,130,131,132,132,132,132,149,180,180,180,180,180,182,182,182,182,182],"card_choices":[{"not_picked":["MHz","Yin","CrumblingArmor"],"picked":"Singing Bowl","floor":1},{"not_picked":["BlackSwan","ShyLook"],"picked":"UniverseFragment","floor":1},{"not_picked":["EnergyFlow","Acceleration"],"picked":"MilkyWay","floor":1},{"not_picked":["Wellcheers","CherryBlossoms","RedShoes"],"picked":"Singing Bowl","floor":2},{"not_picked":["MeatLantern","ShyLook"],"picked":"Laetitia","floor":2},{"not_picked":["SporeBomb","ManaRampage"],"picked":"UnstableBomb","floor":2},{"not_picked":["NakedNest","MHz","Yin"],"picked":"Singing Bowl","floor":3},{"not_picked":["FairyFestival","SingingMachine"],"picked":"Scorched","floor":3},{"not_picked":["NonDirectionalLaser","PropBag"],"picked":"GrandCross","floor":3},{"not_picked":["BlackSwan","QueenOfHatred","SpiderBud"],"picked":"Singing Bowl","floor":6},{"not_picked":["Wellcheers","GalaxyChild"],"picked":"LittlePrince","floor":6},{"not_picked":["Orbital","UltimateShortwave"],"picked":"WitchLeyline","floor":6},{"not_picked":["OSAHOGD","Freischutz"],"picked":"DespairKnight","floor":8},{"not_picked":["ChargeUpSpray","Occultation"],"picked":"WitchLeyline","floor":8},{"not_picked":["EnergyFlow","6A"],"picked":"OortCloud","floor":11},{"not_picked":["VoidDream","Freischutz","SpiderBud"],"picked":"Singing Bowl","floor":11},{"not_picked":["WallGazer","OSAHOGD"],"picked":"BeautyBeast","floor":11},{"not_picked":["Bloodbath","CherryBlossoms","ShyLook"],"picked":"Singing Bowl","floor":13},{"not_picked":["Scarecrow","OldLady"],"picked":"CrumblingArmor","floor":13},{"not_picked":["LuminesStrike","UnstableBomb"],"picked":"AsteroidBelt","floor":13},{"not_picked":["PunishingBird","SingingMachine","Wellcheers"],"picked":"Singing Bowl","floor":14},{"not_picked":["PunishingBird","Wellcheers"],"picked":"OSAHOGD","floor":14},{"not_picked":["EnergyFlow","MagicAbsorber"],"picked":"MilkyWay","floor":14},{"not_picked":["Alriune","LaLuna"],"picked":"Funeral","floor":16},{"not_picked":["CollectingQuirk","StarDustReverie"],"picked":"BinaryStars","floor":16},{"not_picked":["DreamingCurrent","Porccubus","HeroicMonk"],"picked":"Singing Bowl","floor":18},{"not_picked":["BlueStar","SnowQueen"],"picked":"OldLady","floor":18},{"not_picked":["ShootTheMoon","GravityBeat"],"picked":"FairyDestructionRay+1","floor":18},{"not_picked":["Acceleration","MagicChant"],"picked":"WitchLeyline","floor":19},{"not_picked":["Yin","Porccubus","LaLuna"],"picked":"Singing Bowl","floor":19},{"not_picked":["WallGazer","HeroicMonk"],"picked":"FairyFestival","floor":19},{"not_picked":["Porccubus","MeatLantern","MHz"],"picked":"Singing Bowl","floor":22},{"not_picked":["MHz","MeatLantern"],"picked":"LongBird","floor":22},{"not_picked":["EnergyFlow+1","EventHorizon+1"],"picked":"DarkMatter+1","floor":22},{"not_picked":["MeatLantern","PunishingBird"],"picked":"BodiesMountain","floor":25},{"not_picked":["BlazeAway","MagicAbsorber"],"picked":"CasketOfStar","floor":25},{"not_picked":["RedShoes","Murderer","CherryBlossoms"],"picked":"Singing Bowl","floor":27},{"not_picked":["QueenBee","DreamingCurrent"],"picked":"QueenOfHatred","floor":27},{"not_picked":["ChargeUpSpray+1","ManaConvection"],"picked":"ShootingEcho+1","floor":27},{"not_picked":["GreedKing","Porccubus","HeroicMonk"],"picked":"Singing Bowl","floor":28},{"not_picked":["Rudolta","Wellcheers"],"picked":"CENSORED","floor":28},{"not_picked":["CollectingQuirk","AbsoluteMagnitude"],"picked":"DeepEcoloBomb","floor":28},{"not_picked":["Rudolta","LaLuna"],"picked":"QueenBee","floor":33},{"not_picked":["CollectingQuirk","SatelliteIllusion"],"picked":"AbsoluteMagnitude","floor":33},{"not_picked":["Funeral","NakedNest"],"picked":"Alriune","floor":35},{"not_picked":["Occultation+1","WitchLeyline"],"picked":"UnstableBomb+1","floor":35},{"not_picked":["CherryBlossoms","Mercenary"],"picked":"LaLuna","floor":36},{"not_picked":["StarBarrage","MagicChant"],"picked":"EscapeVelocity","floor":36},{"not_picked":["DreamingCurrent","SingingMachine"],"picked":"CherryBlossoms","floor":38},{"not_picked":["LuminesStrike+1","MeteoricShower"],"picked":"SporeBomb+1","floor":38},{"not_picked":["SilentOrchestra","Rudolta","Murderer"],"picked":"Singing Bowl","floor":39},{"not_picked":["SnowQueen","FieryBird"],"picked":"Mercenary","floor":39},{"not_picked":["BinaryStars","BlazeAway+1"],"picked":"DC+1","floor":39},{"not_picked":["WhitesApple","HeroicMonk"],"picked":"BigBadWolf","floor":40},{"not_picked":["DarkMatter+1","AsteroidBelt"],"picked":"WitchLeyline+1","floor":40},{"not_picked":["MagicAbsorber+1","GalacticHalo+1"],"picked":"MilkyWay+1","floor":45},{"not_picked":["DC+1","EnergyRecoil+1"],"picked":"MysteriousBeam+1","floor":45},{"not_picked":["Porccubus","HeroicMonk"],"picked":"MeltingLove","floor":45},{"not_picked":["Scarecrow","SilentOrchestra"],"picked":"BlackArmy","floor":46},{"not_picked":["Occultation+1","MilkyWay"],"picked":"AsteroidBelt+1","floor":46},{"not_picked":["Freischutz","HeroicMonk"],"picked":"FieryBird","floor":47},{"not_picked":["EnergyFlow","GrandCross+1"],"picked":"StarBarrage","floor":47},{"not_picked":["NothingThere","SilentOrchestra"],"picked":"Funeral","floor":51},{"not_picked":["SporeBomb","MeteoricShower+1"],"picked":"WitchOfGreed","floor":51},{"not_picked":["6A","GrandCross"],"picked":"ChargingUp","floor":51},{"not_picked":["Freischutz","Yin"],"picked":"WhitesApple","floor":52},{"not_picked":["WitchLeyline+1","SporeBomb+1"],"picked":"IllusionStar+1","floor":52},{"not_picked":["IllusionStar+1","UnstableBomb+1"],"picked":"MagicAbsorber","floor":52},{"not_picked":["DreamingCurrent","Freischutz"],"picked":"NakedNest","floor":56},{"not_picked":["ShootTheMoon","NonDirectionalLaser"],"picked":"EnergyFlow+1","floor":56},{"not_picked":["Robbery+1","DarkSpark"],"picked":"BlazingStar","floor":56}],"player_experience":99141,"relics_obtained":[{"floor":1,"key":"LetterFromLob"},{"floor":6,"key":"Blue Doll"},{"floor":9,"key":"Replay:Wax Seal"},{"floor":13,"key":"ReplayTheSpireMod:Ninjato"},{"floor":25,"key":"Ancient Tea Set"},{"floor":28,"key":"Tiny Chest"},{"floor":31,"key":"Regal Pillow"},{"floor":33,"key":"Gensokyo:ConquerorOfFear"},{"floor":35,"key":"AtMidnight"},{"floor":36,"key":"CatCart"},{"floor":37,"key":"Replay:WaspNest"},{"floor":40,"key":"Lantern"},{"floor":40,"key":"Boot"},{"floor":43,"key":"Replay:Bottled Steam"},{"floor":46,"key":"Replay:Kaleidoscope"},{"floor":47,"key":"RuthlessExorcism:ReiMu"},{"floor":47,"key":"Eternal Feather"},{"floor":48,"key":"InkBottle"},{"floor":49,"key":"Whetstone"},{"floor":51,"key":"paleoftheancients:SoulOfTheIroncluck"},{"floor":58,"key":"Bronze Scales"}],"event_choices":[{"damage_healed":0,"gold_gain":0,"player_choice":"Bought 0 Potions","damage_taken":0,"max_hp_gain":0,"max_hp_loss":0,"event_name":"The Woman in Blue","floor":7,"gold_loss":0},{"damage_healed":0,"gold_gain":100,"player_choice":"Pray","damage_taken":0,"max_hp_gain":0,"max_hp_loss":0,"event_name":"Golden Shrine","floor":12,"gold_loss":0},{"damage_healed":0,"gold_gain":0,"player_choice":"Fight","damage_taken":0,"max_hp_gain":0,"max_hp_loss":0,"event_name":"OrinTheCat","floor":36,"gold_loss":0},{"damage_healed":0,"gold_gain":0,"player_choice":"Paid","damage_taken":0,"relics_obtained":["Red Mask"],"max_hp_gain":0,"max_hp_loss":0,"event_name":"Tomb of Lord Red Mask","floor":44,"gold_loss":0},{"damage_healed":0,"gold_gain":0,"player_choice":"Fight","damage_taken":0,"max_hp_gain":0,"max_hp_loss":0,"event_name":"Mysterious Sphere","floor":46,"gold_loss":0}],"is_beta":false,"boss_relics":[{"not_picked":["Ectoplasm","Runic Dome"],"picked":"Sozu"},{"not_picked":["Painkiller Herb","Fusion Hammer"],"picked":"Black Star"}],"items_purged_floors":[],"is_endless":false,"potions_floor_spawned":[2,3,11,13,18,19,27,38,40,45,51,56],"ascension_level":1}}