{"host":"2q4w55ev63ot6isg","time":1612546455,"event":{"mods":["Aspiration","BaseMod","Downfall","Hubris","Marisa????????","Minty Spire (QoL Compilation)","Replay The Spire","StSLib","The Cursed","The Jungle","The Servant 0.9.4"],"gold_per_floor":[116,134,84,84,94,94,121,42,42,53,53,53,53,67,67,167,167,182,182,194,42,42,42,42,42,75,75,157,157,177,177,190,230,230,353,353,374,56,70,85,104,135,135,135,135,135,150,169,169,182,182,182],"floor_reached":53,"language":"ENG","playtime":2380,"items_purged":[],"score":827,"play_id":"8e8a743f-0a2c-4afc-8d42-6b93f40ed819","local_time":"20210205093415","is_ascension_mode":false,"campfire_choices":[{"data":"Defy","floor":6,"key":"SMITH"},{"data":"PendulumOfEternity","floor":12,"key":"SMITH"},{"data":"Injury","floor":15,"key":"PURGE"},{"data":"KidneyShot","floor":25,"key":"SMITH"},{"data":"Potential","floor":27,"key":"SMITH"},{"data":"ShatteredReality","floor":29,"key":"SMITH"},{"data":"Defy","floor":31,"key":"SMITH"},{"data":"Desolation","floor":34,"key":"SMITH"},{"data":"Panache","floor":43,"key":"SMITH"},{"data":"Embodiment","floor":46,"key":"SMITH"},{"data":"Exchange","floor":51,"key":"SMITH"}],"circlet_count":0,"master_deck":["Strike_S+1","Strike_S+1","Strike_S+1","Defend_S","Defend_S","KidneyShot+1","Exchange+1","Desolation+1","Defy+1","ShatteredReality+1","PendulumOfEternity+1","Defy+1","Misdirection+1","Solidify+1","PiercingWail+1","Deflect+1","Potential+1","Luminosity+1","Misdirection+1","Prepared+1","Embodiment+1","Backflip+1","Panache+1","Rewind+1","Hightail+1","Adrenaline+1","GearUp+1","TimeWarp+1","ReplayTheSpireMod:Speed Training+1"],"relics":["Uniform","Guardian:PocketSentry","hubris:BundleOfHerbs","Replay:Wax Seal","Blue Doll","Toxic Egg 2","aspiration:SilentSkillbook","aspiration:Nostalgia","Iron Core","Replay:Bottled Steam","Mummified Hand","aspiration:SeaSaltIceCream","Golden Idol","Tiny Chest","Sozu","Toolbox","Replay:Bottled Eggs","Onion Ring","downfall:ExtraCursedKey"],"acts_visited":["Exordium","TheCity","TheBeyond"],"potions_floor_usage":[16,16,26,52],"damage_taken":[{"damage":0,"enemies":"2 Louse","floor":1,"turns":2},{"damage":7,"enemies":"Small Slimes","floor":2,"turns":3},{"damage":0,"enemies":"Jaw Worm","floor":5,"turns":3},{"damage":6,"enemies":"3 Sentries","floor":7,"turns":8},{"damage":0,"enemies":"Lots of Slimes","floor":10,"turns":5},{"damage":0,"enemies":"Exordium Wildlife","floor":14,"turns":4},{"damage":27,"enemies":"Fading Forest","floor":16,"turns":11},{"damage":0,"enemies":"2 Thieves","floor":18,"turns":3},{"damage":10,"enemies":"Spheric Guardian","floor":20,"turns":6},{"damage":37,"enemies":"Slavers","floor":26,"turns":9},{"damage":9,"enemies":"Snake Plant","floor":30,"turns":6},{"damage":0,"enemies":"Sentry and Sphere","floor":32,"turns":4},{"damage":8,"enemies":"Book of Stabbing","floor":33,"turns":6},{"damage":0,"enemies":"Champ","floor":35,"turns":12},{"damage":0,"enemies":"Orb Walker","floor":37,"turns":4},{"damage":5,"enemies":"3 Shapes","floor":39,"turns":4},{"damage":0,"enemies":"Maw","floor":40,"turns":6},{"damage":0,"enemies":"Sphere and 2 Shapes","floor":41,"turns":4},{"damage":0,"enemies":"Giant Head","floor":42,"turns":8},{"damage":0,"enemies":"Spire Growth","floor":47,"turns":3},{"damage":0,"enemies":"Maw","floor":48,"turns":4},{"damage":0,"enemies":"4 Shapes","floor":50,"turns":4},{"damage":15,"enemies":"Donu and Deca","floor":52,"turns":7}],"seed_played":"932043868129013412","potions_obtained":[{"floor":1,"key":"SkillPotion"},{"floor":14,"key":"ColorlessPotion"},{"floor":16,"key":"Regen Potion"},{"floor":30,"key":"FairyPotion"},{"floor":33,"key":"Dexterity Potion"}],"is_trial":false,"path_per_floor":["M","M","?","?","M","R","E","$","T","M","?","R","?","M","R","B",null,"M","?","M","$","PTL","PTL","T","R","E","R","T","R","M","R","M","E","R","B",null,"M","$","M","M","M","E","R","?","T","R","M","M","?","M","R","B",null],"character_chosen":"THE_SERVANT","items_purchased":["Replay:Wax Seal","aspiration:Nostalgia","Toolbox","Panache"],"campfire_rested":0,"item_purchase_floors":[8,21,38,38],"current_hp_per_floor":[65,58,58,63,63,63,57,57,57,63,63,63,63,63,63,46,70,70,70,60,60,60,60,60,60,68,68,68,68,65,65,65,57,57,70,70,70,70,65,65,65,65,65,65,65,65,65,65,65,65,65,50],"gold":182,"neow_bonus":"RANDOM_COMMON_RELIC","is_daily":false,"chose_seed":false,"campfire_upgraded":10,"win_rate":0.0,"timestamp":1612546455,"path_taken":["M","M","?","?","M","R","E","$","T","M","?","R","?","M","R","BOSS","M","?","M","$","PTL","PTL","?","R","E","R","T","R","?","R","M","E","R","BOSS","M","$","M","M","M","E","R","?","T","R","?","M","?","M","R","BOSS"],"items_purchased_type":["Relic","Relic","Relic","Card"],"build_version":"2020-12-22","purchased_purges":0,"victory":true,"max_hp_per_floor":[65,65,65,70,70,70,70,70,70,70,70,70,70,70,70,70,70,70,70,70,70,70,70,70,70,70,70,70,70,70,70,70,70,70,70,70,70,70,70,70,70,70,70,70,70,70,70,70,70,70,70,70],"card_choices":[{"not_picked":["ReturningBlade","Ricochet"],"picked":"Desolation","floor":1},{"not_picked":["Spin","FastForward"],"picked":"Defy","floor":2},{"not_picked":["Rearm","Replace"],"picked":"ShatteredReality","floor":5},{"not_picked":["Defy","FastForward"],"picked":"PendulumOfEternity","floor":7},{"not_picked":["DoubleEdge","Revamp"],"picked":"Defy","floor":10},{"not_picked":["Rearm+1","Reset+1"],"picked":"Misdirection+1","floor":14},{"not_picked":["PendulumOfEternity","Deny+1"],"picked":"Solidify+1","floor":16},{"not_picked":["Bane+1","Ricochet","Alleviate+1"],"picked":"PiercingWail+1","floor":18},{"not_picked":["Outmaneuver+1","Ricochet","All Out Attack"],"picked":"Deflect+1","floor":20},{"not_picked":["Poisoned Stab+1","Beam Cell","Hologram+1"],"picked":"Potential","floor":26},{"not_picked":["Ricochet","Headbutt","Defy+1"],"picked":"Luminosity+1","floor":30},{"not_picked":["ReplayTheSpireMod:Exploit Weakness+1","Hologram+1","Distraction+1"],"picked":"Misdirection+1","floor":32},{"not_picked":["Dagger Spray","Read+1","Rebound"],"picked":"Prepared+1","floor":33},{"not_picked":["KillingDoll","Wraith Form v2","Grand Finale"],"picked":"Embodiment","floor":35},{"not_picked":["Comet+1","Ricochet+1","Caltrops"],"picked":"Backflip+1","floor":37},{"not_picked":["Bane+1","Predator","Noxious Fumes+1","Sucker Punch+1"],"picked":"SKIP","floor":39},{"not_picked":["Dodge and Roll+1","Revamp+1","Blade Dance+1"],"picked":"Rewind+1","floor":40},{"not_picked":["Acrobatics+1","Blade Dance+1","ReturningBlade+1"],"picked":"Hightail+1","floor":41},{"not_picked":["FastForward+1","Desolation+1","WasteNot"],"picked":"Adrenaline+1","floor":42},{"not_picked":["Advance+1","BottledTime+1","RealityMarble"],"picked":"GearUp+1","floor":47},{"not_picked":["StarChef+1","Dagger Spray+1","Deadly Poison+1"],"picked":"TimeWarp+1","floor":48},{"not_picked":["Advance+1","Sucker Punch+1","Blade Dance+1"],"picked":"ReplayTheSpireMod:Speed Training+1","floor":50}],"player_experience":224469,"relics_obtained":[{"floor":7,"key":"hubris:BundleOfHerbs"},{"floor":9,"key":"Blue Doll"},{"floor":24,"key":"Replay:Bottled Steam"},{"floor":26,"key":"Mummified Hand"},{"floor":28,"key":"aspiration:SeaSaltIceCream"},{"floor":33,"key":"Tiny Chest"},{"floor":42,"key":"Replay:Bottled Eggs"},{"floor":45,"key":"Onion Ring"}],"event_choices":[{"cards_removed":["Strike_S"],"damage_healed":0,"gold_gain":0,"player_choice":"Card Removal","damage_taken":0,"max_hp_gain":0,"max_hp_loss":0,"event_name":"The Cleric","floor":3,"gold_loss":50},{"damage_healed":0,"gold_gain":0,"player_choice":"Donut","damage_taken":0,"max_hp_gain":5,"max_hp_loss":0,"event_name":"Big Fish","floor":4,"gold_loss":0},{"damage_healed":0,"gold_gain":0,"player_choice":"Ignored","damage_taken":0,"max_hp_gain":0,"max_hp_loss":0,"event_name":"Ghosts","floor":19,"gold_loss":0},{"cards_removed":["Defend_S"],"damage_healed":0,"gold_gain":0,"player_choice":"Purged","damage_taken":0,"max_hp_gain":0,"max_hp_loss":0,"event_name":"Purifier","floor":44,"gold_loss":0}],"is_beta":false,"boss_relics":[{"not_picked":["aspiration:FutureDiary","aspiration:RunicSpoon"],"picked":"aspiration:SilentSkillbook"},{"not_picked":["hubris:ScarierMask","aspiration:RitualDagger"],"picked":"Sozu"}],"items_purged_floors":[],"is_endless":false,"potions_floor_spawned":[1,14,16,30,33,37,41,47,48],"ascension_level":0}}