{"host":"d5zlp9udt2hvvjfh","time":1612549552,"event":{"mods":["AchievementEnabler","BaseMod","Minty Spire (QoL Compilation)","Permanent Neow","Relic Stats","StSLib"],"gold_per_floor":[111,111,129,129,129,129,147,147,147],"floor_reached":8,"language":"ENG","playtime":293,"items_purged":[],"score":64,"play_id":"35f6d24c-fc5e-4c44-a35c-0bc78d364c70","local_time":"20210205192552","is_ascension_mode":true,"campfire_choices":[{"data":"Blasphemy","floor":6.0,"key":"SMITH"}],"circlet_count":0,"master_deck":["Strike_P+1","Strike_P","Strike_P","Strike_P","Defend_P","Defend_P","Defend_P","Defend_P","Eruption+1","Vigilance","Blasphemy+1","Nirvana","ThirdEye","CutThroughFate"],"relics":["PureWater","Ornamental Fan"],"acts_visited":["Exordium"],"potions_floor_usage":[],"damage_taken":[{"damage":0.0,"enemies":"2 Louse","floor":1.0,"turns":2.0},{"damage":8.0,"enemies":"Small Slimes","floor":3.0,"turns":5.0},{"damage":2.0,"enemies":"Jaw Worm","floor":7.0,"turns":2.0},{"damage":25,"enemies":"Lagavulin","floor":8,"turns":3}],"seed_played":"4761199108709633397","potions_obtained":[{"floor":1.0,"key":"SpeedPotion"}],"is_trial":false,"path_per_floor":["M","?","M","?","?","R","M","E"],"character_chosen":"WATCHER","items_purchased":[],"campfire_rested":0,"item_purchase_floors":[],"current_hp_per_floor":[47,52,44,29,22,22,20,0,0],"gold":147,"neow_bonus":"THREE_RARE_CARDS","is_daily":false,"chose_seed":false,"campfire_upgraded":1,"win_rate":0.0,"timestamp":1612549552,"path_taken":["M","?","M","?","?","R","M","E"],"items_purchased_type":[],"build_version":"2020-12-22","purchased_purges":0,"victory":false,"max_hp_per_floor":[72,77,77,77,77,77,77,77,77],"relic_stats":{"counters":[4,12],"Ornamental Fan":[4],"obtain_stats":[{"Ornamental Fan":5,"PureWater":0},{"Ornamental Fan":2,"PureWater":0},{"Ornamental Fan":7,"PureWater":0}]},"card_choices":[{"not_picked":["Establishment","Vault"],"picked":"Blasphemy","floor":0.0},{"not_picked":["Pray","Evaluate"],"picked":"Nirvana","floor":1.0},{"not_picked":["Protect","WreathOfFlame"],"picked":"ThirdEye","floor":3.0},{"not_picked":["EmptyBody","WreathOfFlame"],"picked":"CutThroughFate","floor":7.0}],"player_experience":1137599,"relics_obtained":[],"event_choices":[{"damage_healed":0.0,"max_hp_gain":5.0,"max_hp_loss":0.0,"gold_gain":0.0,"event_name":"Big Fish","player_choice":"Donut","floor":2.0,"gold_loss":0.0,"damage_taken":0.0},{"damage_healed":0.0,"max_hp_gain":0.0,"max_hp_loss":0.0,"gold_gain":0.0,"event_name":"Shining Light","player_choice":"Entered Light","floor":4.0,"gold_loss":0.0,"damage_taken":15.0,"cards_upgraded":["Eruption","Strike_P"]},{"damage_healed":0.0,"max_hp_gain":0.0,"max_hp_loss":0.0,"gold_gain":0.0,"event_name":"Scrap Ooze","player_choice":"Success","floor":5.0,"gold_loss":0.0,"damage_taken":7.0,"relics_obtained":["Ornamental Fan"]}],"is_beta":false,"boss_relics":[],"items_purged_floors":[],"is_endless":false,"potions_floor_spawned":[1],"killed_by":"Lagavulin","ascension_level":8}}