{"host":"1ooxfz79hmpvpehx","time":1612555761,"event":{"mods":["BaseMod","Minty Spire (QoL Compilation)","Quick Restart","Replay The Spire","StSLib","SuperFastMode"],"gold_per_floor":[117,67,67,78,92,118,118,133,159,159,177,25,25,25],"floor_reached":13,"language":"ENG","playtime":252,"items_purged":[],"score":89,"play_id":"0d6e3c34-40ec-4ca3-b2ae-cb6b41698f99","local_time":"20210205170921","is_ascension_mode":true,"campfire_choices":[{"data":"Streamline","floor":7,"key":"SMITH"},{"data":"Pot Of Greed","floor":10,"key":"SMITH"}],"circlet_count":0,"master_deck":["Strike_B","Strike_B","Strike_B","Defend_B","Defend_B","Defend_B","Defend_B","Zap","Dualcast","ReplayUltimateDefense+1","Melter","Defragment","Streamline+1","Pot Of Greed","Pot Of Greed+1","Defragment","Lockon","Defragment"],"relics":["Cracked Core","Ancient Tea Set","Grinning Jar"],"acts_visited":["Exordium"],"potions_floor_usage":[6,13],"damage_taken":[{"damage":1,"enemies":"2 Louse","floor":1,"turns":3},{"damage":1,"enemies":"Cultist","floor":4,"turns":3},{"damage":0,"enemies":"Small Slimes","floor":5,"turns":3},{"damage":32,"enemies":"Gremlin Nob","floor":6,"turns":4},{"damage":10,"enemies":"Looter","floor":8,"turns":2},{"damage":0,"enemies":"2 Fungi Beasts","floor":11,"turns":2},{"damage":36,"enemies":"3 Sentries","floor":13,"turns":3}],"seed_played":"-5053633235325284501","potions_obtained":[{"floor":6,"key":"Fruit Juice"},{"floor":8,"key":"Venom Potion"}],"is_trial":false,"path_per_floor":["M","?","?","M","M","E","R","M","T","R","M","$","E"],"character_chosen":"DEFECT","items_purchased":["Lockon","Defragment"],"campfire_rested":0,"item_purchase_floors":[12,12],"current_hp_per_floor":[67,67,67,66,66,39,39,29,29,29,29,29,0,0],"gold":25,"neow_bonus":"RANDOM_COLORLESS_2","is_daily":false,"chose_seed":false,"campfire_upgraded":2,"win_rate":0.0,"timestamp":1612555761,"path_taken":["M","?","?","M","M","E","R","M","T","R","?","$","E"],"items_purchased_type":["Card","Card"],"build_version":"2020-12-22","purchased_purges":0,"victory":false,"max_hp_per_floor":[68,68,68,68,68,73,73,73,73,73,73,73,73,73],"card_choices":[{"not_picked":["Secret Weapon","Apotheosis"],"picked":"ReplayUltimateDefense","floor":0},{"not_picked":["Melter","Reprogram","Darkness"],"picked":"SKIP","floor":1},{"not_picked":["Rebound","Barrage"],"picked":"Melter","floor":4},{"not_picked":["Leap","Coolheaded"],"picked":"Defragment","floor":5},{"not_picked":["Auto Shields","Leap"],"picked":"Streamline","floor":6},{"not_picked":["Hologram","Genetic Algorithm","Time Bomb"],"picked":"SKIP","floor":8},{"not_picked":["Redo","Ball Lightning"],"picked":"Defragment","floor":11}],"player_experience":20477,"relics_obtained":[{"floor":6,"key":"Ancient Tea Set"},{"floor":9,"key":"Grinning Jar"}],"event_choices":[{"cards_removed":["Strike_B"],"damage_healed":0,"gold_gain":0,"player_choice":"Card Removal","damage_taken":0,"max_hp_gain":0,"max_hp_loss":0,"event_name":"The Cleric","floor":2,"gold_loss":50},{"damage_healed":0,"gold_gain":0,"player_choice":"Forge","damage_taken":0,"max_hp_gain":0,"max_hp_loss":0,"event_name":"Accursed Blacksmith","floor":3,"gold_loss":0,"cards_upgraded":["ReplayUltimateDefense"]}],"is_beta":false,"boss_relics":[],"items_purged_floors":[],"is_endless":false,"potions_floor_spawned":[6,8],"killed_by":"3 Sentries","ascension_level":1}}