{"host":"92941ftqxjz40j4r","time":1612566518,"event":{"mods":["AchievementEnabler","BaseMod","Bestiary","Better Third Choice","Colored Map","Conspire","Curses Come First","Downfall","Hubris","Minty Spire (QoL Compilation)","Reliquary","Replay The Spire","StSLib"],"gold_per_floor":[112,112,132,10,22,56,71,136,136,136,147,147,177,188,188,292,342,359,371,130,147,147,147,181,192,241,254,287,287,287,318,318,417,417,437,90,186,200,200,241,241,261,284,296,296],"floor_reached":44,"language":"ENG","playtime":2966,"items_purged":["conspire:GhostlyStrike"],"score":741,"play_id":"2754b5ca-c4d4-48f2-b1ca-0d527543f4bd","local_time":"20210205180838","is_ascension_mode":true,"campfire_choices":[{"data":"Noxious Fumes","floor":10.0,"key":"SMITH"},{"floor":15,"key":"REST"},{"data":"Leg Sweep","floor":23,"key":"SMITH"},{"data":"Draining Mist","floor":30,"key":"SMITH"},{"data":"Noxious Fumes","floor":32,"key":"SMITH"},{"floor":41,"key":"RECALL"}],"circlet_count":0,"master_deck":["conspire:GhostlyStrike","conspire:GhostlyStrike","conspire:GhostlyStrike+1","conspire:GhostlyStrike","conspire:GhostlyDefend","conspire:GhostlyDefend","conspire:GhostlyDefend","conspire:GhostlyDefend","conspire:GhostlyDefend","Survivor","Neutralize","Toxin Wave","Distraction","Noxious Fumes+1","Quick Slash","Noxious Fumes","Replay:Bag of Tricks","Noxious Fumes+1","Escape Plan","Poison Darts","Draining Mist+1","Sneak Up+1","Leg Sweep+1","Endless Agony","Bane","Escape Plan+1","After Image","Backflip+1","PiercingWail","Backflip+1","Catalyst+1","Master of Strategy"],"relics":["Ring of the Snake","NeowsBlessing","hubris:Potato","Replay:Ringing Soul","Peace Pipe","hubris:ToyBattleship","Tiny House","BargainBundle","hubris:BottledHeart","Ginger","Replay:Bandana","Toy Ornithopter","hubris:Stopwatch","Bag of Marbles","Omamori","Centennial Puzzle","Nunchaku"],"acts_visited":["Exordium","TheCity","TheBeyond"],"potions_floor_usage":[14,16,31,40,42,44],"damage_taken":[{"damage":0.0,"enemies":"Jaw Worm","floor":1.0,"turns":1.0},{"damage":0.0,"enemies":"2 Louse","floor":3.0,"turns":1.0},{"damage":0.0,"enemies":"Small Slimes","floor":5.0,"turns":1.0},{"damage":17.0,"enemies":"3 Sentries","floor":6.0,"turns":7.0},{"damage":14.0,"enemies":"Exordium Thugs","floor":7.0,"turns":4.0},{"damage":18.0,"enemies":"Lagavulin Event","floor":8.0,"turns":6.0},{"damage":5.0,"enemies":"Blue Slaver","floor":11.0,"turns":5.0},{"damage":12,"enemies":"Lagavulin","floor":13,"turns":7},{"damage":0,"enemies":"Red Slaver","floor":14,"turns":3},{"damage":24,"enemies":"The Guardian","floor":16,"turns":7},{"damage":22,"enemies":"Chosen","floor":18,"turns":5},{"damage":13,"enemies":"Shell Parasite","floor":19,"turns":6},{"damage":25,"enemies":"Snecko","floor":21,"turns":6},{"damage":0,"enemies":"Book of Stabbing","floor":24,"turns":7},{"damage":0,"enemies":"Centurion and Healer","floor":25,"turns":6},{"damage":0,"enemies":"Snake Plant","floor":27,"turns":5},{"damage":0,"enemies":"Replay:Snechameleon","floor":28,"turns":6},{"damage":0,"enemies":"Gremlin Leader","floor":31,"turns":6},{"damage":0,"enemies":"hubris:MusketHawk","floor":33,"turns":8},{"damage":0,"enemies":"3 Shapes","floor":35,"turns":5},{"damage":0,"enemies":"3 Darklings","floor":38,"turns":5},{"damage":0,"enemies":"Nemesis","floor":40,"turns":7},{"damage":0,"enemies":"Transient","floor":42,"turns":5},{"damage":2,"enemies":"Reptomancer","floor":44,"turns":4}],"seed_played":"-8697109325280656011","potions_obtained":[{"floor":5.0,"key":"AttackPotion"},{"floor":11.0,"key":"Strength Potion"},{"floor":12.0,"key":"SmokeBomb"},{"floor":12.0,"key":"DistilledChaos"},{"floor":14,"key":"Elixir"},{"floor":16,"key":"Strength Potion"},{"floor":17,"key":"Venom Potion"},{"floor":33,"key":"Weak Potion"},{"floor":38,"key":"Poison Potion"},{"floor":40,"key":"champ:CounterPotion"},{"floor":42,"key":"Poison Potion"}],"is_trial":false,"path_per_floor":["M","?","M","$","M","E","M","?","T","R","M","?","E","M","R","B",null,"M","M","$","M","?","R","E","M","T","M","E","?","R","E","R","B",null,"M","$","?","M","?","E","R","M","T","E"],"character_chosen":"THE_SILENT","items_purchased":["Noxious Fumes","Quick Slash","Leg Sweep","BargainBundle","Endless Agony","Fluid Movement","SkillPotion","PiercingWail","Bag of Marbles","Omamori"],"campfire_rested":1,"item_purchase_floors":[4,4,20,20,20,20,20,36,36,36],"current_hp_per_floor":[70,70,70,70,70,53,39,24,24,24,19,19,10,10,32,11,87,68,55,58,33,1,1,1,1,1,1,1,1,1,1,1,1,1,1,1,1,1,1,1,1,1,1,0,0],"gold":296,"neow_bonus":"THREE_ENEMY_KILL","is_daily":false,"chose_seed":false,"campfire_upgraded":4,"win_rate":0.0,"timestamp":1612566518,"path_taken":["M","?","M","$","M","E","M","?","T","R","M","?","E","M","R","BOSS","M","M","$","M","?","R","E","M","T","M","E","?","R","E","R","BOSS","M","$","?","M","?","E","R","M","T","E"],"items_purchased_type":["Card","Card","Card","Relic","Card","Card","Potion","Card","Relic","Relic"],"build_version":"2020-12-22","purchased_purges":1,"victory":false,"max_hp_per_floor":[70,70,70,70,70,70,70,73,73,73,73,73,76,76,76,79,87,90,90,93,93,1,1,1,1,1,1,1,1,1,1,1,1,1,1,1,1,1,1,1,1,1,1,1,1],"card_choices":[{"not_picked":["Dagger Spray","hubris:SlightOfHand"],"picked":"Toxin Wave","floor":1.0},{"not_picked":["ReplayTheSpireMod:Shiv Toss","Accuracy"],"picked":"Distraction","floor":3.0},{"not_picked":["Sucker Punch","Flying Knee","Caltrops"],"picked":"SKIP","floor":5.0},{"not_picked":["Flying Knee","Accuracy"],"picked":"Noxious Fumes","floor":6.0},{"not_picked":["Flying Knee","Well Laid Plans"],"picked":"Replay:Bag of Tricks","floor":7.0},{"not_picked":["Underhanded Strike","Endless Agony"],"picked":"Noxious Fumes","floor":8.0},{"not_picked":["hubris:SlightOfHand","Accuracy","Blade Dance"],"picked":"SKIP","floor":11.0},{"not_picked":["Riddle With Holes","Eviscerate"],"picked":"Escape Plan","floor":13},{"not_picked":["ReplayTheSpireMod:Speed Training","Blade Dance","Quick Slash"],"picked":"SKIP","floor":14},{"not_picked":["Replay:Bag of Tricks","Grand Finale"],"picked":"Poison Darts","floor":16},{"not_picked":["Blade Dance","hubris:Sniper"],"picked":"Draining Mist","floor":17},{"not_picked":["Outmaneuver","Masterful Stab+1"],"picked":"Sneak Up+1","floor":18},{"not_picked":["Hidden Blade","Slice+1","Dodge and Roll"],"picked":"SKIP","floor":19},{"not_picked":["Dodge and Roll","Draining Mist","Cloak And Dagger"],"picked":"SKIP","floor":21},{"not_picked":["Atom Bomb","Slice","Blade Dance"],"picked":"SKIP","floor":24},{"not_picked":["Dagger Spray","Flying Knee"],"picked":"Bane","floor":25},{"not_picked":["Riddle With Holes","All Out Attack","Bane+1"],"picked":"SKIP","floor":27},{"not_picked":["conspire:DoublingDagger","ReplayTheSpireMod:Exploit Weakness+1","Underhanded Strike"],"picked":"SKIP","floor":28},{"not_picked":["Flying Knee","Riddle With Holes"],"picked":"Escape Plan+1","floor":31},{"not_picked":["ReplayTheSpireMod:From All Sides","Atom Bomb"],"picked":"After Image","floor":33},{"not_picked":["Underhanded Strike+1","Outmaneuver+1"],"picked":"Backflip+1","floor":35},{"not_picked":["Flying Knee+1","Dodge and Roll"],"picked":"Backflip+1","floor":37},{"not_picked":["Outmaneuver+1","Endless Agony+1"],"picked":"Catalyst+1","floor":38},{"not_picked":["Impatience","ReplayTheSpireMod:Uncanny Aura"],"picked":"Master of Strategy","floor":39},{"not_picked":["Backflip+1","Cloak And Dagger+1","Deadly Poison"],"picked":"SKIP","floor":40},{"not_picked":["Heel Hook","ReplayTheSpireMod:The Works+1","Sucker Punch+1"],"picked":"SKIP","floor":42}],"player_experience":85714,"relics_obtained":[{"floor":6.0,"key":"hubris:Potato"},{"floor":8.0,"key":"Replay:Ringing Soul"},{"floor":9.0,"key":"Peace Pipe"},{"floor":13,"key":"hubris:ToyBattleship"},{"floor":24,"key":"Ginger"},{"floor":28,"key":"Replay:Bandana"},{"floor":31,"key":"Toy Ornithopter"},{"floor":40,"key":"Centennial Puzzle"},{"floor":43,"key":"Nunchaku"}],"event_choices":[{"damage_healed":0.0,"max_hp_gain":0.0,"max_hp_loss":0.0,"gold_gain":0.0,"event_name":"conspire:LoneGhost","player_choice":"Agree","floor":2.0,"gold_loss":0.0,"damage_taken":0.0},{"damage_healed":0.0,"max_hp_gain":0.0,"max_hp_loss":0.0,"gold_gain":0.0,"event_name":"Dead Adventurer","player_choice":"Searched \u00271\u0027 times","floor":8.0,"gold_loss":0.0,"damage_taken":0.0},{"damage_healed":0.0,"max_hp_gain":0.0,"max_hp_loss":0.0,"gold_gain":0.0,"event_name":"Lab","player_choice":"Got Potions","floor":12.0,"gold_loss":0.0,"damage_taken":0.0},{"cards_removed":["Fluid Movement"],"damage_healed":0,"gold_gain":0,"player_choice":"Offered Uncommon","damage_taken":0,"max_hp_gain":0,"max_hp_loss":0,"event_name":"Bonfire Elementals","floor":29,"gold_loss":0},{"damage_healed":0,"gold_gain":0,"player_choice":"Memory 1","damage_taken":0,"max_hp_gain":0,"max_hp_loss":0,"event_name":"SensoryStone","floor":39,"gold_loss":0}],"is_beta":false,"boss_relics":[{"not_picked":["ChewingGum","hubris:TerracottaHorce"],"picked":"Tiny House"},{"not_picked":["hubris:ScarierMask","Astrolabe"],"picked":"hubris:Stopwatch"}],"items_purged_floors":[20],"is_endless":false,"potions_floor_spawned":[5,11,14,16,21,25,27,33,38,40,42],"killed_by":"Reptomancer","ascension_level":1}}