{"host":"k7udt7atmcuzf6l0","time":1612514159,"event":{"mods":["AchievementEnabler","BaseMod","BetterRewards","Colored Map","Colored Powertips","Highlight Path","Minty Spire (QoL Compilation)","Quick Restart","Rare Cards Sparkle","Relic Stats","StSLib","UnlockEverythingMod"],"gold_per_floor":[115,290,302,64,114,114,144,144,144,144,155,155,166,179,179,274,274,290,310,310,68,88,88,63,63,90,115,128,143,143,156,156,257,257,272,272,292,32,51,51,51,51,51,51,1,1,1,1],"floor_reached":47,"language":"ZHS","playtime":958,"items_purged":["Doubt","Defend_R"],"score":468,"play_id":"2a0eed83-c4f6-4c0c-9463-187262682d59","local_time":"20210205163559","is_ascension_mode":false,"campfire_choices":[{"data":"Immolate","floor":6,"key":"SMITH"},{"data":"Flex","floor":8,"key":"SMITH"},{"data":"Bash","floor":10,"key":"SMITH"},{"data":"Clash","floor":12,"key":"SMITH"},{"data":"Shockwave","floor":15,"key":"SMITH"},{"data":"Bludgeon","floor":23,"key":"SMITH"},{"data":"Armaments","floor":25,"key":"SMITH"},{"data":"Inflame","floor":30,"key":"SMITH"},{"floor":32,"key":"REST"},{"data":"Limit Break","floor":40,"key":"SMITH"},{"data":"Madness","floor":44,"key":"SMITH"}],"circlet_count":0,"master_deck":["Strike_R","Strike_R","Strike_R","Strike_R","Defend_R","Defend_R","Defend_R","Bash+1","Headbutt","Immolate+1","Flex+1","Clash+1","Shockwave+1","Bludgeon+1","Inflame+1","Bloodletting","Armaments+1","Intimidate+1","Limit Break+1","Dual Wield+1","Inflame+1","Clothesline+1","Madness","Madness+1","Swift Strike+1"],"relics":["Burning Blood","NeowsBlessing","Nunchaku","Omamori","Sozu","Shuriken","Smiling Mask","Pen Nib","Coffee Dripper","Molten Egg 2","Art of War"],"acts_visited":["Exordium","TheCity","TheBeyond"],"potions_floor_usage":[16,18,19],"damage_taken":[{"damage":0,"enemies":"Jaw Worm","floor":1,"turns":1},{"damage":0,"enemies":"Small Slimes","floor":3,"turns":1},{"damage":0,"enemies":"Gremlin Nob","floor":7,"turns":1},{"damage":0,"enemies":"Cultist","floor":11,"turns":2},{"damage":13,"enemies":"Red Slaver","floor":13,"turns":2},{"damage":7,"enemies":"Blue Slaver","floor":14,"turns":2},{"damage":22,"enemies":"The Guardian","floor":16,"turns":6},{"damage":0,"enemies":"Shell Parasite","floor":18,"turns":2},{"damage":7,"enemies":"2 Thieves","floor":19,"turns":2},{"damage":0,"enemies":"Snecko","floor":22,"turns":2},{"damage":38,"enemies":"Gremlin Leader","floor":27,"turns":5},{"damage":15,"enemies":"Centurion and Healer","floor":28,"turns":3},{"damage":15,"enemies":"Snake Plant","floor":29,"turns":3},{"damage":0,"enemies":"Sentry and Sphere","floor":31,"turns":2},{"damage":36,"enemies":"Collector","floor":33,"turns":7},{"damage":36,"enemies":"3 Shapes","floor":35,"turns":3},{"damage":33,"enemies":"3 Darklings","floor":37,"turns":5},{"damage":3,"enemies":"Jaw Worm Horde","floor":39,"turns":2},{"damage":80,"enemies":"Reptomancer","floor":47,"turns":2}],"seed_played":"-5126113926591348095","potions_obtained":[{"floor":1,"key":"Energy Potion"},{"floor":3,"key":"Block Potion"},{"floor":7,"key":"Swift Potion"}],"is_trial":false,"path_per_floor":["M","?","M","$","?","R","E","R","T","R","M","R","M","M","R","B",null,"M","M","?","$","M","R","$","R","T","E","M","M","R","M","R","B",null,"M","?","M","$","M","R","?","?","T","R","$","?","E"],"character_chosen":"IRONCLAD","items_purchased":["Immolate","Shuriken","Armaments","Molten Egg 2"],"campfire_rested":1,"item_purchase_floors":[4,21,24,38],"current_hp_per_floor":[80,80,80,80,80,80,80,80,80,80,80,80,73,72,72,56,80,80,79,79,79,80,80,80,80,80,48,39,30,30,36,60,30,80,50,50,23,23,26,26,16,16,16,16,16,80,0,0],"gold":1,"neow_bonus":"THREE_ENEMY_KILL","is_daily":false,"chose_seed":false,"campfire_upgraded":10,"win_rate":0.0,"timestamp":1612514159,"path_taken":["M","?","M","$","?","R","E","R","T","R","M","R","M","M","R","BOSS","M","M","?","$","?","R","?","R","T","E","M","M","R","M","R","BOSS","M","?","M","$","M","R","?","?","T","R","$","?","E"],"items_purchased_type":["Card","Relic","Card","Relic"],"build_version":"2020-12-22","purchased_purges":2,"victory":false,"max_hp_per_floor":[80,80,80,80,80,80,80,80,80,80,80,80,80,80,80,80,80,80,80,80,80,80,80,80,80,80,80,80,80,80,80,80,80,80,80,80,80,80,80,80,80,80,80,80,80,80,80,80],"relic_stats":{"Sozu":6,"Nunchaku":[9],"counters":[19,53],"Shuriken":[9],"Pen Nib":[4],"Art of War":[0],"Smiling Mask":50,"obtain_stats":[{"Sozu":17,"Nunchaku":7,"NeowsBlessing":0,"Shuriken":21,"Molten Egg 2":38,"Pen Nib":27,"Omamori":9,"Coffee Dripper":34,"Art of War":43,"Smiling Mask":26,"Burning Blood":0},{"Sozu":7,"Nunchaku":3,"NeowsBlessing":0,"Shuriken":9,"Molten Egg 2":17,"Pen Nib":11,"Omamori":3,"Coffee Dripper":15,"Art of War":18,"Smiling Mask":10,"Burning Blood":0},{"Sozu":15,"Nunchaku":3,"NeowsBlessing":0,"Shuriken":19,"Molten Egg 2":49,"Pen Nib":26,"Omamori":3,"Coffee Dripper":41,"Art of War":51,"Smiling Mask":21,"Burning Blood":0}],"Burning Blood":73},"card_choices":[{"not_picked":["Pommel Strike","True Grit"],"picked":"Headbutt","floor":1},{"not_picked":["Anger","Headbutt","Warcry"],"picked":"SKIP","floor":3},{"not_picked":["Anger","Burning Pact"],"picked":"Flex","floor":7},{"not_picked":["Battle Trance","Sword Boomerang"],"picked":"Clash","floor":11},{"not_picked":["Warcry","Feed"],"picked":"Shockwave","floor":13},{"not_picked":["Shrug It Off","Thunderclap","Uppercut"],"picked":"SKIP","floor":14},{"not_picked":["Feed","Immolate"],"picked":"Bludgeon","floor":16},{"not_picked":["Perfected Strike+1","Clash","Heavy Blade"],"picked":"SKIP","floor":18},{"not_picked":["Twin Strike","Fire Breathing"],"picked":"Inflame","floor":19},{"not_picked":["True Grit","Metallicize+1"],"picked":"Bloodletting","floor":22},{"not_picked":["Combust","Burning Pact","Inflame"],"picked":"SKIP","floor":27},{"not_picked":["Dual Wield","Cleave","Heavy Blade"],"picked":"SKIP","floor":28},{"not_picked":["Burning Pact","Feel No Pain","Rampage"],"picked":"SKIP","floor":29},{"not_picked":["Anger","Blood for Blood"],"picked":"Intimidate+1","floor":31},{"not_picked":["Fiend Fire","Reaper"],"picked":"Limit Break","floor":33},{"not_picked":["Perfected Strike","Clothesline"],"picked":"Dual Wield+1","floor":35},{"not_picked":["Cleave+1","Clash"],"picked":"Inflame+1","floor":37},{"not_picked":["Headbutt+1","Warcry"],"picked":"Clothesline+1","floor":39},{"not_picked":["Secret Technique","Blind"],"picked":"Swift Strike+1","floor":42}],"player_experience":51650,"relics_obtained":[{"floor":7,"key":"Nunchaku"},{"floor":9,"key":"Omamori"},{"floor":26,"key":"Smiling Mask"},{"floor":27,"key":"Pen Nib"},{"floor":43,"key":"Art of War"}],"event_choices":[{"damage_healed":0,"gold_gain":175,"player_choice":"AGREE","damage_taken":0,"max_hp_gain":0,"max_hp_loss":0,"event_name":"Liars Game","floor":2,"gold_loss":0,"cards_obtained":["Doubt"]},{"damage_healed":0,"gold_gain":50,"player_choice":"Gained Gold","damage_taken":0,"max_hp_gain":0,"max_hp_loss":0,"event_name":"Golden Wing","floor":5,"gold_loss":0},{"damage_healed":0,"gold_gain":0,"player_choice":"0 cards matched","damage_taken":0,"max_hp_gain":0,"max_hp_loss":0,"event_name":"Match and Keep!","floor":20,"gold_loss":0,"cards_obtained":[]},{"cards_removed":["Strike_R"],"damage_healed":0,"gold_gain":0,"player_choice":"Removed Attack","damage_taken":0,"max_hp_gain":0,"max_hp_loss":0,"event_name":"Falling","floor":36,"gold_loss":0},{"damage_healed":0,"gold_gain":0,"player_choice":"Embrace Madness","damage_taken":10,"max_hp_gain":0,"max_hp_loss":0,"event_name":"Winding Halls","floor":41,"gold_loss":0,"cards_obtained":["Madness","Madness"]},{"damage_healed":0,"gold_gain":0,"player_choice":"Memory 1","damage_taken":0,"max_hp_gain":0,"max_hp_loss":0,"event_name":"SensoryStone","floor":42,"gold_loss":0},{"damage_healed":64,"gold_gain":0,"player_choice":"Heal","damage_taken":0,"max_hp_gain":0,"max_hp_loss":0,"event_name":"MindBloom","floor":46,"gold_loss":0,"cards_obtained":["Doubt"]}],"is_beta":false,"boss_relics":[{"not_picked":["SlaversCollar","Velvet Choker"],"picked":"Sozu"},{"not_picked":["Mark of Pain","Fusion Hammer"],"picked":"Coffee Dripper"}],"items_purged_floors":[4,45],"is_endless":false,"potions_floor_spawned":[1,3,7,11,19,22,27,28,33,35],"killed_by":"Reptomancer","ascension_level":0}}