{"host":"oewe6473mh2zp5ss","time":1612561780,"event":{"mods":["AchievementEnabler","Aspiration","Bard","BaseMod","Challenge The Spire","Conspire","Curses Come First","Custom Start","Downfall","Emptier Cage","Gremlin Mod","Halation","Hubris","Infinite Spire","Minty Spire (QoL Compilation)","Permanent Neow","Reliquary","Replay The Spire","Robot Space Explorer","Somnambulant","Spikes Relics","StSLib","The Cursed","The Disciple","The Jungle","The Senshi","thorton"],"gold_per_floor":[0,11,11,24,24,49,121,9,9,9,9],"floor_reached":10,"language":"ENG","playtime":920,"items_purged":[],"score":64,"play_id":"e3165f6e-5f15-45db-82e7-7380c0703a92","local_time":"20210205134940","is_ascension_mode":false,"campfire_choices":[{"data":"theSenshi:MoonPrismPowerMakeUp","floor":1,"key":"SMITH"},{"floor":9,"key":"REST"}],"circlet_count":0,"master_deck":["theSenshi:SailorKick","theSenshi:SailorKick","theSenshi:SailorKick","theSenshi:SailorKick","theSenshi:SailorBlock","theSenshi:SailorBlock","theSenshi:SailorBlock","theSenshi:SailorBlock","theSenshi:RoseThrow+1","theSenshi:MoonPrismPowerMakeUp+1","theSenshi:MoonCosmicPowerMakeUp+1","Clumsy","theSenshi:MoonTiaraMagic","theSenshi:MoonCrystalPowerMakeUp","theSenshi:SailorCosmosAssists","theSenshi:MoonCosmicPowerMakeUp","theSenshi:LunasBite+1"],"relics":["theSenshi:TransformationBroochRelic","conspire:GlowingRock","aspiration:AnachronicSnailShell","Blue Doll","Darkstone Periapt"],"acts_visited":["Exordium"],"potions_floor_usage":[10],"damage_taken":[{"damage":9,"enemies":"Small Slimes","floor":2,"turns":3},{"damage":0,"enemies":"Cultist","floor":4,"turns":4},{"damage":37,"enemies":"Gremlin Nob","floor":6,"turns":6},{"damage":0,"enemies":"downfall:FleeingMerchant","floor":8,"turns":4},{"damage":33,"enemies":"Lagavulin","floor":10,"turns":10}],"seed_played":"-974612919490810673","potions_obtained":[{"floor":4,"key":"Milkshake"},{"floor":6,"key":"ColorlessPotion"}],"is_trial":false,"path_per_floor":["R","M","?","M","?","E","T","$","R","E"],"character_chosen":"THE_SENSHI","items_purchased":["theSenshi:MoonCosmicPowerMakeUp","theSenshi:LunasBite+1"],"campfire_rested":1,"item_purchase_floors":[8,8],"current_hp_per_floor":[75,66,66,66,48,11,11,11,33,0,0],"gold":9,"neow_bonus":"ONE_RARE_RELIC","is_daily":false,"chose_seed":false,"campfire_upgraded":1,"win_rate":0.0,"timestamp":1612561780,"path_taken":["R","M","?","?","?","E","T","$","R","E"],"items_purchased_type":["Card","Card"],"build_version":"2020-12-22","purchased_purges":0,"victory":false,"max_hp_per_floor":[75,75,75,75,75,75,75,75,75,75,75],"card_choices":[{"not_picked":["theSenshi:SteeledNerves","theSenshi:SailorUranusAssists"],"picked":"theSenshi:MoonCosmicPowerMakeUp","floor":2},{"not_picked":["theSenshi:LunasBite","theSenshi:SailorMarsAssists"],"picked":"theSenshi:MoonTiaraMagic","floor":4},{"not_picked":["theSenshi:SchoolBag","theSenshi:SaturnsMystery"],"picked":"theSenshi:MoonCrystalPowerMakeUp","floor":6},{"not_picked":["theSenshi:SupersonicWaves","theSenshi:MoonKick"],"picked":"theSenshi:SailorCosmosAssists","floor":8}],"player_experience":82747,"relics_obtained":[{"floor":6,"key":"Blue Doll"},{"floor":7,"key":"Darkstone Periapt"}],"event_choices":[{"damage_healed":0,"gold_gain":0,"player_choice":"Success","damage_taken":18,"relics_obtained":["aspiration:AnachronicSnailShell"],"max_hp_gain":0,"max_hp_loss":0,"event_name":"Scrap Ooze","floor":5,"gold_loss":0}],"is_beta":false,"boss_relics":[],"items_purged_floors":[],"is_endless":false,"potions_floor_spawned":[4,6],"killed_by":"Lagavulin","ascension_level":0}}