{"host":"iph0xvuia0glosgr","time":1612560862,"event":{"mods":["AchievementEnabler","BaseMod","Minty Spire (QoL Compilation)"],"gold_per_floor":[213,232,46,46,11,11,38,54,54,89,89,104,104,139,139,244,244,256,268,37,136,136,136,151,185,185,185,204,222,222,238,238,336,336,355,630,643,259,274,274,274,289,312,322,339,339,339,353,353,353,353,353,5,5,5],"floor_reached":54,"language":"ENG","playtime":4183,"items_purged":["Regret","Parasite"],"score":763,"play_id":"0fe71bcf-9052-4828-8844-40a0427b4198","local_time":"20210205213422","is_ascension_mode":true,"campfire_choices":[{"floor":6,"key":"RECALL"},{"floor":11,"key":"REST"},{"floor":15,"key":"REST"},{"data":"Cloak And Dagger","floor":23,"key":"SMITH"},{"floor":27,"key":"REST"},{"floor":32,"key":"REST"},{"floor":40,"key":"REST"},{"data":"Cloak And Dagger","floor":47,"key":"SMITH"},{"data":"Cloak And Dagger","floor":49,"key":"SMITH"},{"data":"Accuracy","floor":52,"key":"SMITH"}],"circlet_count":0,"master_deck":["Strike_G","Strike_G+1","Strike_G","Strike_G","Defend_G","Defend_G","Defend_G","Defend_G","Defend_G","Survivor","Neutralize+1","Accuracy+1","Infinite Blades+1","Slice","Cloak And Dagger+1","Infinite Blades+1","Cloak And Dagger+1","Backflip","Die Die Die","Quick Slash+1","Cloak And Dagger+1","Caltrops+1","Backstab","Choke+1","Endless Agony+1","PiercingWail","Die Die Die","Dash+1","PiercingWail","PanicButton","Dagger Spray+1","Dagger Spray+1","Crippling Poison+1","Dodge and Roll","Infinite Blades+1","Bouncing Flask"],"relics":["Ring of the Snake","Vajra","Frozen Egg 2","Potion Belt","Paper Crane","WristBlade","Lantern","Matryoshka","Nunchaku","Whetstone","MutagenicStrength","Busted Crown","StrikeDummy","Snake Skull"],"acts_visited":["Exordium","TheCity","TheBeyond","TheEnding"],"potions_floor_usage":[14,16,16,28,29,39,48,50,50,50,50,53,54],"damage_taken":[{"damage":4,"enemies":"2 Louse","floor":1,"turns":5},{"damage":9,"enemies":"Jaw Worm","floor":2,"turns":5},{"damage":20,"enemies":"Lagavulin","floor":7,"turns":7},{"damage":0,"enemies":"Small Slimes","floor":8,"turns":2},{"damage":22,"enemies":"3 Sentries","floor":10,"turns":8},{"damage":9,"enemies":"Exordium Wildlife","floor":12,"turns":5},{"damage":0,"enemies":"Lagavulin","floor":14,"turns":4},{"damage":12,"enemies":"The Guardian","floor":16,"turns":6},{"damage":11,"enemies":"2 Thieves","floor":18,"turns":3},{"damage":0,"enemies":"Spheric Guardian","floor":19,"turns":3},{"damage":6,"enemies":"Centurion and Healer","floor":24,"turns":5},{"damage":21,"enemies":"Gremlin Leader","floor":25,"turns":4},{"damage":1,"enemies":"3 Cultists","floor":28,"turns":3},{"damage":18,"enemies":"Shelled Parasite and Fungi","floor":29,"turns":3},{"damage":3,"enemies":"Snecko","floor":31,"turns":3},{"damage":38,"enemies":"Champ","floor":33,"turns":8},{"damage":19,"enemies":"3 Shapes","floor":35,"turns":4},{"damage":0,"enemies":"Orb Walker","floor":37,"turns":2},{"damage":9,"enemies":"Writhing Mass","floor":39,"turns":5},{"damage":0,"enemies":"3 Darklings","floor":42,"turns":2},{"damage":0,"enemies":"Sphere and 2 Shapes","floor":44,"turns":2},{"damage":0,"enemies":"4 Shapes","floor":45,"turns":4},{"damage":14,"enemies":"Maw","floor":48,"turns":6},{"damage":44,"enemies":"Awakened One","floor":50,"turns":13},{"damage":74,"enemies":"Shield and Spear","floor":54,"turns":3}],"seed_played":"-6460447843830078608","potions_obtained":[{"floor":10,"key":"DuplicationPotion"},{"floor":12,"key":"ColorlessPotion"},{"floor":14,"key":"BlessingOfTheForge"},{"floor":24,"key":"Fire Potion"},{"floor":25,"key":"FearPotion"},{"floor":33,"key":"AttackPotion"},{"floor":45,"key":"Dexterity Potion"},{"floor":48,"key":"PowerPotion"}],"is_trial":false,"path_per_floor":["M","M","$","?","?","R","E","M","T","E","R","M","?","E","R","B",null,"M","M","$","?","?","R","M","E","T","R","M","M","?","M","R","B",null,"M","?","M","$","M","R","?","M","T","M","M","?","R","M","R","B",null,"R","$","E"],"character_chosen":"THE_SILENT","items_purchased":["Infinite Blades","Vajra","Lantern","Caltrops+1","Fire Potion","EssenceOfSteel","Regen Potion","PiercingWail","PanicButton","Fruit Juice","Explosive Potion","Infinite Blades+1","Bouncing Flask"],"campfire_rested":5,"item_purchase_floors":[3,3,20,20,38,38,38,38,38,53,53,53,53],"current_hp_per_floor":[66,57,57,57,70,70,50,50,50,28,49,40,40,40,61,49,70,59,59,59,59,59,59,53,32,32,53,52,34,34,31,52,14,70,51,51,51,51,56,70,70,70,70,70,70,70,70,56,56,12,70,70,72,0,0],"gold":5,"neow_bonus":"HUNDRED_GOLD","is_daily":false,"chose_seed":false,"campfire_upgraded":4,"win_rate":0.0,"timestamp":1612560862,"path_taken":["M","M","$","?","?","R","E","M","T","E","R","M","?","E","R","BOSS","M","M","$","?","?","R","M","E","T","R","M","?","?","M","R","BOSS","M","?","M","$","?","R","?","M","T","M","M","?","R","M","R","BOSS","R","$","E"],"items_purchased_type":["Card","Relic","Relic","Card","Potion","Potion","Potion","Card","Card","Potion","Potion","Card","Card"],"build_version":"2020-12-22","purchased_purges":2,"victory":false,"max_hp_per_floor":[70,70,70,70,70,70,70,70,70,70,70,70,70,70,70,70,70,70,70,70,70,70,70,70,70,70,70,70,70,70,70,70,70,70,70,70,70,70,70,70,70,70,70,70,70,70,70,70,70,70,70,70,72,72,72],"card_choices":[{"not_picked":["Bane","Blur"],"picked":"Accuracy","floor":1},{"not_picked":["Prepared","Outmaneuver","Caltrops"],"picked":"SKIP","floor":2},{"not_picked":["Prepared","Acrobatics"],"picked":"Slice","floor":7},{"not_picked":["Sucker Punch","Finisher"],"picked":"Cloak And Dagger","floor":8},{"not_picked":["Burst","Dagger Throw"],"picked":"Infinite Blades+1","floor":10},{"not_picked":["Calculated Gamble","Blur"],"picked":"Cloak And Dagger","floor":12},{"not_picked":["Dagger Throw","Outmaneuver"],"picked":"Backflip","floor":14},{"not_picked":["Wraith Form v2+1","Tools of the Trade+1"],"picked":"Die Die Die","floor":16},{"not_picked":["Infinite Blades+1","Dagger Spray"],"picked":"Quick Slash+1","floor":18},{"not_picked":["Deadly Poison","Dagger Spray"],"picked":"Cloak And Dagger","floor":19},{"not_picked":["Bane","Dagger Spray","Tactician"],"picked":"SKIP","floor":24},{"not_picked":["Quick Slash","Footwork+1"],"picked":"Backstab","floor":25},{"not_picked":["Sucker Punch+1","Underhanded Strike"],"picked":"Choke+1","floor":28},{"not_picked":["PiercingWail","Dagger Throw"],"picked":"Endless Agony+1","floor":29},{"not_picked":["Footwork+1","Noxious Fumes+1"],"picked":"PiercingWail","floor":31},{"not_picked":["Malaise","Burst"],"picked":"Die Die Die","floor":33},{"not_picked":["Heel Hook"],"picked":"SKIP","floor":35},{"not_picked":[],"picked":"Dash+1","floor":37},{"not_picked":[],"picked":"Dagger Spray+1","floor":39},{"not_picked":[],"picked":"Dagger Spray+1","floor":42},{"not_picked":[],"picked":"Crippling Poison+1","floor":44},{"not_picked":["Predator+1"],"picked":"SKIP","floor":45},{"not_picked":[],"picked":"Dodge and Roll","floor":48}],"player_experience":326297,"relics_obtained":[{"floor":7,"key":"Frozen Egg 2"},{"floor":10,"key":"Potion Belt"},{"floor":14,"key":"Paper Crane"},{"floor":25,"key":"Matryoshka"},{"floor":26,"key":"Nunchaku"},{"floor":26,"key":"Whetstone"},{"floor":43,"key":"StrikeDummy"},{"floor":43,"key":"Snake Skull"}],"event_choices":[{"damage_healed":0,"gold_gain":0,"player_choice":"Grow","damage_taken":0,"max_hp_gain":0,"max_hp_loss":0,"event_name":"Living Wall","floor":4,"gold_loss":0,"cards_upgraded":["Infinite Blades"]},{"damage_healed":17,"gold_gain":0,"player_choice":"Healed","damage_taken":0,"max_hp_gain":0,"max_hp_loss":0,"event_name":"The Cleric","floor":5,"gold_loss":35},{"damage_healed":0,"gold_gain":0,"player_choice":"Ignored","damage_taken":0,"max_hp_gain":0,"max_hp_loss":0,"event_name":"Golden Wing","floor":13,"gold_loss":0},{"damage_healed":0,"gold_gain":99,"player_choice":"Stole From Cult","damage_taken":0,"max_hp_gain":0,"max_hp_loss":0,"event_name":"Nest","floor":21,"gold_loss":0},{"cards_removed":["Strike_G"],"damage_healed":0,"gold_gain":0,"player_choice":"Purged","damage_taken":0,"max_hp_gain":0,"max_hp_loss":0,"event_name":"Purifier","floor":22,"gold_loss":0},{"damage_healed":0,"gold_gain":0,"player_choice":"Inject Mutagens","damage_taken":0,"relics_obtained":["MutagenicStrength"],"max_hp_gain":0,"max_hp_loss":0,"event_name":"Drug Dealer","floor":30,"gold_loss":0},{"damage_healed":0,"gold_gain":275,"player_choice":"Desecrate","damage_taken":0,"max_hp_gain":0,"max_hp_loss":0,"event_name":"Golden Shrine","floor":36,"gold_loss":0,"cards_obtained":["Regret"]},{"damage_healed":0,"gold_gain":0,"player_choice":"Ignored","damage_taken":0,"max_hp_gain":0,"max_hp_loss":0,"event_name":"Tomb of Lord Red Mask","floor":41,"gold_loss":0},{"damage_healed":0,"gold_gain":0,"player_choice":"Ignored","damage_taken":0,"max_hp_gain":0,"max_hp_loss":0,"event_name":"Mysterious Sphere","floor":46,"gold_loss":0}],"is_beta":false,"boss_relics":[{"not_picked":["Coffee Dripper","Tiny House"],"picked":"WristBlade"},{"not_picked":["SacredBark","Pandora\u0027s Box"],"picked":"Busted Crown"}],"items_purged_floors":[38,53],"is_endless":false,"potions_floor_spawned":[10,12,14,24,25,33,45,48],"killed_by":"Shield and Spear","ascension_level":1}}