{"host":"mw3dmj42qtkbha4b","time":1612532625,"event":{"mods":["BaseMod","Colored Map","Colored Powertips","DeckTracker","Minty Spire (QoL Compilation)","StSLib","SuperFastMode"],"gold_per_floor":[112,129,54,54,68,99,99,124,124,124,124,137,137,137],"floor_reached":13,"language":"KOR","playtime":310,"items_purged":[],"score":236,"play_id":"907047d5-b210-4c1f-9776-566ff789c17c","local_time":"20210205224345","is_ascension_mode":true,"campfire_choices":[],"circlet_count":0,"master_deck":["AscendersBane","Strike_P","Strike_P+1","Strike_P+1","Defend_P","Defend_P","Defend_P","Eruption","Vigilance","DevaForm"],"relics":["PureWater","NeowsBlessing","Oddly Smooth Stone","WingedGreaves","Yang","Smiling Mask"],"acts_visited":["Exordium"],"potions_floor_usage":[13],"damage_taken":[{"damage":0.0,"enemies":"Jaw Worm","floor":1.0,"turns":1.0},{"damage":0.0,"enemies":"Small Slimes","floor":2.0,"turns":1.0},{"damage":0.0,"enemies":"2 Louse","floor":5.0,"turns":2.0},{"damage":20.0,"enemies":"Gremlin Nob","floor":6.0,"turns":3.0},{"damage":0.0,"enemies":"Lagavulin","floor":8.0,"turns":7.0},{"damage":2.0,"enemies":"2 Fungi Beasts","floor":12.0,"turns":3.0},{"damage":39,"enemies":"3 Sentries","floor":13,"turns":6}],"seed_played":"-1954165295843225710","potions_obtained":[{"floor":2.0,"key":"Fruit Juice"},{"floor":6.0,"key":"EntropicBrew"},{"floor":12.0,"key":"Regen Potion"}],"is_trial":false,"path_per_floor":["M","M","?","?","M","E","?","E","T","?","T","M","E"],"character_chosen":"WATCHER","items_purchased":[],"campfire_rested":0,"item_purchase_floors":[],"current_hp_per_floor":[61,61,61,41,41,26,19,19,19,19,19,17,0,0],"gold":137,"neow_bonus":"THREE_ENEMY_KILL","is_daily":false,"chose_seed":false,"campfire_upgraded":0,"win_rate":0.0,"timestamp":1612532625,"path_taken":["M","M","?","?","M","E","?","E","T","?","?","M","E"],"items_purchased_type":[],"build_version":"2020-12-22","purchased_purges":0,"victory":false,"max_hp_per_floor":[68,68,68,68,68,73,73,73,73,73,73,73,73,73],"card_choices":[{"not_picked":["BowlingBash","Protect","Tantrum"],"picked":"SKIP","floor":1.0},{"not_picked":["FlyingSleeves","Prostrate","ClearTheMind"],"picked":"SKIP","floor":2.0},{"not_picked":["CrushJoints","PathToVictory","CarveReality"],"picked":"SKIP","floor":5.0},{"not_picked":["JustLucky","WindmillStrike"],"picked":"DevaForm","floor":6.0},{"not_picked":["Prostrate","Halt","Devotion"],"picked":"SKIP","floor":8.0},{"not_picked":["Conclude","CutThroughFate","Crescendo"],"picked":"SKIP","floor":12.0}],"player_experience":1801830,"relics_obtained":[{"floor":6.0,"key":"Oddly Smooth Stone"},{"floor":8.0,"key":"WingedGreaves"},{"floor":9.0,"key":"Yang"},{"floor":11.0,"key":"Smiling Mask"}],"event_choices":[{"cards_removed":["Defend_P"],"damage_healed":0.0,"max_hp_gain":0.0,"max_hp_loss":0.0,"gold_gain":0.0,"event_name":"The Cleric","player_choice":"Card Removal","floor":3.0,"gold_loss":75.0,"damage_taken":0.0},{"damage_healed":0.0,"max_hp_gain":0.0,"max_hp_loss":0.0,"gold_gain":0.0,"event_name":"Shining Light","player_choice":"Entered Light","floor":4.0,"gold_loss":0.0,"damage_taken":20.0,"cards_upgraded":["Strike_P","Strike_P"]},{"cards_removed":["Strike_P"],"damage_healed":0.0,"max_hp_gain":0.0,"max_hp_loss":0.0,"gold_gain":0.0,"event_name":"Golden Wing","player_choice":"Card Removal","floor":7.0,"gold_loss":0.0,"damage_taken":7.0},{"damage_healed":0.0,"max_hp_gain":0.0,"max_hp_loss":0.0,"gold_gain":0.0,"event_name":"Liars Game","player_choice":"Ignored","floor":10.0,"gold_loss":0.0,"damage_taken":0.0}],"is_beta":false,"boss_relics":[],"items_purged_floors":[],"is_endless":false,"potions_floor_spawned":[2,6,12],"killed_by":"3 Sentries","ascension_level":20}}