{"host":"eaiphzh066bwqdh7","time":1612530185,"event":{"mods":["BaseMod","Better Note","Halation","Hubris","Minty Spire (QoL Compilation)","Reliquary","Replay The Spire","StSLib"],"gold_per_floor":[119,130,130,144,144,144,172,172,172,172,24,39,55,230,230,230,230],"floor_reached":16,"language":"ENG","playtime":473,"items_purged":[],"score":115,"play_id":"97b839cf-e750-4fa8-8ee4-1a86fcbe8924","local_time":"20210205080305","is_ascension_mode":true,"campfire_choices":[{"data":"Vigilance","floor":6,"key":"SMITH"},{"floor":8,"key":"REST"},{"floor":15,"key":"REST"}],"circlet_count":0,"master_deck":["Strike_P","Strike_P","Strike_P","Strike_P","Defend_P","Defend_P","Defend_P","Defend_P","Eruption","Vigilance+1","ReplayTheSpireMod:Splinters","Poisoned Strike","Prostrate","MasterReality+1","PathToVictory","Doubt"],"relics":["PureWater","halation:EternalFortune","Question Card","Letter Opener","reliquary:FeatherDuster","halation:PrussianBluePaint"],"acts_visited":["Exordium"],"potions_floor_usage":[7],"damage_taken":[{"damage":7,"enemies":"Small Slimes","floor":1,"turns":4},{"damage":4,"enemies":"Jaw Worm","floor":2,"turns":3},{"damage":0,"enemies":"Cultist","floor":4,"turns":4},{"damage":47,"enemies":"3 Sentries","floor":7,"turns":10},{"damage":17,"enemies":"3 Louse","floor":12,"turns":4},{"damage":1,"enemies":"Large Slime","floor":13,"turns":3},{"damage":44,"enemies":"Hexaghost","floor":16,"turns":11}],"seed_played":"6825633376692328773","potions_obtained":[{"floor":1,"key":"CultistPotion"},{"floor":13,"key":"Energy Potion"}],"is_trial":false,"path_per_floor":["M","M","?","M","?","R","E","R","T","T","$","M","M","?","R","B"],"character_chosen":"WATCHER","items_purchased":["halation:PrussianBluePaint"],"campfire_rested":2,"item_purchase_floors":[11],"current_hp_per_floor":[65,61,64,64,64,64,17,39,39,39,39,22,21,21,43,0,0],"gold":230,"neow_bonus":"RANDOM_COLORLESS_2","is_daily":false,"chose_seed":false,"campfire_upgraded":1,"win_rate":0.0,"timestamp":1612530185,"path_taken":["M","M","?","M","?","R","E","R","T","?","$","?","?","?","R","BOSS"],"items_purchased_type":["Relic"],"build_version":"2020-12-22","purchased_purges":0,"victory":false,"max_hp_per_floor":[72,72,75,75,75,75,75,75,75,75,75,75,75,75,75,75,75],"card_choices":[{"not_picked":["ReplayTheSpireMod:Necrogeddon","Secret Technique"],"picked":"Poisoned Strike","floor":0},{"not_picked":["FlyingSleeves","SashWhip","Replay:AtTheReady"],"picked":"SKIP","floor":1},{"not_picked":["Fasting2","BowlingBash"],"picked":"Prostrate","floor":2},{"not_picked":["EmptyBody","CrushJoints"],"picked":"MasterReality","floor":4},{"not_picked":["Crescendo","FlyingSleeves","Evaluate"],"picked":"SKIP","floor":7},{"not_picked":["FlurryOfBlows","Perseverance","BowlingBash","Replay:AtTheReady"],"picked":"SKIP","floor":12},{"not_picked":["Replay:Battleflow","Weave","Adaptation"],"picked":"PathToVictory","floor":13}],"player_experience":257216,"relics_obtained":[{"floor":7,"key":"Question Card"},{"floor":9,"key":"Letter Opener"},{"floor":10,"key":"reliquary:FeatherDuster"}],"event_choices":[{"damage_healed":0,"gold_gain":175,"player_choice":"AGREE","damage_taken":0,"max_hp_gain":0,"max_hp_loss":0,"event_name":"Liars Game","floor":14,"gold_loss":0,"cards_obtained":["Doubt"]}],"is_beta":false,"boss_relics":[],"items_purged_floors":[],"is_endless":false,"potions_floor_spawned":[1,13],"killed_by":"Hexaghost","ascension_level":3}}