{"host":"dw8ij7emqco3quom","time":1612563338,"event":{"mods":["BaseMod","Minty Spire (QoL Compilation)"],"gold_per_floor":[115,115,125,200,200,200,225,225,252,283,295,318,358,411,423,539,551,611,623,635,647,574,586,627,639,677,689,718,278,278,322,322,424,424,437,437,485,485,499,526,526,526,526],"floor_reached":42,"language":"FRA","playtime":3286,"items_purged":[],"score":556,"play_id":"620c9b42-ad83-458a-b322-d147b8eb2638","local_time":"20210205231538","is_ascension_mode":true,"campfire_choices":[{"floor":6,"key":"REST"},{"data":"Madness","floor":8,"key":"SMITH"},{"data":"Wish","floor":15,"key":"SMITH"},{"floor":23,"key":"REST"},{"floor":25,"key":"RECALL"},{"floor":27,"key":"REST"},{"data":"Apotheosis","floor":32,"key":"SMITH"},{"floor":41,"key":"REST"}],"circlet_count":0,"master_deck":["Strike_P+1","Strike_P+1","Strike_P+1","Strike_P+1","Defend_P+1","Defend_P+1","Defend_P+1","Defend_P+1","Eruption+1","Vigilance","Madness+1","Halt","FearNoEvil","Protect","Wish+1","Crescendo","FlurryOfBlows","Consecrate","DevaForm","Evaluate+1","Scrawl","Apotheosis+1","BowlingBash+1","Alpha","ClearTheMind","ClearTheMind+1","Sanctity+1"],"relics":["HolyWater","StrikeDummy","Blood Vial","MawBank","White Beast Statue","Pocketwatch","TeardropLocket","Membership Card","Potion Belt","Oddly Smooth Stone","Frozen Egg 2","VioletLotus","Turnip","MealTicket"],"acts_visited":["Exordium","TheCity","TheBeyond"],"potions_floor_usage":[13,14,18,24,28,33,35,37,37,38,39,39,40,40,40,42,42],"damage_taken":[{"damage":2,"enemies":"Jaw Worm","floor":1,"turns":3},{"damage":0,"enemies":"Small Slimes","floor":3,"turns":2},{"damage":6,"enemies":"3 Sentries","floor":7,"turns":8},{"damage":31,"enemies":"Lagavulin","floor":10,"turns":4},{"damage":0,"enemies":"2 Louse","floor":12,"turns":1},{"damage":0,"enemies":"Gremlin Nob","floor":13,"turns":2},{"damage":1,"enemies":"Looter","floor":14,"turns":3},{"damage":24,"enemies":"Slime Boss","floor":16,"turns":7},{"damage":32,"enemies":"3 Byrds","floor":18,"turns":7},{"damage":9,"enemies":"Gremlin Leader","floor":24,"turns":5},{"damage":0,"enemies":"Shell Parasite","floor":28,"turns":3},{"damage":5,"enemies":"Centurion and Healer","floor":31,"turns":6},{"damage":3,"enemies":"Champ","floor":33,"turns":10},{"damage":2,"enemies":"3 Shapes","floor":35,"turns":4},{"damage":19,"enemies":"2 Orb Walkers","floor":37,"turns":5},{"damage":23,"enemies":"3 Darklings","floor":39,"turns":5},{"damage":27,"enemies":"Giant Head","floor":40,"turns":8},{"damage":50,"enemies":"Nemesis","floor":42,"turns":8}],"seed_played":"-1077482425643091940","potions_obtained":[{"floor":10,"key":"SpeedPotion"},{"floor":12,"key":"Strength Potion"},{"floor":14,"key":"EssenceOfSteel"},{"floor":16,"key":"Weak Potion"},{"floor":18,"key":"SpeedPotion"},{"floor":24,"key":"Strength Potion"},{"floor":28,"key":"FearPotion"},{"floor":31,"key":"SkillPotion"},{"floor":33,"key":"Fire Potion"},{"floor":35,"key":"GamblersBrew"},{"floor":37,"key":"ColorlessPotion"},{"floor":38,"key":"Fruit Juice"},{"floor":38,"key":"LiquidBronze"},{"floor":38,"key":"Weak Potion"},{"floor":39,"key":"SkillPotion"},{"floor":40,"key":"SpeedPotion"}],"is_trial":false,"path_per_floor":["M","?","M","?","?","R","E","R","T","E","$","M","E","M","R","B",null,"M","?","?","$","?","R","E","R","T","R","M","$","?","M","R","B",null,"M","?","?","?","M","E","R","E"],"character_chosen":"WATCHER","items_purchased":["Membership Card","Potion Belt","Oddly Smooth Stone","Apotheosis","Block Potion","Dexterity Potion"],"campfire_rested":4,"item_purchase_floors":[29,29,29,29,29,29],"current_hp_per_floor":[70,70,70,59,64,77,71,71,71,42,42,44,46,47,47,25,77,45,31,31,31,31,55,48,48,48,72,74,74,74,71,71,70,82,80,80,63,68,47,22,48,0,0],"gold":526,"neow_bonus":"RANDOM_COLORLESS","is_daily":false,"chose_seed":false,"campfire_upgraded":3,"win_rate":0.0,"timestamp":1612563338,"path_taken":["M","?","M","?","?","R","E","R","T","E","?","M","E","M","R","BOSS","M","?","?","$","?","R","E","R","T","R","M","$","?","M","R","BOSS","M","?","?","?","M","E","R","E"],"items_purchased_type":["Relic","Relic","Relic","Card","Potion","Potion"],"build_version":"2020-12-22","purchased_purges":0,"victory":false,"max_hp_per_floor":[72,72,72,72,77,77,77,77,77,77,77,77,77,77,77,77,77,77,82,82,82,82,82,82,82,82,82,82,82,82,82,82,82,82,82,82,82,87,87,87,87,87,87],"card_choices":[{"not_picked":["Dark Shackles","Discovery"],"picked":"Madness","floor":0},{"not_picked":["SandsOfTime","JustLucky"],"picked":"Halt","floor":1},{"not_picked":["CrushJoints","Crescendo"],"picked":"FearNoEvil","floor":3},{"not_picked":["CutThroughFate","SignatureMove"],"picked":"Protect","floor":7},{"not_picked":["ReachHeaven","EmptyBody"],"picked":"Wish","floor":10},{"not_picked":["FlyingSleeves","SashWhip"],"picked":"Crescendo","floor":12},{"not_picked":["BowlingBash","SashWhip"],"picked":"FlurryOfBlows","floor":13},{"not_picked":["DeceiveReality","Halt"],"picked":"Consecrate","floor":14},{"not_picked":["Judgement","Scrawl"],"picked":"DevaForm","floor":16},{"not_picked":["EmptyMind+1","FlurryOfBlows"],"picked":"Evaluate+1","floor":18},{"not_picked":["Wireheading","EmptyFist+1"],"picked":"Scrawl","floor":24},{"not_picked":["EmptyBody","Meditate","BowlingBash"],"picked":"SKIP","floor":28},{"not_picked":["Wireheading+1","Crescendo"],"picked":"BowlingBash+1","floor":31},{"not_picked":["Wish","Scrawl"],"picked":"Alpha","floor":33},{"not_picked":["ThirdEye","WindmillStrike+1","Crescendo+1"],"picked":"SKIP","floor":35},{"not_picked":["BowlingBash+1","Fasting2+1"],"picked":"ClearTheMind","floor":37},{"not_picked":["Crescendo","Protect+1"],"picked":"ClearTheMind+1","floor":39},{"not_picked":["Crescendo","Collect+1"],"picked":"Sanctity+1","floor":40}],"player_experience":712825,"relics_obtained":[{"floor":7,"key":"StrikeDummy"},{"floor":9,"key":"Blood Vial"},{"floor":10,"key":"MawBank"},{"floor":13,"key":"White Beast Statue"},{"floor":24,"key":"TeardropLocket"},{"floor":37,"key":"Turnip"},{"floor":40,"key":"MealTicket"}],"event_choices":[{"damage_healed":0,"gold_gain":0,"player_choice":"Grow","damage_taken":0,"max_hp_gain":0,"max_hp_loss":0,"event_name":"Living Wall","floor":2,"gold_loss":0,"cards_upgraded":["Eruption"]},{"damage_healed":0,"gold_gain":75,"player_choice":"Gather Gold","damage_taken":11,"max_hp_gain":0,"max_hp_loss":0,"event_name":"World of Goop","floor":4,"gold_loss":0},{"damage_healed":0,"gold_gain":0,"player_choice":"Donut","damage_taken":0,"max_hp_gain":5,"max_hp_loss":0,"event_name":"Big Fish","floor":5,"gold_loss":0},{"damage_healed":0,"gold_gain":0,"player_choice":"Shed Blood","damage_taken":19,"max_hp_gain":5,"max_hp_loss":0,"event_name":"Forgotten Altar","floor":19,"gold_loss":0},{"damage_healed":0,"gold_gain":0,"player_choice":"Simplicity","damage_taken":0,"max_hp_gain":0,"max_hp_loss":0,"event_name":"Back to Basics","floor":20,"gold_loss":0,"cards_upgraded":["Strike_P","Strike_P","Strike_P","Strike_P","Defend_P","Defend_P","Defend_P","Defend_P"]},{"damage_healed":0,"gold_gain":0,"player_choice":"Obtained Relic","damage_taken":0,"relics_obtained":["Pocketwatch"],"max_hp_gain":0,"max_hp_loss":0,"event_name":"Addict","floor":22,"gold_loss":85},{"damage_healed":0,"gold_gain":0,"player_choice":"Opened","damage_taken":0,"relics_obtained":["Frozen Egg 2"],"max_hp_gain":0,"max_hp_loss":0,"event_name":"The Mausoleum","floor":30,"gold_loss":0},{"damage_healed":0,"gold_gain":0,"player_choice":"Ignored","damage_taken":0,"max_hp_gain":0,"max_hp_loss":0,"event_name":"Tomb of Lord Red Mask","floor":36,"gold_loss":0},{"damage_healed":0,"gold_gain":0,"player_choice":"Fight","damage_taken":0,"max_hp_gain":0,"max_hp_loss":0,"event_name":"Mysterious Sphere","floor":37,"gold_loss":0},{"damage_healed":0,"gold_gain":0,"player_choice":"Got Potions","damage_taken":0,"max_hp_gain":0,"max_hp_loss":0,"event_name":"Lab","floor":38,"gold_loss":0}],"is_beta":false,"boss_relics":[{"not_picked":["Velvet Choker","Empty Cage"],"picked":"HolyWater"},{"not_picked":["Pandora\u0027s Box","Busted Crown"],"picked":"VioletLotus"}],"items_purged_floors":[],"is_endless":false,"potions_floor_spawned":[10,12,14,16,18,24,28,31,33,35,37,39,40],"killed_by":"Nemesis","ascension_level":2}}