{"host":"09c1j7k0szn5tpd7","time":1612547442,"event":{"mods":["BaseMod","Googly Eyes","Hubris","Infinite Spire","Minty Spire (QoL Compilation)","Replay The Spire","StSLib","??????REMEMod"],"gold_per_floor":[118,118,137,16,43,78,78,105,105,105,105,105],"floor_reached":11,"language":"ENG","playtime":1179,"items_purged":["Amnesia"],"score":110,"play_id":"9e98d220-e438-4e37-a541-cb11ad9de356","local_time":"20210205185042","is_ascension_mode":true,"campfire_choices":[{"floor":7.0,"key":"REST"}],"circlet_count":0,"master_deck":["AscendersBane","Strike_G","Strike_G","Strike_G","Strike_G","Strike_G","Defend_G","Defend_G","Defend_G","Defend_G","Defend_G","Survivor","Neutralize","Well Laid Plans","Hidden Blade","Blade Dance","hubris:Sniper","Double Tap","Slice","Fluid Movement","hubris:Envy"],"relics":["Ring of the Snake","REME_ComplimentaryCards","ReplayTheSpireMod:Ring of Challenge","ReplayTheSpireMod:Ring of Exchange","infinitespire:Broken Mirror","Ornamental Fan"],"acts_visited":["Exordium"],"potions_floor_usage":[8],"damage_taken":[{"damage":3.0,"enemies":"2 Louse","floor":1.0,"turns":3.0},{"damage":0.0,"enemies":"Small Slimes","floor":3.0,"turns":3.0},{"damage":10.0,"enemies":"Cultist","floor":5.0,"turns":4.0},{"damage":33.0,"enemies":"3 Sentries","floor":6.0,"turns":12.0},{"damage":7,"enemies":"Exordium Wildlife","floor":8,"turns":5},{"damage":45,"enemies":"Lagavulin","floor":11,"turns":10}],"seed_played":"-2484024790526566530","potions_obtained":[{"floor":1.0,"key":"Explosive Potion"},{"floor":5.0,"key":"Block Potion"},{"floor":6.0,"key":"Fire Potion"}],"is_trial":false,"path_per_floor":["M","?","M","$","M","E","R","M","T","?","E"],"character_chosen":"THE_SILENT","items_purchased":["Blade Dance"],"campfire_rested":1,"item_purchase_floors":[4],"current_hp_per_floor":[67,67,67,67,57,24,47,40,40,40,0,0],"gold":105,"neow_bonus":"TEN_PERCENT_HP_BONUS","is_daily":false,"chose_seed":false,"campfire_upgraded":0,"win_rate":0.0,"timestamp":1612547442,"path_taken":["M","?","M","$","M","E","R","M","T","?","E"],"items_purchased_type":["Card"],"build_version":"2020-12-22","purchased_purges":1,"victory":false,"max_hp_per_floor":[77,77,77,77,77,77,77,77,77,77,77,77],"card_choices":[{"not_picked":["Dodge and Roll","Skewer"],"picked":"Well Laid Plans","floor":1.0},{"not_picked":["Catalyst","Phantasmal Killer"],"picked":"Hidden Blade","floor":3.0},{"not_picked":["Slice","Fluid Movement"],"picked":"hubris:Sniper","floor":5.0},{"not_picked":["Flying Knee","Quick Slash","Phantasmal Killer"],"picked":"SKIP","floor":6.0},{"not_picked":["Toxin Wave","Quick Slash","ReplayTheSpireMod:Speed Training"],"picked":"SKIP","floor":8}],"player_experience":969287,"relics_obtained":[{"floor":2.0,"key":"ReplayTheSpireMod:Ring of Challenge"},{"floor":2.0,"key":"ReplayTheSpireMod:Ring of Exchange"},{"floor":6.0,"key":"infinitespire:Broken Mirror"},{"floor":9,"key":"Ornamental Fan"}],"event_choices":[{"damage_healed":0,"gold_gain":0,"player_choice":"3 cards matched","damage_taken":0,"max_hp_gain":0,"max_hp_loss":0,"event_name":"Match and Keep!","floor":10,"gold_loss":0,"cards_obtained":["Slice","Fluid Movement","hubris:Envy"]}],"is_beta":false,"boss_relics":[],"items_purged_floors":[4],"is_endless":false,"potions_floor_spawned":[1,5,6],"killed_by":"Lagavulin","ascension_level":10}}