{"host":"5fpb1gzflhq9886n","time":1612501512,"event":{"mods":["AchievementEnabler","BaseMod","Colored Map","Colored Powertips","Minty Spire (QoL Compilation)","Permanent Neow"],"gold_per_floor":[118,118,131,149,149,189,201,232,244,274,286,298,343,365,377,487,499,528,555,567,595,607,607],"floor_reached":22,"language":"ENG","playtime":10841,"items_purged":[],"score":169,"play_id":"ff3af6b4-9acc-4641-a8cc-a952765495b3","local_time":"20210205000512","is_ascension_mode":true,"campfire_choices":[{"floor":7,"key":"REST"},{"floor":12,"key":"REST"},{"data":"1","floor":15,"key":"LIFT"}],"circlet_count":0,"master_deck":["Strike_R","Strike_R","Strike_R","Strike_R","Strike_R","Defend_R","Defend_R","Defend_R","Defend_R","Bash","Inflame+1","Sword Boomerang","Power Through","Carnage","Heavy Blade","Sword Boomerang+1","Bash+1","Pummel+1","Thunderclap+1","Reaper+1","Cleave+1","Seeing Red+1","Evolve"],"relics":["Black Blood","Boot","MawBank","Girya","Molten Egg 2","Ornamental Fan"],"acts_visited":["Exordium","TheCity"],"potions_floor_usage":[13],"damage_taken":[{"damage":1,"enemies":"Cultist","floor":1,"turns":3},{"damage":1,"enemies":"2 Louse","floor":3,"turns":2},{"damage":10,"enemies":"Small Slimes","floor":4,"turns":2},{"damage":35,"enemies":"3 Sentries","floor":6,"turns":11},{"damage":11,"enemies":"Looter","floor":8,"turns":2},{"damage":30,"enemies":"Lots of Slimes","floor":10,"turns":5},{"damage":0,"enemies":"Gremlin Nob","floor":13,"turns":2},{"damage":7,"enemies":"3 Louse","floor":14,"turns":2},{"damage":42,"enemies":"Slime Boss","floor":16,"turns":8},{"damage":6,"enemies":"Spheric Guardian","floor":18,"turns":3},{"damage":33,"enemies":"2 Thieves","floor":19,"turns":3},{"damage":8,"enemies":"Snecko","floor":21,"turns":3},{"damage":64,"enemies":"Snake Plant","floor":22,"turns":4}],"seed_played":"-4002057415820507269","potions_obtained":[{"floor":1,"key":"Block Potion"},{"floor":10,"key":"Fire Potion"},{"floor":13,"key":"Dexterity Potion"},{"floor":16,"key":"Ancient Potion"}],"is_trial":false,"path_per_floor":["M","?","M","M","?","E","R","M","T","M","?","R","E","M","R","B",null,"M","M","$","M","M"],"character_chosen":"IRONCLAD","items_purchased":[],"campfire_rested":2,"item_purchase_floors":[],"current_hp_per_floor":[80,80,80,76,76,47,71,66,66,42,42,66,72,71,71,35,69,76,55,55,63,0,0],"gold":607,"neow_bonus":"RANDOM_COMMON_RELIC","is_daily":false,"chose_seed":false,"campfire_upgraded":0,"win_rate":0.0,"timestamp":1612501512,"path_taken":["M","?","M","?","?","E","R","?","T","M","?","R","E","M","R","BOSS","M","M","$","?","M"],"items_purchased_type":[],"build_version":"2020-12-22","purchased_purges":0,"victory":false,"max_hp_per_floor":[80,80,80,80,80,80,80,80,80,80,80,80,80,80,80,80,80,80,80,80,80,80,80],"card_choices":[{"not_picked":["Shrug It Off","Blood for Blood"],"picked":"Inflame","floor":1},{"not_picked":["Warcry","Bloodletting"],"picked":"Sword Boomerang","floor":3},{"not_picked":["Sword Boomerang","Anger"],"picked":"Power Through","floor":4},{"not_picked":["Corruption","Disarm"],"picked":"Carnage","floor":6},{"not_picked":["Shockwave","Headbutt"],"picked":"Heavy Blade","floor":8},{"not_picked":["Anger+1","Feel No Pain"],"picked":"Sword Boomerang+1","floor":10},{"not_picked":["Havoc","True Grit"],"picked":"Pummel+1","floor":13},{"not_picked":["Havoc","Clothesline+1"],"picked":"Thunderclap+1","floor":14},{"not_picked":["Corruption","Limit Break"],"picked":"Reaper+1","floor":16},{"not_picked":["Flex","Headbutt+1"],"picked":"Cleave+1","floor":18},{"not_picked":["Second Wind","Anger+1"],"picked":"Seeing Red+1","floor":19},{"not_picked":["Havoc","Wild Strike+1"],"picked":"Evolve","floor":21}],"player_experience":790761,"relics_obtained":[{"floor":6,"key":"Girya"},{"floor":9,"key":"Molten Egg 2"},{"floor":13,"key":"Ornamental Fan"}],"event_choices":[{"damage_healed":0,"gold_gain":0,"player_choice":"Upgraded","damage_taken":0,"max_hp_gain":0,"max_hp_loss":0,"event_name":"Upgrade Shrine","floor":2,"gold_loss":0,"cards_upgraded":["Inflame"]},{"damage_healed":0,"gold_gain":0,"player_choice":"Gave Potion","damage_taken":0,"relics_obtained":["MawBank"],"max_hp_gain":0,"max_hp_loss":0,"event_name":"WeMeetAgain","floor":5,"gold_loss":0},{"damage_healed":0,"gold_gain":0,"player_choice":"1 cards matched","damage_taken":0,"max_hp_gain":0,"max_hp_loss":0,"event_name":"Match and Keep!","floor":11,"gold_loss":0,"cards_obtained":["Bash"]}],"is_beta":false,"boss_relics":[{"not_picked":["Tiny House","SacredBark"],"picked":"Black Blood"}],"items_purged_floors":[],"is_endless":false,"potions_floor_spawned":[1,10,13,16],"killed_by":"Snake Plant","ascension_level":5}}