{"host":"cc6r8m2qe4jvlwua","time":1612493397,"event":{"mods":["BaseMod","Hermit","Hubris","Marisa????????","Minty Spire (QoL Compilation)","Replay The Spire","Spicy Shops","StSLib","The Cursed","The Marked"],"gold_per_floor":[114,114,114,114,124,159,159,84,109,109,109],"floor_reached":10,"language":"ENG","playtime":381,"items_purged":["TheCursedMod:Strike_TheCursed"],"score":74,"play_id":"feb42c33-a220-4570-8289-76e263ba0fa6","local_time":"20210204204957","is_ascension_mode":true,"campfire_choices":[{"data":"TheCursedMod:CircleOfCorruption","floor":7,"key":"SMITH"}],"circlet_count":0,"master_deck":["TheCursedMod:Strike_TheCursed","TheCursedMod:Strike_TheCursed","TheCursedMod:Strike_TheCursed","TheCursedMod:Defend_TheCursed","TheCursedMod:Defend_TheCursed+1","TheCursedMod:Defend_TheCursed","TheCursedMod:Defend_TheCursed+1","TheCursedMod:CursedWand","TheCursedMod:CleanUpWorkshop","TheCursedMod:Dregs","TheCursedMod:NeowsMight","TheCursedMod:CircleOfCorruption+1","TheCursedMod:CircleOfBlood","TheCursedMod:CircleOfFlame"],"relics":["TheCursedMod:BlackMagic101","ReplayTheSpireMod:TigerMarble","Replay:Ringing Soul","Blue Doll"],"acts_visited":["Exordium"],"potions_floor_usage":[],"damage_taken":[{"damage":6,"enemies":"Jaw Worm","floor":1,"turns":6},{"damage":0,"enemies":"2 Louse","floor":5,"turns":2},{"damage":29,"enemies":"3 Sentries","floor":6,"turns":12},{"damage":37,"enemies":"Lagavulin","floor":10,"turns":6}],"seed_played":"8283167180284841339","potions_obtained":[],"is_trial":false,"path_per_floor":["M","?","?","?","M","E","R","$","T","E"],"character_chosen":"THE_CURSED","items_purchased":[],"campfire_rested":0,"item_purchase_floors":[],"current_hp_per_floor":[69,74,58,51,51,29,29,29,29,0,0],"gold":109,"neow_bonus":"ONE_RANDOM_RARE_CARD","is_daily":false,"chose_seed":false,"campfire_upgraded":1,"win_rate":0.0,"timestamp":1612493397,"path_taken":["M","?","?","?","M","E","R","$","T","E"],"items_purchased_type":[],"build_version":"2020-12-22","purchased_purges":1,"victory":false,"max_hp_per_floor":[75,80,80,80,80,83,83,83,83,83,83],"card_choices":[{"not_picked":["TheCursedMod:WearCloak","TheCursedMod:SpitefulPray"],"picked":"TheCursedMod:CircleOfCorruption","floor":1},{"not_picked":["TheCursedMod:RavingStaff","TheCursedMod:Stigma"],"picked":"TheCursedMod:CircleOfBlood","floor":5},{"not_picked":["TheCursedMod:Stretching","TheCursedMod:ParallelWorld"],"picked":"TheCursedMod:CircleOfFlame","floor":6}],"player_experience":241063,"relics_obtained":[{"floor":6,"key":"Replay:Ringing Soul"},{"floor":9,"key":"Blue Doll"}],"event_choices":[{"damage_healed":0,"gold_gain":0,"player_choice":"Donut","damage_taken":0,"max_hp_gain":5,"max_hp_loss":0,"event_name":"Big Fish","floor":2,"gold_loss":0},{"damage_healed":0,"gold_gain":0,"player_choice":"Entered Light","damage_taken":16,"max_hp_gain":0,"max_hp_loss":0,"event_name":"Shining Light","floor":3,"gold_loss":0,"cards_upgraded":["TheCursedMod:Defend_TheCursed","TheCursedMod:Defend_TheCursed"]},{"damage_healed":0,"gold_gain":0,"player_choice":"Success","damage_taken":7,"relics_obtained":["ReplayTheSpireMod:TigerMarble"],"max_hp_gain":0,"max_hp_loss":0,"event_name":"Scrap Ooze","floor":4,"gold_loss":0}],"is_beta":false,"boss_relics":[],"items_purged_floors":[8],"is_endless":false,"potions_floor_spawned":[],"killed_by":"Lagavulin","ascension_level":3}}