{"host":"msfr2axb1w9025n0","time":1612524451,"event":{"mods":["BaseMod","Bestiary","Block Reminder","Colored Map","DeckTracker","Minty Spire (QoL Compilation)","Relic Stats","Weighted Paths"],"gold_per_floor":[125,150,150,197,219,219,263,263,336,97,134,105,105,126,126,231,231,250,270,291,300,321,321,357,78,123,123,143,166,81,81,81,186,186,197,215,239,239,73,73,100,100,152,152,152,177,192,207,207,207],"floor_reached":51,"language":"ENG","playtime":2044,"items_purged":[],"score":923,"play_id":"a4e31361-a1d3-450a-abcd-a3ea383cad22","local_time":"20210205182731","is_ascension_mode":true,"campfire_choices":[{"data":"ForeignInfluence","floor":6.0,"key":"SMITH"},{"data":"Eruption","floor":13.0,"key":"SMITH"},{"data":"Indignation","floor":15.0,"key":"SMITH"},{"data":"Conclude","floor":23.0,"key":"SMITH"},{"data":"Vigilance","floor":27.0,"key":"SMITH"},{"floor":32.0,"key":"REST"},{"data":"Ragnarok","floor":40,"key":"SMITH"},{"data":"CutThroughFate","floor":42,"key":"SMITH"},{"data":"Adaptation","floor":45,"key":"SMITH"},{"floor":49,"key":"REST"}],"circlet_count":0,"master_deck":["Strike_P","Strike_P","Strike_P+1","Defend_P","Defend_P","Defend_P","Defend_P","Eruption+1","Vigilance+1","ForeignInfluence+1","BowlingBash","CutThroughFate+1","Conclude+1","Indignation+1","FollowUp","InnerPeace+1","Adaptation+1","Omniscience+1","DeceiveReality+1","Worship+1","J.A.X.+1","ClearTheMind+1","Prostrate+1","Prostrate+1","Wallop+1","InnerPeace+1","Brilliance","Ragnarok+1","ThirdEye+1","Crescendo+1"],"relics":["PureWater","CeramicFish","Ginger","Toxic Egg 2","Eternal Feather","Pen Nib","Philosopher\u0027s Stone","StrikeDummy","Sundial","MealTicket","Question Card","Nilry\u0027s Codex","Velvet Choker","Bag of Preparation","CloakClasp","Ancient Tea Set"],"acts_visited":["Exordium","TheCity","TheBeyond"],"potions_floor_usage":[],"damage_taken":[{"damage":2.0,"enemies":"2 Louse","floor":1.0,"turns":4.0},{"damage":0.0,"enemies":"Cultist","floor":2.0,"turns":2.0},{"damage":4.0,"enemies":"Jaw Worm","floor":4.0,"turns":3.0},{"damage":0.0,"enemies":"Large Slime","floor":5.0,"turns":4.0},{"damage":46.0,"enemies":"Lagavulin","floor":7.0,"turns":10.0},{"damage":0.0,"enemies":"Gremlin Nob","floor":11.0,"turns":2.0},{"damage":0.0,"enemies":"3 Louse","floor":14.0,"turns":1.0},{"damage":29.0,"enemies":"Hexaghost","floor":16.0,"turns":8.0},{"damage":0.0,"enemies":"Spheric Guardian","floor":18.0,"turns":2.0},{"damage":15.0,"enemies":"2 Thieves","floor":19.0,"turns":3.0},{"damage":7.0,"enemies":"Chosen and Byrds","floor":20.0,"turns":4.0},{"damage":15.0,"enemies":"3 Cultists","floor":22.0,"turns":4.0},{"damage":34.0,"enemies":"Book of Stabbing","floor":24.0,"turns":4.0},{"damage":7.0,"enemies":"Snecko","floor":28.0,"turns":4.0},{"damage":0.0,"enemies":"Centurion and Healer","floor":29.0,"turns":2.0},{"damage":3.0,"enemies":"Collector","floor":33.0,"turns":5.0},{"damage":0.0,"enemies":"3 Shapes","floor":35.0,"turns":1.0},{"damage":0,"enemies":"3 Darklings","floor":36,"turns":2},{"damage":40,"enemies":"Writhing Mass","floor":37,"turns":3},{"damage":17,"enemies":"Giant Head","floor":41,"turns":5},{"damage":10,"enemies":"4 Shapes","floor":46,"turns":2},{"damage":8,"enemies":"Jaw Worm Horde","floor":47,"turns":3},{"damage":21,"enemies":"3 Darklings","floor":48,"turns":3},{"damage":81,"enemies":"Donu and Deca","floor":50,"turns":7}],"seed_played":"1304318886591565368","potions_obtained":[{"floor":3.0,"key":"FairyPotion"},{"floor":3.0,"key":"PowerPotion"},{"floor":3.0,"key":"LiquidBronze"},{"floor":7.0,"key":"DuplicationPotion"},{"floor":18.0,"key":"ColorlessPotion"},{"floor":35.0,"key":"BottledMiracle"}],"is_trial":false,"path_per_floor":["M","M","?","M","M","R","E","?","T","$","E","$","R","M","R","B",null,"M","M","M","?","M","R","E","$","T","R","M","M","?","?","R","B",null,"M","M","M","?","$","R","E","R","T","?","R","M","M","M","R","B",null],"character_chosen":"WATCHER","items_purchased":["Eternal Feather","InnerPeace+1","Prostrate+1","Sundial","Bag of Preparation","ThirdEye+1"],"campfire_rested":2,"item_purchase_floors":[10,12,25,25,39,39],"current_hp_per_floor":[70,70,70,66,66,66,20,20,20,20,20,20,29,29,38,9,72,72,57,50,50,35,47,13,13,13,28,21,21,21,5,41,38,72,72,72,32,32,47,62,45,60,60,60,72,62,54,33,72,21],"gold":207,"neow_bonus":"RANDOM_COMMON_RELIC","is_daily":false,"chose_seed":false,"campfire_upgraded":8,"win_rate":0.0,"timestamp":1612524451,"path_taken":["M","M","?","?","M","R","E","?","T","$","E","?","R","M","R","BOSS","M","M","M","?","M","R","E","$","T","R","M","M","?","?","R","BOSS","M","M","M","?","$","R","E","R","T","?","R","?","M","M","R","BOSS"],"items_purchased_type":["Relic","Card","Card","Relic","Relic","Card"],"build_version":"2020-12-22","purchased_purges":0,"victory":true,"max_hp_per_floor":[72,72,72,72,72,72,72,72,72,72,72,72,72,72,72,72,72,72,72,72,72,72,72,72,72,72,72,72,72,72,72,72,72,72,72,72,72,72,72,72,72,72,72,72,72,72,72,72,72,72],"relic_stats":{"counters":[24,88],"Sundial":[2],"CeramicFish":189,"Eternal Feather":120,"MealTicket":15,"Pen Nib":[14],"Bag of Preparation":[10],"CloakClasp":[36],"Ginger":[5],"Question Card":8,"obtain_stats":[{"Nilry\u0027s Codex":31,"CeramicFish":0,"Velvet Choker":34,"Eternal Feather":10,"Pen Nib":11,"Bag of Preparation":39,"CloakClasp":41,"Ginger":7,"Question Card":30,"Ancient Tea Set":43,"Sundial":25,"Philosopher\u0027s Stone":17,"MealTicket":26,"PureWater":0,"Toxic Egg 2":9,"StrikeDummy":24},{"Nilry\u0027s Codex":15,"CeramicFish":0,"Velvet Choker":16,"Eternal Feather":5,"Pen Nib":6,"Bag of Preparation":19,"CloakClasp":20,"Ginger":5,"Question Card":15,"Ancient Tea Set":20,"Sundial":13,"Philosopher\u0027s Stone":8,"MealTicket":13,"PureWater":0,"Toxic Egg 2":5,"StrikeDummy":13},{"Nilry\u0027s Codex":57,"CeramicFish":0,"Velvet Choker":62,"Eternal Feather":23,"Pen Nib":25,"Bag of Preparation":68,"CloakClasp":73,"Ginger":23,"Question Card":57,"Ancient Tea Set":73,"Sundial":51,"Philosopher\u0027s Stone":34,"MealTicket":51,"PureWater":0,"Toxic Egg 2":23,"StrikeDummy":51}]},"card_choices":[{"not_picked":["Crescendo","FlyingSleeves"],"picked":"ForeignInfluence","floor":1.0},{"not_picked":["CarveReality","Tantrum"],"picked":"BowlingBash","floor":2.0},{"not_picked":["JustLucky","ReachHeaven"],"picked":"CutThroughFate","floor":4.0},{"not_picked":["EmptyFist","FlyingSleeves"],"picked":"Conclude","floor":5.0},{"not_picked":["Meditate","Prostrate"],"picked":"Indignation","floor":7.0},{"not_picked":["Consecrate","TalkToTheHand"],"picked":"FollowUp","floor":11.0},{"not_picked":["DeceiveReality+1","ThirdEye+1"],"picked":"Adaptation","floor":14.0},{"not_picked":["Scrawl+1","ConjureBlade+1"],"picked":"Omniscience+1","floor":16.0},{"not_picked":["BattleHymn","PathToVictory+1","Prostrate+1"],"picked":"SKIP","floor":18.0},{"not_picked":["WaveOfTheHand+1","CutThroughFate"],"picked":"DeceiveReality+1","floor":19.0},{"not_picked":["FollowUp+1","Nirvana"],"picked":"Worship+1","floor":20.0},{"not_picked":["Halt+1","CarveReality+1"],"picked":"ClearTheMind+1","floor":22.0},{"not_picked":["ThirdEye+1","DeusExMachina+1"],"picked":"Prostrate+1","floor":24.0},{"not_picked":["LikeWater","BowlingBash"],"picked":"Wallop+1","floor":28.0},{"not_picked":["Fasting2","BowlingBash"],"picked":"InnerPeace+1","floor":29.0},{"not_picked":["Scrawl+1","Devotion","LessonLearned"],"picked":"Brilliance","floor":33.0},{"not_picked":["Consecrate+1","FollowUp","FlyingSleeves","FlurryOfBlows+1"],"picked":"SKIP","floor":35.0},{"not_picked":["CrushJoints+1","PathToVictory+1","Prostrate+1","WindmillStrike+1"],"picked":"SKIP","floor":36},{"not_picked":["Weave","FollowUp+1","ThirdEye+1"],"picked":"Ragnarok","floor":37},{"not_picked":["CrushJoints+1","DevaForm","JustLucky+1","FollowUp"],"picked":"SKIP","floor":41},{"not_picked":["ClearTheMind+1","JustLucky","SignatureMove+1"],"picked":"Crescendo+1","floor":46},{"not_picked":["Conclude+1","EmptyFist+1","EmptyMind+1","Perseverance+1"],"picked":"SKIP","floor":47},{"not_picked":["Indignation+1","CrushJoints+1","Prostrate+1","FlurryOfBlows"],"picked":"SKIP","floor":48}],"player_experience":287869,"relics_obtained":[{"floor":7.0,"key":"Ginger"},{"floor":9.0,"key":"Toxic Egg 2"},{"floor":11.0,"key":"Pen Nib"},{"floor":24.0,"key":"StrikeDummy"},{"floor":26.0,"key":"MealTicket"},{"floor":31.0,"key":"Nilry\u0027s Codex"},{"floor":41,"key":"CloakClasp"},{"floor":43,"key":"Ancient Tea Set"}],"event_choices":[{"damage_healed":0.0,"max_hp_gain":0.0,"max_hp_loss":0.0,"gold_gain":0.0,"event_name":"Lab","player_choice":"Got Potions","floor":3.0,"gold_loss":0.0,"damage_taken":0.0},{"damage_healed":0.0,"max_hp_gain":0.0,"max_hp_loss":0.0,"gold_gain":0.0,"event_name":"Shining Light","player_choice":"Ignored","floor":8.0,"gold_loss":0.0,"damage_taken":0.0},{"damage_healed":0.0,"max_hp_gain":0.0,"max_hp_loss":0.0,"gold_gain":0.0,"event_name":"Drug Dealer","player_choice":"Obtain J.A.X.","floor":21.0,"gold_loss":0.0,"damage_taken":0.0,"cards_obtained":["J.A.X."]},{"damage_healed":0.0,"max_hp_gain":0.0,"max_hp_loss":0.0,"gold_gain":0.0,"event_name":"Addict","player_choice":"Obtained Relic","floor":30.0,"gold_loss":85.0,"damage_taken":0.0,"relics_obtained":["Question Card"]},{"damage_healed":0.0,"max_hp_gain":0.0,"max_hp_loss":0.0,"gold_gain":0.0,"event_name":"Cursed Tome","player_choice":"Obtained Book","floor":31.0,"gold_loss":0.0,"damage_taken":16.0},{"cards_removed":["Strike_P"],"damage_healed":0,"gold_gain":0,"player_choice":"Removed Attack","damage_taken":0,"max_hp_gain":0,"max_hp_loss":0,"event_name":"Falling","floor":38,"gold_loss":0},{"damage_healed":0,"gold_gain":0,"player_choice":"Forge","damage_taken":0,"max_hp_gain":0,"max_hp_loss":0,"event_name":"Accursed Blacksmith","floor":44,"gold_loss":0,"cards_upgraded":["Strike_P"]}],"is_beta":false,"boss_relics":[{"not_picked":["Runic Dome","Pandora\u0027s Box"],"picked":"Philosopher\u0027s Stone"},{"not_picked":["VioletLotus","Calling Bell"],"picked":"Velvet Choker"}],"items_purged_floors":[],"is_endless":false,"potions_floor_spawned":[5,7,14,18,22,28,29,35,37,41],"ascension_level":3}}