{"host":"2brg86hfzr3u5cix","time":1612502662,"event":{"mods":["AchievementEnabler","Ascension Unlocker","BaseMod","CapriCore","DeckTracker","Highlight Path","Keyboard Shortcuts","Minty Spire (QoL Compilation)","Permanent Neow","Relic Stats","StSLib","Twitch Utils","Uncapped","UnlockEverythingMod"],"gold_per_floor":[116,30,30,30,30,30,61,76,76,110,110,129,129,139,139,217,217,230,230,230,250,90,90,90,116,116,116,127,127,52,64,64,64,64],"floor_reached":33,"language":"KOR","playtime":825,"items_purged":["Defend_R"],"score":502,"play_id":"a1967ab0-90dc-437c-9a2d-f5b2e76d7908","local_time":"20210205142422","is_ascension_mode":true,"campfire_choices":[{"data":"Bash","floor":6.0,"key":"SMITH"},{"data":"Whirlwind","floor":11.0,"key":"SMITH"},{"data":"Inflame","floor":13.0,"key":"SMITH"},{"data":"Iron Wave","floor":15.0,"key":"SMITH"},{"data":"Berserk","floor":23.0,"key":"SMITH"},{"data":"Twin Strike","floor":27.0,"key":"SMITH"},{"data":"Rage","floor":29.0,"key":"SMITH"},{"floor":32.0,"key":"RECALL"}],"circlet_count":0,"master_deck":["AscendersBane","Strike_R","Strike_R","Strike_R","Strike_R","Strike_R","Defend_R","Defend_R","Defend_R","Bash+1","Shrug It Off","Perfected Strike+1","Inflame+1","Power Through","Iron Wave+1","Whirlwind+1","Twin Strike+1","Pommel Strike","Berserk+1","CurseOfTheBell","Rage+1","Writhe","Spot Weakness"],"relics":["Burning Blood","Ancient Tea Set","Du-Vu Doll","Vajra","WingedGreaves","Calling Bell","Art of War","Question Card","Magic Flower","Boot","Bag of Preparation","Red Mask","Bottled Tornado"],"acts_visited":["Exordium","TheCity"],"potions_floor_usage":[33],"damage_taken":[{"damage":10.0,"enemies":"Small Slimes","floor":1.0,"turns":5.0},{"damage":30.0,"enemies":"Lagavulin","floor":7.0,"turns":6.0},{"damage":6.0,"enemies":"Jaw Worm","floor":8.0,"turns":4.0},{"damage":10.0,"enemies":"Gremlin Nob","floor":10.0,"turns":3.0},{"damage":0.0,"enemies":"Cultist","floor":12.0,"turns":2.0},{"damage":0.0,"enemies":"Large Slime","floor":14.0,"turns":2.0},{"damage":20.0,"enemies":"Hexaghost","floor":16.0,"turns":7.0},{"damage":0.0,"enemies":"Chosen","floor":18.0,"turns":4.0},{"damage":30.0,"enemies":"Spheric Guardian","floor":21.0,"turns":4.0},{"damage":38.0,"enemies":"Masked Bandits","floor":25.0,"turns":4.0},{"damage":12.0,"enemies":"Cultist and Chosen","floor":28.0,"turns":4.0},{"damage":8.0,"enemies":"Shelled Parasite and Fungi","floor":31.0,"turns":2.0},{"damage":100,"enemies":"Automaton","floor":33,"turns":6}],"seed_played":"-7054852333413282081","potions_obtained":[{"floor":1.0,"key":"Strength Potion"},{"floor":8.0,"key":"FearPotion"},{"floor":10.0,"key":"LiquidBronze"},{"floor":21.0,"key":"Energy Potion"},{"floor":25.0,"key":"Regen Potion"},{"floor":31.0,"key":"Fire Potion"}],"is_trial":false,"path_per_floor":["M","$","?","?","$","R","E","M","T","E","R","M","R","M","R","B",null,"M","?","?","M","$","R","?","?","T","R","M","R","$","M","R","B"],"character_chosen":"IRONCLAD","items_purchased":["Inflame","Bag of Preparation"],"campfire_rested":0,"item_purchase_floors":[2,22],"current_hp_per_floor":[64,64,64,59,59,59,35,35,35,31,31,37,37,43,43,29,64,73,73,73,52,52,52,67,38,38,38,54,54,54,55,55,0,0],"gold":64,"neow_bonus":"THREE_CARDS","is_daily":false,"chose_seed":false,"campfire_upgraded":7,"win_rate":0.0,"timestamp":1612502662,"path_taken":["M","$","?","?","?","R","E","M","T","E","R","M","R","M","R","BOSS","M","?","?","M","$","R","?","?","T","R","M","R","$","M","R","BOSS"],"items_purchased_type":["Card","Relic"],"build_version":"2020-12-22","purchased_purges":1,"victory":false,"max_hp_per_floor":[75,75,75,75,75,75,75,75,75,75,75,75,75,75,75,75,75,75,75,75,75,75,75,75,75,75,75,75,75,75,75,75,75,75],"relic_stats":{"counters":[13,53],"Magic Flower":[22],"Art of War":[1],"Bag of Preparation":[8],"Question Card":5,"Boot":[4],"obtain_stats":[{"Vajra":9,"Magic Flower":17,"Bag of Preparation":22,"Bottled Tornado":26,"Ancient Tea Set":4,"Question Card":17,"Boot":20,"Burning Blood":0,"Du-Vu Doll":7,"Calling Bell":17,"WingedGreaves":10,"Art of War":17,"Red Mask":25},{"Vajra":3,"Magic Flower":7,"Bag of Preparation":9,"Bottled Tornado":10,"Ancient Tea Set":1,"Question Card":7,"Boot":8,"Burning Blood":0,"Du-Vu Doll":2,"Calling Bell":7,"WingedGreaves":4,"Art of War":7,"Red Mask":10},{"Vajra":15,"Magic Flower":29,"Bag of Preparation":37,"Bottled Tornado":41,"Ancient Tea Set":5,"Question Card":29,"Boot":33,"Burning Blood":0,"Du-Vu Doll":11,"Calling Bell":29,"WingedGreaves":18,"Art of War":29,"Red Mask":41}],"Burning Blood":87},"card_choices":[{"not_picked":["Perfected Strike","Searing Blow"],"picked":"Shrug It Off","floor":0.0},{"not_picked":["Ghostly Armor","Flex"],"picked":"Perfected Strike","floor":1.0},{"not_picked":["Thunderclap","Clash"],"picked":"Power Through","floor":7.0},{"not_picked":["Sever Soul","Power Through"],"picked":"Iron Wave","floor":8.0},{"not_picked":["Body Slam","Headbutt"],"picked":"Whirlwind","floor":10.0},{"not_picked":["Disarm","Shrug It Off"],"picked":"Twin Strike","floor":12.0},{"not_picked":["Combust","Reckless Charge"],"picked":"Pommel Strike","floor":14.0},{"not_picked":["Brutality","Juggernaut"],"picked":"Berserk","floor":16.0},{"not_picked":["Rupture","Headbutt","Body Slam"],"picked":"Rage","floor":18.0},{"not_picked":["Sword Boomerang","Dual Wield+1","Perfected Strike+1","Iron Wave"],"picked":"SKIP","floor":21.0},{"not_picked":["Sword Boomerang","Metallicize","Pummel"],"picked":"Spot Weakness","floor":28.0},{"not_picked":["Corruption","Dark Embrace+1","Wild Strike","Thunderclap"],"picked":"SKIP","floor":31.0}],"player_experience":354419,"relics_obtained":[{"floor":7.0,"key":"Du-Vu Doll"},{"floor":9.0,"key":"Vajra"},{"floor":10.0,"key":"WingedGreaves"},{"floor":17.0,"key":"Art of War"},{"floor":17.0,"key":"Question Card"},{"floor":17.0,"key":"Magic Flower"},{"floor":25.0,"key":"Red Mask"},{"floor":26.0,"key":"Bottled Tornado"}],"event_choices":[{"damage_healed":0.0,"max_hp_gain":0.0,"max_hp_loss":0.0,"gold_gain":0.0,"event_name":"Living Wall","player_choice":"Grow","floor":3.0,"gold_loss":0.0,"damage_taken":0.0,"cards_upgraded":["Perfected Strike"]},{"damage_healed":0.0,"max_hp_gain":0.0,"max_hp_loss":0.0,"gold_gain":0.0,"event_name":"Scrap Ooze","player_choice":"Success","floor":4.0,"gold_loss":0.0,"damage_taken":5.0,"relics_obtained":["Ancient Tea Set"]},{"damage_healed":0.0,"max_hp_gain":0.0,"max_hp_loss":0.0,"gold_gain":0.0,"event_name":"Ghosts","player_choice":"Ignored","floor":19.0,"gold_loss":0.0,"damage_taken":0.0},{"damage_healed":0.0,"max_hp_gain":0.0,"max_hp_loss":0.0,"gold_gain":0.0,"event_name":"The Mausoleum","player_choice":"Opened","floor":20.0,"gold_loss":0.0,"damage_taken":0.0,"relics_obtained":["Boot"],"cards_obtained":["Writhe"]},{"damage_healed":15.0,"max_hp_gain":0.0,"max_hp_loss":0.0,"gold_gain":0.0,"event_name":"The Library","player_choice":"Heal","floor":24.0,"gold_loss":0.0,"damage_taken":0.0},{"damage_healed":0.0,"max_hp_gain":0.0,"max_hp_loss":0.0,"gold_gain":0.0,"event_name":"Masked Bandits","player_choice":"Fought Bandits","floor":25.0,"gold_loss":0.0,"damage_taken":0.0}],"is_beta":false,"boss_relics":[{"not_picked":["Black Star","Coffee Dripper"],"picked":"Calling Bell"}],"items_purged_floors":[30],"is_endless":false,"potions_floor_spawned":[1,8,10,21,25,31],"killed_by":"Automaton","ascension_level":20}}