{"host":"8a72fthmlk1o8pdb","time":1612512353,"event":{"mods":["AchievementEnabler","Aspiration","Astrologer","Bard","BaseMod","Beaked The Cultist","Better Sensory Stone","Better Skull","Better Third Choice","ChefMod","Colored Map","Colored Powertips","Dark Map","Downfall","Friendly Minions","GifTheSpireLib","Googly Eyes","Gremlin Mod","Hermit","JesterMod","Jorbs\u0027s Wanderer Trilogy","Marisa????????","Minty Spire (QoL Compilation)","Permanent Neow","Random Character Button","Rare Cards Sparkle","Relic Stats","Reliquary","Robot Space Explorer","Shade Mod","Shop Mod","Somnambulant","StSLib","The Alterego","The Animator","The Blue Laboratory","The Construct","The Cursed","The Disciple","The Hayseed","The Hierophant","The Marked","The Necromancer","The Poker Player","The Problem Sleuth","The Runesmith","thorton"],"gold_per_floor":[110,120,120,134,154,154,179,179,206,222,234,49,60,77,77,77,77],"floor_reached":16,"language":"ENG","playtime":867,"items_purged":["hermit:Strike_Hermit"],"score":111,"play_id":"13af1bda-8b77-4889-a77e-01106c4d09a7","local_time":"20210205000553","is_ascension_mode":true,"campfire_choices":[{"data":"Backflip","floor":6,"key":"SMITH"},{"data":"Infinite Blades","floor":8,"key":"SMITH"},{"floor":15,"key":"REST"}],"circlet_count":0,"master_deck":["hermit:Strike_Hermit","hermit:Strike_Hermit","hermit:Defend_Hermit","hermit:Defend_Hermit","hermit:Defend_Hermit","hermit:Defend_Hermit","hermit:Snapshot","hermit:Covet","hermit:WideOpen","hermit:SprayPray","Backflip+1","Crippling Poison","Infinite Blades+1","hermit:Glare","Accuracy","hermit:GoldenBullet","Noxious Fumes"],"relics":["aspiration:SilentSkillbook","reliquary:WeakTea","aspiration:Lifesprig"],"acts_visited":["Exordium"],"potions_floor_usage":[7,14,16],"damage_taken":[{"damage":0,"enemies":"2 Louse","floor":1,"turns":3},{"damage":0,"enemies":"Cultist","floor":2,"turns":3},{"damage":0,"enemies":"Small Slimes","floor":4,"turns":3},{"damage":7,"enemies":"3 Louse","floor":5,"turns":3},{"damage":19,"enemies":"Lagavulin","floor":7,"turns":6},{"damage":23,"enemies":"Lots of Slimes","floor":10,"turns":3},{"damage":11,"enemies":"Exordium Wildlife","floor":11,"turns":3},{"damage":6,"enemies":"3 Louse","floor":13,"turns":3},{"damage":6,"enemies":"Exordium Thugs","floor":14,"turns":4},{"damage":13,"enemies":"Slime Boss","floor":16,"turns":6}],"seed_played":"3246190238448332351","potions_obtained":[{"floor":1,"key":"SpeedPotion"},{"floor":4,"key":"blueLaboratory:BottledHope"},{"floor":5,"key":"blueLaboratory:LouseDecoction"},{"floor":14,"key":"blueLaboratory:LouseDecoction"}],"is_trial":false,"path_per_floor":["M","M","?","M","M","R","E","R","T","M","M","$","M","M","R","B"],"character_chosen":"HERMIT","items_purchased":["Accuracy","hermit:GoldenBullet"],"campfire_rested":1,"item_purchase_floors":[12,12],"current_hp_per_floor":[75,75,75,75,68,68,49,49,49,26,15,15,9,3,25,12,12],"gold":77,"neow_bonus":"BOSS_RELIC","is_daily":false,"chose_seed":false,"campfire_upgraded":2,"win_rate":0.0,"timestamp":1612512353,"path_taken":["M","M","?","M","M","R","E","R","T","M","M","$","?","?","R","BOSS"],"items_purchased_type":["Card","Card"],"build_version":"2020-12-22","purchased_purges":1,"victory":false,"max_hp_per_floor":[75,75,75,75,75,75,75,75,75,75,75,75,75,75,75,75,75],"relic_stats":{"counters":[10,37],"obtain_stats":[{"aspiration:Lifesprig":9,"aspiration:SilentSkillbook":0,"reliquary:WeakTea":7,"hermit:Momento":0},{"aspiration:Lifesprig":5,"aspiration:SilentSkillbook":0,"reliquary:WeakTea":5,"hermit:Momento":0},{"aspiration:Lifesprig":18,"aspiration:SilentSkillbook":0,"reliquary:WeakTea":18,"hermit:Momento":0}]},"card_choices":[{"not_picked":["hermit:Grudge","hermit:HighCaliber","Underhanded Strike","hermit:DeadMansHand"],"picked":"SKIP","floor":1},{"not_picked":["Sucker Punch","Poisoned Stab","hermit:BodyArmor"],"picked":"hermit:WideOpen","floor":2},{"not_picked":["hermit:TakeAim","hermit:HighCaliber","Dagger Spray"],"picked":"Backflip","floor":4},{"not_picked":["Terror","hermit:DeadMansHand","Blur"],"picked":"Crippling Poison","floor":5},{"not_picked":["hermit:Dive","Predator","Riddle With Holes"],"picked":"Infinite Blades","floor":7},{"not_picked":["hermit:Vantage","hermit:CalledShot","hermit:Grudge"],"picked":"hermit:Glare","floor":10},{"not_picked":["Quick Slash","Skewer","Setup","hermit:Roulette"],"picked":"SKIP","floor":11},{"not_picked":["hermit:Determination","Deadly Poison","hermit:Vantage","Distraction"],"picked":"SKIP","floor":13},{"not_picked":["Envenom","Terror","hermit:GoldenBullet"],"picked":"Noxious Fumes","floor":14}],"player_experience":169516,"relics_obtained":[{"floor":7,"key":"reliquary:WeakTea"},{"floor":9,"key":"aspiration:Lifesprig"}],"event_choices":[{"damage_healed":0,"gold_gain":0,"cards_transformed":["hermit:Strike_Hermit"],"player_choice":"Transformed","damage_taken":0,"max_hp_gain":0,"max_hp_loss":0,"event_name":"Transmorgrifier","floor":3,"gold_loss":0,"cards_obtained":["hermit:SprayPray"]}],"is_beta":false,"boss_relics":[],"items_purged_floors":[12],"is_endless":false,"potions_floor_spawned":[1,4,5,14],"killed_by":"Slime Boss","ascension_level":1}}