{"host":"rx3fqeecbcmic2ko","time":1612554842,"event":{"mods":["BaseMod","Better Sensory Stone","Disable Question Mark Monsters","Energized Spire","Hyrulean Relics","Minty Spire (QoL Compilation)","Quick Restart","Relic Filter","Small Relic Pack","StSLib","The Bug Knight","The Wild Card"],"gold_per_floor":[117,117,117,117,117,117,117,117,117,9,9,69,80,96,96,193,193,205,205,169,169,187,187,210,210,210,225,240,240,240,240,240,240,240],"floor_reached":33,"language":"ENG","playtime":796,"items_purged":[],"score":231,"play_id":"fce8a659-e01d-4736-a30e-8e7287df8a46","local_time":"20210205145402","is_ascension_mode":false,"campfire_choices":[{"data":"Blade Dance","floor":6,"key":"SMITH"},{"data":"Poisoned Stab","floor":11,"key":"SMITH"},{"data":"Neutralize","floor":15,"key":"SMITH"},{"floor":23,"key":"REST"},{"floor":25,"key":"REST"},{"floor":30,"key":"REST"},{"floor":32,"key":"REST"}],"circlet_count":0,"master_deck":["Strike_G+1","Strike_G+1","Strike_G+1","Strike_G+1","Strike_G+1","Defend_G+1","Defend_G+1","Defend_G+1","Defend_G+1","Defend_G+1","Survivor","Neutralize+1","Blade Dance+1","Poisoned Stab+1","Blade Dance","Backstab","Quick Slash","Quick Slash","Envenom","Flechettes+1","Bane","Dagger Spray","Caltrops","Purity","Noxious Fumes"],"relics":["Ring of the Snake","NeowsBlessing","CultistMask","relicPack:DarknessArmor","Ice Cream","The Courier","energizedSpire:DeadBattery","relicPack:OneForAll","Strawberry","Unceasing Top"],"acts_visited":["Exordium","TheCity"],"potions_floor_usage":[16],"damage_taken":[{"damage":0,"enemies":"Cultist","floor":1,"turns":1},{"damage":0,"enemies":"Jaw Worm","floor":4,"turns":1},{"damage":0,"enemies":"3 Sentries","floor":12,"turns":1},{"damage":0,"enemies":"Small Slimes","floor":13,"turns":1},{"damage":1,"enemies":"2 Fungi Beasts","floor":14,"turns":2},{"damage":27,"enemies":"Slime Boss","floor":16,"turns":7},{"damage":15,"enemies":"2 Thieves","floor":18,"turns":3},{"damage":21,"enemies":"Sentry and Sphere","floor":22,"turns":4},{"damage":26,"enemies":"Cultist and Chosen","floor":27,"turns":5},{"damage":12,"enemies":"Snecko","floor":28,"turns":4},{"damage":81,"enemies":"Automaton","floor":33,"turns":8}],"seed_played":"4478070783350923540","potions_obtained":[{"floor":1,"key":"AttackPotion"},{"floor":13,"key":"Swift Potion"},{"floor":16,"key":"Swift Potion"},{"floor":22,"key":"LiquidBronze"}],"is_trial":false,"path_per_floor":["M","?","?","M","$","R","?","?","T","$","R","?","M","M","R","B",null,"M","?","$","?","M","R","T","R","T","M","M","?","R","?","R","B"],"character_chosen":"THE_SILENT","items_purchased":["Poisoned Stab","Blade Dance","Bane"],"campfire_rested":4,"item_purchase_floors":[10,10,20],"current_hp_per_floor":[70,70,70,70,70,70,70,63,63,63,63,63,63,62,62,35,70,55,55,55,55,34,55,62,77,77,51,39,39,62,62,77,0,0],"gold":240,"neow_bonus":"THREE_ENEMY_KILL","is_daily":false,"chose_seed":false,"campfire_upgraded":3,"win_rate":0.0,"timestamp":1612554842,"path_taken":["M","?","?","M","?","R","?","?","T","?","R","?","M","M","R","BOSS","M","?","$","?","M","R","?","R","T","?","M","?","R","?","R","BOSS"],"items_purchased_type":["Card","Card","Card"],"build_version":"2020-12-22","purchased_purges":0,"victory":false,"max_hp_per_floor":[70,70,70,70,70,70,70,70,70,70,70,70,70,70,70,70,70,70,70,70,70,70,70,77,77,77,77,77,77,77,77,77,77,77],"card_choices":[{"not_picked":["Heel Hook","Dash"],"picked":"Blade Dance","floor":1},{"not_picked":["Backstab","Sucker Punch","Leg Sweep"],"picked":"SKIP","floor":4},{"not_picked":["Deflect","Predator"],"picked":"Backstab","floor":12},{"not_picked":["Bane","Acrobatics"],"picked":"Quick Slash","floor":13},{"not_picked":["Skewer","Footwork"],"picked":"Quick Slash","floor":14},{"not_picked":["Wraith Form v2","Glass Knife"],"picked":"Envenom","floor":16},{"not_picked":["Dodge and Roll+1","Blade Dance"],"picked":"Flechettes+1","floor":18},{"not_picked":["Prepared","Footwork"],"picked":"Dagger Spray","floor":22},{"not_picked":["Flechettes","Expertise+1","Night Terror"],"picked":"SKIP","floor":27},{"not_picked":["Predator","Dagger Throw"],"picked":"Caltrops","floor":28}],"player_experience":88910,"relics_obtained":[{"floor":9,"key":"Ice Cream"},{"floor":12,"key":"The Courier"},{"floor":24,"key":"Strawberry"},{"floor":26,"key":"Unceasing Top"}],"event_choices":[{"damage_healed":0,"gold_gain":0,"player_choice":"Ignored","damage_taken":0,"max_hp_gain":0,"max_hp_loss":0,"event_name":"Liars Game","floor":2,"gold_loss":0},{"damage_healed":0,"gold_gain":0,"player_choice":"Trade","damage_taken":0,"relics_obtained":["CultistMask"],"max_hp_gain":0,"max_hp_loss":0,"event_name":"FaceTrader","floor":3,"gold_loss":0},{"damage_healed":0,"gold_gain":0,"player_choice":"Success","damage_taken":7,"relics_obtained":["relicPack:DarknessArmor"],"max_hp_gain":0,"max_hp_loss":0,"event_name":"Scrap Ooze","floor":8,"gold_loss":0},{"damage_healed":0,"gold_gain":0,"player_choice":"Searched \u00272\u0027 times","damage_taken":0,"max_hp_gain":0,"max_hp_loss":0,"event_name":"Dead Adventurer","floor":12,"gold_loss":0},{"damage_healed":0,"gold_gain":0,"player_choice":"Ignored","damage_taken":0,"max_hp_gain":0,"max_hp_loss":0,"event_name":"Beggar","floor":19,"gold_loss":0},{"damage_healed":0,"gold_gain":0,"player_choice":"Simplicity","damage_taken":0,"max_hp_gain":0,"max_hp_loss":0,"event_name":"Back to Basics","floor":29,"gold_loss":0,"cards_upgraded":["Strike_G","Strike_G","Strike_G","Strike_G","Strike_G","Defend_G","Defend_G","Defend_G","Defend_G","Defend_G"]},{"damage_healed":0,"gold_gain":0,"player_choice":"2 cards matched","damage_taken":0,"max_hp_gain":0,"max_hp_loss":0,"event_name":"Match and Keep!","floor":31,"gold_loss":0,"cards_obtained":["Purity","Noxious Fumes"]}],"is_beta":false,"boss_relics":[{"not_picked":["HoveringKite","Runic Pyramid"],"picked":"energizedSpire:DeadBattery"}],"items_purged_floors":[],"is_endless":false,"potions_floor_spawned":[1,13,16,22],"killed_by":"Automaton","ascension_level":0}}