{"host":"2wp95sdfrgw3k439","time":1612497034,"event":{"mods":["BaseMod","Better Altar","Better Skull","Better Third Choice","Curses Come First","Minty Spire (QoL Compilation)","Permanent Neow","StSLib"],"gold_per_floor":[114,128,53,65,81,107,107,122,146,176,202,202,212,230,230,328,328,339,339,339,50,65,65,92,92,92,126,126,146,146,162,162,263,263,278,294,294,294,312,345,345,21,21,21,41,41,89,109,109,109],"floor_reached":51,"language":"ENG","playtime":1909,"items_purged":["Decay","Shrug It Off"],"score":1082,"play_id":"0c71420e-2d9d-450a-b4d8-b91ae8e19372","local_time":"20210204205034","is_ascension_mode":true,"campfire_choices":[{"floor":7.0,"key":"REST"},{"data":"Feed","floor":12.0,"key":"SMITH"},{"data":"Whirlwind","floor":15.0,"key":"SMITH"},{"floor":23.0,"key":"REST"},{"data":"RitualDagger","floor":25.0,"key":"SMITH"},{"data":"Hemokinesis","floor":28.0,"key":"SMITH"},{"data":"Metallicize","floor":32,"key":"SMITH"},{"data":"Berserk","floor":41,"key":"SMITH"},{"data":"Inflame","floor":44,"key":"SMITH"},{"floor":49,"key":"REST"}],"circlet_count":0,"master_deck":["Strike_R+1","Strike_R+1","Strike_R+1","Strike_R+1","Strike_R+1","Defend_R+1","Defend_R+1","Defend_R+1","Defend_R+1","Bash","Hemokinesis+1","Whirlwind+1","Metallicize+1","Feed+1","Cleave","Offering","Metallicize","RitualDagger+1","Ghostly Armor+1","Shrug It Off+1","Flame Barrier","Berserk+1","Shockwave+1","Hemokinesis+1","Inflame+1","Decay","Heavy Blade+1","Perfected Strike+1"],"relics":["Burning Blood","Torii","Regal Pillow","Potion Belt","Strawberry","Lantern","Sozu","Unceasing Top","StrikeDummy","Juzu Bracelet","Pantograph","Cursed Key","HornCleat","Bag of Preparation","Omamori","MealTicket","Calipers"],"acts_visited":["Exordium","TheCity","TheBeyond"],"potions_floor_usage":[],"damage_taken":[{"damage":3.0,"enemies":"Jaw Worm","floor":1.0,"turns":4.0},{"damage":5.0,"enemies":"Small Slimes","floor":2.0,"turns":4.0},{"damage":1.0,"enemies":"2 Louse","floor":4.0,"turns":3.0},{"damage":2.0,"enemies":"Large Slime","floor":5.0,"turns":3.0},{"damage":53.0,"enemies":"Lagavulin","floor":6.0,"turns":8.0},{"damage":10.0,"enemies":"3 Louse","floor":8.0,"turns":3.0},{"damage":34.0,"enemies":"Gremlin Nob","floor":11.0,"turns":4.0},{"damage":1.0,"enemies":"Blue Slaver","floor":13.0,"turns":6.0},{"damage":3.0,"enemies":"2 Fungi Beasts","floor":14.0,"turns":3.0},{"damage":13.0,"enemies":"Slime Boss","floor":16.0,"turns":9.0},{"damage":35.0,"enemies":"Shell Parasite","floor":18.0,"turns":7.0},{"damage":6.0,"enemies":"3 Byrds","floor":22.0,"turns":7.0},{"damage":28.0,"enemies":"Slavers","floor":24.0,"turns":3.0},{"damage":16.0,"enemies":"Gremlin Leader","floor":27.0,"turns":7.0},{"damage":11.0,"enemies":"Snake Plant","floor":29.0,"turns":3.0},{"damage":6.0,"enemies":"3 Cultists","floor":31.0,"turns":2.0},{"damage":96,"enemies":"Automaton","floor":33,"turns":16},{"damage":8,"enemies":"3 Shapes","floor":35,"turns":2},{"damage":8,"enemies":"Orb Walker","floor":36,"turns":2},{"damage":16,"enemies":"Maw","floor":39,"turns":6},{"damage":20,"enemies":"Reptomancer","floor":40,"turns":4},{"damage":8,"enemies":"Jaw Worm Horde","floor":45,"turns":3},{"damage":22,"enemies":"2 Orb Walkers","floor":47,"turns":3},{"damage":7,"enemies":"3 Darklings","floor":48,"turns":4},{"damage":110,"enemies":"Donu and Deca","floor":50,"turns":9}],"seed_played":"7055924163982476738","potions_obtained":[{"floor":2.0,"key":"LiquidBronze"},{"floor":8.0,"key":"Regen Potion"},{"floor":11.0,"key":"DuplicationPotion"},{"floor":13.0,"key":"Explosive Potion"},{"floor":14.0,"key":"AttackPotion"}],"is_trial":false,"path_per_floor":["M","M","$","M","M","E","R","M","T","?","E","R","M","M","R","B",null,"M","?","?","$","M","R","E","R","T","E","R","M","?","M","R","B",null,"M","M","?","?","M","E","R","$","T","R","M","T","?","M","R","B",null],"character_chosen":"IRONCLAD","items_purchased":["Unceasing Top","Bag of Preparation","Inflame"],"campfire_rested":3,"item_purchase_floors":[21,42,42],"current_hp_per_floor":[75,76,76,80,80,33,72,68,68,75,59,59,68,75,75,72,92,67,61,61,61,65,107,89,89,89,79,79,74,74,74,74,9,86,88,86,86,86,76,66,66,66,66,66,68,68,56,55,108,23],"gold":109,"neow_bonus":"ONE_RARE_RELIC","is_daily":false,"chose_seed":false,"campfire_upgraded":7,"win_rate":0.0,"timestamp":1612497034,"path_taken":["M","M","$","M","M","E","R","M","T","?","E","R","M","M","R","BOSS","M","?","?","$","M","R","E","R","T","E","R","M","?","M","R","BOSS","M","M","?","?","M","E","R","$","T","R","M","?","?","M","R","BOSS"],"items_purchased_type":["Relic","Relic","Card"],"build_version":"2020-12-22","purchased_purges":2,"victory":true,"max_hp_per_floor":[80,80,80,80,80,80,80,80,80,87,87,87,91,95,95,99,99,103,103,103,103,107,107,111,111,111,111,111,111,111,111,111,111,111,115,115,115,115,115,119,119,119,119,119,123,123,127,127,127,127],"card_choices":[{"not_picked":["Rampage","Wild Strike"],"picked":"Hemokinesis","floor":1.0},{"not_picked":["Body Slam","Burning Pact"],"picked":"Thunderclap","floor":2.0},{"not_picked":["Wild Strike","Headbutt"],"picked":"Shrug It Off","floor":4.0},{"not_picked":["Ghostly Armor","Hemokinesis"],"picked":"Whirlwind","floor":5.0},{"not_picked":["Hemokinesis","Wild Strike"],"picked":"Metallicize","floor":6.0},{"not_picked":["Thunderclap","Clash","Armaments"],"picked":"SKIP","floor":8.0},{"not_picked":["Battle Trance","Carnage"],"picked":"Feed","floor":11.0},{"not_picked":["Entrench","Warcry","Rampage"],"picked":"SKIP","floor":13.0},{"not_picked":["Entrench","Havoc"],"picked":"Cleave","floor":14.0},{"not_picked":["Reaper","Fiend Fire"],"picked":"Offering","floor":16.0},{"not_picked":["Wild Strike","Cleave"],"picked":"Metallicize","floor":18.0},{"not_picked":["Pommel Strike","Heavy Blade","True Grit"],"picked":"SKIP","floor":22.0},{"not_picked":["Headbutt","Heavy Blade"],"picked":"Ghostly Armor+1","floor":24.0},{"not_picked":["Clash","Burning Pact"],"picked":"Shrug It Off+1","floor":27.0},{"not_picked":["Body Slam","Combust"],"picked":"Flame Barrier","floor":29.0},{"not_picked":["Evolve+1","Fire Breathing+1","Anger"],"picked":"SKIP","floor":31.0},{"not_picked":["Brutality","Corruption"],"picked":"Berserk","floor":33},{"not_picked":["Searing Blow","Ghostly Armor+1"],"picked":"Shockwave+1","floor":35},{"not_picked":["Armaments+1","Twin Strike+1","Clothesline+1"],"picked":"SKIP","floor":36},{"not_picked":["Armaments","Clothesline+1"],"picked":"Hemokinesis+1","floor":39},{"not_picked":["Sentinel","Iron Wave+1","Blood for Blood+1"],"picked":"SKIP","floor":40},{"not_picked":["Headbutt+1","True Grit+1"],"picked":"Heavy Blade+1","floor":45},{"not_picked":["Double Tap","Shrug It Off"],"picked":"Perfected Strike+1","floor":47},{"not_picked":["Reckless Charge+1","Clash+1","Thunderclap+1"],"picked":"SKIP","floor":48}],"player_experience":539725,"relics_obtained":[{"floor":6.0,"key":"Regal Pillow"},{"floor":9.0,"key":"Potion Belt"},{"floor":11.0,"key":"Lantern"},{"floor":24.0,"key":"StrikeDummy"},{"floor":26.0,"key":"Juzu Bracelet"},{"floor":27.0,"key":"Pantograph"},{"floor":40,"key":"HornCleat"},{"floor":43,"key":"Omamori"},{"floor":46,"key":"MealTicket"},{"floor":47,"key":"Calipers"}],"event_choices":[{"damage_healed":0.0,"max_hp_gain":0.0,"max_hp_loss":0.0,"gold_gain":30.0,"event_name":"Dead Adventurer","player_choice":"Searched \u00273\u0027 times","floor":10.0,"gold_loss":0.0,"damage_taken":0.0,"relics_obtained":["Strawberry"]},{"damage_healed":0.0,"max_hp_gain":0.0,"max_hp_loss":0.0,"gold_gain":0.0,"event_name":"betterThird:BetterNest","player_choice":"Dagger","floor":19.0,"gold_loss":0.0,"damage_taken":6.0,"cards_obtained":["RitualDagger"]},{"damage_healed":0.0,"max_hp_gain":0.0,"max_hp_loss":9.0,"gold_gain":0.0,"event_name":"betterThird:BetterWriting","player_choice":"Simplicity","floor":20.0,"gold_loss":0.0,"damage_taken":0.0},{"damage_healed":0.0,"max_hp_gain":0.0,"max_hp_loss":0.0,"gold_gain":0.0,"event_name":"Ghosts","player_choice":"Ignored","floor":30.0,"gold_loss":0.0,"damage_taken":0.0},{"cards_removed":["Thunderclap"],"damage_healed":0,"gold_gain":0,"player_choice":"Removed Attack","damage_taken":0,"max_hp_gain":0,"max_hp_loss":0,"event_name":"Falling","floor":37,"gold_loss":0},{"damage_healed":0,"gold_gain":0,"player_choice":"Ignored","damage_taken":0,"max_hp_gain":0,"max_hp_loss":0,"event_name":"Tomb of Lord Red Mask","floor":38,"gold_loss":0},{"damage_healed":0,"gold_gain":0,"player_choice":"Fight","damage_taken":0,"max_hp_gain":0,"max_hp_loss":0,"event_name":"Mysterious Sphere","floor":47,"gold_loss":0}],"is_beta":false,"boss_relics":[{"not_picked":["Runic Dome","Runic Pyramid"],"picked":"Sozu"},{"not_picked":["Empty Cage","Calling Bell"],"picked":"Cursed Key"}],"items_purged_floors":[3,42],"is_endless":false,"potions_floor_spawned":[2,8,11,13,14,31,33,36,39,47],"ascension_level":9}}