{"host":"8a72fthmlk1o8pdb","time":1612509940,"event":{"mods":["AchievementEnabler","Aspiration","Astrologer","Bard","BaseMod","Beaked The Cultist","Better Sensory Stone","Better Skull","Better Third Choice","ChefMod","Colored Map","Colored Powertips","Dark Map","Downfall","Friendly Minions","GifTheSpireLib","Googly Eyes","Gremlin Mod","Hermit","JesterMod","Jorbs\u0027s Wanderer Trilogy","Marisa????????","Minty Spire (QoL Compilation)","Permanent Neow","Random Character Button","Rare Cards Sparkle","Relic Stats","Reliquary","Robot Space Explorer","Shade Mod","Shop Mod","Somnambulant","StSLib","The Alterego","The Animator","The Blue Laboratory","The Construct","The Cursed","The Disciple","The Hayseed","The Hierophant","The Marked","The Necromancer","The Poker Player","The Problem Sleuth","The Runesmith","thorton"],"gold_per_floor":[109,109,109,34,51,51,71,71,71,71,33,46,46,46,46,147,147,160,170,170,170,188,188,222,239,239,239,239,259,159,174,174,272,272,289,305,15,28,45,76,76,76,76,111,122,156,156,31,31,31,31,31,31,60,60],"floor_reached":56,"language":"ENG","playtime":16442,"items_purged":["Strike_R","Heavy Blade","Defend_R"],"score":1345,"play_id":"28571b70-2da1-481f-8f09-de0f6e6fb3b3","local_time":"20210204232540","is_ascension_mode":false,"campfire_choices":[{"data":"Dropkick","floor":6,"key":"SMITH"},{"data":"Bash","floor":8,"key":"SMITH"},{"data":"PanicButton","floor":10,"key":"SMITH"},{"data":"Thunderclap","floor":15,"key":"SMITH"},{"data":"Offering","floor":23,"key":"SMITH"},{"data":"Combust","floor":27,"key":"SMITH"},{"data":"Seeing Red","floor":32,"key":"SMITH"},{"floor":41,"key":"RECALL"},{"data":"Dropkick","floor":49,"key":"SMITH"},{"data":"Defend_R","floor":52,"key":"SMITH"}],"circlet_count":0,"master_deck":["Defend_R","Defend_R","Defend_R+1","Bash+1","Dropkick+1","Thunderclap+1","PanicButton+1","Combust+1","Offering+1","Double Tap+1","Burning Pact+1","Seeing Red+1","Dropkick+1","Rage+1"],"relics":["Burning Blood","Meat on the Bone","Astrolabe","Centennial Puzzle","Question Card","theSleuth:AffinityCrow","TungstenRod","Anchor","Centennial Puzzle","reliquary:PrincelyHelmet","TheSimpletonMod:GardenGlove"],"acts_visited":["Exordium","TheCity","TheBeyond","TheEnding"],"potions_floor_usage":[24,24,31,31,33,33,36,38,39,39,46,46,50,55],"damage_taken":[{"damage":2,"enemies":"Small Slimes","floor":1,"turns":4},{"damage":8,"enemies":"Jaw Worm","floor":5,"turns":4},{"damage":6,"enemies":"Cultist","floor":7,"turns":3},{"damage":15,"enemies":"Looter","floor":12,"turns":3},{"damage":55,"enemies":"Slime Boss","floor":16,"turns":9},{"damage":16,"enemies":"Chosen","floor":18,"turns":2},{"damage":26,"enemies":"2 Thieves","floor":19,"turns":3},{"damage":27,"enemies":"Snake Plant","floor":22,"turns":3},{"damage":26,"enemies":"Gremlin Leader","floor":24,"turns":4},{"damage":9,"enemies":"Cultist and Chosen","floor":25,"turns":4},{"damage":6,"enemies":"Centurion and Healer","floor":29,"turns":1},{"damage":12,"enemies":"Snake Plant","floor":31,"turns":3},{"damage":38,"enemies":"Automaton","floor":33,"turns":6},{"damage":21,"enemies":"3 Shapes","floor":35,"turns":4},{"damage":12,"enemies":"Orb Walker","floor":36,"turns":3},{"damage":5,"enemies":"Writhing Mass","floor":38,"turns":1},{"damage":5,"enemies":"Transient","floor":39,"turns":2},{"damage":5,"enemies":"Giant Head","floor":40,"turns":2},{"damage":5,"enemies":"Nemesis","floor":44,"turns":1},{"damage":13,"enemies":"Sphere and 2 Shapes","floor":45,"turns":3},{"damage":5,"enemies":"Reptomancer","floor":46,"turns":5},{"damage":5,"enemies":"Donu and Deca","floor":50,"turns":2},{"damage":5,"enemies":"Shield and Spear","floor":54,"turns":1},{"damage":37,"enemies":"The Heart","floor":55,"turns":8}],"seed_played":"3037339488196522761","potions_obtained":[{"floor":5,"key":"blueLaboratory:BottleOfRum"},{"floor":12,"key":"CultistPotion"},{"floor":24,"key":"blueLaboratory:PyrophylliteBrew"},{"floor":29,"key":"EntropicBrew"},{"floor":31,"key":"blueLaboratory:PhilterOfMotion"},{"floor":33,"key":"blueLaboratory:BubblePotion"},{"floor":36,"key":"EntropicBrew"},{"floor":38,"key":"hexamod:SoulburnPotion"},{"floor":40,"key":"Ancient Potion"},{"floor":46,"key":"Fruit Juice"},{"floor":54,"key":"blueLaboratory:HorrorPotion"}],"is_trial":false,"path_per_floor":["M","?","?","$","M","R","M","R","T","R","$","M","?","?","R","B",null,"M","M","?","?","M","R","E","M","T","R","?","M","$","M","R","B",null,"M","M","$","M","M","E","R","?","T","E","M","E","?","$","R","B",null,"R","$","E","B",null],"character_chosen":"IRONCLAD","items_purchased":["Combust","TungstenRod"],"campfire_rested":0,"item_purchase_floors":[11,37],"current_hp_per_floor":[80,80,80,80,78,78,78,78,78,78,78,69,74,67,67,30,85,75,55,55,55,46,46,38,47,47,47,47,59,59,53,53,33,85,70,64,64,65,66,67,67,67,67,68,61,67,67,67,67,68,90,90,90,90,59],"gold":60,"neow_bonus":"THREE_CARDS","is_daily":false,"chose_seed":false,"campfire_upgraded":9,"win_rate":0.0,"timestamp":1612509940,"path_taken":["M","?","?","$","M","R","M","R","T","R","$","M","?","?","R","BOSS","M","M","?","?","?","R","E","M","T","R","?","M","$","M","R","BOSS","M","M","$","M","M","E","R","?","T","E","M","E","?","$","R","BOSS","R","$","E","BOSS"],"items_purchased_type":["Card","Relic"],"build_version":"2020-12-22","purchased_purges":3,"victory":true,"max_hp_per_floor":[80,80,80,80,80,80,80,80,80,80,80,80,85,85,85,85,85,85,85,85,85,85,85,85,85,85,85,85,85,85,85,85,85,85,85,85,85,85,85,85,85,85,85,85,85,90,90,90,90,90,90,90,90,90,90],"relic_stats":{"Centennial Puzzle":[45],"counters":[24,81],"Astrolabe":["Double Tap","Carnage","Burning Pact"],"Question Card":12,"obtain_stats":[{"Centennial Puzzle":24,"Anchor":40,"reliquary:PrincelyHelmet":46,"Astrolabe":17,"theSleuth:AffinityCrow":34,"reliquary:SculptingSteel":44,"Question Card":26,"Burning Blood":0,"TungstenRod":37,"TheSimpletonMod:GardenGlove":54,"Meat on the Bone":9},{"Centennial Puzzle":9,"Anchor":18,"reliquary:PrincelyHelmet":21,"Astrolabe":5,"theSleuth:AffinityCrow":13,"reliquary:SculptingSteel":19,"Question Card":10,"Burning Blood":0,"TungstenRod":15,"TheSimpletonMod:GardenGlove":23,"Meat on the Bone":3},{"Centennial Puzzle":35,"Anchor":61,"reliquary:PrincelyHelmet":70,"Astrolabe":23,"theSleuth:AffinityCrow":49,"reliquary:SculptingSteel":62,"Question Card":39,"Burning Blood":0,"TungstenRod":56,"TheSimpletonMod:GardenGlove":73,"Meat on the Bone":11}],"Burning Blood":139,"TungstenRod":78,"Meat on the Bone":72},"card_choices":[{"not_picked":["Seeing Red","Body Slam"],"picked":"Dropkick","floor":0},{"not_picked":["Shrug It Off","Warcry"],"picked":"Thunderclap","floor":1},{"not_picked":["Bandage Up","Dark Shackles"],"picked":"PanicButton","floor":3},{"not_picked":["Flex","Blood for Blood","Sword Boomerang"],"picked":"SKIP","floor":5},{"not_picked":["Headbutt","Fire Breathing","Body Slam"],"picked":"SKIP","floor":7},{"not_picked":["Flame Barrier","Warcry","Spot Weakness"],"picked":"SKIP","floor":12},{"not_picked":["Brutality","Fiend Fire"],"picked":"Offering","floor":16},{"not_picked":["Clash","Shrug It Off","True Grit"],"picked":"SKIP","floor":18},{"not_picked":["Heavy Blade","True Grit","Shrug It Off"],"picked":"SKIP","floor":19},{"not_picked":["Anger","True Grit","Feed"],"picked":"SKIP","floor":22},{"not_picked":["Entrench","Spot Weakness+1","Twin Strike"],"picked":"SKIP","floor":24},{"not_picked":["Headbutt","Clothesline+1","Body Slam+1"],"picked":"SKIP","floor":25},{"not_picked":["Armaments+1","Pommel Strike","Demon Form","Sword Boomerang"],"picked":"SKIP","floor":29},{"not_picked":["Armaments","Pommel Strike","Heavy Blade","Ghostly Armor+1"],"picked":"SKIP","floor":31},{"not_picked":["Pommel Strike+1","Uppercut","Iron Wave+1"],"picked":"Whirlwind","floor":35},{"not_picked":["Anger+1","Clash+1","Battle Trance","Armaments"],"picked":"SKIP","floor":36},{"not_picked":["Twin Strike+1","Warcry","Cleave+1"],"picked":"Dropkick","floor":38},{"not_picked":["Cleave","Burning Pact","Entrench+1","Iron Wave"],"picked":"SKIP","floor":39},{"not_picked":["Body Slam","Cleave+1","Warcry","Searing Blow+1"],"picked":"SKIP","floor":40},{"not_picked":["Bloodletting+1","Demon Form","Twin Strike"],"picked":"Rage+1","floor":44},{"not_picked":["Flame Barrier+1","Clothesline+1","Cleave","Armaments+1"],"picked":"SKIP","floor":45},{"not_picked":["Reaper","Combust","Warcry","Metallicize"],"picked":"SKIP","floor":46},{"not_picked":["Warcry","Rupture+1","Inflame","Shrug It Off+1"],"picked":"SKIP","floor":54}],"player_experience":151880,"relics_obtained":[{"floor":9,"key":"Meat on the Bone"},{"floor":24,"key":"Centennial Puzzle"},{"floor":26,"key":"Question Card"},{"floor":40,"key":"Anchor"},{"floor":44,"key":"reliquary:SculptingSteel"},{"floor":46,"key":"reliquary:PrincelyHelmet"},{"floor":54,"key":"TheSimpletonMod:GardenGlove"}],"event_choices":[{"damage_healed":0,"gold_gain":1,"player_choice":"1","damage_taken":0,"max_hp_gain":0,"max_hp_loss":0,"event_name":"betterStone:BetterStone","floor":3,"gold_loss":0},{"damage_healed":0,"gold_gain":0,"player_choice":"Donut","damage_taken":0,"max_hp_gain":5,"max_hp_loss":0,"event_name":"Big Fish","floor":13,"gold_loss":0},{"cards_removed":["Strike_R"],"damage_healed":0,"gold_gain":0,"player_choice":"Card Removal","damage_taken":7,"max_hp_gain":0,"max_hp_loss":0,"event_name":"Golden Wing","floor":14,"gold_loss":0},{"damage_healed":0,"gold_gain":0,"cards_transformed":["Carnage"],"player_choice":"Transformed","damage_taken":0,"max_hp_gain":0,"max_hp_loss":0,"event_name":"Transmorgrifier","floor":21,"gold_loss":0,"cards_obtained":["Heavy Blade"]},{"damage_healed":0,"gold_gain":0,"player_choice":"Read","damage_taken":0,"max_hp_gain":0,"max_hp_loss":0,"event_name":"The Library","floor":28,"gold_loss":0,"cards_obtained":["Seeing Red"]},{"cards_removed":["Whirlwind"],"damage_healed":0,"gold_gain":0,"player_choice":"Removed Attack","damage_taken":0,"max_hp_gain":0,"max_hp_loss":0,"event_name":"Falling","floor":47,"gold_loss":0}],"is_beta":false,"boss_relics":[{"not_picked":["Runic Pyramid","aspiration:MarisaSkillbook"],"picked":"Astrolabe"},{"not_picked":["Sozu","beaked:MawFillet"],"picked":"theSleuth:AffinityCrow"}],"items_purged_floors":[4,30,48],"is_endless":false,"potions_floor_spawned":[5,12,24,29,31,33,36,38,40,46,54],"ascension_level":0}}