{"host":"lktusdb9orijgc6z","time":1612545373,"event":{"mods":["BaseMod","Bestiary","Colored Map","Colored Powertips","Minty Spire (QoL Compilation)","Permanent Neow","Quick Restart","Relic Stats","StSLib","everything is the same but u backflip on backflip","slay the spire mod where everything is the same but ironclad has a cowboy hat"],"gold_per_floor":[359,33,52,72,72,104,122,149,149,149,149],"floor_reached":10,"language":"ENG","playtime":244,"items_purged":["Strike_R"],"score":133,"play_id":"2191bd39-cea1-408a-81aa-0e97280393c8","local_time":"20210205181613","is_ascension_mode":true,"campfire_choices":[],"circlet_count":0,"master_deck":["AscendersBane","Strike_R","Strike_R","Strike_R","Strike_R","Defend_R","Defend_R","Defend_R","Defend_R","Bash","Rage","Corruption","Thunderclap","Whirlwind+1","Power Through","Shrug It Off","Shrug It Off","Entrench","Sentinel"],"relics":["Burning Blood","Regal Pillow","Centennial Puzzle","Letter Opener"],"acts_visited":["Exordium"],"potions_floor_usage":[10],"damage_taken":[{"damage":11.0,"enemies":"Cultist","floor":1.0,"turns":4.0},{"damage":0.0,"enemies":"2 Louse","floor":3.0,"turns":2.0},{"damage":10.0,"enemies":"Small Slimes","floor":4.0,"turns":2.0},{"damage":20.0,"enemies":"Gremlin Nob","floor":6.0,"turns":4.0},{"damage":0.0,"enemies":"3 Louse","floor":7.0,"turns":1.0},{"damage":19.0,"enemies":"3 Sentries","floor":8.0,"turns":3.0},{"damage":30,"enemies":"Gremlin Nob","floor":10,"turns":5}],"seed_played":"-5015375737231737417","potions_obtained":[{"floor":4.0,"key":"FearPotion"},{"floor":6.0,"key":"SpeedPotion"},{"floor":7.0,"key":"Explosive Potion"}],"is_trial":false,"path_per_floor":["M","$","M","M","?","E","M","E","T","E"],"character_chosen":"IRONCLAD","items_purchased":["Corruption","Thunderclap","Whirlwind"],"campfire_rested":0,"item_purchase_floors":[2,2,2],"current_hp_per_floor":[45,45,51,47,47,33,39,26,26,0,0],"gold":149,"neow_bonus":"TWO_FIFTY_GOLD","is_daily":false,"chose_seed":false,"campfire_upgraded":0,"win_rate":0.0,"timestamp":1612545373,"path_taken":["M","?","M","M","?","E","?","E","T","E"],"items_purchased_type":["Card","Card","Card"],"build_version":"2020-12-22","purchased_purges":1,"victory":false,"max_hp_per_floor":[75,75,75,75,75,75,75,75,75,75,75],"relic_stats":{"Regal Pillow":0,"Centennial Puzzle":[3],"counters":[7,21],"Letter Opener":[5],"obtain_stats":[{"Regal Pillow":6,"Centennial Puzzle":8,"Letter Opener":9,"Burning Blood":0},{"Regal Pillow":4,"Centennial Puzzle":6,"Letter Opener":6,"Burning Blood":0},{"Regal Pillow":12,"Centennial Puzzle":16,"Letter Opener":16,"Burning Blood":0}],"Burning Blood":36},"card_choices":[{"not_picked":["Heavy Blade","Clash"],"picked":"Rage","floor":1.0},{"not_picked":["Havoc","Blood for Blood"],"picked":"Power Through","floor":3.0},{"not_picked":["Cleave","Headbutt"],"picked":"Shrug It Off","floor":4.0},{"not_picked":["Armaments","Thunderclap"],"picked":"Shrug It Off","floor":6.0},{"not_picked":["Reckless Charge","Spot Weakness"],"picked":"Entrench","floor":7.0},{"not_picked":["Wild Strike","Cleave"],"picked":"Sentinel","floor":8.0}],"player_experience":767075,"relics_obtained":[{"floor":6.0,"key":"Regal Pillow"},{"floor":8.0,"key":"Centennial Puzzle"},{"floor":9.0,"key":"Letter Opener"}],"event_choices":[{"damage_healed":0.0,"max_hp_gain":0.0,"max_hp_loss":0.0,"gold_gain":0.0,"event_name":"Upgrade Shrine","player_choice":"Upgraded","floor":5.0,"gold_loss":0.0,"damage_taken":0.0,"cards_upgraded":["Whirlwind"]}],"is_beta":false,"boss_relics":[],"items_purged_floors":[2],"is_endless":false,"potions_floor_spawned":[4,6,7],"killed_by":"Gremlin Nob","ascension_level":14}}