{"host":"dwyzfvnzfcqffr30","time":1612554312,"event":{"mods":["2.2 Compatiblity","Act Like it!","Aspiration","BaseMod","Beaked The Cultist","Better Altar","Better Match","Better Note","Better Sensory Stone","Better Skull","Better Third Choice","Clockwork Mod","Colored Map","Colored Powertips","Conspire","Downfall","Elementarium","GifTheSpireLib","Halation","Hermit","Hubris","Infinite Spire","Ironclad Rager","Jedi Mod","Menagerie","Mimic Mod","Minty Spire (QoL Compilation)","Permanent Neow","Random Character Button","Relic Filter Mod","Reliquary","Replay The Spire","Spicy Shops","Spikes Relics","StSLib","Stuff the Spire","The Construct","The Disciple","The Druid","The Marked","TheFirefly","Trackpad","Wandering Minibosses"],"gold_per_floor":[119,143,143,165,3,36,36,67,67,104,124,124,8,27,27,104,104,127,177,177,203,203,268,268,338,410,452,108,108,108,135,135,238,238,263,292,292,0,19,19,36,36,88,188,225,313,373,468,480,546,558,570,84,168,218],"floor_reached":56,"language":"ENG","playtime":4090,"items_purged":["Strike_G+1","InfectiousVector+1"],"score":2425,"play_id":"f28e4da1-23fa-4c10-a344-b191f8ef247d","local_time":"20210205114512","is_ascension_mode":true,"campfire_choices":[{"floor":7,"key":"REST"},{"floor":12,"key":"REST"},{"data":"A Thousand Cuts+1","floor":15,"key":"SMITH"},{"floor":24,"key":"RECALL"},{"data":"A Thousand Cuts+2","floor":30,"key":"SMITH"},{"data":"A Thousand Cuts+3","floor":32,"key":"SMITH"},{"data":"Footwork+1","floor":40,"key":"SMITH"},{"data":"Footwork+2","floor":42,"key":"SMITH"},{"floor":49,"key":"REST"},{"data":"Fluid Movement+1","floor":52,"key":"SMITH"}],"circlet_count":1,"master_deck":["AscendersBane","PlatinumSkin+1","Strike_G+1","Strike_G+3","Strike_G+1","Strike_G+2","Defend_G+2","Defend_G+2","Defend_G+1","Defend_G+1","Defend_G+2","Survivor+1","A Thousand Cuts+4","MasterReality+1","Apotheosis+1","Sucker Punch+1","Menagerie:SagesJudgement+1","Heel Hook+1","After Image+1","Deflect+1","Discovery+1","Fluid Movement+2","Elementarium:GildedForm+1","Elementarium:EarthblessedBlade+1","Malaise+1","CurseOfTheBell","Neutralize+1","Footwork+3","StuffTheSpire:Python+1","Pace+1"],"relics":["Ring of the Snake","Circlet","halation:Prosthetics","hubris:TinFlute","Bottled Tornado","infinitespire:EvilPickle","conspire:InfiniteJournal","SacredBark","Quantum Egg","Frozen Egg 2","Molten Egg 2","Toxic Egg 2","infinitespire:Golems Mask","StuffTheSpire:HeavyRock","Chameleon Ring","ShockBauble","BicycleWheel","Philosopher\u0027s Stone","Lizard Tail","Tiny House","hubris:CrystalStatue","Snake Skull","hubris:Potato","Elementarium:ElementariumTrophy","Calling Bell","jedi:sprinkler","trackpad:AncestralArmaments","StuffTheSpire:Mouthbags","BargainBundle","Gremlin Food","Replay:Bandana","reliquary:Buckler","MawBank","hubris:MedicalManual","Simple Rune"],"acts_visited":[],"potions_floor_usage":[6,8,16,21,31,35,41,44,48,55],"damage_taken":[{"damage":2,"enemies":"Menagerie:WhisperingWraith","floor":1,"turns":4},{"damage":7,"enemies":"Menagerie:MonstrousExperiment","floor":2,"turns":5},{"damage":0,"enemies":"Menagerie:StygianBoar","floor":4,"turns":4},{"damage":0,"enemies":"Menagerie:VoidReaper","floor":6,"turns":6},{"damage":0,"enemies":"Menagerie:MaskedSummoner","floor":8,"turns":5},{"damage":7,"enemies":"Menagerie:Hydra","floor":10,"turns":4},{"damage":3,"enemies":"Menagerie:KEEPER_AND_YOUNG_SUNEATER","floor":11,"turns":4},{"damage":0,"enemies":"Menagerie:BEAST_MAGE_AND_PROWLING_AMALGAM","floor":14,"turns":4},{"damage":0,"enemies":"Menagerie:AVATARS","floor":16,"turns":4},{"damage":0,"enemies":"Elementarium:2_ELEMENTALS","floor":18,"turns":3},{"damage":0,"enemies":"Elementarium:VoidCorruption","floor":21,"turns":4},{"damage":4,"enemies":"Elementarium:FIRE_NOBILITY","floor":23,"turns":5},{"damage":0,"enemies":"Elementarium:ElementalPortal","floor":25,"turns":5},{"damage":0,"enemies":"Elementarium:STONE_GOLEMS","floor":27,"turns":3},{"damage":0,"enemies":"Elementarium:Hydrostalker","floor":31,"turns":4},{"damage":2,"enemies":"Elementarium:GoldenDragon","floor":33,"turns":9},{"damage":0,"enemies":"3 Shapes","floor":35,"turns":3},{"damage":0,"enemies":"Orb Walker","floor":36,"turns":2},{"damage":0,"enemies":"3 Darklings","floor":39,"turns":4},{"damage":6,"enemies":"Jaw Worm Horde","floor":41,"turns":3},{"damage":4,"enemies":"Reptomancer","floor":44,"turns":6},{"damage":0,"enemies":"Sphere and 2 Shapes","floor":45,"turns":3},{"damage":0,"enemies":"Giant Head","floor":46,"turns":7},{"damage":0,"enemies":"Spire Growth","floor":47,"turns":4},{"damage":0,"enemies":"Transient","floor":48,"turns":5},{"damage":5,"enemies":"infinitespire:MassOfShapes","floor":50,"turns":10},{"damage":40,"enemies":"Shield and Spear","floor":54,"turns":7},{"damage":0,"enemies":"The Heart","floor":55,"turns":11}],"seed_played":"-2026077666842873724","potions_obtained":[{"floor":1,"key":"FearPotion"},{"floor":4,"key":"LifebloodPotion"},{"floor":6,"key":"Adrenaline Potion"},{"floor":14,"key":"bronze:BurnAndBuffPotion"},{"floor":19,"key":"jedi:mysterypotion"},{"floor":27,"key":"CunningPotion"},{"floor":33,"key":"AttackPotion"},{"floor":41,"key":"DuplicationPotion"},{"floor":45,"key":"Block Potion"}],"is_trial":false,"path_per_floor":["M","M","?","M","$","E","R","E","T","E","M","R","$","M","R","B",null,"M","AVR","?","M","?","E","R","E","T","M","$","?","R","M","R","B",null,"M","M","?","$","M","R","M","R","T","E","M","E","M","M","R","B",null,"R","$","E","B",null],"character_chosen":"THE_SILENT","items_purchased":["Heel Hook+1","BicycleWheel","hubris:Potato","BargainBundle","Gremlin Food","Footwork+1","StuffTheSpire:Python+1","Fire Potion","Pace+1","hubris:MedicalManual","DuplicationPotion"],"campfire_rested":3,"item_purchase_floors":[5,13,28,38,38,38,38,38,53,53,53],"current_hp_per_floor":[29,22,15,15,15,15,24,24,24,17,14,23,23,23,23,23,29,29,34,34,34,30,26,26,26,26,26,26,26,26,26,26,24,29,29,29,29,29,29,29,23,23,23,19,19,19,19,19,28,23,28,28,28,3,3],"gold":218,"neow_bonus":"ONE_RANDOM_RARE_CARD","is_daily":false,"chose_seed":false,"campfire_upgraded":6,"win_rate":0.0,"timestamp":1612554312,"path_taken":["M","M","?","?","$","E","R","E","T","E","M","R","?","M","R","BOSS","M","AVR","?","M","?","E","R","E","T","M","$","?","R","?","R","BOSS","M","M","?","?","M","R","M","R","T","E","?","E","M","M","R","BOSS","R","$","E","BOSS"],"items_purchased_type":["Card","Relic","Relic","Relic","Relic","Card","Card","Potion","Card","Relic","Potion"],"build_version":"2020-12-22","purchased_purges":2,"victory":true,"max_hp_per_floor":[31,31,31,31,31,31,31,31,31,31,31,31,31,31,31,31,31,31,36,36,36,30,30,30,30,30,30,30,30,30,30,30,30,30,30,30,30,30,30,30,30,30,30,30,30,30,30,30,30,30,30,30,30,30,30],"card_choices":[{"not_picked":["ReplayTheSpireMod:Speed Training+1","jedi:unstablefumes+1"],"picked":"Sucker Punch+1","floor":1},{"not_picked":["Acrobatics+1","ShadowRift+1","Prepared+1"],"picked":"SKIP","floor":2},{"not_picked":["PiercingWail+1","Slice+1","Underhanded Strike+1"],"picked":"SKIP","floor":4},{"not_picked":["Sucker Punch+1","PiercingWail+1","Infinite Blades+1"],"picked":"SKIP","floor":6},{"not_picked":["ReplayTheSpireMod:Shiv Toss+1","Acrobatics+1"],"picked":"InfectiousVector+1","floor":8},{"not_picked":["Prepared+1","Glass Knife+1","hubris:SlightOfHand+1"],"picked":"SKIP","floor":10},{"not_picked":["Slice+1","hubris:SlightOfHand+1","jedi:pocketpoison+1"],"picked":"SKIP","floor":11},{"not_picked":["StuffTheSpire:FinalStruggle+1","StuffTheSpire:Injection+1","Blade Dance+1"],"picked":"SKIP","floor":14},{"not_picked":["Bullet Time+1","Venomology+1"],"picked":"After Image+1","floor":16},{"not_picked":["Crippling Poison+1","Skewer+1","Setup+1"],"picked":"SKIP","floor":18},{"not_picked":["StuffTheSpire:BrimstoneBlast+1","Deadly Poison+1"],"picked":"Deflect+1","floor":19},{"not_picked":["Finesse+1","Dark Shackles+1"],"picked":"Discovery+1","floor":20},{"not_picked":["Acrobatics+1","Quick Slash+1"],"picked":"Fluid Movement+1","floor":21},{"not_picked":["hubris:Sniper+1","Distraction+1","StuffTheSpire:ClusterCrunch+1"],"picked":"SKIP","floor":23},{"not_picked":["StuffTheSpire:Python+1","StuffTheSpire:BumpUp+1","Catalyst+1"],"picked":"SKIP","floor":25},{"not_picked":["hubris:SlightOfHand+1","Blur+1","hubris:TrickCloak+1"],"picked":"SKIP","floor":27},{"not_picked":["Dagger Spray+1","Reflex+1","Blade Dance+1"],"picked":"SKIP","floor":31},{"not_picked":["Dagger Spray+1","Reflex+1","Blade Dance+1"],"picked":"SKIP","floor":31},{"not_picked":["ReplayTheSpireMod:Necrosis+1","Die Die Die+1"],"picked":"Malaise+1","floor":33},{"not_picked":["InfectiousVector+1","Slice+1","Concentrate+1"],"picked":"SKIP","floor":35},{"not_picked":["jedi:acidrain+1","Bane+1","Backflip+1"],"picked":"SKIP","floor":36},{"not_picked":["Setup+1","ReplayTheSpireMod:Shiv Toss+1","Deadly Poison+1"],"picked":"SKIP","floor":39},{"not_picked":["Quick Slash+1","Reflex+1","Toxin Wave+1"],"picked":"SKIP","floor":41},{"not_picked":["Deadly Poison+1","Well Laid Plans+1","Expertise+1"],"picked":"SKIP","floor":44},{"not_picked":["Masterful Stab+1","Toxin Wave+1","StuffTheSpire:Repulse+1"],"picked":"SKIP","floor":45},{"not_picked":["Well Laid Plans+1","Adrenaline+1","Sneak Up+1"],"picked":"SKIP","floor":46},{"not_picked":["Well Laid Plans+1","Adrenaline+1","Sneak Up+1"],"picked":"SKIP","floor":46},{"not_picked":["ShadowRift+1","Sucker Punch+1","Toxin Wave+1"],"picked":"SKIP","floor":47},{"not_picked":["Outmaneuver+1","Masterful Stab+1","Slice+1"],"picked":"SKIP","floor":48},{"not_picked":["All Out Attack+1","StuffTheSpire:Fury+1","StuffTheSpire:ClusterCrunch+1"],"picked":"SKIP","floor":54}],"player_experience":3046381,"relics_obtained":[{"floor":6,"key":"infinitespire:Golems Mask"},{"floor":8,"key":"StuffTheSpire:HeavyRock"},{"floor":9,"key":"Chameleon Ring"},{"floor":10,"key":"ShockBauble"},{"floor":23,"key":"hubris:CrystalStatue"},{"floor":25,"key":"Snake Skull"},{"floor":34,"key":"jedi:sprinkler"},{"floor":34,"key":"trackpad:AncestralArmaments"},{"floor":34,"key":"StuffTheSpire:Mouthbags"},{"floor":43,"key":"Replay:Bandana"},{"floor":44,"key":"reliquary:Buckler"},{"floor":46,"key":"MawBank"},{"floor":54,"key":"Simple Rune"}],"event_choices":[{"damage_healed":0,"gold_gain":0,"player_choice":"Simplicity","damage_taken":0,"max_hp_gain":0,"max_hp_loss":10,"event_name":"betterThird:BetterWriting","floor":0,"gold_loss":0},{"damage_healed":0,"gold_gain":0,"player_choice":"Help the mage","damage_taken":7,"max_hp_gain":0,"max_hp_loss":0,"event_name":"Menagerie:MageAndMonster","floor":3,"gold_loss":0,"cards_obtained":["Menagerie:SagesJudgement"]},{"damage_healed":0,"gold_gain":2,"player_choice":"1","damage_taken":0,"max_hp_gain":0,"max_hp_loss":0,"event_name":"betterStone:BetterStone","floor":20,"gold_loss":0},{"damage_healed":0,"gold_gain":0,"player_choice":"Dive in","damage_taken":0,"max_hp_gain":0,"max_hp_loss":6,"event_name":"Elementarium:FountainOfGold","floor":22,"gold_loss":0,"cards_obtained":["Elementarium:GildedForm"]},{"damage_healed":0,"gold_gain":0,"player_choice":"Take","damage_taken":0,"max_hp_gain":0,"max_hp_loss":0,"event_name":"Elementarium:BladeSeller","floor":29,"gold_loss":0,"cards_obtained":["Elementarium:EarthblessedBlade"]}],"is_beta":false,"boss_relics":[{"not_picked":["Painkiller Herb","conspire:SpecialSausage"],"picked":"Philosopher\u0027s Stone"},{"not_picked":["Pandora\u0027s Box","Astrolabe"],"picked":"Calling Bell"}],"items_purged_floors":[5,19],"is_endless":false,"potions_floor_spawned":[1,4,6,14,27,31,33,39,41,45,46,47],"ascension_level":16}}