{"host":"45gjn1i9lq2ky2i9","time":1612494479,"event":{"mods":["2.2 Compatiblity","Act Like it!","Aspiration","BaseMod","Beaked The Cultist","Better Altar","Better Match","Better Note","Better Sensory Stone","Better Skull","Better Third Choice","Better Vampires","Conspire","Downfall","Halation","Hubris","Infinite Spire","Jedi Mod","Lobotomy","LobotomyExtend","Minty Spire (QoL Compilation)","Pale of the Ancients","Permanent Neow","Shop Mod","Spikes Relics","StSLib","The Runesmith","The Wild Card"],"gold_per_floor":[99,114,289,52,52,65,89,89,114,140,150,161,261,279,296,398,398,398,411,427,427,427,456,482,493,311,311,322,352,366,466,486,583,583,483,483,483,483,483,505,505,516,550,571,75,75,85,104,122,122,122],"floor_reached":52,"language":"RUS","playtime":2453,"items_purged":["Doubt","hexamod:HeatCrush","hexamod:Strike"],"score":889,"play_id":"ecf85acb-7048-4118-a05d-72b9cd24280b","local_time":"20210205110759","is_ascension_mode":true,"campfire_choices":[{"data":"hexamod:Float","floor":1,"key":"SMITH"},{"data":"hexamod:ForkedFlame","floor":8,"key":"SMITH"},{"data":"hexamod:Firestarter","floor":18,"key":"SMITH"},{"floor":27,"key":"REST"},{"floor":35,"key":"RECALL"},{"data":"hexamod:VolcanoVisage","floor":46,"key":"SMITH"}],"circlet_count":0,"master_deck":["hexamod:Strike","hexamod:Defend+1","hexamod:Defend","hexamod:Defend","hexamod:Sear+1","hexamod:Float+1","hexamod:ParanormalForm+1","hexamod:Firestarter+1","hexamod:InspiringFlames","hexamod:ForkedFlame+1","hexamod:GhostShield","hexamod:FastForward+1","hexamod:Hexaguard","hexamod:HauntingEcho+1","hubris:InfiniteBlow+160","infinitespire:Oblivion+1","hexamod:FastForward+1","hexamod:FastForward","hexamod:FastForward+1","hexamod:TimeWarp+1","hexamod:BurningTouch","hexamod:VolcanoVisage+1","infinitespire:Collect"],"relics":["hexamod:SpiritBrand","LetterFromLob","Happy Flower","Regal Pillow","Oddly Smooth Stone","Philosopher\u0027s Stone","Molten Egg 2","Dream Catcher","aspiration:HummingbirdHeart","hexamod:MatchstickCase","SnailShell","Matryoshka","SlaversCollar","downfall:HeartBlessingGreen","Shuriken","halation:LettersToHer","hexamod:TheBrokenSeal","MerchantsRug","RollingBoulder","Medical Kit"],"acts_visited":["Exordium","TheCity","TheBeyond"],"potions_floor_usage":[10,13,16,33],"damage_taken":[{"damage":0,"enemies":"conspire:RoseBush","floor":2,"turns":5},{"damage":0,"enemies":"downfall:FleeingMerchant","floor":4,"turns":4},{"damage":12,"enemies":"Small Slimes","floor":6,"turns":3},{"damage":8,"enemies":"Gremlin Nob","floor":10,"turns":3},{"damage":0,"enemies":"2 Louse","floor":11,"turns":2},{"damage":0,"enemies":"Exordium Wildlife","floor":12,"turns":4},{"damage":15,"enemies":"downfall:Heads","floor":13,"turns":7},{"damage":2,"enemies":"3 Louse","floor":14,"turns":4},{"damage":2,"enemies":"Red Slaver","floor":15,"turns":4},{"damage":15,"enemies":"WA_ARCHETYPE_RETAIN","floor":16,"turns":7},{"damage":3,"enemies":"conspire:FuzzyDice","floor":19,"turns":5},{"damage":3,"enemies":"conspire:HollyBat","floor":20,"turns":6},{"damage":0,"enemies":"conspire:SneckoGhost","floor":23,"turns":2},{"damage":0,"enemies":"Snake Plant","floor":25,"turns":1},{"damage":0,"enemies":"downfall:FleeingMerchant","floor":26,"turns":1},{"damage":0,"enemies":"Cultist and Chosen","floor":28,"turns":3},{"damage":0,"enemies":"Book of Stabbing","floor":29,"turns":2},{"damage":2,"enemies":"Centurion and Healer","floor":30,"turns":5},{"damage":0,"enemies":"Colosseum Nobs","floor":31,"turns":3},{"damage":0,"enemies":"Snecko","floor":32,"turns":3},{"damage":9,"enemies":"IC_MUSHROOM_ARCHETYPE","floor":33,"turns":5},{"damage":0,"enemies":"3 Darklings","floor":40,"turns":5},{"damage":0,"enemies":"Orb Walker","floor":42,"turns":1},{"damage":35,"enemies":"Reptomancer","floor":43,"turns":4},{"damage":11,"enemies":"3 Darklings","floor":44,"turns":7},{"damage":0,"enemies":"Spire Growth","floor":47,"turns":3},{"damage":0,"enemies":"4 Shapes","floor":48,"turns":3},{"damage":0,"enemies":"Sphere and 2 Shapes","floor":49,"turns":3},{"damage":10,"enemies":"DF_ARCHETYPE_ORBS","floor":50,"turns":4}],"seed_played":"7570925150147435039","potions_obtained":[{"floor":2,"key":"Explosive Potion"},{"floor":6,"key":"hexamod:DoubleChargePotion"},{"floor":10,"key":"AttackPotion"},{"floor":12,"key":"Regen Potion"},{"floor":16,"key":"ColorlessPotion"},{"floor":19,"key":"jedi:StrikingPotion"},{"floor":25,"key":"LiquidMemories"},{"floor":29,"key":"Ancient Potion"},{"floor":40,"key":"sneckomod:MuddlingPotion"},{"floor":42,"key":"Block Potion"}],"is_trial":false,"path_per_floor":["R","M","?","$","?","M","T","R","T","E","M","M","?","M","M","B",null,"R","M","M","?","?","E","T","M","$","R","M","E","M","?","M","B",null,"R","M","AVR","?","?","M","T","M","E","M","$","R","M","M","M","B",null,null],"character_chosen":"THE_SPIRIT","items_purchased":["hexamod:ForkedFlame","aspiration:HummingbirdHeart","hexamod:MatchstickCase","MerchantsRug","RollingBoulder","Medical Kit"],"campfire_rested":1,"item_purchase_floors":[4,26,26,45,45,45],"current_hp_per_floor":[70,70,70,70,70,58,58,58,58,50,50,50,35,33,31,31,70,70,67,64,64,47,47,47,47,47,70,70,70,68,68,68,66,70,70,70,70,70,70,70,70,70,42,75,75,75,75,75,75,65,65],"gold":122,"neow_bonus":"ONE_RANDOM_RARE_CARD","is_daily":false,"chose_seed":false,"campfire_upgraded":4,"win_rate":0.0,"timestamp":1612494479,"path_taken":["R","M","?","$","?","M","T","R","?","E","M","M","?","M","M","BOSS","R","M","M","?","?","E","T","M","$","R","M","E","M","?","M","BOSS","R","M","AVR","?","?","?","T","M","E","M","$","R","?","?","M","BOSS"],"items_purchased_type":["Card","Relic","Relic","Relic","Relic","Relic"],"build_version":"2020-12-22","purchased_purges":3,"victory":true,"max_hp_per_floor":[70,70,70,70,70,70,70,70,70,70,70,70,70,70,70,70,70,70,70,70,70,70,70,70,70,70,70,70,70,70,70,70,70,70,70,70,70,70,70,70,70,70,70,80,80,80,80,80,80,80,80],"card_choices":[{"not_picked":["hexamod:FlamesFromBeyond","hexamod:NightmareGuise"],"picked":"hexamod:Firestarter","floor":2},{"not_picked":["hexamod:SoulSteal","hexamod:RadiantFlame"],"picked":"hexamod:InspiringFlames","floor":4},{"not_picked":["hexamod:SuperheatedStrike","hexamod:GhostLash"],"picked":"hexamod:GhostShield","floor":6},{"not_picked":["hexamod:BurningTouch","hexamod:TurnItUp"],"picked":"hexamod:FastForward","floor":10},{"not_picked":["hexamod:GhostOfSpireFuture","hexamod:HauntingEcho"],"picked":"hexamod:Hexaguard","floor":11},{"not_picked":["hexamod:SwordOfDarkness","hexamod:ShieldOfDarkness"],"picked":"hexamod:HauntingEcho","floor":12},{"not_picked":["hexamod:AdvancingGuard","hexamod:HexaLevel","hexamod:RecurringNightmare"],"picked":"SKIP","floor":14},{"not_picked":["hexamod:SpectersWail","hexamod:BurningTouch","hexamod:SwordOfDarkness"],"picked":"SKIP","floor":15},{"not_picked":["hexamod:Toasty","hexamod:ParanormalForm"],"picked":"hexamod:SixthSeal","floor":16},{"not_picked":["hexamod:Hexaguard","hexamod:SoulSteal","hexamod:NightmareGuise+1"],"picked":"SKIP","floor":19},{"not_picked":["hexamod:NightmareGuise","hexamod:GhostLash+1","hexamod:SuperheatedStrike"],"picked":"SKIP","floor":20},{"not_picked":["infinitespire:Punishment","infinitespire:FinalStrike"],"picked":"infinitespire:Oblivion","floor":22},{"not_picked":["hexamod:GhostShield","hexamod:SwordOfDarkness+1"],"picked":"hexamod:FifthSeal","floor":23},{"not_picked":["hexamod:FlamesFromBeyond","hexamod:Firestarter+1"],"picked":"hexamod:FastForward+1","floor":25},{"not_picked":["hexamod:SwordOfDarkness+1","hexamod:HauntingEcho+1"],"picked":"hexamod:FastForward","floor":26},{"not_picked":["hexamod:BacktrackSmack+1","hexamod:ThermalTransfer+1"],"picked":"hexamod:FastForward","floor":27},{"not_picked":["hexamod:SuperheatedStrike+1","hexamod:GhostLash+1"],"picked":"hexamod:GhostShield+1","floor":28},{"not_picked":["hexamod:FastForward","hexamod:FlamesFromBeyond"],"picked":"hexamod:TimeWarp+1","floor":29},{"not_picked":["hexamod:SwordOfDarkness+1","hexamod:SuperheatedStrike+1"],"picked":"hexamod:BurningTouch","floor":30},{"not_picked":["hexamod:ThirdSeal","hexamod:SecondSeal"],"picked":"hexamod:FirstSeal","floor":31},{"not_picked":["hexamod:HauntingEcho+1","hexamod:PhantomFireball+1","hexamod:ExtraCrispy+1"],"picked":"SKIP","floor":32},{"not_picked":["hexamod:SixthSeal","hexamod:ThirdSeal"],"picked":"hexamod:SecondSeal","floor":33},{"not_picked":["hexamod:WildfireWeapon","hexamod:ParanormalForm"],"picked":"hexamod:VolcanoVisage","floor":33},{"not_picked":["hexamod:FlamesFromBeyond","hexamod:GhostShield","hexamod:EmpoweredFlame+1"],"picked":"SKIP","floor":40},{"not_picked":["hexamod:SpectersWail+1","hexamod:GhostOfSpirePast","hexamod:RadiantFlame+1"],"picked":"SKIP","floor":42},{"not_picked":["hexamod:BacktrackSmack+1","hexamod:HauntingEcho+1","hexamod:InspiringFlames+1"],"picked":"SKIP","floor":43},{"not_picked":["hexamod:RainOfEmbers+1","hexamod:SpectersWail+1","hexamod:BacktrackSmack+1"],"picked":"SKIP","floor":44},{"not_picked":["hexamod:ShieldOfDarkness+1","hexamod:Firestarter+1","hexamod:SwordOfDarkness+1"],"picked":"SKIP","floor":47},{"not_picked":["hexamod:SwordOfDarkness+1","hexamod:EtherealExpedition","hexamod:PhantomFireball+1"],"picked":"SKIP","floor":48},{"not_picked":["hexamod:BurningTouch","hexamod:NecessarySacrifice","hexamod:Firestarter+1"],"picked":"SKIP","floor":49}],"player_experience":563525,"relics_obtained":[{"floor":2,"key":"LetterFromLob"},{"floor":7,"key":"Happy Flower"},{"floor":9,"key":"Regal Pillow"},{"floor":10,"key":"Oddly Smooth Stone"},{"floor":23,"key":"Molten Egg 2"},{"floor":24,"key":"Dream Catcher"},{"floor":29,"key":"SnailShell"},{"floor":31,"key":"hubris:AstralHammer"},{"floor":31,"key":"Matryoshka"},{"floor":41,"key":"Shuriken"},{"floor":43,"key":"halation:LettersToHer"}],"event_choices":[{"cards_removed":["hexamod:Hexaguard"],"damage_healed":0,"gold_gain":0,"player_choice":"Take \u0026 Give","damage_taken":0,"max_hp_gain":0,"max_hp_loss":0,"event_name":"betterNote:BetterNote","floor":21,"gold_loss":0,"cards_obtained":["hubris:InfiniteBlow"]}],"is_beta":false,"boss_relics":[{"not_picked":["hubris:RunicObelisk","halation:Risk"],"picked":"Philosopher\u0027s Stone"},{"not_picked":["hubris:HollowSoul","conspire:RoyalGoblet"],"picked":"SlaversCollar"}],"items_purged_floors":[4,26,45],"is_endless":false,"potions_floor_spawned":[2,6,10,12,16,19,25,29,30,42,47,48,49],"ascension_level":1}}