{"host":"u7y9frlpoazak2mn","time":1612484095,"event":{"mods":["Act Like it!","Aspiration","BaseMod","Beaked The Cultist","Better Altar","Better Match","Better Note","Better Sensory Stone","Better Skull","Better Third Choice","Colored Map","Colored Powertips","Conspire","Downfall","Energized Spire","GifTheSpireLib","Googly Eyes","Halation","Hermit","Hubris","Infinite Spire","Marked Mod","Mimic Mod","Minty Spire (QoL Compilation)","Permanent Neow","Prisma Mod","Rare Cards Sparkle","Replay The Spire","StSLib","Stuff the Spire","The Construct","Waifu the Spire"],"gold_per_floor":[11,11,11,24,24,24,54,54,54,54,73,73,89,89,89,189,189,203,217,217,217,142,169,169,169,169,184,184,238,251,126,126,226,226,239,139,139,150,150,150,165,182,262,262,273,273,273],"floor_reached":46,"language":"ENG","playtime":3188,"items_purged":["beaked:Defend_Y","beaked:Defend_Y"],"score":486,"play_id":"1a251e1f-f7c7-41a5-9106-a11c40a7ebb7","local_time":"20210204191455","is_ascension_mode":false,"campfire_choices":[{"floor":6.0,"key":"REST"},{"data":"ReplayTheSpireMod:Prepare the Ceremony","floor":8.0,"key":"SMITH"},{"data":"beaked:BounceBack","floor":10.0,"key":"SMITH"},{"data":"ReplayTheSpireMod:Prepare the Ceremony","floor":15.0,"key":"SMITH"},{"data":"beaked:Ceremony","floor":24,"key":"SMITH"},{"data":"beaked:Ceremony","floor":28,"key":"SMITH"},{"data":"beaked:FeelMyPain","floor":32,"key":"SMITH"},{"data":"Defend_G","floor":40,"key":"SMITH"}],"circlet_count":1,"master_deck":["beaked:Strike_Y","beaked:Strike_Y+1","beaked:Strike_Y","beaked:Defend_Y","beaked:Ceremony+1","beaked:Ceremony+1","beaked:Ceremony+1","ReplayTheSpireMod:Prepare the Ceremony+1","beaked:BounceBack+1","ReplayTheSpireMod:Prepare the Ceremony+1","beaked:TuckingFeathers+1","beaked:HuntressEssence","beaked:FeelMyPain+1","StuffTheSpire:Innocence","beaked:Windmill+1","infinitespire:Neurotoxin","Poisoned Stab+1","Defend_G+1","beaked:Evade+1","beaked:DigDeep+1"],"relics":["beaked:MendingPlumage","Circlet","HornCleat","Replay:Rubber Ducky","Akabeko","Replay:Grab Bag","Sozu","Replay:Bronze Core","halation:MonkeysPaw","halation:PinkSoulGem","Calipers","Molten Egg 2","halation:AfternoonTea","hubris:Backtick","Unceasing Top","hubris:Icosahedron","halation:Toothbrush"],"acts_visited":["Exordium","TheCity","TheBeyond"],"potions_floor_usage":[30],"damage_taken":[{"damage":18.0,"enemies":"2 Louse","floor":1.0,"turns":4.0},{"damage":6.0,"enemies":"Jaw Worm","floor":4.0,"turns":5.0},{"damage":16.0,"enemies":"Lagavulin","floor":7.0,"turns":7.0},{"damage":0.0,"enemies":"Cultist","floor":11.0,"turns":5.0},{"damage":18.0,"enemies":"Lots of Slimes","floor":13.0,"turns":4.0},{"damage":40.0,"enemies":"Slime Boss","floor":16.0,"turns":12.0},{"damage":0.0,"enemies":"Spheric Guardian","floor":18.0,"turns":5.0},{"damage":5.0,"enemies":"Chosen","floor":19.0,"turns":5.0},{"damage":85.0,"enemies":"Slavers","floor":23.0,"turns":8.0},{"damage":29,"enemies":"Snecko","floor":27,"turns":6},{"damage":76,"enemies":"Shelled Parasite and Fungi","floor":30,"turns":12},{"damage":77,"enemies":"conspire:MysteriousRune","floor":33,"turns":9},{"damage":63,"enemies":"3 Shapes","floor":35,"turns":7},{"damage":25,"enemies":"Orb Walker","floor":38,"turns":4},{"damage":105,"enemies":"Transient","floor":41,"turns":5},{"damage":21,"enemies":"Writhing Mass","floor":42,"turns":4},{"damage":0,"enemies":"Jaw Worm Horde","floor":45,"turns":3},{"damage":62,"enemies":"Reptomancer","floor":46,"turns":2}],"seed_played":"-1811043950572631664","potions_obtained":[{"floor":1.0,"key":"SpeedPotion"},{"floor":13.0,"key":"AttackPotion"},{"floor":16.0,"key":"LifebloodPotion"}],"is_trial":false,"path_per_floor":["M","?","?","M","?","R","E","R","T","R","M","$","M","T","R","B",null,"M","M","?","?","$","E","R","?","T","M","R","T","M","?","R","B",null,"M","$","?","M","?","R","M","M","T","?","M","E"],"character_chosen":"BEAKED_THE_CULTIST","items_purchased":[],"campfire_rested":1,"item_purchase_floors":[],"current_hp_per_floor":[39,29,22,27,27,42,49,49,49,49,50,50,50,50,50,46,53,53,53,53,53,53,16,16,16,16,49,49,49,39,39,39,11,53,44,44,44,41,41,41,33,51,51,31,53,0,0],"gold":273,"neow_bonus":"ONE_RARE_RELIC","is_daily":false,"chose_seed":false,"campfire_upgraded":7,"win_rate":0.0,"timestamp":1612484095,"path_taken":["M","?","?","M","?","R","E","R","T","R","?","?","M","?","R","BOSS","M","M","?","?","$","E","R","?","T","M","R","?","?","?","R","BOSS","M","$","?","M","?","R","M","?","T","?","M","E"],"items_purchased_type":[],"build_version":"2020-12-22","purchased_purges":2,"victory":false,"max_hp_per_floor":[50,50,50,50,50,50,50,50,50,50,50,50,50,50,50,53,53,53,53,53,53,53,53,53,53,53,53,53,53,53,53,53,53,53,53,53,53,53,53,53,53,53,53,53,53,53,53],"card_choices":[{"not_picked":["beaked:Tradeoff","beaked:Overexert","beaked:FeelMyPain"],"picked":"SKIP","floor":1.0},{"not_picked":["beaked:Tradeoff","beaked:SurvivalInstinct"],"picked":"ReplayTheSpireMod:Prepare the Ceremony","floor":4.0},{"not_picked":["beaked:StunningBlow","beaked:Cower","beaked:Tweet"],"picked":"SKIP","floor":7.0},{"not_picked":["beaked:Flinch","beaked:BloodRitual"],"picked":"ReplayTheSpireMod:Prepare the Ceremony","floor":11.0},{"not_picked":["beaked:Roost","beaked:MimicMachine","beaked:CursingBlood"],"picked":"SKIP","floor":13.0},{"not_picked":["beaked:DigDeeper","beaked:CursingBlood","beaked:HuntressEssence"],"picked":"SKIP","floor":18.0},{"not_picked":["beaked:Evade","beaked:WarriorEssence"],"picked":"beaked:TuckingFeathers+1","floor":19.0},{"not_picked":["beaked:Poke","beaked:BloodForTheGods","beaked:Replenish"],"picked":"SKIP","floor":23.0},{"not_picked":["beaked:Tradeoff","beaked:DesperateSwing+1"],"picked":"beaked:HuntressEssence","floor":27},{"not_picked":["beaked:HuntressSpirit","beaked:DigDeep"],"picked":"beaked:FeelMyPain","floor":30},{"not_picked":["ReplayTheSpireMod:Owlgaze","beaked:SacrificialScars"],"picked":"beaked:ScreechingChant","floor":33},{"not_picked":["beaked:FeelMyPain+1","beaked:CursingBlood+1"],"picked":"beaked:Windmill+1","floor":35},{"not_picked":["beaked:HuntressEssence","beaked:Insight","beaked:WarriorEssence+1"],"picked":"SKIP","floor":38},{"not_picked":["beaked:Pecker+1","beaked:TuckingFeathers+1"],"picked":"beaked:Evade+1","floor":41},{"not_picked":["beaked:StunningBlow+1","beaked:FeelMyPain+1","beaked:Foresight"],"picked":"SKIP","floor":42},{"not_picked":["beaked:Resilience+1","beaked:Pecker+1"],"picked":"beaked:DigDeep+1","floor":45}],"player_experience":397821,"relics_obtained":[{"floor":7.0,"key":"HornCleat"},{"floor":9.0,"key":"Replay:Rubber Ducky"},{"floor":14.0,"key":"Akabeko"},{"floor":23.0,"key":"Calipers"},{"floor":26,"key":"Molten Egg 2"},{"floor":29,"key":"halation:AfternoonTea"},{"floor":43,"key":"halation:Toothbrush"}],"event_choices":[{"damage_healed":39.0,"max_hp_gain":0.0,"max_hp_loss":50.0,"gold_gain":0.0,"event_name":"betterThird:BetterShining","player_choice":"Upgrade","floor":2.0,"gold_loss":0.0,"damage_taken":10.0,"cards_upgraded":["beaked:Strike_Y","beaked:Ceremony"]},{"cards_removed":["beaked:Strike_Y"],"damage_healed":0.0,"max_hp_gain":0.0,"max_hp_loss":0.0,"gold_gain":0.0,"event_name":"Golden Wing","player_choice":"Card Removal","floor":3.0,"gold_loss":0.0,"damage_taken":7.0},{"damage_healed":0.0,"max_hp_gain":0.0,"max_hp_loss":0.0,"gold_gain":0.0,"cards_transformed":["beaked:Strike_Y"],"event_name":"Transmorgrifier","player_choice":"Transformed","floor":5.0,"gold_loss":0.0,"damage_taken":0.0,"cards_obtained":["beaked:BounceBack"]},{"damage_healed":0.0,"max_hp_gain":0.0,"max_hp_loss":0.0,"gold_gain":0.0,"event_name":"betterNote:BetterNote","player_choice":"Ignored","floor":20.0,"gold_loss":0.0,"damage_taken":0.0,"cards_obtained":["PathToVictory"]}],"is_beta":false,"boss_relics":[{"not_picked":["energizedSpire:MagnifyingGlass","Runic Dome"],"picked":"Replay:Grab Bag"},{"not_picked":["halation:IncompleteEncyclopedia","Cursed Key"],"picked":"Sozu"},{"not_picked":["ReplayTheSpireMod:DimensionalGlitch","conspire:RoyalGoblet"],"picked":"Replay:Bronze Core"},{"not_picked":["Runic Pyramid","halation:PlatinumPhoenix"],"picked":"halation:MonkeysPaw"},{"not_picked":["SlaversCollar","aspiration:RunicSpoon"],"picked":"hubris:Backtick"}],"items_purged_floors":[22,36],"is_endless":false,"potions_floor_spawned":[1,13,16,19,27,30,41,45],"killed_by":"Reptomancer","ascension_level":0}}