{"host":"ydh61a5ftgdajrbo","time":1612547595,"event":{"mods":["BaseMod","Colored Map","DeckTracker","Downfall","Koishi","Marisa¡]Ãú«B¡@Å]²z¨F¡^","Minty Spire (QoL Compilation)","Spire Arcade","StSLib","The Administrix","The Animator","The Cursed","The Mystic","The Servant 0.9.4"],"gold_per_floor":[116,66,66,86,86,112,131,131,131,143,160,160,174,194,194,288,288,308,407,308,248,273,273,314,335,335,28,28,28,28,28,28,124,124,147,170,50,64,95,95,110,110,165,165,179,202,235,249,249,249],"floor_reached":51,"language":"ZHS","playtime":2124,"items_purged":["Injury","Defend_G","Shame"],"score":1263,"play_id":"02bc5df5-8542-4af7-86ed-9f87d496ccd4","local_time":"20210206015315","is_ascension_mode":true,"campfire_choices":[{"data":"Flying Knee","floor":8.0,"key":"SMITH"},{"data":"Accuracy","floor":15.0,"key":"SMITH"},{"data":"Cloak And Dagger","floor":23.0,"key":"SMITH"},{"data":"Backflip","floor":29.0,"key":"SMITH"},{"data":"Sucker Punch","floor":32.0,"key":"SMITH"},{"floor":40.0,"key":"REST"},{"floor":44.0,"key":"REST"},{"data":"Infinite Blades","floor":49.0,"key":"SMITH"}],"circlet_count":0,"master_deck":["AscendersBane","Strike_G","Strike_G","Defend_G","Defend_G","Survivor","Neutralize","Blade Dance","Pain","Sucker Punch+1","Flying Knee+1","Footwork","Accuracy+1","Underhanded Strike","Blade Dance","Blade Dance","Storm of Steel","Cloak And Dagger+1","Backflip+1","Die Die Die","Dagger Spray","Acrobatics","Backflip","Sucker Punch","Adrenaline","Blade Dance","PiercingWail","Infinite Blades+1","Cloak And Dagger+1","Terror","Well Laid Plans+1","Leg Sweep"],"relics":["Ring of the Snake","NeowsBlessing","WarpedTongs","TungstenRod","Thread and Needle","Golden Idol","expansioncontent:StudyCardRelic","Ancient Tea Set","Smiling Mask","Paper Crane","champ:DeflectingBracers","WristBlade","Unceasing Top","Dream Catcher","Akabeko"],"acts_visited":["Exordium","TheCity","TheBeyond"],"potions_floor_usage":[50,50],"damage_taken":[{"damage":0.0,"enemies":"Small Slimes","floor":1.0,"turns":1.0},{"damage":0.0,"enemies":"Jaw Worm","floor":4.0,"turns":1.0},{"damage":1.0,"enemies":"Gremlin Nob","floor":6.0,"turns":1.0},{"damage":0.0,"enemies":"Cultist","floor":7.0,"turns":3.0},{"damage":0.0,"enemies":"Exordium Wildlife","floor":10.0,"turns":4.0},{"damage":0.0,"enemies":"2 Fungi Beasts","floor":11.0,"turns":3.0},{"damage":0.0,"enemies":"3 Louse","floor":13.0,"turns":4.0},{"damage":5.0,"enemies":"Lots of Slimes","floor":14.0,"turns":5.0},{"damage":3.0,"enemies":"The Guardian","floor":16.0,"turns":14.0},{"damage":2.0,"enemies":"3 Byrds","floor":18.0,"turns":4.0},{"damage":0.0,"enemies":"Spheric Guardian","floor":22.0,"turns":2.0},{"damage":8.0,"enemies":"Slavers","floor":24.0,"turns":3.0},{"damage":11.0,"enemies":"Shelled Parasite and Fungi","floor":25.0,"turns":4.0},{"damage":31.0,"enemies":"Automaton","floor":33.0,"turns":8.0},{"damage":4.0,"enemies":"Orb Walker","floor":35.0,"turns":2.0},{"damage":7.0,"enemies":"3 Darklings","floor":36.0,"turns":3.0},{"damage":21.0,"enemies":"4 Shapes","floor":38.0,"turns":3.0},{"damage":0.0,"enemies":"Mind Bloom Boss Battle","floor":39.0,"turns":3.0},{"damage":0.0,"enemies":"Maw","floor":41.0,"turns":4.0},{"damage":0.0,"enemies":"Jaw Worm Horde","floor":45.0,"turns":2.0},{"damage":0.0,"enemies":"Transient","floor":46.0,"turns":5.0},{"damage":0.0,"enemies":"Nemesis","floor":47.0,"turns":5.0},{"damage":5.0,"enemies":"Spire Growth","floor":48.0,"turns":2.0},{"damage":19,"enemies":"Time Eater","floor":50,"turns":8}],"seed_played":"-5038927390370969411","potions_obtained":[{"floor":4.0,"key":"Block Potion"},{"floor":10.0,"key":"Slimebound:ThreeZeroPotion"},{"floor":14.0,"key":"DuplicationPotion"},{"floor":22.0,"key":"Block Potion"},{"floor":24.0,"key":"BlessingOfTheForge"},{"floor":38.0,"key":"bronze:BurnAndBuffPotion"},{"floor":41.0,"key":"LiquidMemories"},{"floor":45.0,"key":"GhostInAJar"}],"is_trial":false,"path_per_floor":["M","?","?","M","?","E","M","R","T","M","M","?","M","M","R","B",null,"M","?","$","?","M","R","E","M","T","$","?","R","?","?","R","B",null,"M","M","$","M","?","R","M","?","T","R","M","M","E","M","R","B",null],"character_chosen":"THE_SILENT","items_purchased":["Backflip","Paper Crane","Infinite Blades"],"campfire_rested":2,"item_purchase_floors":[20,27,37],"current_hp_per_floor":[59,59,59,59,59,58,58,58,58,58,58,58,58,53,53,50,62,60,60,60,60,60,60,52,41,41,41,41,41,41,41,41,10,52,48,41,41,20,20,39,39,39,39,58,58,58,58,53,53,34],"gold":249,"neow_bonus":"THREE_ENEMY_KILL","is_daily":false,"chose_seed":false,"campfire_upgraded":6,"win_rate":0.0,"timestamp":1612547595,"path_taken":["M","?","?","?","?","E","M","R","T","M","M","?","M","M","R","BOSS","M","?","$","?","?","R","E","M","T","$","?","R","?","?","R","BOSS","M","M","$","M","?","R","M","?","T","R","?","M","E","M","R","BOSS"],"items_purchased_type":["Card","Relic","Card"],"build_version":"2020-12-22","purchased_purges":3,"victory":true,"max_hp_per_floor":[66,66,66,66,66,66,66,66,66,66,66,66,66,66,66,66,66,66,66,66,66,66,66,66,66,66,66,66,66,66,66,66,66,66,66,66,66,66,66,66,66,66,66,66,66,66,66,66,66,66],"card_choices":[{"not_picked":["Deflect","Flechettes"],"picked":"Blade Dance","floor":1.0},{"not_picked":["PiercingWail","Dagger Throw"],"picked":"Sucker Punch","floor":4.0},{"not_picked":["Underhanded Strike","Slice"],"picked":"Flying Knee","floor":6.0},{"not_picked":["Flying Knee","Concentrate"],"picked":"Footwork","floor":7.0},{"not_picked":["Riddle With Holes","Outmaneuver"],"picked":"Accuracy","floor":10.0},{"not_picked":["Poisoned Stab","Unload"],"picked":"Underhanded Strike","floor":11.0},{"not_picked":["Flying Knee","Bane"],"picked":"Blade Dance","floor":13.0},{"not_picked":["Footwork","Acrobatics"],"picked":"Blade Dance","floor":14.0},{"not_picked":["Burst","A Thousand Cuts"],"picked":"Storm of Steel","floor":16.0},{"not_picked":["Crippling Poison","Poisoned Stab"],"picked":"Cloak And Dagger","floor":18.0},{"not_picked":["Bane+1","Backflip"],"picked":"Acrobatics","floor":22.0},{"not_picked":["Sucker Punch","Storm of Steel"],"picked":"Backflip","floor":24.0},{"not_picked":["Backflip","Expertise","Distraction+1"],"picked":"SKIP","floor":25.0},{"not_picked":["Malaise","Bullet Time"],"picked":"Adrenaline","floor":33.0},{"not_picked":["Choke","Quick Slash+1"],"picked":"Blade Dance","floor":35.0},{"not_picked":["Dodge and Roll+1","Dagger Spray"],"picked":"PiercingWail","floor":36.0},{"not_picked":["Prepared","Bane"],"picked":"Cloak And Dagger+1","floor":38.0},{"not_picked":["Heel Hook+1","Flechettes"],"picked":"Terror","floor":39.0},{"not_picked":["Acrobatics+1","Heel Hook"],"picked":"Well Laid Plans+1","floor":41.0},{"not_picked":["Blade Dance","Cloak And Dagger"],"picked":"Leg Sweep","floor":44.0},{"not_picked":["PiercingWail","Flying Knee","Slice"],"picked":"SKIP","floor":45.0},{"not_picked":["Underhanded Strike","Riddle With Holes","Dodge and Roll"],"picked":"SKIP","floor":46.0},{"not_picked":["Crippling Poison+1","Reflex+1","Dash+1"],"picked":"SKIP","floor":47.0},{"not_picked":["Quick Slash","Terror","Backflip"],"picked":"SKIP","floor":48.0}],"player_experience":355897,"relics_obtained":[{"floor":6.0,"key":"TungstenRod"},{"floor":9.0,"key":"Thread and Needle"},{"floor":24.0,"key":"Ancient Tea Set"},{"floor":26.0,"key":"Smiling Mask"},{"floor":39.0,"key":"Unceasing Top"},{"floor":43.0,"key":"Dream Catcher"},{"floor":47.0,"key":"Akabeko"}],"event_choices":[{"cards_removed":["Strike_G"],"damage_healed":0.0,"max_hp_gain":0.0,"max_hp_loss":0.0,"gold_gain":0.0,"event_name":"The Cleric","player_choice":"Card Removal","floor":2.0,"gold_loss":50.0,"damage_taken":0.0},{"damage_healed":0.0,"max_hp_gain":0.0,"max_hp_loss":0.0,"gold_gain":0.0,"event_name":"Accursed Blacksmith","player_choice":"Rummage","floor":3.0,"gold_loss":0.0,"damage_taken":0.0,"relics_obtained":["WarpedTongs"],"cards_obtained":["Pain"]},{"damage_healed":0.0,"max_hp_gain":0.0,"max_hp_loss":0.0,"gold_gain":0.0,"event_name":"Liars Game","player_choice":"Ignored","floor":5.0,"gold_loss":0.0,"damage_taken":0.0},{"damage_healed":0.0,"max_hp_gain":0.0,"max_hp_loss":0.0,"gold_gain":0.0,"event_name":"Golden Idol","player_choice":"Take Wound","floor":12.0,"gold_loss":0.0,"damage_taken":0.0,"relics_obtained":["Golden Idol"],"cards_obtained":["Injury"]},{"damage_healed":0.0,"max_hp_gain":0.0,"max_hp_loss":0.0,"gold_gain":99.0,"event_name":"Nest","player_choice":"Stole From Cult","floor":19.0,"gold_loss":0.0,"damage_taken":0.0},{"damage_healed":0.0,"max_hp_gain":0.0,"max_hp_loss":0.0,"gold_gain":0.0,"cards_transformed":["Defend_G","Strike_G"],"event_name":"Designer","player_choice":"Transformed Cards","floor":21.0,"gold_loss":60.0,"damage_taken":0.0,"cards_obtained":["Die Die Die","Dagger Spray"]},{"damage_healed":0.0,"max_hp_gain":0.0,"max_hp_loss":0.0,"gold_gain":0.0,"event_name":"Addict","player_choice":"Stole Relic","floor":28.0,"gold_loss":0.0,"damage_taken":0.0,"relics_obtained":["champ:DeflectingBracers"],"cards_obtained":["Shame"]},{"damage_healed":0.0,"max_hp_gain":0.0,"max_hp_loss":0.0,"gold_gain":0.0,"event_name":"Ghosts","player_choice":"Ignored","floor":30.0,"gold_loss":0.0,"damage_taken":0.0},{"damage_healed":0.0,"max_hp_gain":0.0,"max_hp_loss":0.0,"gold_gain":0.0,"cards_transformed":["Strike_G"],"event_name":"Transmorgrifier","player_choice":"Transformed","floor":31.0,"gold_loss":0.0,"damage_taken":0.0,"cards_obtained":["Sucker Punch"]},{"damage_healed":0.0,"max_hp_gain":0.0,"max_hp_loss":0.0,"gold_gain":0.0,"event_name":"MindBloom","player_choice":"Fight","floor":39.0,"gold_loss":0.0,"damage_taken":0.0},{"cards_removed":["Defend_G"],"damage_healed":0.0,"max_hp_gain":0.0,"max_hp_loss":0.0,"gold_gain":0.0,"event_name":"Purifier","player_choice":"Purged","floor":42.0,"gold_loss":0.0,"damage_taken":0.0}],"is_beta":false,"boss_relics":[{"not_picked":["SlaversCollar","HoveringKite"],"picked":"expansioncontent:StudyCardRelic"},{"not_picked":["Busted Crown","Calling Bell"],"picked":"WristBlade"}],"items_purged_floors":[20,27,37],"is_endless":false,"potions_floor_spawned":[4,10,11,14,22,24,38,41,45,48],"ascension_level":14}}