{"host":"9v3x998ddbx8o276","time":1612496209,"event":{"mods":["AchievementEnabler","BaseMod","Colored Map","Colored Powertips","Highlight Path","Minty Spire (QoL Compilation)","Quick Restart","Rare Cards Sparkle"],"gold_per_floor":[109,109,129,129,17,42,42,53,53,53,66,66,93,107,107,107,107],"floor_reached":16,"language":"ENG","playtime":413,"items_purged":[],"score":270,"play_id":"71c9d673-e7ba-4452-abcc-facfd00f6ccc","local_time":"20210205140649","is_ascension_mode":true,"campfire_choices":[{"data":"Sweeping Beam","floor":7,"key":"SMITH"},{"data":"Barrage","floor":10,"key":"SMITH"},{"floor":12,"key":"REST"},{"floor":15,"key":"REST"}],"circlet_count":0,"master_deck":["AscendersBane","Strike_B+1","Strike_B+1","Strike_B","Strike_B","Defend_B","Defend_B","Defend_B","Defend_B","Zap+1","Dualcast","Beam Cell","Barrage+1","Sweeping Beam+1","Multi-Cast","Conserve Battery","Fusion","Compile Driver+1","Streamline+1"],"relics":["Cracked Core","NeowsBlessing","Frozen Egg 2","Omamori","Molten Egg 2"],"acts_visited":["Exordium"],"potions_floor_usage":[13],"damage_taken":[{"damage":0,"enemies":"2 Louse","floor":1,"turns":1},{"damage":0,"enemies":"Small Slimes","floor":3,"turns":1},{"damage":0,"enemies":"3 Sentries","floor":6,"turns":1},{"damage":0,"enemies":"Cultist","floor":8,"turns":2},{"damage":18,"enemies":"Large Slime","floor":11,"turns":5},{"damage":5,"enemies":"Lagavulin","floor":13,"turns":4},{"damage":15,"enemies":"Gremlin Gang","floor":14,"turns":3},{"damage":53,"enemies":"Slime Boss","floor":16,"turns":8}],"seed_played":"-8282525310178928629","potions_obtained":[{"floor":6,"key":"Ancient Potion"},{"floor":13,"key":"Strength Potion"}],"is_trial":false,"path_per_floor":["M","?","M","?","$","E","R","M","T","R","M","R","E","M","R","B"],"character_chosen":"DEFECT","items_purchased":["Sweeping Beam","Energy Potion"],"campfire_rested":2,"item_purchase_floors":[5,5],"current_hp_per_floor":[64,64,64,43,43,43,43,43,43,43,25,46,41,26,47,0,0],"gold":107,"neow_bonus":"THREE_ENEMY_KILL","is_daily":false,"chose_seed":false,"campfire_upgraded":2,"win_rate":0.0,"timestamp":1612496209,"path_taken":["M","?","M","?","$","E","R","M","T","R","M","R","E","M","R","BOSS"],"items_purchased_type":["Card","Potion"],"build_version":"2020-12-22","purchased_purges":0,"victory":false,"max_hp_per_floor":[71,71,71,71,71,71,71,71,71,71,71,71,71,71,71,71,71],"card_choices":[{"not_picked":["Conserve Battery","Redo"],"picked":"Beam Cell","floor":1},{"not_picked":["Go for the Eyes","Hologram"],"picked":"Barrage","floor":3},{"not_picked":["Gash","Compile Driver"],"picked":"Multi-Cast","floor":6},{"not_picked":["Recycle","Turbo"],"picked":"Conserve Battery","floor":8},{"not_picked":["Aggregate","Redo"],"picked":"Fusion","floor":11},{"not_picked":["Leap","Auto Shields"],"picked":"Compile Driver+1","floor":13},{"not_picked":["Hologram","Melter+1"],"picked":"Streamline+1","floor":14}],"player_experience":2215925,"relics_obtained":[{"floor":6,"key":"Frozen Egg 2"},{"floor":9,"key":"Omamori"},{"floor":13,"key":"Molten Egg 2"}],"event_choices":[{"damage_healed":0,"gold_gain":0,"player_choice":"Grow","damage_taken":0,"max_hp_gain":0,"max_hp_loss":0,"event_name":"Living Wall","floor":2,"gold_loss":0,"cards_upgraded":["Zap"]},{"damage_healed":0,"gold_gain":0,"player_choice":"Entered Light","damage_taken":21,"max_hp_gain":0,"max_hp_loss":0,"event_name":"Shining Light","floor":4,"gold_loss":0,"cards_upgraded":["Strike_B","Strike_B"]}],"is_beta":false,"boss_relics":[],"items_purged_floors":[],"is_endless":false,"potions_floor_spawned":[6,13,14],"killed_by":"Slime Boss","ascension_level":20}}