{"host":"1ecbliur7lfoj0sl","time":1612518677,"event":{"mods":["BaseMod","Minty Spire (QoL Compilation)","StSLib","The Animator","Waifu the Spire"],"gold_per_floor":[113,132,57,70,101,144,144,144,144,191,52,77,77,97,97,217,217,236,151,149,149,149,190,211,249,276,327,339,375,412,523,535,672,709,736,623,646,664,426,507,520,604,655,655,724,1057,1136,1136,1136,1136,1136,1136,672,722,777,872,344,100,100,100],"floor_reached":59,"language":"ZHS","playtime":5808,"items_purged":["animator:Strike","animator:Strike","animator:Defend","animator:Yuuichirou"],"score":979,"play_id":"c4e02b2a-9101-4c3c-8961-4caf415bb7f3","local_time":"20210205175117","is_ascension_mode":true,"campfire_choices":[{"data":"animator:MumenRider","floor":7.0,"key":"SMITH"},{"data":"animator:HigakiRinne","floor":13.0,"key":"SMITH"},{"data":"animator:Mikaela","floor":15.0,"key":"SMITH"},{"data":"animator:HiiragiShinya","floor":28.0,"key":"SMITH"},{"data":"animator:FeridBathory","floor":32.0,"key":"SMITH"},{"data":"animator:Shimakaze","floor":44.0,"key":"SMITH"},{"floor":49.0,"key":"RECALL"},{"data":"animator:TsurugaMeisai","floor":52.0,"key":"SMITH"}],"circlet_count":0,"master_deck":["animator:Strike_OwariNoSeraph+1","animator:Defend_OwariNoSeraph+1","animator:Shinoa+1","animator:Mikaela+1","animator:MumenRider+1","animator:HiiragiShinya+1","animator:Entoma+3","animator:HigakiRinne+1","animator:KrulTepes+1","animator:Geryuganshoop+1","animator:FeridBathory+1","animator:Yuuichirou+1","animator:Gilgamesh+7","animator:HiiragiShinya+1","animator:KrulTepes+1","animator:Shimakaze+1","animator:TsurugaMeisai+1","animator:MumenRider+1"],"relics":["animator:TheEgnaroPiece","animator:LivingPicture","animator:TheMissingPiece","animator:AncientMedallion"],"acts_visited":["Exordium","TheCity","TheBeyond","TheEnding","EYB:TheUnnamedReign"],"potions_floor_usage":[59,59],"damage_taken":[{"damage":0.0,"enemies":"Cultist","floor":1.0,"turns":4.0},{"damage":1.0,"enemies":"2 Louse","floor":2.0,"turns":3.0},{"damage":0.0,"enemies":"Jaw Worm","floor":4.0,"turns":5.0},{"damage":0.0,"enemies":"Blue Slaver","floor":5.0,"turns":5.0},{"damage":33.0,"enemies":"Lagavulin","floor":6.0,"turns":14.0},{"damage":21.0,"enemies":"The Mushroom Lair","floor":10.0,"turns":6.0},{"damage":0.0,"enemies":"Looter","floor":14.0,"turns":3.0},{"damage":14.0,"enemies":"Slime Boss","floor":16.0,"turns":7.0},{"damage":2.0,"enemies":"Spheric Guardian","floor":18.0,"turns":4.0},{"damage":9.0,"enemies":"2 Thieves","floor":20.0,"turns":4.0},{"damage":15.0,"enemies":"Slavers","floor":23.0,"turns":6.0},{"damage":0.0,"enemies":"Snake Plant","floor":24.0,"turns":4.0},{"damage":0.0,"enemies":"Book of Stabbing","floor":25.0,"turns":5.0},{"damage":13.0,"enemies":"Gremlin Leader","floor":27.0,"turns":5.0},{"damage":0.0,"enemies":"Cultist and Chosen","floor":29.0,"turns":6.0},{"damage":3.0,"enemies":"Centurion and Healer","floor":30.0,"turns":6.0},{"damage":23.0,"enemies":"Champ","floor":33.0,"turns":9.0},{"damage":13.0,"enemies":"Orb Walker","floor":35.0,"turns":4.0},{"damage":5.0,"enemies":"3 Darklings","floor":37.0,"turns":7.0},{"damage":1.0,"enemies":"Spire Growth","floor":38.0,"turns":4.0},{"damage":0.0,"enemies":"Giant Head","floor":40.0,"turns":8.0},{"damage":0.0,"enemies":"Maw","floor":41.0,"turns":6.0},{"damage":14.0,"enemies":"Reptomancer","floor":42.0,"turns":6.0},{"damage":11.0,"enemies":"Nemesis","floor":45.0,"turns":7.0},{"damage":49.0,"enemies":"Donu and Deca","floor":50.0,"turns":9.0},{"damage":0.0,"enemies":"animator:UNNAMED_HAT","floor":54.0,"turns":13.0},{"damage":74.0,"enemies":"animator:TRIPLE_SHAPES_WEAK","floor":55.0,"turns":9.0},{"damage":26,"enemies":"animator:UNNAMED_CULTIST_2","floor":59,"turns":5}],"seed_played":"3629116382220492017","potions_obtained":[{"floor":1.0,"key":"animator:FalseLifePotion"},{"floor":2.0,"key":"LiquidMemories"},{"floor":5.0,"key":"SkillPotion"},{"floor":10.0,"key":"SteroidPotion"},{"floor":54.0,"key":"animator:FalseLifePotion"},{"floor":55.0,"key":"animator:FalseLifePotion"}],"is_trial":false,"path_per_floor":["M","M","$","M","M","E","R","?","T","?","$","T","R","M","R","B",null,"M","?","M","?","T","E","M","E","T","E","R","M","M","?","R","B",null,"M","$","M","M","$","E","M","E","T","R","E","?","T","?","R","B",null,"R","??","M","M","T","?","$","M"],"character_chosen":"THE_ANIMATOR","items_purchased":["animator:KrulTepes","animator:Shimakaze","animator:AncientMedallion"],"campfire_rested":0,"item_purchase_floors":[11,39,58],"current_hp_per_floor":[72,71,71,71,71,38,38,38,38,19,19,19,19,21,21,8,72,70,70,65,51,51,40,44,48,48,39,39,47,52,52,52,35,85,74,74,77,82,82,88,89,75,75,75,75,75,82,82,82,43,97,97,86,86,12,12,12,12,0,0],"gold":100,"neow_bonus":"TEN_PERCENT_HP_BONUS","is_daily":false,"chose_seed":false,"campfire_upgraded":7,"win_rate":0.0,"timestamp":1612518677,"path_taken":["M","M","?","?","M","E","R","?","T","?","?","?","R","?","R","BOSS","M","?","M","?","?","E","?","E","T","E","R","?","M","?","R","BOSS","M","$","M","M","$","E","M","E","T","R","E","?","?","?","R","BOSS","R","??","M","M","T","?","$","M"],"items_purchased_type":["Card","Card","Relic"],"build_version":"2020-12-22","purchased_purges":4,"victory":false,"max_hp_per_floor":[72,72,72,72,72,72,72,67,67,69,69,69,69,71,71,72,72,72,72,74,79,79,81,81,81,81,81,81,83,85,85,85,85,85,87,87,89,89,89,89,89,89,89,89,90,90,97,97,97,97,97,97,86,86,86,86,86,86,86,86],"card_choices":[{"not_picked":["animator:Fredrika","animator:Sebas","animator:Aqua"],"picked":"SKIP","floor":1.0},{"not_picked":["animator:ShinjiMatou","animator:Rider"],"picked":"animator:MumenRider","floor":2.0},{"not_picked":["animator:UneriGinkaku","animator:Mitsurugi","animator:CrowleyEusford"],"picked":"SKIP","floor":4.0},{"not_picked":["animator:Shigure","animator:Shinoa"],"picked":"animator:HiiragiShinya","floor":5.0},{"not_picked":["animator:CrowleyEusford","animator:Azekura"],"picked":"animator:Entoma","floor":6.0},{"not_picked":["animator:IzunaHatsuse","animator:LeleiLaLalena"],"picked":"animator:HigakiRinne","floor":10.0},{"not_picked":["animator:FielNirvalen","animator:RoryMercury"],"picked":"animator:Geryuganshoop","floor":14.0},{"not_picked":["animator:Saitama","animator:Gilgamesh"],"picked":"animator:FeridBathory","floor":16.0},{"not_picked":["animator:SilverFang","animator:ChaikaBohdan","animator:Kazuma"],"picked":"SKIP","floor":18.0},{"not_picked":["animator:Yoichi","animator:HiiragiShinya"],"picked":"animator:Yuuichirou","floor":20.0},{"not_picked":["animator:Layla+1","animator:Shichika+1"],"picked":"animator:Entoma","floor":23.0},{"not_picked":["animator:Verdia","animator:TsurugaMeisai","animator:ChaikaBohdan"],"picked":"SKIP","floor":24.0},{"not_picked":["animator:PandorasActor","animator:Yoichi","animator:TukaLunaMarceau"],"picked":"SKIP","floor":25.0},{"not_picked":["animator:UneriGinkaku","animator:LeleiLaLalena","animator:Verdia"],"picked":"SKIP","floor":29.0},{"not_picked":["animator:Layla","animator:Chris","animator:Konayuki"],"picked":"SKIP","floor":30.0},{"not_picked":["animator:Eris","animator:Ainz"],"picked":"animator:Gilgamesh","floor":33.0},{"not_picked":["animator:ShinjiMatou","animator:SakuraMatou","animator:KrulTepes"],"picked":"SKIP","floor":35.0},{"not_picked":["animator:LeleiLaLalena+1","animator:Viivi","animator:Tyuule"],"picked":"SKIP","floor":38.0},{"not_picked":["animator:Nanami","animator:Evileye+1","animator:Tyuule"],"picked":"SKIP","floor":40.0},{"not_picked":["animator:Konayuki","animator:Genos","animator:RoryMercury+1"],"picked":"SKIP","floor":41.0},{"not_picked":["animator:Entoma+1","animator:MumenRider","animator:Verdia"],"picked":"animator:TsurugaMeisai","floor":45.0},{"not_picked":["animator:Genos","animator:Eris"],"picked":"animator:MumenRider","floor":54.0},{"not_picked":["animator:Jibril","animator:Viivi","animator:UneriGinkaku"],"picked":"SKIP","floor":55.0}],"player_experience":23335,"relics_obtained":[{"floor":6.0,"key":"Ginger"},{"floor":10.0,"key":"Odd Mushroom"},{"floor":12.0,"key":"Centennial Puzzle"},{"floor":16.0,"key":"Blood Vial"},{"floor":22.0,"key":"HornCleat"},{"floor":23.0,"key":"Blood Vial"},{"floor":23.0,"key":"Toy Ornithopter"},{"floor":25.0,"key":"Red Skull"},{"floor":26.0,"key":"MawBank"},{"floor":27.0,"key":"Blood Vial"},{"floor":27.0,"key":"Whetstone"},{"floor":40.0,"key":"Blood Vial"},{"floor":40.0,"key":"Potion Belt"},{"floor":42.0,"key":"Blood Vial"},{"floor":42.0,"key":"Question Card"},{"floor":43.0,"key":"Bag of Marbles"},{"floor":45.0,"key":"Paper Frog"},{"floor":47.0,"key":"Strawberry"},{"floor":53.0,"key":"animator:TheEgnaroPiece"},{"floor":56.0,"key":"animator:AncientMedallion"},{"floor":57,"key":"animator:AncientMedallion"},{"floor":57,"key":"animator:AncientMedallion"},{"floor":57,"key":"animator:AncientMedallion"}],"event_choices":[{"damage_healed":0.0,"max_hp_gain":0.0,"max_hp_loss":5.0,"gold_gain":0.0,"event_name":"Golden Idol","player_choice":"Lose Max HP","floor":8.0,"gold_loss":0.0,"damage_taken":0.0,"relics_obtained":["Golden Idol"]},{"damage_healed":0.0,"max_hp_gain":0.0,"max_hp_loss":0.0,"gold_gain":0.0,"event_name":"Mushrooms","player_choice":"Fought Mushrooms","floor":10.0,"gold_loss":0.0,"damage_taken":0.0},{"damage_healed":0.0,"max_hp_gain":0.0,"max_hp_loss":0.0,"gold_gain":0.0,"event_name":"Addict","player_choice":"Obtained Relic","floor":19.0,"gold_loss":85.0,"damage_taken":0.0,"relics_obtained":["Paper Crane"]},{"damage_healed":0.0,"max_hp_gain":5.0,"max_hp_loss":0.0,"gold_gain":0.0,"event_name":"Forgotten Altar","player_choice":"Shed Blood","floor":21.0,"gold_loss":0.0,"damage_taken":19.0},{"damage_healed":0.0,"max_hp_gain":0.0,"max_hp_loss":0.0,"gold_gain":99.0,"event_name":"Nest","player_choice":"Stole From Cult","floor":31.0,"gold_loss":0.0,"damage_taken":0.0},{"damage_healed":0.0,"max_hp_gain":0.0,"max_hp_loss":0.0,"gold_gain":333.0,"event_name":"The Moai Head","player_choice":"Gave Idol","floor":46.0,"relics_lost":["Golden Idol"],"gold_loss":0.0,"damage_taken":0.0},{"damage_healed":0.0,"max_hp_gain":0.0,"max_hp_loss":0.0,"gold_gain":0.0,"event_name":"The Woman in Blue","player_choice":"Bought 0 Potions","floor":48.0,"gold_loss":0.0,"damage_taken":0.0}],"is_beta":false,"boss_relics":[{"not_picked":["Busted Crown","SacredBark"],"picked":"Sozu"},{"not_picked":["animator:CursedBlade","Mark of Pain"],"picked":"animator:RacePiece"}],"items_purged_floors":[3,11,36,39],"is_endless":false,"potions_floor_spawned":[1,2,5,10,23,24,25,30,35,37,40,54,55],"killed_by":"animator:UNNAMED_CULTIST_2","ascension_level":1}}