{"host":"k5fgrtcqzqosfxt0","time":1612531904,"event":{"mods":["Act Like it!","Aspiration","BaseMod","Downfall","Gensokyo","Minty Spire (QoL Compilation)","StSLib","TestMod","The Runesmith","UnlockEverythingMod"],"gold_per_floor":[114,128,128,53,66,66,80,80,102,119,119,119],"floor_reached":11,"language":"ZHS","playtime":306,"items_purged":["Strike_B"],"score":130,"play_id":"a0cb02b2-8f83-4516-b538-bb89a7fa2c60","local_time":"20210205213144","is_ascension_mode":true,"campfire_choices":[{"data":"Dualcast","floor":6.0,"key":"SMITH"}],"circlet_count":0,"master_deck":["AscendersBane","Strike_B","Strike_B","Strike_B","Defend_B","Defend_B","Defend_B","Defend_B","Zap","Dualcast+1","Static Discharge","Barrage","Capacitor"],"relics":["Cracked Core","testmod-TestBox","aspiration:Nostalgia","PureWater","testmod-Charity"],"acts_visited":["Exordium"],"potions_floor_usage":[11,11],"damage_taken":[{"damage":10.0,"enemies":"Gensokyo:2_Kodama","floor":1.0,"turns":4.0},{"damage":9.0,"enemies":"Gensokyo:Gryphon","floor":2.0,"turns":4.0},{"damage":12.0,"enemies":"Gensokyo:Python","floor":5.0,"turns":4.0},{"damage":0.0,"enemies":"Gensokyo:LivingMonolith","floor":7.0,"turns":3.0},{"damage":22,"enemies":"Gensokyo:5_Fairies","floor":10,"turns":4},{"damage":21,"enemies":"Gensokyo:Cirno","floor":11,"turns":4}],"seed_played":"8001811464430354165","potions_obtained":[{"floor":1.0,"key":"Fire Potion"},{"floor":10,"key":"Block Potion"}],"is_trial":false,"path_per_floor":["M","M","?","$","M","R","M","?","T","M","E"],"character_chosen":"DEFECT","items_purchased":[],"campfire_rested":0,"item_purchase_floors":[],"current_hp_per_floor":[55,47,51,51,40,40,41,41,42,21,0,0],"gold":119,"neow_bonus":"NOSTALGIA","is_daily":false,"chose_seed":false,"campfire_upgraded":1,"win_rate":0.0,"timestamp":1612531904,"path_taken":["M","M","?","?","M","R","M","?","T","M","E"],"items_purchased_type":[],"build_version":"2020-12-22","purchased_purges":1,"victory":false,"max_hp_per_floor":[72,73,73,73,74,74,75,75,76,77,77,77],"card_choices":[{"not_picked":["Rip and Tear","Compile Driver"],"picked":"Static Discharge","floor":1.0},{"not_picked":["Hologram","Go for the Eyes","Gash"],"picked":"SKIP","floor":2.0},{"not_picked":["Go for the Eyes","Leap"],"picked":"Barrage","floor":5.0},{"not_picked":["Beam Cell","Barrage","Streamline"],"picked":"SKIP","floor":7.0},{"not_picked":["Sweeping Beam","Steam"],"picked":"Capacitor","floor":10}],"player_experience":624518,"relics_obtained":[],"event_choices":[],"is_beta":false,"boss_relics":[],"items_purged_floors":[4],"is_endless":false,"potions_floor_spawned":[1,10],"killed_by":"Gensokyo:Cirno","ascension_level":20}}