{"host":"m7jrdcbl89w2s34c","time":1612544627,"event":{"mods":["AchievementEnabler","BaseMod","Bestiary","Block Reminder","Colored Map","Colored Powertips","Minty Spire (QoL Compilation)","Permanent Neow","Relic Stats","StSLib"],"gold_per_floor":[117,117,117,132,34,34,34,68,68,103,103,113,113,125,125,228,228,214,19,19,33,47,75,28,40,40,240,240,240],"floor_reached":28,"language":"ENG","playtime":1347,"items_purged":["Regret"],"score":344,"play_id":"170963d0-8e80-45ca-9606-4b1c4f33f7b6","local_time":"20210205180347","is_ascension_mode":true,"campfire_choices":[{"data":"Go for the Eyes","floor":6,"key":"SMITH"},{"data":"Buffer","floor":13,"key":"SMITH"},{"data":"Fusion","floor":15,"key":"SMITH"}],"circlet_count":0,"master_deck":["Strike_B","Strike_B","Strike_B","Strike_B","Defend_B","Defend_B","Defend_B","Defend_B","Zap+1","Dualcast","Go for the Eyes+1","Ball Lightning","Cold Snap","Buffer+1","Sweeping Beam","Capacitor","Fusion+1","Compile Driver","Electrodynamics","Glacier","Buffer+1","Conserve Battery","Good Instincts","Leap","Stack+1","Glacier+1","Cold Snap","Auto Shields"],"relics":["Cracked Core","CaptainsWheel","Ginger","Ornamental Fan","Cables","Inserter","DollysMirror","Lantern","Sundial"],"acts_visited":["Exordium","TheCity"],"potions_floor_usage":[16,18,23,23,25],"damage_taken":[{"damage":8,"enemies":"Cultist","floor":1,"turns":3},{"damage":0,"enemies":"2 Louse","floor":4,"turns":1},{"damage":24,"enemies":"3 Sentries","floor":8,"turns":7},{"damage":4,"enemies":"Lagavulin","floor":10,"turns":6},{"damage":2,"enemies":"Jaw Worm","floor":12,"turns":2},{"damage":8,"enemies":"3 Louse","floor":14,"turns":3},{"damage":5,"enemies":"Slime Boss","floor":16,"turns":7},{"damage":10,"enemies":"2 Thieves","floor":18,"turns":4},{"damage":12,"enemies":"Shell Parasite","floor":21,"turns":8},{"damage":8,"enemies":"Snake Plant","floor":22,"turns":5},{"damage":30,"enemies":"Book of Stabbing","floor":23,"turns":7},{"damage":2,"enemies":"Snecko","floor":25,"turns":8},{"damage":27,"enemies":"Slavers","floor":28,"turns":1}],"seed_played":"2593759855146337819","potions_obtained":[{"floor":10,"key":"FearPotion"},{"floor":12,"key":"Fire Potion"},{"floor":14,"key":"GamblersBrew"},{"floor":16,"key":"FearPotion"},{"floor":21,"key":"Regen Potion"},{"floor":22,"key":"Strength Potion"}],"is_trial":false,"path_per_floor":["M","?","?","M","$","R","$","E","T","E","?","M","R","M","R","B",null,"M","$","?","M","M","E","$","M","T","?","E"],"character_chosen":"DEFECT","items_purchased":["Cold Snap","DollysMirror","Conserve Battery","Cold Snap"],"campfire_rested":0,"item_purchase_floors":[5,19,19,24],"current_hp_per_floor":[60,65,65,65,65,65,65,41,41,37,37,35,35,27,27,22,66,56,56,56,44,36,6,6,19,19,19,0,0],"gold":240,"neow_bonus":"ONE_RARE_RELIC","is_daily":false,"chose_seed":false,"campfire_upgraded":3,"win_rate":0.0,"timestamp":1612544627,"path_taken":["M","?","?","M","$","R","?","E","T","E","?","M","R","?","R","BOSS","M","$","?","M","M","E","?","M","T","?","E"],"items_purchased_type":["Card","Relic","Card","Card"],"build_version":"2020-12-22","purchased_purges":1,"victory":false,"max_hp_per_floor":[75,80,80,80,80,80,80,80,80,80,80,80,80,80,80,80,80,80,80,80,80,80,80,80,80,80,80,80,80],"relic_stats":{"Inserter":[16],"counters":[13,62],"Ornamental Fan":[52],"Sundial":[0],"Ginger":[6],"obtain_stats":[{"CaptainsWheel":0,"Lantern":23,"Inserter":17,"Ornamental Fan":9,"DollysMirror":19,"Sundial":26,"Ginger":8,"Cracked Core":0,"Cables":10},{"CaptainsWheel":0,"Lantern":11,"Inserter":7,"Ornamental Fan":3,"DollysMirror":8,"Sundial":12,"Ginger":3,"Cracked Core":0,"Cables":4},{"CaptainsWheel":0,"Lantern":53,"Inserter":29,"Ornamental Fan":11,"DollysMirror":33,"Sundial":61,"Ginger":11,"Cracked Core":0,"Cables":17}],"Cables":[39,33,5,0,1]},"card_choices":[{"not_picked":["Steam","Hologram"],"picked":"Go for the Eyes","floor":1},{"not_picked":["Steam","Coolheaded"],"picked":"Ball Lightning","floor":4},{"not_picked":["Cold Snap","Static Discharge"],"picked":"Buffer","floor":8},{"not_picked":["Hello World","Heatsinks"],"picked":"Sweeping Beam","floor":10},{"not_picked":["Reinforced Body","Steam Power"],"picked":"Fusion","floor":12},{"not_picked":["Redo","Tempest"],"picked":"Compile Driver","floor":14},{"not_picked":["Core Surge","Hyperbeam"],"picked":"Electrodynamics","floor":16},{"not_picked":["Recycle","Compile Driver+1"],"picked":"Glacier","floor":18},{"not_picked":["Reinforced Body","Undo"],"picked":"Leap","floor":21},{"not_picked":["Redo","Rip and Tear"],"picked":"Stack+1","floor":22},{"not_picked":["Machine Learning","Turbo+1"],"picked":"Glacier+1","floor":23},{"not_picked":["FTL","Hologram"],"picked":"Auto Shields","floor":25}],"player_experience":213432,"relics_obtained":[{"floor":8,"key":"Ginger"},{"floor":9,"key":"Ornamental Fan"},{"floor":10,"key":"Cables"},{"floor":23,"key":"Lantern"},{"floor":26,"key":"Sundial"}],"event_choices":[{"damage_healed":0,"gold_gain":0,"player_choice":"Donut","damage_taken":0,"max_hp_gain":5,"max_hp_loss":0,"event_name":"Big Fish","floor":2,"gold_loss":0},{"damage_healed":0,"gold_gain":0,"player_choice":"Grow","damage_taken":0,"max_hp_gain":0,"max_hp_loss":0,"event_name":"Living Wall","floor":3,"gold_loss":0,"cards_upgraded":["Zap"]},{"damage_healed":0,"gold_gain":0,"player_choice":"1 cards matched","damage_taken":0,"max_hp_gain":0,"max_hp_loss":0,"event_name":"Match and Keep!","floor":11,"gold_loss":0,"cards_obtained":["Capacitor"]},{"damage_healed":0,"gold_gain":0,"player_choice":"1 cards matched","damage_taken":0,"max_hp_gain":0,"max_hp_loss":0,"event_name":"Match and Keep!","floor":20,"gold_loss":0,"cards_obtained":["Good Instincts"]},{"damage_healed":0,"gold_gain":200,"player_choice":"Gold","damage_taken":0,"max_hp_gain":0,"max_hp_loss":0,"event_name":"Wheel of Change","floor":27,"gold_loss":0}],"is_beta":false,"boss_relics":[{"not_picked":["SacredBark","Busted Crown"],"picked":"Inserter"}],"items_purged_floors":[5],"is_endless":false,"potions_floor_spawned":[10,12,14,16,21,22],"killed_by":"Slavers","ascension_level":8}}