{"host":"fmegyk2zep2mz06j","time":1612557586,"event":{"mods":["BaseMod","Beaked The Cultist","Downfall","Fiend Mod","Hubris","Marisa????????","Minty Spire (QoL Compilation)","Onozuka Komachi Mod","READ ME - Guardian Mod","READ ME - Snecko Mod","StSLib","The Construct","The Cursed","The Disciple","The Dragon Tamer","The Judge","The Mystic","The Necromancer","The Runesmith","The Servant 0.9.4","thorton"],"gold_per_floor":[114,114,128,142,142,142,142,155,155,173,190,190,251,266,266,366,366,382,382,382,93,111,437,437,450,450,450,466,482,482,497,497,497,497,497],"floor_reached":33,"language":"ENG","playtime":2261,"items_purged":[],"score":286,"play_id":"418f24fb-06f7-4cc5-af9f-7bed76ed704f","local_time":"20210205213946","is_ascension_mode":false,"metric_token":1363,"campfire_choices":[{"data":"DTMod:ComboAttack","floor":6,"key":"SMITH"},{"floor":15,"key":"REST"},{"floor":24,"key":"REST"},{"floor":27,"key":"REST"},{"floor":32,"key":"REST"}],"dtmod_dragon_data":[0,55,1,-1,14,0],"circlet_count":0,"master_deck":["DTMod:Strike+1","DTMod:Strike+1","DTMod:Strike+1","DTMod:Strike+1","DTMod:DoubleHit","DTMod:TargetDefense+1","DTMod:TargetDefense+1","DTMod:TargetDefense+1","DTMod:TargetDefense+1","DTMod:SwitchingTactic","DTMod:Training+1","DTMod:ComboAttack+1","DTMod:Training","DTMod:Safeguard","DTMod:BuildUp","DTMod:MagicField","DTMod:Overwhelm","DTMod:OpeningTactic","DTMod:FlameSlash","DTMod:InvisibleFlame","DTMod:HeatWave","DTMod:MasterPlan","Iron Wave"],"relics":["DTMod:PactStone","hubris:BottledRain","Centennial Puzzle","hubris:TerracottaHorce","MutagenicStrength","TungstenRod","Old Coin","hubris:DisguiseKit"],"acts_visited":["Exordium","TheCity"],"potions_floor_usage":[16,16,23,33,33],"damage_taken":[{"damage":0,"enemies":"Small Slimes","floor":1,"turns":4},{"damage":0,"enemies":"Cultist","floor":3,"turns":4},{"damage":0,"enemies":"2 Louse","floor":4,"turns":2},{"damage":0,"enemies":"2 Fungi Beasts","floor":8,"turns":3},{"damage":7,"enemies":"3 Louse","floor":10,"turns":5},{"damage":0,"enemies":"Large Slime","floor":11,"turns":5},{"damage":18,"enemies":"Lagavulin Event","floor":13,"turns":6},{"damage":17,"enemies":"Lots of Slimes","floor":14,"turns":7},{"damage":7,"enemies":"Hexaghost","floor":16,"turns":9},{"damage":20,"enemies":"3 Byrds","floor":18,"turns":7},{"damage":0,"enemies":"Chosen","floor":22,"turns":4},{"damage":0,"enemies":"Slavers","floor":23,"turns":7},{"damage":0,"enemies":"Sentry and Sphere","floor":25,"turns":6},{"damage":5,"enemies":"Chosen and Byrds","floor":28,"turns":7},{"damage":18,"enemies":"3 Cultists","floor":29,"turns":5},{"damage":0,"enemies":"Snecko","floor":31,"turns":6},{"damage":65,"enemies":"Automaton","floor":33,"turns":12}],"seed_played":"-4838014847442363052","potions_obtained":[{"floor":1,"key":"Swift Potion"},{"floor":11,"key":"LiquidBronze"},{"floor":13,"key":"Fruit Juice"},{"floor":28,"key":"SteroidPotion"},{"floor":29,"key":"Weak Potion"}],"is_trial":false,"path_per_floor":["M","?","M","M","?","R","$","M","T","M","M","?","?","M","R","B",null,"M","?","?","$","M","E","R","M","T","R","M","M","?","M","R","B"],"character_chosen":"THE_DT","items_purchased":["TungstenRod"],"campfire_rested":4,"item_purchase_floors":[21],"current_hp_per_floor":[49,49,49,49,49,49,49,49,49,42,42,42,24,7,21,14,40,20,20,20,20,20,20,34,34,34,48,43,25,25,25,39,0,0,0],"gold":497,"neow_bonus":"TEN_PERCENT_HP_BONUS","is_daily":false,"chose_seed":false,"campfire_upgraded":1,"win_rate":0.0,"timestamp":1612557586,"path_taken":["M","?","M","?","?","R","?","M","T","M","M","?","?","M","R","BOSS","M","?","?","$","M","E","R","M","T","R","M","M","?","M","R","BOSS"],"items_purchased_type":["Relic"],"build_version":"2020-12-22","purchased_purges":0,"victory":false,"max_hp_per_floor":[49,49,49,49,49,49,49,49,49,49,49,49,49,49,49,49,49,49,49,49,49,49,49,49,49,49,49,49,49,49,49,49,49,49,49],"card_choices":[{"not_picked":["DTMod:Coolant","DTMod:Threaten"],"picked":"DTMod:Training","floor":1},{"not_picked":["DTMod:QuickFly","DTMod:BizarreTactic"],"picked":"DTMod:ComboAttack","floor":3},{"not_picked":["DTMod:BlazingStrike","DTMod:BizarreTactic","DTMod:Punisher"],"picked":"SKIP","floor":4},{"not_picked":["DTMod:MasterPlan","DTMod:MagicField"],"picked":"DTMod:Training","floor":8},{"not_picked":["DTMod:MaximumCharge","DTMod:BreakAttack"],"picked":"DTMod:Safeguard","floor":10},{"not_picked":["DTMod:MagicField","DTMod:Adaptation"],"picked":"DTMod:BuildUp","floor":11},{"not_picked":["DTMod:Punisher","DTMod:BizarreTactic"],"picked":"DTMod:MagicField","floor":13},{"not_picked":["DTMod:BalancedStrike","DTMod:Training"],"picked":"DTMod:Overwhelm","floor":14},{"not_picked":["DTMod:GearUp","DTMod:HeadStart"],"picked":"DTMod:OpeningTactic","floor":16},{"not_picked":["DTMod:ShieldDrain","DTMod:Threaten+1"],"picked":"DTMod:DeepFocus","floor":18},{"not_picked":["DTMod:RunningTactic","DTMod:BalancedStrike"],"picked":"DTMod:FlameSlash","floor":22},{"not_picked":["DTMod:CrossStep","DTMod:RunningTactic"],"picked":"DTMod:InvisibleFlame","floor":23},{"not_picked":["DTMod:FlameSlash","DTMod:BurningEnergy"],"picked":"DTMod:HeatWave","floor":25},{"not_picked":["DTMod:Training","DTMod:Observe","DTMod:BuildUp","Slimebound:Equalize"],"picked":"SKIP","floor":28},{"not_picked":["DTMod:BizarreTactic","DTMod:ShieldDrain+1","Slimebound:SplitLeeching"],"picked":"DTMod:MasterPlan","floor":29},{"not_picked":["DTMod:RecklessFlurry","DTMod:QuickFly","DTMod:MagiciansMark","Slimebound:SlimeTap"],"picked":"SKIP","floor":31}],"player_experience":125643,"relics_obtained":[{"floor":9,"key":"hubris:BottledRain"},{"floor":13,"key":"Centennial Puzzle"},{"floor":23,"key":"Old Coin"},{"floor":26,"key":"hubris:DisguiseKit"}],"event_choices":[{"damage_healed":0,"gold_gain":0,"player_choice":"Upgraded","damage_taken":0,"max_hp_gain":0,"max_hp_loss":0,"event_name":"Upgrade Shrine","floor":2,"gold_loss":0,"cards_upgraded":["DTMod:Training"]},{"damage_healed":0,"gold_gain":0,"player_choice":"Ignored","damage_taken":0,"max_hp_gain":0,"max_hp_loss":0,"event_name":"Purifier","floor":5,"gold_loss":0},{"damage_healed":0,"gold_gain":0,"player_choice":"Ignored","damage_taken":0,"max_hp_gain":0,"max_hp_loss":0,"event_name":"Golden Idol","floor":12,"gold_loss":0},{"damage_healed":0,"gold_gain":30,"player_choice":"Searched \u00272\u0027 times","damage_taken":0,"max_hp_gain":0,"max_hp_loss":0,"event_name":"Dead Adventurer","floor":13,"gold_loss":0},{"damage_healed":0,"gold_gain":0,"player_choice":"Simplicity","damage_taken":0,"max_hp_gain":0,"max_hp_loss":0,"event_name":"Back to Basics","floor":19,"gold_loss":0,"cards_upgraded":["DTMod:Strike","DTMod:Strike","DTMod:Strike","DTMod:Strike","DTMod:TargetDefense","DTMod:TargetDefense","DTMod:TargetDefense","DTMod:TargetDefense"]},{"damage_healed":0,"gold_gain":0,"player_choice":"Inject Mutagens","damage_taken":0,"relics_obtained":["MutagenicStrength"],"max_hp_gain":0,"max_hp_loss":0,"event_name":"Drug Dealer","floor":20,"gold_loss":0},{"cards_removed":["DTMod:DeepFocus"],"damage_healed":0,"gold_gain":0,"player_choice":"Took Card","damage_taken":0,"max_hp_gain":0,"max_hp_loss":0,"event_name":"NoteForYourself","floor":30,"gold_loss":0,"cards_obtained":["Iron Wave"]}],"is_beta":false,"boss_relics":[{"not_picked":["Empty Cage","Tiny House"],"picked":"hubris:TerracottaHorce"}],"items_purged_floors":[],"is_endless":false,"potions_floor_spawned":[1,11,13,14,28,29],"killed_by":"Automaton","ascension_level":0}}