{"host":"sian7qp8a9pc9xwd","time":1612540799,"event":{"mods":["BaseMod","Minty Spire (QoL Compilation)","StSLib","SuperFastMode"],"gold_per_floor":[113,35,45,61,61,61,211,511,557,557,583,583,601,618,618,618,618],"floor_reached":16,"language":"ENG","playtime":17908,"items_purged":[],"score":162,"play_id":"317e64a7-6457-4a50-9776-fbfda9582f71","local_time":"20210205105959","is_ascension_mode":true,"campfire_choices":[{"data":"Darkness","floor":6.0,"key":"SMITH"},{"data":"Defragment","floor":10.0,"key":"SMITH"},{"data":"Dualcast","floor":12.0,"key":"SMITH"},{"data":"Go for the Eyes","floor":15.0,"key":"SMITH"}],"circlet_count":0,"master_deck":["AscendersBane","Strike_B","Strike_B","Defend_B","Defend_B","Defend_B","Defend_B","Zap","Dualcast+1","Go for the Eyes+1","Rebound","Darkness+1","Defragment+1","Doubt"],"relics":["Cracked Core","Old Coin","MealTicket","Regal Pillow"],"acts_visited":["Exordium"],"potions_floor_usage":[16,16],"damage_taken":[{"damage":0.0,"enemies":"Cultist","floor":1.0,"turns":3.0},{"damage":4.0,"enemies":"Jaw Worm","floor":3.0,"turns":4.0},{"damage":0.0,"enemies":"2 Louse","floor":4.0,"turns":1.0},{"damage":3.0,"enemies":"Looter","floor":13.0,"turns":2.0},{"damage":23.0,"enemies":"Exordium Thugs","floor":14.0,"turns":5.0},{"damage":14,"enemies":"The Guardian","floor":16,"turns":7}],"seed_played":"-4126390593119200000","potions_obtained":[{"floor":4.0,"key":"Strength Potion"},{"floor":13.0,"key":"FearPotion"},{"floor":14.0,"key":"LiquidMemories"}],"is_trial":false,"path_per_floor":["M","$","M","M","?","R","?","?","T","R","T","R","M","M","R","B"],"character_chosen":"DEFECT","items_purchased":["Defragment"],"campfire_rested":0,"item_purchase_floors":[2],"current_hp_per_floor":[64,64,60,60,65,65,65,39,39,39,39,39,36,13,13,0,0],"gold":618,"neow_bonus":"TRANSFORM_TWO_CARDS","is_daily":false,"chose_seed":false,"campfire_upgraded":4,"win_rate":0.0,"timestamp":1612540799,"path_taken":["M","$","M","M","?","R","?","?","T","R","?","R","M","?","R","BOSS"],"items_purchased_type":["Card"],"build_version":"2020-12-22","purchased_purges":0,"victory":false,"max_hp_per_floor":[64,64,64,64,69,69,69,69,69,69,69,69,69,69,69,69,69],"card_choices":[{"not_picked":["Redo","Melter"],"picked":"Darkness","floor":1.0},{"not_picked":["FTL","Chill","Steam Power"],"picked":"SKIP","floor":3.0},{"not_picked":["Scrape","Stack","Steam"],"picked":"SKIP","floor":4.0},{"not_picked":["Hologram","Beam Cell","Compile Driver"],"picked":"SKIP","floor":13.0},{"not_picked":["Steam","Go for the Eyes","Streamline"],"picked":"SKIP","floor":14.0}],"player_experience":898398,"relics_obtained":[{"floor":9.0,"key":"MealTicket"},{"floor":11.0,"key":"Regal Pillow"}],"event_choices":[{"damage_healed":0.0,"max_hp_gain":5.0,"max_hp_loss":0.0,"gold_gain":0.0,"event_name":"Big Fish","player_choice":"Donut","floor":5.0,"gold_loss":0.0,"damage_taken":0.0},{"damage_healed":0.0,"max_hp_gain":0.0,"max_hp_loss":0.0,"gold_gain":150.0,"event_name":"Liars Game","player_choice":"AGREE","floor":7.0,"gold_loss":0.0,"damage_taken":0.0,"cards_obtained":["Doubt"]},{"damage_healed":0.0,"max_hp_gain":0.0,"max_hp_loss":0.0,"gold_gain":0.0,"event_name":"Scrap Ooze","player_choice":"Success","floor":8.0,"gold_loss":0.0,"damage_taken":26.0,"relics_obtained":["Old Coin"]}],"is_beta":false,"boss_relics":[],"items_purged_floors":[],"is_endless":false,"potions_floor_spawned":[4,13,14],"killed_by":"The Guardian","ascension_level":16}}