{"host":"bavx0eibpuvdy04q","time":1612506948,"event":{"mods":["BaseMod","BetterRewards","Friendly Minions","Hermit","Hubris","Infinite Spire","KinomotoSakuraMod(????)","Kiyohime????","Koishi","LagranYue(???·?)","Marisa????????","Minty Spire (QoL Compilation)","Prisma Mod","Remilia??????","Replay The Spire","StSLib","The Administrix","The Alterego","The Animator","The Construct","The Cursed","The Disciple","The Hierophant","The Mystic","The Necromancer","The Runesmith","The Senshi","The Servant 0.9.4","Yakumo Yukari mod","Yuri Mod"],"gold_per_floor":[110,110,110,110,121,146,194,212,235,235,235],"floor_reached":10,"language":"ENG","playtime":454,"items_purged":[],"score":91,"play_id":"59d06b87-9601-4f74-859b-ffb222eaedfd","local_time":"20210204233548","is_ascension_mode":false,"campfire_choices":[],"circlet_count":0,"master_deck":["ClowCardTheSword+1","ClowCardTheSword","ClowCardTheSword","ClowCardTheSword","ClowCardTheShield","ClowCardTheShield","ClowCardTheShield","ClowCardTheShield+1","SpellCardSeal","SpellCardRelease","ClowCardTheDream+1","ClowCardTheFloat","ClowCardTheStorm","ClowCardTheBubbles","ClowCardTheBubbles"],"relics":["KSMOD_SealedBook","KSMOD_SealedWand","LagranYue:RandomDrawCardRelic","NeowsBlessing","Runesmith:AutoHammer","Chameleon Ring","theSenshi:SailorFukuRelic"],"acts_visited":["Exordium"],"potions_floor_usage":[],"damage_taken":[{"damage":0,"enemies":"Jaw Worm","floor":1,"turns":1},{"damage":0,"enemies":"Small Slimes","floor":5,"turns":2},{"damage":0,"enemies":"Lagavulin","floor":6,"turns":1},{"damage":0,"enemies":"Cultist","floor":8,"turns":3},{"damage":44,"enemies":"Gremlin Nob","floor":10,"turns":4}],"seed_played":"-2975701410505958453","potions_obtained":[{"floor":1,"key":"Energy Potion"},{"floor":7,"key":"SteroidPotion"}],"is_trial":false,"path_per_floor":["M","?","?","?","M","E","?","M","T","E"],"character_chosen":"KINOMOTOSAKURA","items_purchased":[],"campfire_rested":0,"item_purchase_floors":[],"current_hp_per_floor":[70,70,56,56,56,56,28,33,33,0,0],"gold":235,"neow_bonus":"THREE_ENEMY_KILL","is_daily":false,"chose_seed":false,"campfire_upgraded":0,"win_rate":0.0,"timestamp":1612506948,"path_taken":["M","?","?","?","?","E","?","M","T","E"],"items_purchased_type":[],"build_version":"2020-12-22","purchased_purges":0,"victory":false,"max_hp_per_floor":[70,70,70,70,70,70,70,70,70,70,70],"card_choices":[{"not_picked":["ClowCardTheLoop","ClowCardTheFreeze"],"picked":"ClowCardTheDream","floor":1},{"not_picked":["ClowCardTheStorm","ClowCardTheLibra"],"picked":"ClowCardTheFloat","floor":5},{"not_picked":["ClowCardTheBig","ClowCardTheMaze"],"picked":"ClowCardTheStorm","floor":6},{"not_picked":["ClowCardTheGlow","ClowCardTheLittle"],"picked":"ClowCardTheBubbles","floor":7},{"not_picked":["ClowCardTheMirror","ClowCardTheSand"],"picked":"ClowCardTheBubbles","floor":8}],"player_experience":111791,"relics_obtained":[{"floor":6,"key":"Runesmith:AutoHammer"},{"floor":7,"key":"Chameleon Ring"},{"floor":9,"key":"theSenshi:SailorFukuRelic"}],"event_choices":[{"damage_healed":0,"gold_gain":0,"player_choice":"Entered Light","damage_taken":14,"max_hp_gain":0,"max_hp_loss":0,"event_name":"Shining Light","floor":3,"gold_loss":0,"cards_upgraded":["ClowCardTheShield","ClowCardTheSword"]},{"damage_healed":0,"gold_gain":0,"player_choice":"Ignored","damage_taken":0,"max_hp_gain":0,"max_hp_loss":0,"event_name":"NoteForYourself","floor":4,"gold_loss":0}],"is_beta":false,"boss_relics":[],"items_purged_floors":[],"is_endless":false,"potions_floor_spawned":[1],"killed_by":"Gremlin Nob","ascension_level":0}}