{"host":"1focbxb2e8qu7ccd","time":1612563747,"event":{"mods":["BaseMod","Bestiary","Highlight Path","Minty Spire (QoL Compilation)","Relic Stats"],"gold_per_floor":[133,133,170,15,67,118,170,170,197,251,3,48,48,101,101,101,101],"floor_reached":16,"language":"ENG","playtime":879,"items_purged":["Strike_G"],"score":314,"play_id":"5d20c6dc-6fd7-493b-b617-79cf3e4d8d33","local_time":"20210205172227","is_ascension_mode":true,"campfire_choices":[{"data":"Phantasmal Killer","floor":15,"key":"SMITH"}],"circlet_count":0,"master_deck":["AscendersBane","Strike_G","Strike_G","Strike_G","Defend_G","Defend_G","Defend_G","Defend_G","Defend_G","Survivor","Neutralize","HandOfGreed","Dash","Flying Knee","Die Die Die","Masterful Stab","Flying Knee","Dash","Phantasmal Killer+1","Glass Knife"],"relics":["Ring of the Snake","Spirit Poop","Regal Pillow","Strawberry","Oddly Smooth Stone","Mango","Bag of Preparation"],"acts_visited":["Exordium"],"potions_floor_usage":[7,10,16],"damage_taken":[{"damage":4.0,"enemies":"Cultist","floor":1.0,"turns":3.0},{"damage":2.0,"enemies":"Jaw Worm","floor":3.0,"turns":4.0},{"damage":0.0,"enemies":"2 Louse","floor":5.0,"turns":4.0},{"damage":5,"enemies":"Large Slime","floor":6,"turns":7},{"damage":20,"enemies":"Gremlin Nob","floor":7,"turns":4},{"damage":0,"enemies":"Lagavulin","floor":10,"turns":4},{"damage":4,"enemies":"3 Sentries","floor":12,"turns":6},{"damage":9,"enemies":"Exordium Thugs","floor":14,"turns":5},{"damage":40,"enemies":"Hexaghost","floor":16,"turns":9}],"seed_played":"-4241447664883698949","potions_obtained":[{"floor":3.0,"key":"AttackPotion"},{"floor":5.0,"key":"Regen Potion"},{"floor":7,"key":"SpeedPotion"},{"floor":10,"key":"PowerPotion"}],"is_trial":false,"path_per_floor":["M","?","M","$","M","M","E","?","T","E","$","E","?","M","R","B"],"character_chosen":"THE_SILENT","items_purchased":["Die Die Die","Oddly Smooth Stone"],"campfire_rested":0,"item_purchase_floors":[4,11],"current_hp_per_floor":[55,55,53,53,53,48,40,40,40,47,47,57,46,37,37,0,0],"gold":101,"neow_bonus":"RANDOM_COLORLESS_2","is_daily":false,"chose_seed":false,"campfire_upgraded":1,"win_rate":0.0,"timestamp":1612563747,"path_taken":["M","?","?","$","M","M","E","?","T","E","$","E","?","M","R","BOSS"],"items_purchased_type":["Card","Relic"],"build_version":"2020-12-22","purchased_purges":1,"victory":false,"max_hp_per_floor":[66,66,66,66,66,66,66,66,66,73,73,87,87,87,87,87,87],"relic_stats":{"Regal Pillow":0,"counters":[9,46],"Bag of Preparation":[4],"obtain_stats":[{"Regal Pillow":7,"Strawberry":10,"Spirit Poop":2,"Oddly Smooth Stone":11,"Mango":12,"Bag of Preparation":13,"Ring of the Snake":0},{"Regal Pillow":5,"Strawberry":6,"Spirit Poop":1,"Oddly Smooth Stone":6,"Mango":7,"Bag of Preparation":7,"Ring of the Snake":0},{"Regal Pillow":22,"Strawberry":26,"Spirit Poop":3,"Oddly Smooth Stone":26,"Mango":32,"Bag of Preparation":32,"Ring of the Snake":0}],"Ring of the Snake":[18]},"card_choices":[{"not_picked":["Mayhem","Thinking Ahead"],"picked":"HandOfGreed","floor":0.0},{"not_picked":["Slice","Caltrops"],"picked":"Dash","floor":1.0},{"not_picked":["Tactician","Prepared"],"picked":"Flying Knee","floor":3.0},{"not_picked":["Escape Plan","Bane"],"picked":"Masterful Stab","floor":5.0},{"not_picked":["Dash","Bouncing Flask"],"picked":"Flying Knee","floor":6},{"not_picked":["Deflect","Blur"],"picked":"Dash","floor":7},{"not_picked":["Prepared","Well Laid Plans"],"picked":"Glass Knife","floor":10},{"not_picked":["Envenom","Prepared","Predator"],"picked":"SKIP","floor":12},{"not_picked":["Underhanded Strike","Distraction","Riddle With Holes"],"picked":"SKIP","floor":14}],"player_experience":874660,"relics_obtained":[{"floor":7,"key":"Regal Pillow"},{"floor":10,"key":"Strawberry"},{"floor":12,"key":"Mango"}],"event_choices":[{"cards_removed":["Normality"],"damage_healed":0.0,"max_hp_gain":0.0,"max_hp_loss":0.0,"gold_gain":0.0,"event_name":"Bonfire Elementals","player_choice":"Offered Curse","floor":2.0,"gold_loss":0.0,"damage_taken":0.0,"relics_obtained":["Spirit Poop"]},{"damage_healed":0,"gold_gain":0,"cards_transformed":["Strike_G"],"player_choice":"Change","damage_taken":0,"max_hp_gain":0,"max_hp_loss":0,"event_name":"Living Wall","floor":8,"gold_loss":0,"cards_obtained":["Phantasmal Killer"]},{"damage_healed":0,"gold_gain":0,"player_choice":"Success","damage_taken":11,"relics_obtained":["Bag of Preparation"],"max_hp_gain":0,"max_hp_loss":0,"event_name":"Scrap Ooze","floor":13,"gold_loss":0}],"is_beta":false,"boss_relics":[],"items_purged_floors":[11],"is_endless":false,"potions_floor_spawned":[3,5,6,7,10],"killed_by":"Hexaghost","ascension_level":20}}