{"host":"k7udt7atmcuzf6l0","time":1612513193,"event":{"mods":["AchievementEnabler","BaseMod","BetterRewards","Colored Map","Colored Powertips","Highlight Path","Minty Spire (QoL Compilation)","Quick Restart","Rare Cards Sparkle","Relic Stats","StSLib","UnlockEverythingMod"],"gold_per_floor":[116,116,66,79,154,154,179,198,224,224,256,256,270,289,289,392,392,406,421,421,421],"floor_reached":20,"language":"ZHS","playtime":530,"items_purged":[],"score":209,"play_id":"7c1ce63e-3b29-49c9-9ee6-6bf9e733592f","local_time":"20210205161953","is_ascension_mode":false,"campfire_choices":[{"data":"Cleave","floor":6.0,"key":"SMITH"},{"data":"Rage","floor":10.0,"key":"SMITH"},{"data":"Thunderclap","floor":12,"key":"SMITH"},{"data":"Infernal Blade","floor":15,"key":"SMITH"}],"circlet_count":0,"master_deck":["Strike_R","Strike_R","Strike_R","Strike_R","Strike_R","Defend_R","Defend_R","Defend_R","Bash","Cleave+1","Thunderclap+1","Rage+1","Headbutt","Infernal Blade+1","Immolate","CurseOfTheBell","Dual Wield"],"relics":["Burning Blood","NeowsBlessing","Centennial Puzzle","Regal Pillow","Bag of Marbles","Calling Bell","Potion Belt","Singing Bowl","Unceasing Top"],"acts_visited":["Exordium","TheCity"],"potions_floor_usage":[11],"damage_taken":[{"damage":0.0,"enemies":"Jaw Worm","floor":1.0,"turns":1.0},{"damage":0.0,"enemies":"2 Louse","floor":4.0,"turns":1.0},{"damage":0.0,"enemies":"3 Sentries","floor":7.0,"turns":1.0},{"damage":0.0,"enemies":"Small Slimes","floor":8.0,"turns":2.0},{"damage":20,"enemies":"Lagavulin","floor":11,"turns":5},{"damage":4,"enemies":"2 Fungi Beasts","floor":13,"turns":2},{"damage":10,"enemies":"Looter","floor":14,"turns":2},{"damage":32,"enemies":"Slime Boss","floor":16,"turns":7},{"damage":15,"enemies":"Spheric Guardian","floor":18,"turns":4},{"damage":36,"enemies":"Shell Parasite","floor":19,"turns":5},{"damage":10,"enemies":"Centurion and Healer","floor":20,"turns":2}],"seed_played":"-653861151867134103","potions_obtained":[{"floor":7.0,"key":"SmokeBomb"},{"floor":8.0,"key":"SkillPotion"}],"is_trial":false,"path_per_floor":["M","?","$","M","?","R","E","M","T","R","E","R","M","M","R","B",null,"M","M","M"],"character_chosen":"IRONCLAD","items_purchased":["Thunderclap"],"campfire_rested":0,"item_purchase_floors":[3],"current_hp_per_floor":[80,73,73,79,68,68,74,80,80,80,66,66,68,64,64,38,80,73,43,33,33],"gold":421,"neow_bonus":"THREE_ENEMY_KILL","is_daily":false,"chose_seed":false,"campfire_upgraded":4,"win_rate":0.0,"timestamp":1612513193,"path_taken":["M","?","$","M","?","R","E","M","T","R","E","R","M","M","R","BOSS","M","M","M"],"items_purchased_type":["Card"],"build_version":"2020-12-22","purchased_purges":0,"victory":false,"max_hp_per_floor":[80,80,80,80,80,80,80,80,80,80,80,80,80,80,80,80,80,82,82,82,82],"relic_stats":{"Centennial Puzzle":[21],"Regal Pillow":0,"Singing Bowl":2,"counters":[11,32],"obtain_stats":[{"Calling Bell":17,"Potion Belt":17,"Centennial Puzzle":7,"Regal Pillow":9,"NeowsBlessing":0,"Singing Bowl":17,"Bag of Marbles":11,"Burning Blood":0,"Unceasing Top":17},{"Calling Bell":8,"Potion Belt":8,"Centennial Puzzle":3,"Regal Pillow":4,"NeowsBlessing":0,"Singing Bowl":8,"Bag of Marbles":5,"Burning Blood":0,"Unceasing Top":8},{"Calling Bell":21,"Potion Belt":21,"Centennial Puzzle":3,"Regal Pillow":5,"NeowsBlessing":0,"Singing Bowl":21,"Bag of Marbles":10,"Burning Blood":0,"Unceasing Top":21}],"Burning Blood":54,"Unceasing Top":[0]},"card_choices":[{"not_picked":["Intimidate","Twin Strike"],"picked":"Cleave","floor":1.0},{"not_picked":["Warcry","Perfected Strike","Body Slam"],"picked":"SKIP","floor":4.0},{"not_picked":["Body Slam","Iron Wave"],"picked":"Rage","floor":7.0},{"not_picked":["Iron Wave","Intimidate"],"picked":"Headbutt","floor":8.0},{"not_picked":["Cleave","Havoc","Thunderclap"],"picked":"SKIP","floor":11},{"not_picked":["Ghostly Armor","Havoc"],"picked":"Infernal Blade","floor":13},{"not_picked":["Iron Wave","Heavy Blade","True Grit"],"picked":"SKIP","floor":14},{"not_picked":["Offering","Brutality"],"picked":"Immolate","floor":16},{"not_picked":["Wild Strike+1","Power Through","Pommel Strike"],"picked":"Singing Bowl","floor":18},{"not_picked":["Clothesline","Cleave"],"picked":"Dual Wield","floor":19}],"player_experience":51650,"relics_obtained":[{"floor":7.0,"key":"Centennial Puzzle"},{"floor":9.0,"key":"Regal Pillow"},{"floor":11,"key":"Bag of Marbles"},{"floor":17,"key":"Potion Belt"},{"floor":17,"key":"Singing Bowl"},{"floor":17,"key":"Unceasing Top"}],"event_choices":[{"cards_removed":["Defend_R"],"damage_healed":0.0,"max_hp_gain":0.0,"max_hp_loss":0.0,"gold_gain":0.0,"event_name":"Golden Wing","player_choice":"Card Removal","floor":2.0,"gold_loss":0.0,"damage_taken":7.0},{"damage_healed":0.0,"max_hp_gain":0.0,"max_hp_loss":0.0,"gold_gain":75.0,"event_name":"World of Goop","player_choice":"Gather Gold","floor":5.0,"gold_loss":0.0,"damage_taken":11.0}],"is_beta":false,"boss_relics":[{"not_picked":["Ectoplasm","SacredBark"],"picked":"Calling Bell"}],"items_purged_floors":[],"is_endless":false,"potions_floor_spawned":[7,8],"killed_by":"Centurion and Healer","ascension_level":0}}