{"host":"6p0attdrtjqaih7v","time":1612537238,"event":{"mods":["2.2 Compatiblity","AchievementEnabler","Bard","BaseMod","Better Skull","Better Third Choice","Colored Powertips","Hermit","Highlight Path","Key Reminder","Minty Spire (QoL Compilation)","Permanent Neow","Quick Restart","Random Character Button","Relic Stats","Reliquary","Replay The Spire","Robot Space Explorer","StSLib","The Witch"],"gold_per_floor":[114,114,132,145,145,145,170,170,170,170,183,211,211,26,26,131,131,145,163,163,10,10,35,35,50,131,131,160,178,208,222,222,318,418,435,435,435,450,463,505,505,549,549,438,464,464,477,502,502,502],"floor_reached":51,"language":"ENG","playtime":2279,"items_purged":["Writhe"],"score":1130,"play_id":"fc57fcc2-24c9-473e-a6ff-77fc6cce3259","local_time":"20210205100038","is_ascension_mode":true,"campfire_choices":[{"data":"MagicFang","floor":6,"key":"SMITH"},{"data":"BloodSabbath","floor":8,"key":"SMITH"},{"data":"MementoMori","floor":13,"key":"SMITH"},{"data":"SummonOwlFamiliar","floor":15,"key":"SMITH"},{"data":"KarmaDrain","floor":24,"key":"SMITH"},{"data":"BoneCarving","floor":27,"key":"SMITH"},{"floor":32,"key":"REST"},{"data":"Shame","floor":41,"key":"PURGE"},{"data":"Strike_Witch","floor":46,"key":"PURGE"},{"data":"Strike_Witch","floor":49,"key":"PURGE"}],"circlet_count":0,"master_deck":["Strike_Witch","Strike_Witch","Defend_Witch","Defend_Witch","Defend_Witch","Defend_Witch","Hexguard","ZombieSpit+1","NighInvulnerability","CursedBlade+1","MagicFang+1","BloodSabbath+1","MementoMori+1","SoulBarrier","SummonOwlFamiliar+1","DeliriumForm","Harmlessness","KarmaDrain+1","BoneCarving+1","KarmaDrain+1","RoilingBarrier+1","Bewitch+1","MortusClaw+1","Atonement+1","MagicFang+1","GhoulTouch+1","RoilingBarrier+1","GhoulTouch+1","MementoMori+1","RoilingBarrier+1","Harmlessness"],"relics":["BlackCat","reliquary:RoseTintedGlasses","Bag of Preparation","Blue Candle","Boot","reliquary:Buckler","Snecko Heart","Tiny Chest","Lantern","Strawberry","Toxic Egg 2","Molten Egg 2","MealTicket","Counterbalance","Replay:Wanted Poster","Peace Pipe","CeramicFish","reliquary:Aerogel","Pantograph"],"acts_visited":["Exordium","TheCity","TheBeyond"],"potions_floor_usage":[7,12,16,25,30,33,33,47,48],"damage_taken":[{"damage":0,"enemies":"Small Slimes","floor":1,"turns":4},{"damage":2,"enemies":"2 Louse","floor":3,"turns":3},{"damage":0,"enemies":"Jaw Worm","floor":4,"turns":3},{"damage":13,"enemies":"Lagavulin","floor":7,"turns":6},{"damage":0,"enemies":"Exordium Thugs","floor":11,"turns":3},{"damage":0,"enemies":"3 Sentries","floor":12,"turns":7},{"damage":7,"enemies":"Hexaghost","floor":16,"turns":6},{"damage":18,"enemies":"3 Byrds","floor":18,"turns":5},{"damage":0,"enemies":"Spheric Guardian","floor":19,"turns":3},{"damage":2,"enemies":"Gremlin Leader","floor":23,"turns":3},{"damage":0,"enemies":"Snecko","floor":25,"turns":3},{"damage":16,"enemies":"Book of Stabbing","floor":28,"turns":5},{"damage":8,"enemies":"3 Cultists","floor":29,"turns":4},{"damage":6,"enemies":"Slavers","floor":30,"turns":2},{"damage":0,"enemies":"Cultist and Chosen","floor":31,"turns":2},{"damage":20,"enemies":"Champ","floor":33,"turns":9},{"damage":0,"enemies":"3 Darklings","floor":35,"turns":2},{"damage":0,"enemies":"Orb Walker","floor":38,"turns":2},{"damage":18,"enemies":"Maw","floor":39,"turns":5},{"damage":3,"enemies":"Reptomancer","floor":40,"turns":3},{"damage":9,"enemies":"R_Hoarder","floor":42,"turns":6},{"damage":1,"enemies":"Spire Growth","floor":45,"turns":5},{"damage":4,"enemies":"Transient","floor":47,"turns":5},{"damage":0,"enemies":"Writhing Mass","floor":48,"turns":7},{"damage":4,"enemies":"Donu and Deca","floor":50,"turns":6}],"seed_played":"8331022095417995221","potions_obtained":[{"floor":1,"key":"PowerPotion"},{"floor":11,"key":"Block Potion"},{"floor":12,"key":"Swift Potion"},{"floor":16,"key":"Cursed Concoction"},{"floor":23,"key":"AttackPotion"},{"floor":28,"key":"Energy Potion"},{"floor":29,"key":"Elixir"},{"floor":33,"key":"FearPotion"},{"floor":39,"key":"AttackPotion"},{"floor":48,"key":"BlessingOfTheForge"}],"is_trial":false,"path_per_floor":["M","?","M","M","?","R","E","R","T","?","M","E","R","$","R","B",null,"M","M","?","$","?","E","R","M","T","R","E","M","E","M","R","B",null,"M","?","T","M","M","E","R","E","T","$","M","R","M","M","R","B",null],"character_chosen":"WITCH","items_purchased":["SummonOwlFamiliar","reliquary:Buckler","Lantern","MementoMori+1"],"campfire_rested":1,"item_purchase_floors":[14,14,21,44],"current_hp_per_floor":[60,65,63,63,51,51,38,38,38,42,42,42,42,42,42,35,63,45,45,45,45,52,50,50,50,50,50,34,26,20,20,43,23,65,65,79,79,79,61,58,58,49,49,64,63,63,59,59,59,75],"gold":502,"neow_bonus":"THREE_CARDS","is_daily":false,"chose_seed":false,"campfire_upgraded":6,"win_rate":0.0,"timestamp":1612537238,"path_taken":["M","?","M","M","?","R","E","R","T","?","M","E","R","$","R","BOSS","M","M","?","$","?","E","R","M","T","R","E","?","E","M","R","BOSS","M","?","?","M","M","E","R","E","T","?","?","R","M","M","R","BOSS"],"items_purchased_type":["Card","Relic","Relic","Card"],"build_version":"2020-12-22","purchased_purges":1,"victory":true,"max_hp_per_floor":[67,72,72,72,72,72,72,72,72,72,72,72,72,72,72,72,72,72,72,72,72,79,79,79,79,79,79,79,79,79,79,79,79,79,79,79,79,79,79,79,79,79,79,79,79,79,79,79,79,79],"relic_stats":{"Peace Pipe":3,"counters":[25,109],"Blue Candle":[14],"CeramicFish":45,"Pantograph":20,"Tiny Chest":1,"MealTicket":15,"Bag of Preparation":[42],"Boot":[19],"obtain_stats":[{"Lantern":21,"Snecko Heart":17,"reliquary:Aerogel":42,"Blue Candle":9,"Counterbalance":30,"CeramicFish":40,"Bag of Preparation":7,"Boot":12,"BlackCat":0,"Replay:Wanted Poster":34,"Peace Pipe":37,"Strawberry":22,"Pantograph":43,"reliquary:Buckler":14,"Tiny Chest":20,"Molten Egg 2":26,"MealTicket":28,"reliquary:RoseTintedGlasses":5,"Toxic Egg 2":23},{"Lantern":9,"Snecko Heart":7,"reliquary:Aerogel":21,"Blue Candle":4,"Counterbalance":14,"CeramicFish":20,"Bag of Preparation":4,"Boot":6,"BlackCat":0,"Replay:Wanted Poster":16,"Peace Pipe":17,"Strawberry":9,"Pantograph":21,"reliquary:Buckler":6,"Tiny Chest":9,"Molten Egg 2":11,"MealTicket":12,"reliquary:RoseTintedGlasses":3,"Toxic Egg 2":10},{"Lantern":40,"Snecko Heart":32,"reliquary:Aerogel":86,"Blue Candle":16,"Counterbalance":57,"CeramicFish":80,"Bag of Preparation":16,"Boot":26,"BlackCat":0,"Replay:Wanted Poster":68,"Peace Pipe":70,"Strawberry":40,"Pantograph":86,"reliquary:Buckler":26,"Tiny Chest":40,"Molten Egg 2":46,"MealTicket":51,"reliquary:RoseTintedGlasses":10,"Toxic Egg 2":43}]},"card_choices":[{"not_picked":["WretchedNails","MementoMori"],"picked":"NighInvulnerability","floor":0},{"not_picked":["WretchedNails","NighInvulnerability"],"picked":"CursedBlade","floor":1},{"not_picked":["SaltCircle","Demonfyre"],"picked":"MagicFang","floor":3},{"not_picked":["Broomstick","Decrepify","GnarledBody"],"picked":"SKIP","floor":4},{"not_picked":["LivingBomb","BleedOut"],"picked":"BloodSabbath","floor":7},{"not_picked":["SaltCircle","RiteOfSummer"],"picked":"MementoMori","floor":11},{"not_picked":["UnluckySeven","IllOmen"],"picked":"SoulBarrier","floor":12},{"not_picked":["MysticUnburial","WalpurgisNight"],"picked":"DeliriumForm","floor":16},{"not_picked":["BleedOut+1","SoulBarrier"],"picked":"Harmlessness","floor":18},{"not_picked":["BalefulWard","MagicFang"],"picked":"KarmaDrain","floor":19},{"not_picked":["SummonRatFamiliar+1","RiteOfAutumn+1"],"picked":"BoneCarving","floor":23},{"not_picked":["MagicFang","WickedThoughts+1"],"picked":"KarmaDrain+1","floor":25},{"not_picked":["VileEgg+1","SummonBatFamiliar"],"picked":"RoilingBarrier+1","floor":28},{"not_picked":["MementoMori+1","BleedOut+1"],"picked":"Bewitch+1","floor":29},{"not_picked":["BlackShield+1","SummonRatFamiliar"],"picked":"MortusClaw+1","floor":30},{"not_picked":["WretchedNails+1","SaltCircle+1"],"picked":"Atonement+1","floor":31},{"not_picked":["BalefulWard+1","MercuryWand+1","KarmaDrain+1"],"picked":"SKIP","floor":35},{"not_picked":["BlackBolt+1","Broomstick+1"],"picked":"MagicFang+1","floor":38},{"not_picked":["BlackShield+1","SoulBarrier+1"],"picked":"GhoulTouch+1","floor":39},{"not_picked":["Shrooms+1","VileEgg+1"],"picked":"RoilingBarrier+1","floor":40},{"not_picked":["MercuryWand+1","Pillage+1"],"picked":"GhoulTouch+1","floor":42},{"not_picked":["WretchedNails+1","SkullFlask+1"],"picked":"RoilingBarrier+1","floor":45},{"not_picked":["KarmaDrain+1","IllOmen+1","Foresight+1"],"picked":"SKIP","floor":47},{"not_picked":["RiteOfWinter+1","Thundercloud+1"],"picked":"Harmlessness","floor":48}],"player_experience":1009405,"relics_obtained":[{"floor":7,"key":"Bag of Preparation"},{"floor":9,"key":"Blue Candle"},{"floor":12,"key":"Boot"},{"floor":23,"key":"Toxic Egg 2"},{"floor":26,"key":"Molten Egg 2"},{"floor":28,"key":"MealTicket"},{"floor":30,"key":"Counterbalance"},{"floor":37,"key":"Peace Pipe"},{"floor":40,"key":"CeramicFish"},{"floor":42,"key":"reliquary:Aerogel"},{"floor":43,"key":"Pantograph"}],"event_choices":[{"damage_healed":0,"gold_gain":0,"player_choice":"Donut","damage_taken":0,"max_hp_gain":5,"max_hp_loss":0,"event_name":"Big Fish","floor":2,"gold_loss":0},{"damage_healed":0,"gold_gain":1,"player_choice":"Relic ","damage_taken":12,"max_hp_gain":0,"max_hp_loss":0,"event_name":"betterThird:BetterScrap","floor":5,"gold_loss":0,"cards_obtained":["Second Wind"]},{"damage_healed":4,"gold_gain":0,"player_choice":"LEAVE ","damage_taken":0,"relics_obtained":[],"max_hp_gain":0,"max_hp_loss":0,"event_name":"betterSkull:BetterSkull","floor":10,"gold_loss":0,"cards_upgraded":[]},{"damage_healed":0,"gold_gain":0,"player_choice":"Stole Relic","damage_taken":0,"relics_obtained":["Tiny Chest"],"max_hp_gain":0,"max_hp_loss":0,"event_name":"Addict","floor":20,"gold_loss":0,"cards_obtained":["Shame"]},{"damage_healed":20,"gold_gain":0,"player_choice":"Writhe","damage_taken":0,"max_hp_gain":0,"max_hp_loss":0,"event_name":"Winding Halls","floor":36,"gold_loss":0,"cards_obtained":["Writhe"]}],"is_beta":false,"boss_relics":[{"not_picked":["reliquary:RedCape","Empty Cage"],"picked":"Snecko Heart"},{"not_picked":["Replay:Bronze Core","ReplayTheSpireMod:DimensionalGlitch"],"picked":"Replay:Wanted Poster"}],"items_purged_floors":[44],"is_endless":false,"potions_floor_spawned":[1,11,12,16,23,28,29,33,39,48],"ascension_level":7}}