{"host":"mr1ctipv0dcr6y8g","time":1612496916,"event":{"mods":["BaseMod","Beaked The Cultist","DeckTracker","Energized Spire","Minty Spire (QoL Compilation)","Shop Mod","StSLib","The Construct"],"gold_per_floor":[119,130,55,68,143,143,174,174,174,144,172,185,200,200,200,302,302,322,287,337,40,57,57,57,57],"floor_reached":24,"language":"ENG","playtime":13925,"items_purged":["beaked:Strike_Y"],"score":204,"play_id":"e7ce7e6e-ecdb-40ca-b6cb-a80fb8b24a79","local_time":"20210204204836","daily_mods":["Heirloom","Time Dilation","Flight"],"is_ascension_mode":false,"campfire_choices":[{"data":"beaked:MaddeningMurmurs","floor":6,"key":"SMITH"},{"data":"beaked:Ceremony","floor":8,"key":"SMITH"},{"data":"beaked:Foresight","floor":15,"key":"SMITH"},{"data":"beaked:SacrificialScars","floor":23,"key":"SMITH"}],"circlet_count":0,"master_deck":["beaked:Strike_Y","beaked:Strike_Y","beaked:Strike_Y","beaked:Strike_Y","beaked:Strike_Y","beaked:Defend_Y","beaked:Defend_Y","beaked:Defend_Y","beaked:Defend_Y","beaked:Ceremony+1","beaked:Ceremony","beaked:Ceremony","beaked:MaddeningMurmurs+1","beaked:Resilience","beaked:Insight","beaked:Foresight+1","beaked:SurvivalInstinct","beaked:BarbedWire","beaked:SacrificialScars+1","beaked:HuntressSpirit+1","beaked:Foresight"],"relics":["beaked:MendingPlumage","Torii","HornCleat","Orichalcum","FossilizedHelix","SsserpentHead","CultistMask","SlaversCollar","Gremlin Horn","Singing Bowl"],"acts_visited":["Exordium","TheCity"],"potions_floor_usage":[7,7,16,22,24,24],"damage_taken":[{"damage":4,"enemies":"Jaw Worm","floor":1,"turns":5},{"damage":1,"enemies":"Small Slimes","floor":2,"turns":5},{"damage":7,"enemies":"Cultist","floor":4,"turns":4},{"damage":8,"enemies":"Gremlin Nob","floor":7,"turns":5},{"damage":1,"enemies":"Looter","floor":10,"turns":4},{"damage":13,"enemies":"Lagavulin","floor":11,"turns":7},{"damage":2,"enemies":"Gremlin Gang","floor":12,"turns":7},{"damage":0,"enemies":"Blue Slaver","floor":13,"turns":6},{"damage":29,"enemies":"Slime Boss","floor":16,"turns":10},{"damage":8,"enemies":"Spheric Guardian","floor":18,"turns":10},{"damage":35,"enemies":"3 Byrds","floor":22,"turns":8},{"damage":89,"enemies":"Slavers","floor":24,"turns":10}],"seed_played":"-7895261621504229063","potions_obtained":[{"floor":1,"key":"Block Potion"},{"floor":4,"key":"Block Potion"},{"floor":11,"key":"Swift Potion"},{"floor":16,"key":"Regen Potion"},{"floor":18,"key":"SpeedPotion"},{"floor":22,"key":"DistilledChaos"}],"is_trial":true,"path_per_floor":["M","M","$","M","?","R","E","R","T","M","E","M","M","?","R","B",null,"M","?","?","$","M","R","E"],"character_chosen":"BEAKED_THE_CULTIST","items_purchased":["Singing Bowl","beaked:Foresight"],"campfire_rested":0,"item_purchase_floors":[21,21],"current_hp_per_floor":[50,50,50,49,38,38,43,43,43,50,45,50,50,50,50,46,50,52,52,52,52,38,38,0,0],"gold":57,"neow_bonus":"","is_daily":false,"chose_seed":false,"campfire_upgraded":4,"win_rate":0.0,"timestamp":1612496916,"path_taken":["M","M","$","M","?","R","E","R","T","M","E","M","M","?","R","BOSS","M","?","?","$","M","R","E"],"items_purchased_type":["Relic","Card"],"build_version":"2020-12-22","purchased_purges":1,"victory":false,"max_hp_per_floor":[50,50,50,50,50,50,50,50,50,50,50,50,50,50,50,50,50,52,52,52,52,56,56,59,59],"card_choices":[{"not_picked":["beaked:Recite","beaked:Poke","beaked:BarbedWire"],"picked":"SKIP","floor":1},{"not_picked":["beaked:Flinch","beaked:Brace"],"picked":"beaked:MaddeningMurmurs","floor":2},{"not_picked":["beaked:BraceForImpact","beaked:SacrificialScars"],"picked":"beaked:Resilience","floor":4},{"not_picked":["beaked:VolatileMisfortune","beaked:Tradeoff"],"picked":"beaked:Insight","floor":7},{"not_picked":["beaked:Evade","beaked:SacrificialDive"],"picked":"beaked:Foresight","floor":10},{"not_picked":["beaked:LiftOff","beaked:BraceForImpact","beaked:Brace"],"picked":"SKIP","floor":11},{"not_picked":["beaked:Molting","beaked:BraceForImpact"],"picked":"beaked:SurvivalInstinct","floor":12},{"not_picked":["beaked:MimicMachine","beaked:TuckingFeathers"],"picked":"beaked:BarbedWire","floor":13},{"not_picked":["beaked:FakeOut","beaked:Brainwash"],"picked":"beaked:SacrificialScars","floor":16},{"not_picked":["beaked:Windmill","beaked:Resilience"],"picked":"beaked:HuntressSpirit+1","floor":18},{"not_picked":["beaked:DigDeep","beaked:BraceForImpact","beaked:BounceBack"],"picked":"Singing Bowl","floor":22}],"player_experience":1530014,"relics_obtained":[{"floor":7,"key":"HornCleat"},{"floor":9,"key":"Orichalcum"},{"floor":11,"key":"FossilizedHelix"}],"event_choices":[{"damage_healed":0,"gold_gain":75,"player_choice":"Gather Gold","damage_taken":11,"max_hp_gain":0,"max_hp_loss":0,"event_name":"World of Goop","floor":5,"gold_loss":0},{"damage_healed":0,"gold_gain":0,"player_choice":"Trade","damage_taken":0,"relics_obtained":["SsserpentHead"],"max_hp_gain":0,"max_hp_loss":0,"event_name":"FaceTrader","floor":14,"gold_loss":0},{"damage_healed":0,"gold_gain":0,"player_choice":"Obtained Relic","damage_taken":0,"relics_obtained":["Gremlin Horn"],"max_hp_gain":0,"max_hp_loss":0,"event_name":"Addict","floor":19,"gold_loss":85},{"damage_healed":0,"gold_gain":0,"player_choice":"Ignored","damage_taken":0,"max_hp_gain":0,"max_hp_loss":0,"event_name":"NoteForYourself","floor":20,"gold_loss":0}],"is_beta":false,"boss_relics":[{"not_picked":["beaked:SacrificeDoll","Fusion Hammer"],"picked":"SlaversCollar"}],"items_purged_floors":[3],"is_endless":false,"potions_floor_spawned":[1,4,11,16,18,22],"killed_by":"Slavers","ascension_level":0}}