{"host":"7f01flv6y0vhl3vt","time":1612551187,"event":{"mods":["Act Like it!","BaseMod","Downfall","Minty Spire (QoL Compilation)","StSLib"],"gold_per_floor":[99,115,135,135,135,5,5,23,23,38,38,0,0,0,10,110,110,10,28,28,28,28],"floor_reached":20,"language":"ENG","playtime":2444,"items_purged":["sneckomod:Strike"],"score":187,"play_id":"d28cb9ec-7fd5-4c68-84c5-b32be599c97b","local_time":"20210205135307","is_ascension_mode":false,"campfire_choices":[{"floor":1,"key":"RECALL"},{"floor":9,"key":"REST"},{"floor":13,"key":"REST"},{"data":"sneckomod:Mudshield","floor":18,"key":"SMITH"}],"circlet_count":0,"master_deck":["sneckomod:Strike","sneckomod:Strike","sneckomod:Defend","sneckomod:Defend+1","sneckomod:Defend","sneckomod:TailWhip","sneckomod:SnekBite","sneckomod:Unknown","sneckomod:Unknown","sneckomod:SlitherStrike","sneckomod:Unknown1Cost","sneckomod:Transmogrify+1","sneckomod:UnknownExhaust","sneckomod:SerpentIdol","sneckomod:UnknownVulnerable+1","downfall:Malfunctioning","sneckomod:SnakeSap","sneckomod:SoulDraw","sneckomod:SnekBeam","sneckomod:Mudshield+1","sneckomod:UnknownStrength"],"relics":["sneckomod:SneckoSoul","bronze:MakeshiftBattery","downfall:HeartBlessingBlue"],"acts_visited":["Exordium","TheCity"],"potions_floor_usage":[16,16],"damage_taken":[{"damage":17,"enemies":"Jaw Worm","floor":2,"turns":3},{"damage":0,"enemies":"Small Slimes","floor":3,"turns":2},{"damage":0,"enemies":"downfall:FleeingMerchant","floor":6,"turns":4},{"damage":6,"enemies":"2 Louse","floor":8,"turns":4},{"damage":34,"enemies":"Gremlin Gang","floor":10,"turns":6},{"damage":28,"enemies":"downfall:FleeingMerchant","floor":12,"turns":4},{"damage":16,"enemies":"Red Slaver","floor":15,"turns":5},{"damage":42,"enemies":"IC_STATUS_ARCHETYPE","floor":16,"turns":7},{"damage":91,"enemies":"Spheric Guardian","floor":19,"turns":10},{"damage":79,"enemies":"Cultist and Chosen","floor":20,"turns":4}],"seed_played":"1018642925392458939","potions_obtained":[{"floor":2,"key":"Explosive Potion"},{"floor":8,"key":"FairyPotion"},{"floor":15,"key":"Explosive Potion"}],"is_trial":false,"path_per_floor":["R","M","M","?","?","$","T","M","R","M","?","$","R","?","M","B",null,"R","M","M"],"character_chosen":"THE_SNECKO","items_purchased":["sneckomod:UnknownExhaust","sneckomod:SoulDraw"],"campfire_rested":2,"item_purchase_floors":[6,12],"current_hp_per_floor":[99,82,82,87,69,69,69,63,94,60,60,47,78,78,62,20,104,114,23,0,0,0],"gold":28,"neow_bonus":"TEN_PERCENT_HP_BONUS","is_daily":false,"chose_seed":false,"campfire_upgraded":1,"win_rate":0.0,"timestamp":1612551187,"path_taken":["R","M","M","?","?","$","T","M","R","M","?","?","R","?","M","BOSS","R","?","M"],"items_purchased_type":["Card","Card"],"build_version":"2020-12-22","purchased_purges":1,"victory":false,"max_hp_per_floor":[99,99,99,104,104,104,104,104,104,104,104,104,104,104,104,104,104,114,114,114,114,114],"card_choices":[{"not_picked":["sneckomod:UnknownCommonAttack","sneckomod:UnknownUncommonSkill"],"picked":"sneckomod:SlitherStrike","floor":2},{"not_picked":["sneckomod:UnknownDraw","sneckomod:IronFang"],"picked":"sneckomod:Unknown1Cost","floor":3},{"not_picked":["sneckomod:UnknownCommonAttack","sneckomod:Memorize","sneckomod:UnknownWeak"],"picked":"sneckomod:Transmogrify","floor":6},{"not_picked":["sneckomod:UnknownWeak","sneckomod:QuickMove"],"picked":"sneckomod:SerpentIdol","floor":8},{"not_picked":["sneckomod:DiceCrush","sneckomod:SnekBeam"],"picked":"sneckomod:UnknownVulnerable","floor":10},{"not_picked":["sneckomod:SoulDraw","sneckomod:Rotation"],"picked":"sneckomod:SnakeSap","floor":12},{"not_picked":["sneckomod:UnknownStrength","sneckomod:UnendingSupply"],"picked":"sneckomod:SnekBeam","floor":15},{"not_picked":["sneckomod:UnknownRareAttack","sneckomod:UnknownRarePower"],"picked":"sneckomod:Mudshield","floor":16},{"not_picked":["sneckomod:SnekBeam","sneckomod:QuickBite"],"picked":"sneckomod:UnknownStrength","floor":19}],"player_experience":1631110,"relics_obtained":[{"floor":8,"key":"Singing Bowl"},{"floor":10,"key":"Singing Bowl"},{"floor":12,"key":"Singing Bowl"},{"floor":15,"key":"Singing Bowl"},{"floor":16,"key":"Singing Bowl"},{"floor":19,"key":"Singing Bowl"}],"event_choices":[{"damage_healed":0,"gold_gain":0,"player_choice":"Donut","damage_taken":0,"max_hp_gain":5,"max_hp_loss":0,"event_name":"Big Fish","floor":4,"gold_loss":0},{"damage_healed":0,"gold_gain":0,"player_choice":"Success","damage_taken":18,"relics_obtained":["Question Card"],"max_hp_gain":0,"max_hp_loss":0,"event_name":"Scrap Ooze","floor":5,"gold_loss":0}],"is_beta":false,"boss_relics":[{"not_picked":["Fusion Hammer","Snecko Eye"],"picked":"bronze:MakeshiftBattery"}],"items_purged_floors":[6],"is_endless":false,"potions_floor_spawned":[2,8,15],"killed_by":"Cultist and Chosen","ascension_level":0}}