{"host":"ohzd90ieay82el1q","time":1612522049,"event":{"mods":["Act Like it!","Aspiration","BaseMod","Chen","Colored Map","Colored Powertips","DeckTracker","Gensokyo","Highlight Path","Hubris","Infinite Spire","Koishi","Marisa£®ÏF”Í°°ƒß¿Ì…≥£©","Minty Spire (QoL Compilation)","Quick Restart","Random Character Button","Reimu£®≤©¿ˆ¡È√Œ£©","Relic Sorter","Remilia£®¿Ÿ√◊¿Ú—«£©","Replay The Spire","StSLib","SuperFastMode","Synergy Search","The Gatherer","The Jungle","The Servant 0.9.4","Youmu£®ªÍ∆«—˝√Œ£©","[IsaacMod]“‘»ˆº‚À˛","[JumpMod]ŒË∂Øº‚À˛","°æ“≈ŒÔø®≈∆°øREMEMod"],"gold_per_floor":[210,226,226,240,259,259,0,18,91,91,106,133,148,174,174,270,270,280,294,294,308,321,321,339,370,370,370,22,22,51,71,71,167,167,183,236,262,386,14,14,27,42,97,116,142,168,180,306,318,330],"floor_reached":51,"language":"ZHS","playtime":4029,"items_purged":["Defend_RM","Writhe","Clumsy","Dazed","Strike_RM"],"score":1009,"play_id":"4655dfda-b763-4c1a-9ab0-94a54cc9e04a","local_time":"20210205184728","is_ascension_mode":true,"campfire_choices":[{"data":"ScarletImprint","floor":6.0,"key":"SMITH"},{"data":"ScarletShoot","floor":10.0,"key":"SMITH"},{"data":"TwelveNightmare","floor":15.0,"key":"SMITH"},{"data":"ScarletImprint","floor":27.0,"key":"SMITH"},{"data":"QueenOfMidnight","floor":29.0,"key":"SMITH"},{"data":"BombardNight","floor":32.0,"key":"SMITH"},{"data":"BatForm","floor":40.0,"key":"SMITH"},{"data":"EmergencyRegeneration","floor":47.0,"key":"SMITH"},{"data":"BombardNight","floor":49.0,"key":"SMITH"}],"circlet_count":0,"master_deck":["Defend_RM+1","RedMoon","ScarletShoot+1","BombardNight+1","CharismaGuard","RedRainbow","ScarletImprint+1","ScarletImprint+1","CharismaGuard","EmergencyRegeneration+1","TwelveNightmare+1","Maim+1","BombardNight+1","QueenOfMidnight+1","CharismaGuard+1","UnstableMagic+1","BatForm+1","MastersStateliness+1","ScarletImprint+1","BombardNight+1","BombardNight+1","ForecastOfChange","TwelveNightmare+1","RedNightlessCastle+1","RedRainbow+1","LeisurelyOfLord+1","ScarletImprint+1","CharismaGuard","VampireKiss+1","BloodAndWine+1","BloodAndWine+1","FavorOfDestiny+1","NightDance+1"],"relics":["ScarletHat","hubris:DeckOfHolding","BelialBook","REME_ComplimentaryCards","HushsDoor","KeepersGift","HowToJump","Gungnir","hubris:EmptyBottle","Leech","Pear","aspiration:ChemicalBlood","Kintsugi","ReplayTheSpireMod:TigerMarble","Matryoshka","REME_DemonsWealth","Counterbalance","aspiration:FetidBarrel","infinitespire:Satchel","Potion Belt","Blood Vial","Strawberry","Regal Pillow","MawBank","War Paint"],"acts_visited":["Exordium","TheCity","TheBeyond"],"potions_floor_usage":[50,50,50,50,50,50,50,50],"damage_taken":[{"damage":1.0,"enemies":"Cultist","floor":1.0,"turns":6.0},{"damage":13.0,"enemies":"infinitespire:Voidling","floor":2.0,"turns":6.0},{"damage":0.0,"enemies":"2 Louse","floor":4.0,"turns":2.0},{"damage":9.0,"enemies":"Exordium Wildlife","floor":5.0,"turns":3.0},{"damage":7.0,"enemies":"Exordium Thugs","floor":8.0,"turns":4.0},{"damage":0.0,"enemies":"Blue Slaver","floor":11.0,"turns":1.0},{"damage":24.0,"enemies":"Replay:BlueRogue","floor":12.0,"turns":3.0},{"damage":22.0,"enemies":"2 Fungi Beasts","floor":13.0,"turns":4.0},{"damage":0.0,"enemies":"3 Sentries","floor":14.0,"turns":3.0},{"damage":57.0,"enemies":"Hexaghost","floor":16.0,"turns":9.0},{"damage":0.0,"enemies":"3 Byrds","floor":18.0,"turns":2.0},{"damage":20.0,"enemies":"Shell Parasite","floor":19.0,"turns":5.0},{"damage":7.0,"enemies":"Shelled Parasite and Fungi","floor":21.0,"turns":4.0},{"damage":9.0,"enemies":"Cultist and Chosen","floor":22.0,"turns":6.0},{"damage":16.0,"enemies":"Centurion and Healer","floor":24.0,"turns":4.0},{"damage":15.0,"enemies":"Book of Stabbing","floor":25.0,"turns":6.0},{"damage":14.0,"enemies":"Replay:Snechameleon","floor":30.0,"turns":4.0},{"damage":3.0,"enemies":"Snake Plant","floor":31.0,"turns":2.0},{"damage":50.0,"enemies":"hubris:MusketHawk","floor":33.0,"turns":7.0},{"damage":0.0,"enemies":"3 Darklings","floor":35.0,"turns":1.0},{"damage":17.0,"enemies":"2 Orb Walkers","floor":36.0,"turns":2.0},{"damage":12.0,"enemies":"3 Shapes","floor":41.0,"turns":3.0},{"damage":22.0,"enemies":"3 Darklings","floor":42.0,"turns":3.0},{"damage":15.0,"enemies":"Maw","floor":44.0,"turns":7.0},{"damage":0.0,"enemies":"Nemesis","floor":45.0,"turns":8.0},{"damage":0.0,"enemies":"Sphere and 2 Shapes","floor":46.0,"turns":3.0},{"damage":27.0,"enemies":"Reptomancer","floor":48.0,"turns":5.0},{"damage":17,"enemies":"Replay:Hell Engine","floor":50,"turns":2}],"seed_played":"-5789993717603290871","potions_obtained":[{"floor":8.0,"key":"Explosive Potion"},{"floor":11.0,"key":"Regen Potion"},{"floor":13.0,"key":"BlessingOfTheForge"},{"floor":16.0,"key":"Fire Potion"},{"floor":19.0,"key":"Explosive Potion"},{"floor":38.0,"key":"BlessingOfTheForge"},{"floor":38.0,"key":"DuplicationPotion"},{"floor":41.0,"key":"PowerPotion"},{"floor":42.0,"key":"Toxic Potion"},{"floor":45.0,"key":"Cursed Concoction"},{"floor":48.0,"key":"DistilledChaos"},{"floor":48.0,"key":"REME_GoldPotion"}],"is_trial":false,"path_per_floor":["M","M","T","M","M","R","$","M","T","R","M","E","M","E","R","B",null,"M","M","?","M","M","AVR","M","E","T","R","$","R","E","M","R","B",null,"M","?","T","?","$","R","M","M","T","M","E","M","R","E","R","B",null],"character_chosen":"REMILIA","items_purchased":["ScarletImprint+1","hubris:EmptyBottle","Matryoshka","ScarletImprint+1","CharismaGuard","Strawberry"],"campfire_rested":0,"item_purchase_floors":[7,7,28,39,39,39],"current_hp_per_floor":[67,63,63,63,55,55,55,51,51,51,51,62,64,68,68,50,73,75,80,80,80,79,79,80,80,80,80,80,80,68,66,66,80,73,73,56,56,38,45,45,56,58,58,68,80,80,80,66,66,65],"gold":342,"neow_bonus":"HUNDRED_GOLD","is_daily":false,"chose_seed":false,"campfire_upgraded":9,"win_rate":0.0,"timestamp":1612522048,"path_taken":["M","?","?","?","M","R","?","M","T","R","M","E","M","E","R","BOSS","M","?","?","M","M","AVR","M","E","T","R","$","R","E","M","R","BOSS","M","?","?","?","$","R","M","?","T","M","E","M","R","E","R","BOSS"],"items_purchased_type":["Card","Relic","Relic","Card","Card","Relic"],"build_version":"2020-12-22","purchased_purges":5,"victory":true,"max_hp_per_floor":[75,75,75,75,75,75,75,75,75,75,75,85,85,85,85,85,80,80,80,80,80,80,80,80,80,80,80,80,80,80,80,80,80,73,73,73,73,73,80,80,80,80,80,80,80,80,80,80,80,80],"card_choices":[{"not_picked":[],"picked":"Bomb","floor":0.0},{"not_picked":["UnderTheZenith","ScarletNetherworld"],"picked":"BombardNight","floor":1.0},{"not_picked":["HunterOfTheNight","NightLord"],"picked":"CharismaGuard","floor":2.0},{"not_picked":["ForbiddenFruit","EndlessAdversity"],"picked":"RedRainbow","floor":4.0},{"not_picked":["NightDance","MastersStateliness"],"picked":"ScarletImprint","floor":5.0},{"not_picked":["TricksterDevil","MastersStateliness"],"picked":"CharismaGuard","floor":8.0},{"not_picked":["UnderTheZenith","UnstableMagic"],"picked":"EmergencyRegeneration","floor":11.0},{"not_picked":["ScarletDream","Ultimatum"],"picked":"TwelveNightmare","floor":12.0},{"not_picked":["UnderTheZenith","StarOfDavid"],"picked":"Maim","floor":13.0},{"not_picked":["ScarletDevil","FavorOfDestiny"],"picked":"BombardNight","floor":14.0},{"not_picked":["ScarletCoffin","DemonKingCradle"],"picked":"QueenOfMidnight","floor":16.0},{"not_picked":["RedRainbow+1","ScarletGensokyo"],"picked":"CharismaGuard+1","floor":18.0},{"not_picked":["StarOfDavid","Stigmanizer","SuperhumanBloodyKnife"],"picked":"SKIP","floor":19.0},{"not_picked":["ChainGang","BloodHunter"],"picked":"UnstableMagic+1","floor":21.0},{"not_picked":["RedRainbow+1","Stigmanizer"],"picked":"BatForm","floor":22.0},{"not_picked":["EmergencyRegeneration","ScarletImprint"],"picked":"MastersStateliness+1","floor":24.0},{"not_picked":["FavorOfDestiny","VampireKiss"],"picked":"ScarletImprint","floor":25.0},{"not_picked":["VampireFantasy+1","BloodAndWine"],"picked":"BombardNight+1","floor":30.0},{"not_picked":["DiffusionOfMisfortune","BlasphemousPunishment+1"],"picked":"BombardNight+1","floor":31.0},{"not_picked":["QueenOfMidnight","ScarletMeister"],"picked":"ForecastOfChange","floor":33.0},{"not_picked":["NightDance+1","BloodAndWine","ReplayTheSpireMod:Splinters"],"picked":"TwelveNightmare+1","floor":35.0},{"not_picked":["NightLord","Maim","ReplayTheSpireMod:Restless Dread"],"picked":"RedNightlessCastle+1","floor":36.0},{"not_picked":["ScarletSymphony","BombardNight+1","Languid"],"picked":"RedRainbow+1","floor":38.0},{"not_picked":["BlasphemousPunishment+1","UnstableMagic","ReplayTheSpireMod:Splinters"],"picked":"LeisurelyOfLord+1","floor":38.0},{"not_picked":["ScarletImprint","StarOfDavid+1","hubris:Envy"],"picked":"VampireKiss+1","floor":41.0},{"not_picked":["FavorOfDestiny","ScarletDevil","hubris:Lust"],"picked":"BloodAndWine+1","floor":42.0},{"not_picked":["UnderTheZenith+1","BatForm","hubris:Disease"],"picked":"BloodAndWine+1","floor":44.0},{"not_picked":["MastersStateliness","VampireSweep+1","Overencumbered"],"picked":"FavorOfDestiny+1","floor":45.0},{"not_picked":["BloodyMagicSquare","UnstableMagic","DiffusionOfMisfortune","hubris:Gluttony"],"picked":"SKIP","floor":46.0},{"not_picked":["FavorOfDestiny","HeartBreak","hubris:Despair"],"picked":"NightDance+1","floor":48.0}],"player_experience":119309,"relics_obtained":[{"floor":3.0,"key":"Gungnir"},{"floor":9.0,"key":"Leech"},{"floor":12.0,"key":"Pear"},{"floor":14.0,"key":"aspiration:ChemicalBlood"},{"floor":25.0,"key":"BelialBook"},{"floor":30.0,"key":"hubris:DeckOfHolding"},{"floor":36.0,"key":"Counterbalance"},{"floor":37.0,"key":"aspiration:FetidBarrel"},{"floor":37.0,"key":"infinitespire:Satchel"},{"floor":38.0,"key":"Potion Belt"},{"floor":38.0,"key":"Blood Vial"},{"floor":43.0,"key":"Regal Pillow"},{"floor":45.0,"key":"MawBank"},{"floor":48.0,"key":"War Paint"}],"event_choices":[{"damage_healed":0.0,"max_hp_gain":0.0,"max_hp_loss":0.0,"gold_gain":0.0,"event_name":"Mysterious Sphere","player_choice":"Fight","floor":36.0,"gold_loss":0.0,"damage_taken":0.0}],"is_beta":false,"boss_relics":[{"not_picked":["aspiration:PoetsPen_weak","aspiration:RunicSpoon"],"picked":"Kintsugi"},{"not_picked":[]},{"not_picked":["hubris:CrackedHourglass","Ring of Chaos"],"picked":"REME_DemonsWealth"},{"not_picked":[]}],"items_purged_floors":[7,17,28,34,39],"is_endless":false,"potions_floor_spawned":[8,11,13,16,18,21,24,25,33,41,45],"ascension_level":7}}