{"host":"kbho7qfijxoxak3f","time":1612509872,"event":{"mods":["2.2 Compatiblity","Act Like it!","BaseMod","Challenge The Spire","Colored Map","Conspire","Highlight Path","Lobotomy","Minty Spire (QoL Compilation)","Pale of the Ancients","Quick Restart","StSLib"],"gold_per_floor":[109,124,124,137,10,43,43,73,97,97,115,115,115],"floor_reached":12,"language":"ZHS","playtime":394,"items_purged":[],"score":141,"play_id":"8655792d-4f50-48cd-b891-28793b64ca51","local_time":"20210205152432","is_ascension_mode":true,"campfire_choices":[{"floor":10,"key":"REST"}],"circlet_count":0,"master_deck":["Strike_B+1","Strike_B","Strike_B","Defend_B","Defend_B","Defend_B","Zap","Dualcast","FieryBird","BigBadWolf","Coolheaded","GreedKing","Capacitor","Ball Lightning+1","Cold Snap","OSAHOGD"],"relics":["Cracked Core","CogitoBucket","DataDisk","Art of War","Strawberry","Whetstone"],"acts_visited":["Exordium"],"potions_floor_usage":[8],"damage_taken":[{"damage":12.0,"enemies":"Jaw Worm","floor":1.0,"turns":3.0},{"damage":9.0,"enemies":"Small Slimes","floor":2.0,"turns":3.0},{"damage":0.0,"enemies":"Cultist","floor":4.0,"turns":3.0},{"damage":19.0,"enemies":"3 Sentries","floor":6.0,"turns":7.0},{"damage":15,"enemies":"Gremlin Nob","floor":8,"turns":3},{"damage":20,"enemies":"2 Fungi Beasts","floor":11,"turns":3},{"damage":35,"enemies":"Lagavulin","floor":12,"turns":4}],"seed_played":"1906295724481664424","potions_obtained":[{"floor":6.0,"key":"FearPotion"},{"floor":8,"key":"SkillPotion"},{"floor":11,"key":"Fire Potion"}],"is_trial":false,"path_per_floor":["M","M","?","M","$","E","?","E","T","R","M","E"],"character_chosen":"DEFECT","items_purchased":["Capacitor","Ball Lightning"],"campfire_rested":1,"item_purchase_floors":[5,5],"current_hp_per_floor":[56,47,35,35,35,16,16,8,8,32,12,0,0],"gold":115,"neow_bonus":"","is_daily":false,"chose_seed":false,"campfire_upgraded":0,"win_rate":0.0,"timestamp":1612509872,"path_taken":["M","M","?","M","$","E","?","E","T","R","M","E"],"items_purchased_type":["Card","Card"],"build_version":"2020-12-22","purchased_purges":0,"victory":false,"max_hp_per_floor":[75,75,75,75,75,75,75,82,82,82,82,82,82],"card_choices":[{"not_picked":["Wellcheers","UniverseFragment"],"picked":"FieryBird","floor":1.0},{"not_picked":["Compile Driver","Redo"],"picked":"Conserve Battery","floor":1.0},{"not_picked":["Scorched","Bloodbath"],"picked":"BigBadWolf","floor":2.0},{"not_picked":["Stack","Turbo"],"picked":"Coolheaded","floor":2.0},{"not_picked":["VoidDream","UniverseFragment"],"picked":"GreedKing","floor":4.0},{"not_picked":["FTL","Turbo","Stack"],"picked":"SKIP","floor":4.0},{"not_picked":["BootSequence","Coolheaded"],"picked":"Cold Snap","floor":6.0},{"not_picked":["Double Energy","Beam Cell","Static Discharge"],"picked":"SKIP","floor":8},{"not_picked":["Laetitia","UniverseFragment"],"picked":"OSAHOGD","floor":11},{"not_picked":["Rainbow","Turbo","Rebound"],"picked":"SKIP","floor":11}],"player_experience":552358,"relics_obtained":[{"floor":6.0,"key":"Art of War"},{"floor":8,"key":"Strawberry"},{"floor":9,"key":"Whetstone"}],"event_choices":[{"damage_healed":0.0,"max_hp_gain":0.0,"max_hp_loss":0.0,"gold_gain":0.0,"event_name":"Scrap Ooze","player_choice":"Success","floor":3.0,"gold_loss":0.0,"damage_taken":12.0,"relics_obtained":["DataDisk"]},{"damage_healed":0,"gold_gain":0,"player_choice":"Leave","damage_taken":0,"max_hp_gain":0,"max_hp_loss":0,"event_name":"FaceTrader","floor":7,"gold_loss":0}],"is_beta":false,"boss_relics":[],"items_purged_floors":[],"is_endless":false,"potions_floor_spawned":[4,6,8,11],"killed_by":"Lagavulin","ascension_level":12}}