{"host":"928gv66myv2vlnsd","time":1612495256,"event":{"mods":["BaseMod","Highlight Path","Minty Spire (QoL Compilation)","StSLib"],"gold_per_floor":[114,133,133,133,133,133,147,183,183,183,258,279,279,279,279],"floor_reached":14,"language":"ENG","playtime":713,"items_purged":[],"score":176,"play_id":"b3d92938-7eaa-41a6-860f-e3199e2f1394","local_time":"20210204222056","is_ascension_mode":true,"campfire_choices":[{"floor":6,"key":"REST"},{"floor":13,"key":"REST"}],"circlet_count":0,"master_deck":["AscendersBane","Bash+1","Seeing Red","Disarm","Impervious","Intimidate","Juggernaut","Feel No Pain","Pommel Strike","Pommel Strike+1","Clash","Metallicize","Seeing Red","Feel No Pain","Rage","Power Through"],"relics":["Pandora\u0027s Box","StoneCalendar","Golden Idol","Paper Frog","The Courier","Matryoshka"],"acts_visited":["Exordium"],"potions_floor_usage":[12,14],"damage_taken":[{"damage":0,"enemies":"Cultist","floor":1,"turns":3},{"damage":5,"enemies":"2 Louse","floor":2,"turns":3},{"damage":8,"enemies":"Small Slimes","floor":7,"turns":3},{"damage":18,"enemies":"3 Sentries","floor":8,"turns":5},{"damage":14,"enemies":"Looter","floor":12,"turns":4},{"damage":21,"enemies":"Gremlin Nob","floor":14,"turns":3}],"seed_played":"-3860858657107989792","potions_obtained":[{"floor":1,"key":"EssenceOfSteel"},{"floor":7,"key":"FearPotion"},{"floor":12,"key":"Fire Potion"}],"is_trial":false,"path_per_floor":["M","M","?","?","?","R","M","E","T","T","?","M","R","E"],"character_chosen":"IRONCLAD","items_purchased":[],"campfire_rested":2,"item_purchase_floors":[],"current_hp_per_floor":[68,63,52,52,32,52,44,26,26,26,15,1,21,0,0],"gold":279,"neow_bonus":"BOSS_RELIC","is_daily":false,"chose_seed":false,"campfire_upgraded":0,"win_rate":0.0,"timestamp":1612495256,"path_taken":["M","?","?","?","?","R","?","E","T","?","?","M","R","E"],"items_purchased_type":[],"build_version":"2020-12-22","purchased_purges":0,"victory":false,"max_hp_per_floor":[75,75,75,68,68,68,68,68,68,68,68,68,68,68,68],"card_choices":[{"not_picked":["Thunderclap","Uppercut"],"picked":"Metallicize","floor":1},{"not_picked":["Sever Soul","Intimidate"],"picked":"Seeing Red","floor":2},{"not_picked":["Sever Soul","Headbutt"],"picked":"Feel No Pain","floor":7},{"not_picked":["Twin Strike","Thunderclap"],"picked":"Rage","floor":8},{"not_picked":["Thunderclap","Anger"],"picked":"Power Through","floor":12}],"player_experience":1463058,"relics_obtained":[{"floor":8,"key":"Paper Frog"},{"floor":9,"key":"The Courier"},{"floor":10,"key":"Matryoshka"}],"event_choices":[{"damage_healed":0,"gold_gain":0,"player_choice":"Success","damage_taken":11,"relics_obtained":["StoneCalendar"],"max_hp_gain":0,"max_hp_loss":0,"event_name":"Scrap Ooze","floor":3,"gold_loss":0},{"damage_healed":0,"gold_gain":0,"player_choice":"Lose Max HP","damage_taken":0,"relics_obtained":["Golden Idol"],"max_hp_gain":0,"max_hp_loss":7,"event_name":"Golden Idol","floor":4,"gold_loss":0},{"damage_healed":0,"gold_gain":0,"player_choice":"Entered Light","damage_taken":20,"max_hp_gain":0,"max_hp_loss":0,"event_name":"Shining Light","floor":5,"gold_loss":0,"cards_upgraded":["Bash","Pommel Strike"]},{"damage_healed":0,"gold_gain":75,"player_choice":"Gather Gold","damage_taken":11,"max_hp_gain":0,"max_hp_loss":0,"event_name":"World of Goop","floor":11,"gold_loss":0}],"is_beta":false,"boss_relics":[],"items_purged_floors":[],"is_endless":false,"potions_floor_spawned":[1,7,12],"killed_by":"Gremlin Nob","ascension_level":20}}