{"host":"hr6qo4jjm4ge1z5l","time":1612514225,"event":{"mods":["BaseMod","Highlight Path","Minty Spire (QoL Compilation)","Relic Stats","ojb\u0027s Info Mod"],"gold_per_floor":[119,139,155,28,28,55,66,78,78,78,97,22,22,42,42,119,119,139,139,44,60,79,79,79],"floor_reached":23,"language":"ENG","playtime":2164,"items_purged":["Pain"],"score":361,"play_id":"50c20ec4-53c5-4222-8b5d-6472ee8c3206","local_time":"20210205093705","is_ascension_mode":true,"campfire_choices":[{"data":"Beam Cell","floor":15,"key":"SMITH"}],"circlet_count":0,"master_deck":["AscendersBane","Strike_B","Strike_B","Strike_B","Strike_B","Defend_B","Defend_B","Defend_B","Defend_B","Zap+1","Dualcast","Rip and Tear","Beam Cell+1","Glacier","Core Surge","Steam","Coolheaded","Barrage","Steam Power","Glacier","Reinforced Body","Seek","Steam Power","Doom and Gloom","Conserve Battery","Cold Snap","Compile Driver+1"],"relics":["Cracked Core","WarpedTongs","Boot","Akabeko","Darkstone Periapt","Velvet Choker"],"acts_visited":["TheCity"],"potions_floor_usage":[23,23],"damage_taken":[{"damage":3,"enemies":"2 Louse","floor":1,"turns":2},{"damage":1,"enemies":"Cultist","floor":2,"turns":3},{"damage":2,"enemies":"Jaw Worm","floor":3,"turns":2},{"damage":7,"enemies":"Lagavulin","floor":6,"turns":5},{"damage":3,"enemies":"Looter","floor":7,"turns":3},{"damage":20,"enemies":"Exordium Thugs","floor":8,"turns":4},{"damage":3,"enemies":"Red Slaver","floor":11,"turns":2},{"damage":0,"enemies":"Blue Slaver","floor":14,"turns":2},{"damage":6,"enemies":"Hexaghost","floor":16,"turns":10},{"damage":11,"enemies":"Shell Parasite","floor":18,"turns":4},{"damage":14,"enemies":"2 Thieves","floor":21,"turns":3},{"damage":2,"enemies":"3 Cultists","floor":22,"turns":4},{"damage":49,"enemies":"Slavers","floor":23,"turns":4}],"seed_played":"1385965409667411134","potions_obtained":[{"floor":2,"key":"SkillPotion"},{"floor":3,"key":"FocusPotion"},{"floor":7,"key":"PowerPotion"},{"floor":18,"key":"Dexterity Potion"}],"is_trial":false,"path_per_floor":["M","M","M","$","?","E","M","M","T","?","M","$","T","M","R","B",null,"M","?","$","M","M","E"],"character_chosen":"DEFECT","items_purchased":["Core Surge","Steam","Doom and Gloom","Conserve Battery"],"campfire_rested":0,"item_purchase_floors":[4,4,20,20],"current_hp_per_floor":[68,67,65,65,65,58,55,35,35,35,32,32,32,32,32,26,65,54,54,54,40,38,0,0],"gold":79,"neow_bonus":"TEN_PERCENT_HP_BONUS","is_daily":false,"chose_seed":false,"campfire_upgraded":1,"win_rate":0.0,"timestamp":1612514225,"path_taken":["M","M","M","$","?","E","M","?","T","?","M","$","?","M","R","BOSS","M","?","$","M","M","E"],"items_purchased_type":["Card","Card","Card","Card"],"build_version":"2020-12-22","purchased_purges":1,"victory":false,"max_hp_per_floor":[78,78,78,78,78,78,78,78,78,78,78,78,78,78,78,78,78,78,78,78,78,78,78,78],"relic_stats":{"Darkstone Periapt":0,"counters":[13,48],"Boot":[27],"obtain_stats":[{"Darkstone Periapt":13,"Velvet Choker":17,"Cracked Core":0,"Boot":6,"Akabeko":9,"WarpedTongs":5},{"Darkstone Periapt":7,"Velvet Choker":9,"Cracked Core":0,"Boot":4,"Akabeko":6,"WarpedTongs":3},{"Darkstone Periapt":21,"Velvet Choker":33,"Cracked Core":0,"Boot":12,"Akabeko":19,"WarpedTongs":7}],"WarpedTongs":[41]},"card_choices":[{"not_picked":["Gash","Hello World"],"picked":"Rip and Tear","floor":1},{"not_picked":["Fusion","Hologram"],"picked":"Beam Cell","floor":2},{"not_picked":["Redo","Recycle"],"picked":"Glacier","floor":3},{"not_picked":["Stack","Gash"],"picked":"Coolheaded","floor":6},{"not_picked":["Skim","Double Energy"],"picked":"Barrage","floor":7},{"not_picked":["Blizzard","Stack"],"picked":"Steam Power","floor":8},{"not_picked":["Steam","Go for the Eyes"],"picked":"Glacier","floor":11},{"not_picked":["Gash","Sweeping Beam"],"picked":"Reinforced Body","floor":14},{"not_picked":["Amplify","Rainbow"],"picked":"Seek","floor":16},{"not_picked":["Redo","Hologram"],"picked":"Steam Power","floor":18},{"not_picked":["Doom and Gloom","Turbo"],"picked":"Cold Snap","floor":21},{"not_picked":["Barrage","Aggregate"],"picked":"Compile Driver+1","floor":22}],"player_experience":542349,"relics_obtained":[{"floor":6,"key":"Boot"},{"floor":9,"key":"Akabeko"},{"floor":13,"key":"Darkstone Periapt"}],"event_choices":[{"damage_healed":0,"gold_gain":0,"player_choice":"Rummage","damage_taken":0,"relics_obtained":["WarpedTongs"],"max_hp_gain":0,"max_hp_loss":0,"event_name":"Accursed Blacksmith","floor":5,"gold_loss":0,"cards_obtained":["Pain"]},{"damage_healed":0,"gold_gain":0,"player_choice":"Upgraded","damage_taken":0,"max_hp_gain":0,"max_hp_loss":0,"event_name":"Upgrade Shrine","floor":10,"gold_loss":0,"cards_upgraded":["Zap"]}],"is_beta":false,"boss_relics":[{"not_picked":["Ectoplasm","FrozenCore"],"picked":"Velvet Choker"}],"items_purged_floors":[12],"is_endless":false,"potions_floor_spawned":[2,3,7,18,22],"killed_by":"Slavers","ascension_level":17}}