{"host":"9tzam4717zt8ei1o","time":1612540537,"event":{"mods":["BaseMod","Colored Map","Keyboard Shortcuts","Minty Spire (QoL Compilation)","Quick Restart","StSLib","SuperFastMode"],"gold_per_floor":[17,17,28,48,65,93,93,127,127,127,127,127,196,70,70,166,166,179,204,129,154,54,54,67,67,67,67,92,92,92,92,92,186,186,199,220,65,80,80,80,124,124,124,148,148,162,75,75,75,75,75,75,25,61,61],"floor_reached":56,"language":"KOR","playtime":1380,"items_purged":["Strike_G","Strike_G"],"score":1986,"play_id":"0be38e07-8973-44b5-88f3-6fab947769f6","local_time":"20210206005537","is_ascension_mode":true,"campfire_choices":[{"data":"Eviscerate","floor":7.0,"key":"SMITH"},{"floor":10.0,"key":"REST"},{"data":"Neutralize","floor":11.0,"key":"SMITH"},{"floor":15.0,"key":"REST"},{"floor":23.0,"key":"REST"},{"data":"Prepared","floor":25.0,"key":"SMITH"},{"data":"Defend_G","floor":29.0,"key":"PURGE"},{"data":"Envenom","floor":32.0,"key":"SMITH"},{"data":"Acrobatics","floor":40.0,"key":"SMITH"},{"data":"Defend_G","floor":42.0,"key":"PURGE"},{"data":"Dagger Throw","floor":45.0,"key":"PURGE"},{"floor":49.0,"key":"RECALL"},{"data":"Underhanded Strike","floor":52.0,"key":"PURGE"}],"circlet_count":0,"master_deck":["AscendersBane","Survivor","Neutralize+1","Eviscerate+1","Acrobatics+1","Envenom+1","Prepared+1","After Image+1","Deep Breath","Backflip","Reflex"],"relics":["Ring of the Snake","Pen Nib","WingedGreaves","Ice Cream","Golden Idol","Peace Pipe","Empty Cage","Frozen Egg 2","Snake Skull","Philosopher\u0027s Stone","TheAbacus","Vajra","Lantern"],"acts_visited":["TheCity","TheBeyond","TheEnding"],"potions_floor_usage":[55,55],"damage_taken":[{"damage":1.0,"enemies":"Cultist","floor":1.0,"turns":5.0},{"damage":4.0,"enemies":"2 Louse","floor":3.0,"turns":4.0},{"damage":2.0,"enemies":"Jaw Worm","floor":4.0,"turns":5.0},{"damage":0.0,"enemies":"2 Fungi Beasts","floor":5.0,"turns":3.0},{"damage":22.0,"enemies":"3 Sentries","floor":6.0,"turns":6.0},{"damage":26.0,"enemies":"Gremlin Nob","floor":8.0,"turns":5.0},{"damage":19.0,"enemies":"Lagavulin Event","floor":13.0,"turns":5.0},{"damage":16.0,"enemies":"The Guardian","floor":16.0,"turns":12.0},{"damage":16.0,"enemies":"Shell Parasite","floor":18.0,"turns":4.0},{"damage":10.0,"enemies":"3 Byrds","floor":19.0,"turns":6.0},{"damage":15.0,"enemies":"Shelled Parasite and Fungi","floor":21.0,"turns":4.0},{"damage":18.0,"enemies":"Cultist and Chosen","floor":24.0,"turns":5.0},{"damage":6.0,"enemies":"Centurion and Healer","floor":28.0,"turns":4.0},{"damage":7.0,"enemies":"Champ","floor":33.0,"turns":6.0},{"damage":0.0,"enemies":"3 Darklings","floor":35.0,"turns":3.0},{"damage":2.0,"enemies":"Orb Walker","floor":36.0,"turns":2.0},{"damage":0.0,"enemies":"Transient","floor":38.0,"turns":5.0},{"damage":5.0,"enemies":"Nemesis","floor":41.0,"turns":5.0},{"damage":0.0,"enemies":"3 Darklings","floor":44.0,"turns":3.0},{"damage":0.0,"enemies":"Writhing Mass","floor":46.0,"turns":2.0},{"damage":0.0,"enemies":"Donu and Deca","floor":50.0,"turns":5.0},{"damage":10.0,"enemies":"Shield and Spear","floor":54.0,"turns":3.0},{"damage":14,"enemies":"The Heart","floor":55,"turns":4}],"seed_played":"803691298881485087","potions_obtained":[{"floor":3.0,"key":"LiquidMemories"},{"floor":5.0,"key":"SkillPotion"},{"floor":21.0,"key":"Strength Potion"},{"floor":24.0,"key":"FairyPotion"},{"floor":35.0,"key":"Dexterity Potion"}],"is_trial":false,"path_per_floor":["M","?","M","M","M","E","R","E","T","R","R","?","?","$","R","B",null,"M","M","?","M","$","R","M","R","T","$","M","R","?","$","R","B",null,"M","M","$","M","?","R","E","R","T","M","R","M","$","?","R","B",null,"R","$","E","B",null],"character_chosen":"THE_SILENT","items_purchased":["Acrobatics","TheAbacus","Deep Breath","Backflip"],"campfire_rested":3,"item_purchase_floors":[14,37,47,53],"current_hp_per_floor":[58,58,54,52,52,30,30,4,4,23,23,23,4,4,22,6,47,31,21,21,6,6,24,6,6,6,6,18,18,18,18,18,11,49,49,47,47,47,41,41,36,36,36,36,36,36,36,36,36,36,55,55,55,45,31],"gold":61,"neow_bonus":"REMOVE_TWO","is_daily":false,"chose_seed":false,"campfire_upgraded":5,"win_rate":0.0,"timestamp":1612540537,"path_taken":["M","?","?","M","M","E","R","E","T","R","R","?","?","?","R","BOSS","M","M","?","M","$","R","M","R","T","$","M","R","?","$","R","BOSS","M","M","$","M","?","R","E","R","T","?","R","M","?","?","R","BOSS","R","$","E","BOSS"],"items_purchased_type":["Card","Relic","Card","Card"],"build_version":"2020-12-22","purchased_purges":2,"victory":true,"max_hp_per_floor":[66,66,66,66,66,66,66,66,66,66,66,61,61,61,61,61,61,61,61,61,61,61,61,61,61,61,61,61,61,61,61,61,61,61,61,61,61,61,61,61,61,61,61,61,61,61,61,61,61,61,61,61,61,61,61],"card_choices":[{"not_picked":["Bane","Cloak And Dagger","Dodge and Roll"],"picked":"SKIP","floor":1.0},{"not_picked":["Dodge and Roll","Flying Knee"],"picked":"Eviscerate","floor":3.0},{"not_picked":["Poisoned Stab","Dagger Spray","Outmaneuver"],"picked":"SKIP","floor":4.0},{"not_picked":["Deflect","Underhanded Strike","Bane"],"picked":"SKIP","floor":5.0},{"not_picked":["Deflect","Bane"],"picked":"Underhanded Strike","floor":5.0},{"not_picked":["Bullet Time","Setup","Poisoned Stab"],"picked":"SKIP","floor":6.0},{"not_picked":["Dodge and Roll","Flying Knee","Dagger Spray"],"picked":"SKIP","floor":8.0},{"not_picked":["Bane","Cloak And Dagger"],"picked":"Dagger Throw","floor":13.0},{"not_picked":["Doppelganger","Die Die Die"],"picked":"Envenom","floor":16.0},{"not_picked":["Caltrops","Backstab","Poisoned Stab"],"picked":"SKIP","floor":18.0},{"not_picked":["Deadly Poison+1","Distraction","Cloak And Dagger"],"picked":"SKIP","floor":19.0},{"not_picked":["Sucker Punch","Blade Dance+1"],"picked":"Prepared","floor":21.0},{"not_picked":["PiercingWail","Accuracy","Masterful Stab"],"picked":"SKIP","floor":24.0},{"not_picked":["PiercingWail","Blade Dance","Infinite Blades+1"],"picked":"SKIP","floor":28.0},{"not_picked":["Corpse Explosion","Venomology"],"picked":"After Image+1","floor":33.0},{"not_picked":["Bane+1","Flechettes","Dagger Throw"],"picked":"SKIP","floor":35.0},{"not_picked":["Infinite Blades+1","Bane","Prepared"],"picked":"SKIP","floor":36.0},{"not_picked":["Finisher","Flechettes+1","Catalyst"],"picked":"SKIP","floor":38.0},{"not_picked":["Quick Slash","Concentrate","PiercingWail"],"picked":"SKIP","floor":41.0},{"not_picked":["Deadly Poison","Quick Slash","Backstab"],"picked":"SKIP","floor":44.0},{"not_picked":["Dagger Spray","Bane+1","Blade Dance"],"picked":"SKIP","floor":46.0},{"not_picked":["Malaise","Well Laid Plans+1"],"picked":"Reflex","floor":54.0}],"player_experience":117549,"relics_obtained":[{"floor":6.0,"key":"Pen Nib"},{"floor":8.0,"key":"WingedGreaves"},{"floor":9.0,"key":"Ice Cream"},{"floor":13.0,"key":"Peace Pipe"},{"floor":26.0,"key":"Frozen Egg 2"},{"floor":41.0,"key":"Vajra"},{"floor":54.0,"key":"Lantern"}],"event_choices":[{"damage_healed":0.0,"max_hp_gain":0.0,"max_hp_loss":0.0,"gold_gain":0.0,"event_name":"WeMeetAgain","player_choice":"Ignored","floor":2.0,"gold_loss":0.0,"damage_taken":0.0},{"damage_healed":0.0,"max_hp_gain":0.0,"max_hp_loss":5.0,"gold_gain":0.0,"event_name":"Golden Idol","player_choice":"Lose Max HP","floor":12.0,"gold_loss":0.0,"damage_taken":0.0,"relics_obtained":["Golden Idol"]},{"damage_healed":0.0,"max_hp_gain":0.0,"max_hp_loss":0.0,"gold_gain":0.0,"event_name":"Dead Adventurer","player_choice":"Searched \u00271\u0027 times","floor":13.0,"gold_loss":0.0,"damage_taken":0.0},{"cards_removed":["Strike_G"],"damage_healed":0.0,"max_hp_gain":0.0,"max_hp_loss":0.0,"gold_gain":0.0,"event_name":"Beggar","player_choice":"Gave Gold","floor":20.0,"gold_loss":75.0,"damage_taken":0.0},{"damage_healed":0.0,"max_hp_gain":0.0,"max_hp_loss":0.0,"gold_gain":0.0,"event_name":"The Mausoleum","player_choice":"Opened","floor":30.0,"gold_loss":0.0,"damage_taken":0.0,"relics_obtained":["Snake Skull"]},{"damage_healed":0.0,"max_hp_gain":0.0,"max_hp_loss":0.0,"gold_gain":0.0,"event_name":"Wheel of Change","player_choice":"Damaged","floor":39.0,"gold_loss":0.0,"damage_taken":6.0},{"cards_removed":["Defend_G"],"damage_healed":0.0,"max_hp_gain":0.0,"max_hp_loss":0.0,"gold_gain":0.0,"event_name":"Falling","player_choice":"Removed Skill","floor":48.0,"gold_loss":0.0,"damage_taken":0.0}],"is_beta":false,"boss_relics":[{"not_picked":["Pandora\u0027s Box","SacredBark"],"picked":"Empty Cage"},{"not_picked":["Astrolabe","Sozu"],"picked":"Philosopher\u0027s Stone"}],"items_purged_floors":[14,22],"is_endless":false,"potions_floor_spawned":[3,5,21,24,35,36,44,46],"ascension_level":14}}