{"host":"06t6i6dwlvtvdxau","time":1612505994,"event":{"mods":["BaseMod","Colored Map","Colored Powertips","GifTheSpireLib","Minty Spire (QoL Compilation)","Quick Restart","Shop Mod","StSLib"],"gold_per_floor":[115,24,43,218,293,293,293,324,393,318,318,23,36,36,36,36,36],"floor_reached":16,"language":"FRA","playtime":489,"items_purged":["Doubt","Strike_R"],"score":134,"play_id":"d42cd324-b0fb-48c7-8bfe-4dfaed978f7b","local_time":"20210205071954","is_ascension_mode":true,"campfire_choices":[{"data":"Limit Break","floor":6.0,"key":"SMITH"},{"data":"Exhume","floor":15.0,"key":"SMITH"}],"circlet_count":0,"master_deck":["Strike_R","Strike_R","Strike_R","Strike_R+1","Defend_R","Defend_R","Defend_R","Defend_R","Bash","Limit Break+1","Evolve","Flex+1","Disarm","Flex","Cleave","Ragnarok","Exhume+1"],"relics":["Burning Blood","Question Card","Letter Opener","Golden Idol","PrismaticShard"],"acts_visited":["Exordium"],"potions_floor_usage":[],"damage_taken":[{"damage":11.0,"enemies":"Small Slimes","floor":1.0,"turns":4.0},{"damage":2.0,"enemies":"2 Louse","floor":3.0,"turns":3.0},{"damage":25.0,"enemies":"Lagavulin","floor":8.0,"turns":8.0},{"damage":1.0,"enemies":"Cultist","floor":13.0,"turns":3.0},{"damage":0,"enemies":"Slime Boss","floor":16,"turns":5}],"seed_played":"-1595303573287527604","potions_obtained":[{"floor":3.0,"key":"Weak Potion"}],"is_trial":false,"path_per_floor":["M","$","M","?","?","R","?","E","T","$","?","$","M","?","R","B"],"character_chosen":"IRONCLAD","items_purchased":["Flex","Disarm","Cleave","PrismaticShard"],"campfire_rested":0,"item_purchase_floors":[2,2,12,12],"current_hp_per_floor":[67,67,71,71,60,60,44,25,25,25,25,25,30,30,30,30,30],"gold":36,"neow_bonus":"ONE_RANDOM_RARE_CARD","is_daily":false,"chose_seed":false,"campfire_upgraded":2,"win_rate":0.0,"timestamp":1612505994,"path_taken":["M","$","M","?","?","R","?","E","T","$","?","$","M","?","R","BOSS"],"items_purchased_type":["Card","Card","Card","Relic"],"build_version":"2020-12-22","purchased_purges":2,"victory":false,"max_hp_per_floor":[80,80,80,80,80,80,80,80,80,80,74,74,74,74,74,74,74],"card_choices":[{"not_picked":["Twin Strike","Clash"],"picked":"Evolve","floor":1.0},{"not_picked":["Dropkick","Searing Blow","Feel No Pain"],"picked":"SKIP","floor":3.0},{"not_picked":["Wild Strike","Perfected Strike"],"picked":"Flex","floor":8.0},{"not_picked":["Skewer","Deadly Poison","EmptyBody"],"picked":"Ragnarok","floor":13.0}],"player_experience":782734,"relics_obtained":[{"floor":8.0,"key":"Question Card"},{"floor":9.0,"key":"Letter Opener"}],"event_choices":[{"damage_healed":0.0,"max_hp_gain":0.0,"max_hp_loss":0.0,"gold_gain":175.0,"event_name":"Liars Game","player_choice":"AGREE","floor":4.0,"gold_loss":0.0,"damage_taken":0.0,"cards_obtained":["Doubt"]},{"damage_healed":0.0,"max_hp_gain":0.0,"max_hp_loss":0.0,"gold_gain":75.0,"event_name":"World of Goop","player_choice":"Gather Gold","floor":5.0,"gold_loss":0.0,"damage_taken":11.0},{"damage_healed":0.0,"max_hp_gain":0.0,"max_hp_loss":0.0,"gold_gain":0.0,"event_name":"Shining Light","player_choice":"Entered Light","floor":7.0,"gold_loss":0.0,"damage_taken":16.0,"cards_upgraded":["Strike_R","Flex"]},{"damage_healed":0.0,"max_hp_gain":0.0,"max_hp_loss":6.0,"gold_gain":0.0,"event_name":"Golden Idol","player_choice":"Lose Max HP","floor":11.0,"gold_loss":0.0,"damage_taken":0.0,"relics_obtained":["Golden Idol"]},{"damage_healed":0.0,"max_hp_gain":0.0,"max_hp_loss":0.0,"gold_gain":0.0,"event_name":"Match and Keep!","player_choice":"1 cards matched","floor":14.0,"gold_loss":0.0,"damage_taken":0.0,"cards_obtained":["Exhume"]}],"is_beta":false,"boss_relics":[],"items_purged_floors":[10,12],"is_endless":false,"potions_floor_spawned":[3],"killed_by":"Slime Boss","ascension_level":8}}