{"host":"s3xohtohhcw15sii","time":1612496841,"event":{"mods":["2.2 Compatiblity","AchievementEnabler","Aspiration","BaseMod","BetterRewards","ChefMod","Clockwork Mod","Colored Map","Friendly Minions","Gremlin Skip","Hubris","Hunter ??","Infinite Spire","Minty Spire (QoL Compilation)","Quick Restart","Reliquary","Replay The Spire","Shop Mod","StSLib","The Blackbeard","The Dragon Tamer","The Forsaken","The Hayseed","The Necromancer","TheBandit"],"gold_per_floor":[115,169,235,248,258,258,273,273,297,326,326,129,129,139,139,236,336,352,352,352,370,390,420,432,447,471,471,488,488,488,488,488,590,590,610,520,520,536,552,552,566,580,580,320,320,320],"floor_reached":45,"language":"ENG","playtime":3677,"items_purged":[],"score":512,"play_id":"9aa29da1-98b2-435c-a319-01e5ac344b0a","local_time":"20210204224721","is_ascension_mode":false,"campfire_choices":[{"floor":6,"key":"REST"},{"data":"chefmod:TodaysSpecial","floor":8,"key":"SMITH"},{"floor":11,"key":"REST"},{"floor":15,"key":"REST"},{"floor":27,"key":"REST"},{"floor":29,"key":"RECALL"},{"floor":32,"key":"REST"},{"floor":40,"key":"REST"}],"circlet_count":0,"master_deck":["chefmod:QuickThaw","chefmod:Defend","chefmod:Defend","chefmod:Defend","chefmod:Defend","chefmod:TodaysSpecial+1","chefmod:ColdSteel","chefmod:ZaruSoba","chefmod:IcePick","chefmod:Fillet","chefmod:HotSoup","chefmod:RisingDough","chefmod:FreezeSolid+1","chefmod:IcePick","chefmod:Chop","chefmod:RaidPantry","chefmod:FreezeSolid+1","Bite","Bite","Bite","Bite","Bite","chefmod:Escargot+1","chefmod:Chop+1","chefmod:KnifeFlurry","chefmod:OldCookbook+1","chefmod:TonkotsuRamen+1","chefmod:HotSoup+1","chefmod:IcePick","chefmod:OrderUp+1","CurseOfTheBell","chefmod:DoubleChop+1","chefmod:ZaruSoba+1","chefmod:NoSoupForYou","chefmod:Fillet+1","chefmod:Gelato+1","chefmod:Granita","chefmod:FreezerBurn"],"relics":["chefmod:TrustyPot","chefmod:WoodenSpoon","MerchantsRug","Frozen Egg 2","Fusion Hammer","SlaversCollar","Replay:Mystery Machine","reliquary:Boomerang","Snack Pack","Lizard Tail","Calling Bell","infinitespire:Joker Card","Blue Doll","Replay:Bottled Snecko","infinitespire:CheckeredPen","aspiration:ChemicalBlood","theForsaken:Kindling"],"acts_visited":["Exordium","TheCity","TheBeyond"],"potions_floor_usage":[16,16,23,45],"damage_taken":[{"damage":3,"enemies":"Cultist","floor":1,"turns":5},{"damage":1,"enemies":"Jaw Worm","floor":4,"turns":4},{"damage":8,"enemies":"Small Slimes","floor":5,"turns":3},{"damage":6,"enemies":"2 Fungi Beasts","floor":7,"turns":3},{"damage":22,"enemies":"Replay:BlueRogue","floor":10,"turns":4},{"damage":3,"enemies":"3 Louse","floor":14,"turns":4},{"damage":48,"enemies":"Hexaghost","floor":16,"turns":13},{"damage":20,"enemies":"3 Byrds","floor":18,"turns":5},{"damage":15,"enemies":"2 Thieves","floor":21,"turns":4},{"damage":19,"enemies":"Snake Plant","floor":22,"turns":6},{"damage":56,"enemies":"Slavers","floor":23,"turns":7},{"damage":11,"enemies":"Shelled Parasite and Fungi","floor":24,"turns":5},{"damage":5,"enemies":"Cultist and Chosen","floor":25,"turns":5},{"damage":13,"enemies":"Centurion and Healer","floor":28,"turns":6},{"damage":62,"enemies":"hubris:MusketHawk","floor":33,"turns":9},{"damage":27,"enemies":"3 Shapes","floor":35,"turns":5},{"damage":46,"enemies":"3 Darklings","floor":38,"turns":6},{"damage":35,"enemies":"Jaw Worm Horde","floor":39,"turns":5},{"damage":13,"enemies":"4 Shapes","floor":41,"turns":3},{"damage":5,"enemies":"3 Darklings","floor":42,"turns":5},{"damage":63,"enemies":"2 Orb Walkers","floor":45,"turns":4}],"seed_played":"-483475102327983582","potions_obtained":[{"floor":3,"key":"SmokeBomb"},{"floor":3,"key":"Doom Potion"},{"floor":3,"key":"ColorlessPotion"},{"floor":5,"key":"FairyPotion"},{"floor":10,"key":"Block Potion"},{"floor":22,"key":"Ancient Potion"},{"floor":33,"key":"Venom Potion"},{"floor":39,"key":"Cursed Concoction"}],"is_trial":false,"path_per_floor":["M","T","?","M","M","R","M","R","T","E","R","$","?","M","R","B",null,"M","?","?","M","M","E","M","M","T","R","M","R","?","$","R","B",null,"M","$","?","M","M","R","M","M","T","$","?"],"character_chosen":"THE_CHEF","items_purchased":["MerchantsRug","chefmod:FreezeSolid","chefmod:IcePick","Snack Pack","Lizard Tail","infinitespire:CheckeredPen","theForsaken:Kindling","chefmod:Granita","chefmod:FreezerBurn"],"campfire_rested":6,"item_purchase_floors":[12,12,12,31,31,36,44,44,44],"current_hp_per_floor":[80,80,47,46,38,62,56,56,56,34,58,58,58,55,79,31,83,63,58,58,46,39,35,36,38,38,55,55,55,55,18,35,13,58,39,39,39,15,16,33,32,42,42,42,0,0],"gold":320,"neow_bonus":"TEN_PERCENT_HP_BONUS","is_daily":false,"chose_seed":false,"campfire_upgraded":1,"win_rate":0.0,"timestamp":1612496841,"path_taken":["M","?","?","M","M","R","M","R","T","E","R","$","?","M","R","BOSS","M","?","?","M","M","E","?","M","T","R","M","R","?","?","R","BOSS","M","$","?","M","M","R","?","M","T","$","?"],"items_purchased_type":["Relic","Card","Card","Relic","Relic","Relic","Relic","Card","Card"],"build_version":"2020-12-22","purchased_purges":0,"victory":false,"max_hp_per_floor":[83,83,83,83,83,83,83,83,83,83,83,83,83,83,83,83,83,83,58,58,58,58,58,58,58,58,58,58,58,58,58,58,58,58,58,58,58,58,58,58,58,58,58,58,58,58],"card_choices":[{"not_picked":["chefmod:MonsterBait","chefmod:Chop"],"picked":"chefmod:ColdSteel","floor":1},{"not_picked":["chefmod:FireUp","chefmod:DinoKale"],"picked":"chefmod:ZaruSoba","floor":3},{"not_picked":["chefmod:FreezerBurn","chefmod:CleanHouse"],"picked":"chefmod:IcePick","floor":4},{"not_picked":["chefmod:Gelato","chefmod:ZaruSoba"],"picked":"chefmod:Fillet","floor":5},{"not_picked":["chefmod:DinoKale","chefmod:Sorbet"],"picked":"chefmod:HotSoup","floor":7},{"not_picked":["chefmod:Julienne","chefmod:ZaruSoba"],"picked":"chefmod:RisingDough","floor":10},{"not_picked":["chefmod:BaoBuns","chefmod:Tenderizer"],"picked":"chefmod:Chop","floor":14},{"not_picked":["chefmod:FullCourseMeal+1","chefmod:PrepCook+1"],"picked":"chefmod:RaidPantry","floor":16},{"not_picked":["chefmod:Fillet","chefmod:BaoBuns"],"picked":"chefmod:FreezeSolid+1","floor":18},{"not_picked":["chefmod:SaveForLater","chefmod:ColdSteel"],"picked":"chefmod:Chop+1","floor":21},{"not_picked":["chefmod:IceCreamCone+1","chefmod:DinoKale"],"picked":"chefmod:KnifeFlurry","floor":22},{"not_picked":["chefmod:IcePick","chefmod:DinoKale+1"],"picked":"chefmod:OldCookbook+1","floor":23},{"not_picked":["chefmod:CuttingBoard+1","chefmod:ColdSteel+1"],"picked":"chefmod:TonkotsuRamen+1","floor":24},{"not_picked":["chefmod:Cleavers","chefmod:CayenneCloud+1"],"picked":"chefmod:HotSoup+1","floor":25},{"not_picked":["chefmod:Puree+1","chefmod:Sorbet"],"picked":"chefmod:IcePick","floor":28},{"not_picked":["chefmod:Mince","chefmod:CandyBowl"],"picked":"chefmod:OrderUp+1","floor":33},{"not_picked":["chefmod:HotSoup+1","chefmod:FreshProduce+1"],"picked":"chefmod:DoubleChop+1","floor":35},{"not_picked":["chefmod:LocoMoco+1","chefmod:LiquidNitrogen"],"picked":"chefmod:ZaruSoba+1","floor":38},{"not_picked":["chefmod:PotatoGratin+1","chefmod:VegetableTart+1"],"picked":"chefmod:NoSoupForYou","floor":39},{"not_picked":["chefmod:FiveAlarmChili+1","chefmod:FireUp+1"],"picked":"chefmod:Fillet+1","floor":41},{"not_picked":["chefmod:FryPan","chefmod:Defrost+1"],"picked":"chefmod:Gelato+1","floor":42}],"player_experience":323295,"relics_obtained":[{"floor":2,"key":"reliquary:RosewoodLute"},{"floor":9,"key":"reliquary:WeakTea"},{"floor":10,"key":"chefmod:WoodenSpoon"},{"floor":23,"key":"Replay:Mystery Machine"},{"floor":26,"key":"reliquary:Boomerang"},{"floor":34,"key":"infinitespire:Joker Card"},{"floor":34,"key":"Blue Doll"},{"floor":34,"key":"Replay:Bottled Snecko"},{"floor":43,"key":"aspiration:ChemicalBlood"}],"event_choices":[{"damage_healed":0,"gold_gain":0,"player_choice":"Became a vampire","damage_taken":0,"max_hp_gain":0,"max_hp_loss":25,"event_name":"Vampires","floor":19,"gold_loss":0,"cards_obtained":["Bite","Bite","Bite","Bite","Bite"]},{"damage_healed":0,"gold_gain":0,"player_choice":"Read","damage_taken":0,"max_hp_gain":0,"max_hp_loss":0,"event_name":"The Library","floor":20,"gold_loss":0,"cards_obtained":["chefmod:Escargot"]},{"cards_removed":["Injury"],"damage_healed":0,"gold_gain":0,"player_choice":"Removed Curses","damage_taken":0,"max_hp_gain":0,"max_hp_loss":0,"event_name":"Fountain of Cleansing","floor":30,"gold_loss":0},{"damage_healed":0,"gold_gain":0,"player_choice":"Forge","damage_taken":0,"max_hp_gain":0,"max_hp_loss":0,"event_name":"Accursed Blacksmith","floor":37,"gold_loss":0,"cards_upgraded":["chefmod:FreezeSolid"]},{"damage_healed":0,"gold_gain":0,"player_choice":"Fight","damage_taken":0,"max_hp_gain":0,"max_hp_loss":0,"event_name":"Mysterious Sphere","floor":45,"gold_loss":0}],"is_beta":false,"boss_relics":[{"not_picked":["aspiration:RunicSpoon","ReplayTheSpireMod:SealedPack"],"picked":"Replay:Grab Bag"},{"not_picked":["hubris:CrackedHourglass","Busted Crown"],"picked":"Replay:Wanted Poster"},{"not_picked":["Coffee Dripper","Replay:Bronze Core"],"picked":"Fusion Hammer"},{"not_picked":["chefmod:OldKettle","Replay:Drink Me"],"picked":"SlaversCollar"},{"not_picked":["Replay:Ancient Bell","hubris:BlackHole"],"picked":"Calling Bell"}],"items_purged_floors":[],"is_endless":false,"potions_floor_spawned":[5,10,22,33,39],"killed_by":"2 Orb Walkers","ascension_level":0}}