{"host":"¿à÷økuyou","time":1612509926,"event":{"mods":["ATMod(°¢èªMod)","Act Like it!","BaseMod","BetterRewards","Minty Spire (QoL Compilation)","Quick Restart","StSLib"],"gold_per_floor":[114,289,289,304,329,359,359,389,414,444,444,574,24,0,0,200,200,215,230,140,155,17,147,147,277,302,432,447,577,592,722,722,922,922,937,952,952,998,195,195,325,325,325,455,470,600,600,730,730,930],"floor_reached":51,"language":"ZHS","playtime":1348,"items_purged":["Doubt","Defend_P","SashWhip"],"score":1285,"play_id":"b9f5af9c-dd6b-48cd-90da-a04dd0c92700","local_time":"20210205152526","daily_mods":["Specialized","ControlledChaos","Elite Swarm"],"is_ascension_mode":false,"campfire_choices":[{"data":"AT_IrregularMenstruation","floor":7.0,"key":"SMITH"},{"data":"AT_EmpoweredMortalDraw","floor":15.0,"key":"SMITH"},{"floor":32.0,"key":"REST"},{"data":"Omniscience","floor":40.0,"key":"SMITH"},{"data":"AT_IrregularMenstruation","floor":42.0,"key":"SMITH"},{"data":"Ragnarok","floor":49,"key":"SMITH"}],"circlet_count":0,"master_deck":["Eruption+1","Vigilance","AT_FamilyPortrait+1","AT_IrregularMenstruation+1","AT_IrregularMenstruation+1","AT_IrregularMenstruation","AT_IrregularMenstruation","AT_IrregularMenstruation+1","InnerPeace","LessonLearned","Omniscience+1","Ragnarok+1","Ragnarok+1","AT_EmpoweredMortalDraw+1","Vault","FearNoEvil","MentalFortress","Vault","Necronomicurse","Scrawl","Blasphemy","FlurryOfBlows","Vault","LessonLearned","Evaluate","AT_DivineConfetti+1","Weave","LessonLearned","Adaptation+1","AT_RealColorLess+1","Ragnarok+1","Omniscience","DevaForm+1"],"relics":["PureWater","Frozen Eye","AT_ATBox","MealTicket","Toy Ornithopter","Vajra","Lantern","AT_TheCollector","Anchor","Bottled Flame","Busted Crown","Frozen Egg 2","Necronomicon","Whetstone","Oddly Smooth Stone","Thread and Needle","Torii","HornCleat","Pandora\u0027s Box","AT_Manta","AT_ChloranthyRing","ClockworkSouvenir","Lizard Tail","AT_SpeedBoots","The Courier","Bird Faced Urn","Pear","Juzu Bracelet"],"acts_visited":["Exordium","TheCity","TheBeyond"],"potions_floor_usage":[],"damage_taken":[{"damage":1.0,"enemies":"2 Louse","floor":1.0,"turns":3.0},{"damage":5.0,"enemies":"Small Slimes","floor":4.0,"turns":4.0},{"damage":40.0,"enemies":"3 Sentries","floor":6.0,"turns":9.0},{"damage":22.0,"enemies":"Gremlin Nob","floor":8.0,"turns":4.0},{"damage":5.0,"enemies":"Lagavulin","floor":10.0,"turns":5.0},{"damage":10.0,"enemies":"Gremlin Nob","floor":12.0,"turns":3.0},{"damage":16.0,"enemies":"Hexaghost","floor":16.0,"turns":6.0},{"damage":0.0,"enemies":"Spheric Guardian","floor":18.0,"turns":1.0},{"damage":0.0,"enemies":"2 Thieves","floor":19.0,"turns":1.0},{"damage":0.0,"enemies":"Snake Plant","floor":21.0,"turns":1.0},{"damage":0.0,"enemies":"Gremlin Leader","floor":23.0,"turns":3.0},{"damage":15.0,"enemies":"Book of Stabbing","floor":25.0,"turns":4.0},{"damage":0.0,"enemies":"Slavers","floor":27.0,"turns":1.0},{"damage":0.0,"enemies":"Snecko","floor":28.0,"turns":2.0},{"damage":0.0,"enemies":"Gremlin Leader","floor":29.0,"turns":2.0},{"damage":0.0,"enemies":"Chosen and Byrds","floor":30.0,"turns":1.0},{"damage":0.0,"enemies":"Book of Stabbing","floor":31.0,"turns":1.0},{"damage":1.0,"enemies":"Automaton","floor":33.0,"turns":3.0},{"damage":0.0,"enemies":"Orb Walker","floor":35.0,"turns":2.0},{"damage":0.0,"enemies":"3 Shapes","floor":36.0,"turns":1.0},{"damage":0.0,"enemies":"2 Orb Walkers","floor":38.0,"turns":2.0},{"damage":0.0,"enemies":"Nemesis","floor":41.0,"turns":1.0},{"damage":0.0,"enemies":"Giant Head","floor":44.0,"turns":3.0},{"damage":0.0,"enemies":"Maw","floor":45.0,"turns":1.0},{"damage":0.0,"enemies":"Reptomancer","floor":46.0,"turns":2.0},{"damage":0,"enemies":"Nemesis","floor":48,"turns":1},{"damage":0,"enemies":"Donu and Deca","floor":50,"turns":3}],"seed_played":"-8643747277835071688","potions_obtained":[{"floor":1.0,"key":"BottledMiracle"},{"floor":6.0,"key":"ColorlessPotion"},{"floor":12.0,"key":"StancePotion"},{"floor":18.0,"key":"ColorlessPotion"},{"floor":21.0,"key":"Fruit Juice"},{"floor":29.0,"key":"PowerPotion"},{"floor":33.0,"key":"SkillPotion"}],"is_trial":false,"path_per_floor":["M","?","?","M","T","E","R","E","T","E","?","E","$","?","R","B",null,"M","M","?","M","$","E","?","E","T","E","M","E","M","E","R","B",null,"M","M","?","?","$","R","E","R","T","E","M","E","?","E","R","B",null],"character_chosen":"WATCHER","items_purchased":["AT_EmpoweredMortalDraw","Bottled Flame","AT_ChampionStep","MentalFortress","AT_ChloranthyRing","ClockworkSouvenir","Lizard Tail","Adaptation+1"],"campfire_rested":1,"item_purchase_floors":[13,13,13,22,39,39,39,39],"current_hp_per_floor":[71,71,71,69,69,29,29,12,12,7,7,2,17,17,17,6,75,75,75,75,75,75,75,59,44,44,44,44,44,44,44,66,75,80,80,80,80,80,80,80,80,80,80,80,80,90,90,90,90,90],"gold":930,"neow_bonus":"","is_daily":true,"chose_seed":false,"campfire_upgraded":5,"win_rate":0.0,"timestamp":1612509926,"path_taken":["M","?","?","?","?","E","R","E","T","E","?","E","?","?","R","BOSS","M","M","?","?","$","E","?","E","T","E","M","E","M","E","R","BOSS","M","M","?","?","$","R","E","R","T","E","M","E","?","E","R","BOSS"],"items_purchased_type":["Card","Relic","Card","Card","Relic","Relic","Relic","Card"],"build_version":"2020-12-18","purchased_purges":3,"victory":true,"max_hp_per_floor":[72,72,72,75,75,75,75,75,75,75,75,75,75,75,75,75,75,75,75,75,75,75,75,75,75,75,75,75,75,75,75,75,80,80,80,80,80,80,80,80,80,80,80,80,80,90,90,90,90,90],"card_choices":[{"not_picked":["FollowUp","CrushJoints"],"picked":"InnerPeace","floor":1.0},{"not_picked":["ClearTheMind","Meditate","CrushJoints"],"picked":"SKIP","floor":4.0},{"not_picked":["Alpha","AT_MachinaRedman"],"picked":"LessonLearned","floor":6.0},{"not_picked":["Scrawl","SpiritShield"],"picked":"Omniscience","floor":8.0},{"not_picked":["DevaForm","ConjureBlade"],"picked":"Ragnarok","floor":10.0},{"not_picked":["Scrawl","Judgement"],"picked":"Ragnarok","floor":12.0},{"not_picked":["Scrawl","AT_ChampionKick"],"picked":"Vault","floor":16.0},{"not_picked":[],"picked":"FearNoEvil","floor":18.0},{"not_picked":["ClearTheMind"],"picked":"SKIP","floor":19.0},{"not_picked":["FlyingSleeves"],"picked":"SKIP","floor":21.0},{"not_picked":[],"picked":"Vault","floor":23.0},{"not_picked":["Establishment+1"],"picked":"SKIP","floor":25.0},{"not_picked":[],"picked":"Scrawl","floor":27.0},{"not_picked":["Protect"],"picked":"SKIP","floor":28.0},{"not_picked":[],"picked":"Blasphemy","floor":29.0},{"not_picked":[],"picked":"FlurryOfBlows","floor":30.0},{"not_picked":[],"picked":"Vault","floor":31.0},{"not_picked":["PathToVictory"],"picked":"SKIP","floor":35.0},{"not_picked":["ClearTheMind"],"picked":"SKIP","floor":36.0},{"not_picked":[],"picked":"AT_RealColorLess+1","floor":41.0},{"not_picked":[],"picked":"Ragnarok","floor":44.0},{"not_picked":["Consecrate"],"picked":"SKIP","floor":45.0},{"not_picked":[],"picked":"Omniscience","floor":46.0},{"not_picked":[],"picked":"DevaForm+1","floor":48}],"player_experience":198158,"relics_obtained":[{"floor":5.0,"key":"MealTicket"},{"floor":6.0,"key":"Toy Ornithopter"},{"floor":8.0,"key":"Vajra"},{"floor":9.0,"key":"Lantern"},{"floor":10.0,"key":"AT_TheCollector"},{"floor":12.0,"key":"Anchor"},{"floor":23.0,"key":"Frozen Egg 2"},{"floor":24.0,"key":"Necronomicon"},{"floor":25.0,"key":"Whetstone"},{"floor":26.0,"key":"Oddly Smooth Stone"},{"floor":27.0,"key":"Thread and Needle"},{"floor":29.0,"key":"Torii"},{"floor":31.0,"key":"HornCleat"},{"floor":38.0,"key":"AT_Manta"},{"floor":41.0,"key":"AT_SpeedBoots"},{"floor":43.0,"key":"The Courier"},{"floor":44.0,"key":"Bird Faced Urn"},{"floor":46.0,"key":"Pear"},{"floor":48,"key":"Juzu Bracelet"}],"event_choices":[{"damage_healed":0.0,"max_hp_gain":0.0,"max_hp_loss":0.0,"gold_gain":175.0,"event_name":"Liars Game","player_choice":"AGREE","floor":2.0,"gold_loss":0.0,"damage_taken":0.0,"cards_obtained":["Doubt"]},{"damage_healed":0.0,"max_hp_gain":0.0,"max_hp_loss":0.0,"gold_gain":0.0,"event_name":"Upgrade Shrine","player_choice":"Upgraded","floor":3.0,"gold_loss":0.0,"damage_taken":0.0,"cards_upgraded":["AT_FamilyPortrait"]},{"damage_healed":0.0,"max_hp_gain":0.0,"max_hp_loss":0.0,"gold_gain":0.0,"event_name":"Match and Keep!","player_choice":"0 cards matched","floor":11.0,"gold_loss":0.0,"damage_taken":0.0,"cards_obtained":[]},{"damage_healed":0.0,"max_hp_gain":0.0,"max_hp_loss":0.0,"gold_gain":0.0,"event_name":"World of Goop","player_choice":"Left Gold","floor":14.0,"gold_loss":24.0,"damage_taken":0.0},{"cards_removed":["Defend_P"],"damage_healed":0.0,"max_hp_gain":0.0,"max_hp_loss":0.0,"gold_gain":0.0,"event_name":"Designer","player_choice":"Upgrade and Remove","floor":20.0,"gold_loss":90.0,"damage_taken":0.0,"cards_upgraded":["Ragnarok"]},{"damage_healed":0.0,"max_hp_gain":0.0,"max_hp_loss":0.0,"gold_gain":0.0,"event_name":"Cursed Tome","player_choice":"Obtained Book","floor":24.0,"gold_loss":0.0,"damage_taken":16.0},{"cards_removed":["AT_ChampionStep"],"damage_healed":0.0,"max_hp_gain":0.0,"max_hp_loss":0.0,"gold_gain":0.0,"event_name":"Falling","player_choice":"Removed Power","floor":37.0,"gold_loss":0.0,"damage_taken":0.0},{"damage_healed":0.0,"max_hp_gain":0.0,"max_hp_loss":0.0,"gold_gain":0.0,"event_name":"Mysterious Sphere","player_choice":"Fight","floor":38.0,"gold_loss":0.0,"damage_taken":0.0},{"damage_healed":0,"gold_gain":0,"player_choice":"Memory 1","damage_taken":0,"max_hp_gain":0,"max_hp_loss":0,"event_name":"SensoryStone","floor":47,"gold_loss":0}],"is_beta":true,"boss_relics":[{"not_picked":["Tiny House","Cursed Key"],"picked":"Busted Crown"},{"not_picked":["SlaversCollar","Runic Dome"],"picked":"Pandora\u0027s Box"}],"items_purged_floors":[13,22,39],"is_endless":false,"potions_floor_spawned":[1,6,12,18,21,29,30,33,36,41,44,46],"ascension_level":0}}