{"host":"cvxanxept80h7z3t","time":1612521378,"event":{"mods":["Aspiration","BaseMod","Beaked The Cultist","BetterRewards","Colored Map","Colored Powertips","Conspire","Downfall","Duelist Mod","Hermit","Infinite Spire","Mad Scientist","Marisa????????","Mimic Mod","Minty Spire (QoL Compilation)","READ ME - Snecko Mod","SOS???????","StSLib","Td1madao Mod","The Administrix","The Animator","The Bug Knight","The Construct","The Cursed","The Disciple","The Jungle","The Mystic","The Necromancer","The Runesmith","The Servant 0.9.4","The Valiant","The Witch"],"gold_per_floor":[99,116,53,53,53,70,70,70,99,9,9,24,39,73,91,187,237,237,247,266,266,285,285,285,285,285,285],"floor_reached":26,"language":"ENG","playtime":1337,"items_purged":["downfall:Malfunctioning"],"score":233,"play_id":"a953543d-7603-4139-b02b-a94a1b07fec7","local_time":"20210205113618","is_ascension_mode":false,"campfire_choices":[{"data":"animator:Aqua","floor":1,"key":"SMITH"},{"data":"animator:Melzalgald","floor":8,"key":"SMITH"},{"data":"animator:Kaijin","floor":18,"key":"SMITH"},{"floor":23,"key":"REST"}],"circlet_count":0,"master_deck":["animator:Defend_Konosuba","animator:Defend","animator:Defend+1","animator:Defend","animator:Kazuma","animator:Aqua+1","animator:Melzalgald+1","animator:Millim+2","animator:Kaijin+1","animator:Shizu","animator:Ainz","Slimebound:Tackle+1","Slimebound:Tackle+1"],"relics":["animator:TheMissingPiece","Runesmith:UraniumAnvil","Orichalcum","Paper Crane","Pear","Tiny House","Bottled Tornado"],"acts_visited":["Exordium","TheCity"],"potions_floor_usage":[16,20,26,26],"damage_taken":[{"damage":0,"enemies":"2 Louse","floor":2,"turns":3},{"damage":0,"enemies":"downfall:FleeingMerchant","floor":3,"turns":4},{"damage":0,"enemies":"Small Slimes","floor":6,"turns":3},{"damage":0,"enemies":"Jaw Worm","floor":9,"turns":4},{"damage":0,"enemies":"downfall:FleeingMerchant","floor":10,"turns":4},{"damage":0,"enemies":"3 Louse","floor":12,"turns":2},{"damage":5,"enemies":"Gremlin Gang","floor":13,"turns":5},{"damage":6,"enemies":"3 Sentries","floor":14,"turns":6},{"damage":0,"enemies":"Large Slime","floor":15,"turns":4},{"damage":32,"enemies":"IC_STATUS_ARCHETYPE","floor":16,"turns":10},{"damage":8,"enemies":"Shell Parasite","floor":19,"turns":8},{"damage":0,"enemies":"Chosen","floor":20,"turns":4},{"damage":68,"enemies":"Shelled Parasite and Fungi","floor":22,"turns":8},{"damage":40,"enemies":"Book of Stabbing","floor":26,"turns":5}],"seed_played":"-8720019653616210074","potions_obtained":[{"floor":12,"key":"sneckomod:MuddlingPotion"},{"floor":13,"key":"champ:CounterPotion"},{"floor":14,"key":"BlessingOfTheForge"},{"floor":15,"key":"Strength Potion"},{"floor":16,"key":"Fire Potion"},{"floor":17,"key":"Fire Potion"}],"is_trial":false,"path_per_floor":["R","M","$","?","?","M","T","R","M","$","?","M","M","E","M","B",null,"R","M","M","?","M","R","T","?","E"],"character_chosen":"THE_ANIMATOR","items_purchased":["animator:Millim"],"campfire_rested":1,"item_purchase_floors":[3],"current_hp_per_floor":[66,66,66,66,66,66,66,66,66,66,66,66,64,71,74,44,82,82,74,77,77,12,36,36,36,0,0],"gold":285,"neow_bonus":"BOSS_RELIC","is_daily":false,"chose_seed":false,"campfire_upgraded":3,"win_rate":0.0,"timestamp":1612521378,"path_taken":["R","M","$","?","?","M","T","R","M","?","?","M","M","E","M","BOSS","R","M","?","?","M","R","T","?","E"],"items_purchased_type":["Card"],"build_version":"2020-12-22","purchased_purges":1,"victory":false,"max_hp_per_floor":[66,66,66,66,66,66,66,66,66,66,66,66,67,77,77,77,82,82,82,82,82,82,82,82,82,82,82],"card_choices":[{"not_picked":["animator:MumenRider","animator:Demiurge"],"picked":"animator:Melzalgald","floor":2},{"not_picked":["animator:MumenRider","animator:WinryRockbell","animator:Bozes"],"picked":"SKIP","floor":3},{"not_picked":["animator:Scar","animator:DolaStephanie","animator:Shalltear"],"picked":"SKIP","floor":6},{"not_picked":["animator:Shion","animator:Millim"],"picked":"animator:Kaijin","floor":9},{"not_picked":["animator:YaoHaDucy","animator:Geryuganshoop","animator:Kuribayashi"],"picked":"SKIP","floor":10},{"not_picked":["animator:GazelDwargon","animator:Geryuganshoop","animator:Megumin"],"picked":"SKIP","floor":12},{"not_picked":["animator:Mitsurugi","animator:Pride"],"picked":"animator:Shizu","floor":13},{"not_picked":["animator:Scar","animator:Genos","animator:SilverFang"],"picked":"SKIP","floor":15},{"not_picked":["animator:Sora","animator:Albedo"],"picked":"animator:Ainz","floor":16},{"not_picked":["animator:NarberalGamma","animator:DolaSchwi+1","animator:Jibril+1"],"picked":"SKIP","floor":19},{"not_picked":["animator:TukaLunaMarceau","animator:Kuribayashi","animator:DolaCouronne"],"picked":"SKIP","floor":20}],"player_experience":313053,"relics_obtained":[{"floor":4,"key":"Orichalcum"},{"floor":7,"key":"Paper Crane"},{"floor":14,"key":"Pear"},{"floor":24,"key":"Bottled Tornado"}],"event_choices":[{"damage_healed":0,"gold_gain":0,"player_choice":"Ignored","damage_taken":0,"max_hp_gain":0,"max_hp_loss":0,"event_name":"NoteForYourself","floor":11,"gold_loss":0}],"is_beta":false,"boss_relics":[{"not_picked":["aspiration:RitualDagger","animator:HolyGrailRelic"],"picked":"Tiny House"}],"items_purged_floors":[10],"is_endless":false,"potions_floor_spawned":[12,13,14,15,16,19,20],"killed_by":"Book of Stabbing","ascension_level":0}}