{"host":"3e3mwsgb9gfqiuxm","time":1612486331,"event":{"mods":["Act Like it!","BaseMod","BetterRewards","Colored Map","Colored Powertips","Downfall","Gensokyo","Hermit","Infinite Spire","Koishi","Marisa????????","Minty Spire (QoL Compilation)","Quick Restart","Reimu??????","Remilia??????","Replay The Spire","Shop Mod","StSLib","SuperFastMode","The Animator","The Bug Knight","The Cursed","The Jungle","The Servant 0.9.4","everything is the same but u backflip on backflip"],"gold_per_floor":[99,117,49,49,65,81,81,81,81,10,10,20,0,15,29,130,130,130,48,48,359,376,376,428,0,0,19,29,29,279,293,307,533,533,533,543,543,555,575,606,656,556,565,565,608,631,631,672,893,998,998,907,904,912,545,545,561,607,607,496,496],"floor_reached":60,"language":"ENG","playtime":3082,"items_purged":["Writhe"],"score":955,"play_id":"759e985c-1704-47f3-a994-76acf1a2a393","local_time":"20210204195211","is_ascension_mode":false,"campfire_choices":[{"data":"NB:ReiMu","floor":1.0,"key":"SMITH"},{"data":"OctopathBindingBorder2:ReiMu","floor":9.0,"key":"SMITH"},{"floor":18.0,"key":"DIG"},{"data":"InherentArray:ReiMu","floor":23.0,"key":"SMITH"},{"data":"SubcavityFantasy:ReiMu","floor":26.0,"key":"SMITH"},{"data":"AirStrike:ReiMu","floor":29.0,"key":"SMITH"},{"data":"CleanRite:ReiMu","floor":35.0,"key":"SMITH"},{"floor":42.0,"key":"RECALL"}],"circlet_count":0,"master_deck":["Strike_Lin:ReiMu+1","Defend_Lin:ReiMu","Defend_Lin:ReiMu","Defend_Lin:ReiMu+1","Defend_Lin:ReiMu+1","NB:ReiMu+1","Stagnation:ReiMu+1","Enchanting:ReiMu","SubcavityInstant:ReiMu","SubAcupoint:ReiMu","SubAcupoint:ReiMu+1","AirStrike:ReiMu+1","OctopathBindingBorder2:ReiMu+1","YinYangSign:ReiMu+1","InherentArray:ReiMu+1","TightArray:ReiMu+1","SubcavityFantasy:ReiMu+1","SealNeedle:ReiMu+1","ForcedLanding:ReiMu+1","AirStrike:ReiMu+1","PayForSelf:ReiMu+1","CleanRite:ReiMu+1","SubAcupoint:ReiMu+1","Gensokyo:RainbowDanmaku+1","Revelation:ReiMu+1","AlertArray:ReiMu+1","Intuition:ReiMu","CeremonyResonance:ReiMu","EmergencyTakeOff:ReiMu","SubAcupoint:ReiMu+1","TakeOff:ReiMu","DependentForm:ReiMu","ManaGlint:ReiMu+1"],"relics":["FlyPower:ReiMu","NeowsBlessing","Gambling Chip","Molten Egg 2","infinitespire:Broken Mirror","Lantern","Gensokyo:OccultBall","Kunai","Coffee Dripper","ReplayTheSpireMod:TigerMarble","Ancient Tea Set","PreservedInsect","Nunchaku","SacredBark","SkyOrb:ReiMu","CeramicFish","downfall:HeartBlessingGreen","Calipers","Juzu Bracelet","infinitespire:Cupcake","downfall:HeartBlessingRed","TentaclePot:ReiMu","Bag of Marbles","Gensokyo:PortableGap","Gensokyo:Justice","downfall:HeartBlessingBlue"],"acts_visited":["Gensokyo:Gensokyo","Gensokyo:Gensokyoer","Gensokyo:Gensokyoest","Gensokyo:Gensokyo"],"potions_floor_usage":[],"damage_taken":[{"damage":0.0,"enemies":"Gensokyo:2_Kodama","floor":2.0,"turns":1.0},{"damage":0.0,"enemies":"downfall:FleeingMerchant","floor":3.0,"turns":1.0},{"damage":0.0,"enemies":"Gensokyo:3_Fairies","floor":5.0,"turns":1.0},{"damage":3.0,"enemies":"Gensokyo:Python","floor":6.0,"turns":3.0},{"damage":1.0,"enemies":"Gensokyo:Kitsune","floor":12.0,"turns":2.0},{"damage":0.0,"enemies":"Gensokyo:2_Rabbits","floor":14.0,"turns":4.0},{"damage":0.0,"enemies":"Gensokyo:LivingMonolith","floor":15.0,"turns":3.0},{"damage":18.0,"enemies":"IC_STATUS_ARCHETYPE","floor":16.0,"turns":6.0},{"damage":20.0,"enemies":"Gensokyo:AngelMirror","floor":21.0,"turns":6.0},{"damage":9.0,"enemies":"Gensokyo:2_Gloops","floor":22.0,"turns":4.0},{"damage":10.0,"enemies":"Gensokyo:Mirror_and_Dog","floor":27.0,"turns":6.0},{"damage":0.0,"enemies":"Gensokyo:Chomper_and_Gloop","floor":28.0,"turns":2.0},{"damage":3.0,"enemies":"Gensokyo:Monolith_and_Dog","floor":31.0,"turns":5.0},{"damage":0.0,"enemies":"Gensokyo:Wraith","floor":32.0,"turns":4.0},{"damage":13.0,"enemies":"WA_ARCHETYPE_CALM","floor":33.0,"turns":9.0},{"damage":0.0,"enemies":"Gensokyo:AncientGuardian","floor":36.0,"turns":6.0},{"damage":0.0,"enemies":"Gensokyo:AncientGuardian","floor":37.0,"turns":7.0},{"damage":0.0,"enemies":"Gensokyo:3_Bats","floor":38.0,"turns":3.0},{"damage":0.0,"enemies":"Gensokyo:AtlasGolem","floor":39.0,"turns":3.0},{"damage":11.0,"enemies":"Nightmare","floor":40.0,"turns":8.0},{"damage":0.0,"enemies":"Gensokyo:Marisa","floor":45.0,"turns":5.0},{"damage":3.0,"enemies":"Gensokyo:SeedOfUnknown","floor":46.0,"turns":4.0},{"damage":16.0,"enemies":"Gensokyo:Kasen","floor":48.0,"turns":8.0},{"damage":20.0,"enemies":"Gensokyo:3_Boulders","floor":49.0,"turns":5.0},{"damage":1.0,"enemies":"SI_POISON_ARCHETYPE","floor":50.0,"turns":8.0},{"damage":4.0,"enemies":"Gensokyo:3_Fairies","floor":53.0,"turns":5.0},{"damage":0.0,"enemies":"Gensokyo:Gryphon","floor":54.0,"turns":1.0},{"damage":0.0,"enemies":"Gensokyo:Python","floor":57.0,"turns":1.0},{"damage":103,"enemies":"Gensokyo:Python","floor":60,"turns":2}],"seed_played":"3658974574940224307","potions_obtained":[{"floor":2.0,"key":"Swift Potion"},{"floor":5.0,"key":"Adrenaline Potion"},{"floor":6.0,"key":"sneckomod:MuddlingPotion"},{"floor":15.0,"key":"Languid Potion"},{"floor":22.0,"key":"DuplicationPotion"},{"floor":28.0,"key":"Energy Potion"},{"floor":32.0,"key":"SkillPotion"},{"floor":33.0,"key":"ZuzhouPotion:ReiMu"},{"floor":39.0,"key":"Fire Potion"},{"floor":46.0,"key":"PowerPotion"}],"is_trial":false,"path_per_floor":["R","M","$","?","M","M","T","?","R","COS","?","M","?","M","M","B",null,"R_BF","COS","?","M","M","R","T","?","R","M","M","R","?","M","M","B",null,"R","M","?","M","M","NM","T","R","?","?","E","M","?","E","M","B",null,"R_BF","M","M","$","?","M","T","?","R"],"character_chosen":"REIMU","items_purchased":["Gambling Chip","SubAcupoint:ReiMu","AirStrike:ReiMu","TentaclePot:ReiMu","Bag of Marbles"],"campfire_rested":0,"item_purchase_floors":[3,3,3,55,55],"current_hp_per_floor":[65,65,65,52,52,49,49,49,49,49,49,48,58,58,58,40,65,65,65,65,45,36,36,36,36,36,30,30,30,30,27,27,18,62,62,62,62,62,62,51,51,51,51,51,51,48,48,32,12,11,62,62,58,58,58,56,56,56,56,0,0],"gold":496,"neow_bonus":"THREE_ENEMY_KILL","is_daily":false,"chose_seed":false,"campfire_upgraded":6,"win_rate":0.0,"timestamp":1612486331,"path_taken":["R","M","$","?","M","M","T","?","R","COS","?","?","?","M","M","BOSS","R_BF","COS","?","M","M","R","T","?","R","M","M","R","?","M","M","BOSS","R","M","?","?","M","NM","T","R","?","?","E","M","?","E","M","BOSS","R_BF","M","M","$","?","M","T","?","R"],"items_purchased_type":["Relic","Card","Card","Relic","Relic"],"build_version":"2020-12-22","purchased_purges":1,"victory":false,"max_hp_per_floor":[65,65,65,65,65,65,65,65,65,65,65,65,65,65,65,65,65,65,65,65,65,65,65,65,65,65,65,65,65,62,62,62,62,62,62,62,62,62,62,62,62,62,62,62,62,62,62,62,62,62,62,62,62,62,62,56,56,56,56,66,66],"card_choices":[{"not_picked":["SubcavityInstant:ReiMu","Amulet:ReiMu"],"picked":"Enchanting:ReiMu","floor":2.0},{"not_picked":["Meditation:ReiMu","PassingAway:ReiMu"],"picked":"SubcavityInstant:ReiMu","floor":3.0},{"not_picked":["SpringWay:ReiMu","SpreadBorder2:ReiMu"],"picked":"OctopathBindingBorder2:ReiMu","floor":5.0},{"not_picked":["Enchanting:ReiMu","InherentArray:ReiMu"],"picked":"Crusade:ReiMu+1","floor":6.0},{"not_picked":["WonderfulDomain:ReiMu","PrepareRite:ReiMu"],"picked":"YinYangSign:ReiMu+1","floor":12.0},{"not_picked":["WonderfulDomain:ReiMu","ManaGlint:ReiMu+1"],"picked":"InherentArray:ReiMu","floor":14.0},{"not_picked":["Meditation:ReiMu","TakeOff:ReiMu"],"picked":"TightArray:ReiMu+1","floor":15.0},{"not_picked":["CardOfSanctity:ReiMu","Dreaming:ReiMu+1"],"picked":"SubcavityFantasy:ReiMu","floor":16.0},{"not_picked":["InherentArray:ReiMu","FantasyBorder:ReiMu+1"],"picked":"SealNeedle:ReiMu+1","floor":21.0},{"not_picked":["Meditation:ReiMu","SpreadBorder2:ReiMu+1","FantasyBorder:ReiMu+1"],"picked":"SKIP","floor":22.0},{"not_picked":["SubAcupoint:ReiMu+1","LovePray:ReiMu"],"picked":"ForcedLanding:ReiMu+1","floor":27.0},{"not_picked":["EmergencyTakeOff:ReiMu","SubcavityInstant:ReiMu"],"picked":"AirStrike:ReiMu+1","floor":28.0},{"not_picked":["RainPray2:ReiMu","MountainWay:ReiMu"],"picked":"Amulet:ReiMu","floor":31.0},{"not_picked":["SafetyPray:ReiMu","AlertArray:ReiMu"],"picked":"PayForSelf:ReiMu+1","floor":32.0},{"not_picked":["SubcavityFantasy:ReiMu","Free:ReiMu"],"picked":"CleanRite:ReiMu","floor":33.0},{"not_picked":["MikOfLucky:ReiMu+1","Intuition:ReiMu"],"picked":"SubAcupoint:ReiMu+1","floor":36.0},{"not_picked":["Gensokyo:Dawn+1","Gensokyo:RisingWorld+1"],"picked":"Gensokyo:RainbowDanmaku+1","floor":37.0},{"not_picked":["AlertArray:ReiMu","SubcavityInstant:ReiMu"],"picked":"Revelation:ReiMu+1","floor":38.0},{"not_picked":["DoubleButterfly:ReiMu+1","ManaGlint:ReiMu+1"],"picked":"AlertArray:ReiMu+1","floor":39.0},{"not_picked":["SubcavityFantasy:ReiMu","Amulet:ReiMu"],"picked":"Intuition:ReiMu","floor":40.0},{"not_picked":["Shading:ReiMu","Enchanting:ReiMu"],"picked":"EmergencyTakeOff:ReiMu","floor":45.0},{"not_picked":["OctopathBindingBorder2:ReiMu+1","SafetyPray:ReiMu"],"picked":"SubAcupoint:ReiMu+1","floor":46.0},{"not_picked":["LovePray:ReiMu","AirStrike:ReiMu+1"],"picked":"TakeOff:ReiMu","floor":48.0},{"not_picked":["UpKicking:ReiMu+1","Intuition:ReiMu+1","SafetyPray:ReiMu"],"picked":"SKIP","floor":49.0},{"not_picked":["SpreadBorder2:ReiMu","SubAcupoint:ReiMu+1","Conquer:ReiMu+1"],"picked":"SKIP","floor":53.0},{"not_picked":["BarrageOfMoneybags:ReiMu+1","SpringWay:ReiMu","SpiritualOutbreak2:ReiMu+1"],"picked":"SKIP","floor":54.0},{"not_picked":["ShadowOfCrow2:ReiMu","SafetyPray:ReiMu"],"picked":"ManaGlint:ReiMu+1","floor":57.0}],"player_experience":1343945,"relics_obtained":[{"floor":7.0,"key":"infinitespire:Broken Mirror"},{"floor":16.0,"key":"Gensokyo:OccultBall"},{"floor":18.0,"key":"ReplayTheSpireMod:TigerMarble"},{"floor":24.0,"key":"PreservedInsect"},{"floor":27.0,"key":"Gensokyo:OccultBall"},{"floor":33.0,"key":"Gensokyo:OccultBall"},{"floor":36.0,"key":"Gensokyo:OccultBall"},{"floor":40.0,"key":"SkyOrb:ReiMu"},{"floor":41.0,"key":"CeramicFish"},{"floor":45.0,"key":"Calipers"},{"floor":48.0,"key":"Juzu Bracelet"},{"floor":50.0,"key":"Gensokyo:OccultBall"},{"floor":53.0,"key":"Gensokyo:OccultBall"}],"event_choices":[],"is_beta":false,"boss_relics":[{"not_picked":["Sozu","Abe\u0027s Treasure"],"picked":"Coffee Dripper"},{"not_picked":["Replay:Drink Me","Philosopher\u0027s Stone"],"picked":"SacredBark"},{"not_picked":["Fusion Hammer","Runic Dome"],"picked":"infinitespire:Cupcake"}],"items_purged_floors":[55],"is_endless":true,"potions_floor_spawned":[2,5,6,15,16,22,28,32,33,39,40,46],"killed_by":"Gensokyo:Python","ascension_level":0}}