{"host":"dzs26xzxvr8oc34c","time":1612531403,"event":{"mods":["100% Spire Juice","Arknights","BaseMod","Colored Map","Downfall","Minty Spire (QoL Compilation)","StSLib","SuperFastMode","Waifu the Spire"],"gold_per_floor":[113,113,113,113,132,132,165,101,101,114,140,140,140,154,34,130,130,140,20,40,40,40,40,53,53,53,53,66,66,76,106,106,209,89,101,121,136,155,53,53,78,90,90,115,215,215,215,234,234,234],"floor_reached":51,"language":"ZHS","playtime":2045,"items_purged":[],"score":787,"play_id":"66a96dcb-2334-4ec4-91e7-bf5fd8ec1b0b","local_time":"20210205212323","is_ascension_mode":false,"campfire_choices":[{"data":"Moonworks:FinalSurgery","floor":6.0,"key":"SMITH"},{"data":"Moonworks:RocketCannon","floor":13.0,"key":"SMITH"},{"data":"Moonworks:AwakeningOfTalent","floor":15.0,"key":"SMITH"},{"data":"Moonworks:MeltingMemories","floor":23.0,"key":"SMITH"},{"data":"Moonworks:LulusLuckyEgg","floor":25.0,"key":"SMITH"},{"data":"Moonworks:DeployBits","floor":32.0,"key":"SMITH"},{"data":"Moonworks:MetallicMonocoque","floor":40.0,"key":"SMITH"},{"data":"Moonworks:MeltingMemories","floor":46,"key":"SMITH"},{"data":"Moonworks:CloudOfSeagulls","floor":49,"key":"SMITH"}],"circlet_count":0,"master_deck":["Moonworks:Strike","Moonworks:Strike","Moonworks:Strike","Moonworks:Defend","Moonworks:Defend+1","Moonworks:Defend+1","Moonworks:Defend","Moonworks:Ambush+1","Moonworks:LongDistanceShot","Moonworks:NicePresent+1","Moonworks:FinalSurgery+1","Moonworks:JonathanRush","Moonworks:RocketCannon+1","Moonworks:AwakeningOfTalent+1","Moonworks:EvilSpyWorkPreparation+1","Moonworks:MeltingMemories+1","Moonworks:LulusLuckyEgg+1","Shame","Moonworks:MiracleRedBeanIceCream+1","Moonworks:MiracleRedBeanIceCream+1","Moonworks:SakisCookie","Moonworks:DeployBits+1","Moonworks:MetallicMonocoque+1","Moonworks:CloudOfSeagulls+1","Moonworks:WindyEnchantment+1","Moonworks:Bloodlust+1","Moonworks:CloudOfSeagulls+1","Moonworks:EvilSpyWorkPreparation+1","Moonworks:BigMagnum+1","Moonworks:MeltingMemories+1","Moonworks:BeyondHell+1"],"relics":["Moonworks:BrokenBomb","Moonworks:Homemark","NeowsBlessing","Pantograph","Eternal Feather","Juzu Bracelet","Gremlin Horn","Sozu","Bird Faced Urn","Shuriken","Runic Dome","War Paint","Lizard Tail","Mummified Hand","Bottled Tornado"],"acts_visited":["Exordium","TheCity","TheBeyond"],"potions_floor_usage":[],"damage_taken":[{"damage":0.0,"enemies":"2 Louse","floor":1.0,"turns":1.0},{"damage":0.0,"enemies":"Cultist","floor":5.0,"turns":1.0},{"damage":0.0,"enemies":"3 Sentries","floor":7.0,"turns":1.0},{"damage":5.0,"enemies":"Jaw Worm","floor":10.0,"turns":2.0},{"damage":4.0,"enemies":"Lagavulin","floor":11.0,"turns":5.0},{"damage":0.0,"enemies":"Blue Slaver","floor":14.0,"turns":2.0},{"damage":41.0,"enemies":"The Guardian","floor":16.0,"turns":8.0},{"damage":0.0,"enemies":"Chosen","floor":18.0,"turns":4.0},{"damage":0.0,"enemies":"Spheric Guardian","floor":20.0,"turns":3.0},{"damage":21.0,"enemies":"Snake Plant","floor":24.0,"turns":2.0},{"damage":0.0,"enemies":"Cultist and Chosen","floor":28.0,"turns":3.0},{"damage":2.0,"enemies":"Centurion and Healer","floor":30.0,"turns":3.0},{"damage":10.0,"enemies":"Slavers","floor":31.0,"turns":2.0},{"damage":47.0,"enemies":"Collector","floor":33.0,"turns":7.0},{"damage":10.0,"enemies":"3 Darklings","floor":35.0,"turns":3.0},{"damage":8.0,"enemies":"Orb Walker","floor":36.0,"turns":2.0},{"damage":13.0,"enemies":"Sphere and 2 Shapes","floor":37.0,"turns":3.0},{"damage":10.0,"enemies":"Transient","floor":38.0,"turns":5.0},{"damage":4.0,"enemies":"Jaw Worm Horde","floor":39.0,"turns":2.0},{"damage":49,"enemies":"Nemesis","floor":41,"turns":5},{"damage":47,"enemies":"Writhing Mass","floor":42,"turns":5},{"damage":25,"enemies":"Reptomancer","floor":44,"turns":3},{"damage":0,"enemies":"3 Darklings","floor":48,"turns":1},{"damage":98,"enemies":"Awakened One","floor":50,"turns":7}],"seed_played":"-7014284276392505934","potions_obtained":[{"floor":5.0,"key":"EntropicBrew"},{"floor":10.0,"key":"LiquidBronze"}],"is_trial":false,"path_per_floor":["M","?","?","?","M","R","E","?","T","M","E","T","R","M","R","B",null,"M","?","M","?","?","R","M","R","T","$","M","$","M","E","R","B",null,"M","M","M","M","M","R","E","M","T","E","?","R","T","M","R","B",null],"character_chosen":"THE_STARBREAKER","items_purchased":[],"campfire_rested":0,"item_purchase_floors":[],"current_hp_per_floor":[60,60,48,48,48,48,48,48,48,43,39,39,48,48,57,19,60,60,60,60,54,54,60,39,51,51,51,58,58,58,50,60,20,60,50,42,33,57,60,60,37,34,34,33,33,51,51,55,60,30],"gold":234,"neow_bonus":"THREE_ENEMY_KILL","is_daily":false,"chose_seed":false,"campfire_upgraded":9,"win_rate":0.0,"timestamp":1612531403,"path_taken":["M","?","?","?","?","R","E","?","T","M","E","?","R","M","R","BOSS","M","?","M","?","?","R","M","R","T","$","M","?","M","E","R","BOSS","M","M","M","M","M","R","E","M","T","E","?","R","?","M","R","BOSS"],"items_purchased_type":[],"build_version":"2020-12-22","purchased_purges":0,"victory":true,"max_hp_per_floor":[60,60,60,60,60,60,60,60,60,60,60,60,60,60,60,60,60,60,60,60,60,60,60,60,60,60,60,60,60,60,60,60,60,60,60,60,60,60,60,60,60,60,60,60,60,60,60,60,60,60],"card_choices":[{"not_picked":["Moonworks:JonathanRush","Moonworks:IndiscriminateFireSupport"],"picked":"Moonworks:NicePresent","floor":1.0},{"not_picked":["Moonworks:DeployBits","Moonworks:IndiscriminateFireSupport"],"picked":"Moonworks:JonathanRush","floor":5.0},{"not_picked":["Moonworks:NicePresent","Moonworks:DeployBits"],"picked":"Moonworks:RocketCannon","floor":7.0},{"not_picked":["Moonworks:DeployBits","Moonworks:NicePresent"],"picked":"Moonworks:AwakeningOfTalent","floor":10.0},{"not_picked":["Moonworks:Heat300Percent","Moonworks:Wanted"],"picked":"Moonworks:EvilSpyWorkPreparation","floor":11.0},{"not_picked":["Moonworks:Assault","Moonworks:ImOnFire","Moonworks:DeployBits"],"picked":"SKIP","floor":14.0},{"not_picked":["Moonworks:RocketCannon","Moonworks:MetallicMonocoque"],"picked":"Moonworks:MeltingMemories","floor":16.0},{"not_picked":["Moonworks:CloudOfSeagulls+1","Moonworks:IndiscriminateFireSupport"],"picked":"Moonworks:LulusLuckyEgg","floor":18.0},{"not_picked":["Moonworks:SelfDestruct+1","Moonworks:EvilSpyWorkPreparation"],"picked":"Moonworks:MiracleRedBeanIceCream+1","floor":20.0},{"not_picked":["Moonworks:LeapThroughSpace","Moonworks:FullSpeedAlicianrone+1"],"picked":"Moonworks:SakisCookie","floor":24.0},{"not_picked":["Moonworks:CastOff","Moonworks:NicePresent","Moonworks:ImOnFire"],"picked":"SKIP","floor":28.0},{"not_picked":["Moonworks:NicePresent","Moonworks:ImmovableObject"],"picked":"Moonworks:DeployBits","floor":30.0},{"not_picked":["Moonworks:LulusLuckyEgg","Moonworks:ReproductionOfRecords+1","Moonworks:Assault"],"picked":"SKIP","floor":31.0},{"not_picked":["Moonworks:Blazing","Moonworks:MeltingMemories"],"picked":"Moonworks:MetallicMonocoque","floor":33.0},{"not_picked":["Moonworks:IndiscriminateFireSupport+1","Moonworks:DeployBits"],"picked":"Moonworks:CloudOfSeagulls","floor":35.0},{"not_picked":["Moonworks:LuckyCharm","Moonworks:BindingChains"],"picked":"Moonworks:WindyEnchantment+1","floor":36.0},{"not_picked":["Moonworks:DeployBits","Moonworks:UnluckyCharm"],"picked":"Moonworks:Bloodlust+1","floor":37.0},{"not_picked":["Moonworks:ExtendedPhotonRifle+1","Moonworks:ImOnFire+1","Moonworks:Dinner"],"picked":"SKIP","floor":38.0},{"not_picked":["Moonworks:JonathanRush+1","Moonworks:UnluckyCharm"],"picked":"Moonworks:CloudOfSeagulls+1","floor":39.0},{"not_picked":["Moonworks:CloudOfSeagulls","Moonworks:TacticalRetreat"],"picked":"Moonworks:EvilSpyWorkPreparation+1","floor":41},{"not_picked":["Moonworks:ImOnFire","Moonworks:NicePresent"],"picked":"Moonworks:BigMagnum+1","floor":42},{"not_picked":["Moonworks:Assault+1","Moonworks:Flamethrower"],"picked":"Moonworks:MeltingMemories","floor":44},{"not_picked":["Moonworks:EvilSpyWorkPreparation","Moonworks:NicePresent"],"picked":"Moonworks:BeyondHell+1","floor":48}],"player_experience":1193959,"relics_obtained":[{"floor":7.0,"key":"Pantograph"},{"floor":9.0,"key":"Eternal Feather"},{"floor":11.0,"key":"Juzu Bracelet"},{"floor":12.0,"key":"Gremlin Horn"},{"floor":31.0,"key":"Shuriken"},{"floor":41,"key":"War Paint"},{"floor":43,"key":"Lizard Tail"},{"floor":44,"key":"Mummified Hand"},{"floor":47,"key":"Bottled Tornado"}],"event_choices":[{"damage_healed":0.0,"max_hp_gain":0.0,"max_hp_loss":0.0,"gold_gain":0.0,"cards_transformed":["Moonworks:Strike"],"event_name":"Living Wall","player_choice":"Change","floor":2.0,"gold_loss":0.0,"damage_taken":0.0,"cards_obtained":["Moonworks:FinalSurgery"]},{"damage_healed":0.0,"max_hp_gain":0.0,"max_hp_loss":0.0,"gold_gain":0.0,"event_name":"Shining Light","player_choice":"Entered Light","floor":3.0,"gold_loss":0.0,"damage_taken":12.0,"cards_upgraded":["Moonworks:Defend","Moonworks:NicePresent"]},{"damage_healed":0.0,"max_hp_gain":0.0,"max_hp_loss":0.0,"gold_gain":0.0,"event_name":"Upgrade Shrine","player_choice":"Upgraded","floor":4.0,"gold_loss":0.0,"damage_taken":0.0,"cards_upgraded":["Moonworks:Ambush"]},{"damage_healed":0.0,"max_hp_gain":0.0,"max_hp_loss":0.0,"gold_gain":56.0,"event_name":"Golden Wing","player_choice":"Gained Gold","floor":8.0,"gold_loss":0.0,"damage_taken":0.0},{"damage_healed":0.0,"max_hp_gain":0.0,"max_hp_loss":0.0,"gold_gain":0.0,"event_name":"Addict","player_choice":"Stole Relic","floor":19.0,"gold_loss":0.0,"damage_taken":0.0,"relics_obtained":["Bird Faced Urn"],"cards_obtained":["Shame"]},{"damage_healed":0.0,"max_hp_gain":0.0,"max_hp_loss":0.0,"gold_gain":0.0,"event_name":"Knowing Skull","player_choice":"","floor":21.0,"potions_obtained":[],"gold_loss":0.0,"damage_taken":6.0,"cards_obtained":[]},{"damage_healed":0.0,"max_hp_gain":0.0,"max_hp_loss":0.0,"gold_gain":0.0,"event_name":"Duplicator","player_choice":"Copied","floor":22.0,"gold_loss":0.0,"damage_taken":0.0,"cards_obtained":["Moonworks:MiracleRedBeanIceCream"]},{"damage_healed":0,"gold_gain":100,"player_choice":"Pray","damage_taken":0,"max_hp_gain":0,"max_hp_loss":0,"event_name":"Golden Shrine","floor":45,"gold_loss":0}],"is_beta":false,"boss_relics":[{"not_picked":["bronze:MakeshiftBattery","SlaversCollar"],"picked":"Sozu"},{"not_picked":["SacredBark","Philosopher\u0027s Stone"],"picked":"Runic Dome"}],"items_purged_floors":[],"is_endless":false,"potions_floor_spawned":[5,10,18,28,30,35,38,41,42],"ascension_level":0}}