{"host":"uceopoba4zvqsgiy","time":1612537138,"event":{"mods":["2.2 Compatiblity","Act Like it!","BaseMod","Better Skull","Better Third Choice","Elementarium","Evolution","GifTheSpireLib","Hermit","Humility","Infinite Spire","Jorbs\u0027s Wanderer Trilogy","Marked Mod","Minty Spire (QoL Compilation)","Potionbrewer","Reliquary","Replay The Spire","Robot Space Explorer","Shade Mod","Spicy Shops","StS++","StSLib","Stuff the Spire","The Blue Laboratory","The Caster","The Cursed","The Dragon Tamer","The Hierophant","The Judge","The Jungle","TheSurvivalist","Wandering Minibosses"],"gold_per_floor":[109,11,11,11,61,73,73],"floor_reached":6,"language":"ENG","playtime":619,"items_purged":[],"score":32,"play_id":"a85056f4-2dcb-4b1c-a28d-df6ade66a922","local_time":"20210206012858","is_ascension_mode":false,"campfire_choices":[],"circlet_count":0,"master_deck":["survmod:MarkedShot","survmod:MarkedShot","survmod:Strike","survmod:Strike","survmod:Defend","survmod:Defend","survmod:Defend","survmod:Defend","survmod:VersatileOffense","survmod:Sprint","survmod:FlashbangTrap","Clumsy","Regret","Regret"],"relics":["EVO:Axolotl","reliquary:Craggleroot","Replay:Ringing Soul","PrismaticShard","reliquary:FeatherDuster","ReplayTheSpireMod:Ring of Exchange","Ring of Greed","Tiny Chest","MawBank"],"acts_visited":["Exordium"],"potions_floor_usage":[],"damage_taken":[{"damage":3,"enemies":"Jaw Worm","floor":1,"turns":4},{"damage":60,"enemies":"3 Sentries","floor":6,"turns":11}],"seed_played":"-6847879751667180876","potions_obtained":[],"is_trial":false,"path_per_floor":["M","$","?","?","?","E"],"character_chosen":"THE_SURVIVOR","items_purchased":["Replay:Ringing Soul"],"campfire_rested":0,"item_purchase_floors":[2],"current_hp_per_floor":[47,50,53,56,56,0,0],"gold":73,"neow_bonus":"BOSS_RELIC","is_daily":false,"chose_seed":false,"campfire_upgraded":0,"win_rate":0.0,"timestamp":1612537138,"path_taken":["M","$","?","?","?","E"],"items_purchased_type":["Relic"],"build_version":"2020-12-22","purchased_purges":0,"victory":false,"max_hp_per_floor":[50,53,56,59,59,59,59],"card_choices":[{"not_picked":["survmod:QuickDash","survmod:PiercingShot"],"picked":"survmod:FlashbangTrap","floor":1}],"player_experience":1769488,"relics_obtained":[{"floor":5,"key":"ReplayTheSpireMod:Ring of Exchange"},{"floor":5,"key":"Ring of Greed"},{"floor":5,"key":"Tiny Chest"},{"floor":5,"key":"MawBank"}],"event_choices":[{"damage_healed":0,"gold_gain":0,"player_choice":"Box","damage_taken":0,"relics_obtained":["reliquary:FeatherDuster"],"max_hp_gain":0,"max_hp_loss":0,"event_name":"Big Fish","floor":4,"gold_loss":0,"cards_obtained":["Regret"]}],"is_beta":false,"boss_relics":[],"items_purged_floors":[],"is_endless":false,"potions_floor_spawned":[],"killed_by":"3 Sentries","ascension_level":0,"is_humility":true}}