{"host":"jl7epezt8u9c37lt","time":1612564579,"event":{"mods":["2.2 Compatiblity","Aspiration","Astrologer","Bard","BaseMod","Beaked The Cultist","Better Third Choice","Conspire","DeckTracker","Downfall","Energized Spire","GifTheSpireLib","Glutton Mod","Halation","Hermit","HexUI Lib","Hubris","Lobotomy","LobotomyExtend","Minty Spire (QoL Compilation)","Quick Restart","Reliquary","Replay The Spire","Spikes Relics","StSLib","Stuff the Spire","The Animator","The Bladedancer","The Blue Laboratory","The Disciple","The Judge","The Jungle","The Runesmith","Wandering Minibosses","egg"],"gold_per_floor":[113,113,129,145,156,190,190],"floor_reached":6,"language":"ENG","playtime":251,"items_purged":[],"score":48,"play_id":"294b7205-9498-4327-ae74-c49cb70f55ee","local_time":"20210205163619","is_ascension_mode":false,"campfire_choices":[],"circlet_count":0,"master_deck":["Runesmith:Strike_RS","Runesmith:Strike_RS","Runesmith:Strike_RS","Runesmith:Strike_RS","Runesmith:Defend_RS","Runesmith:Defend_RS","Runesmith:Defend_RS","Runesmith:Defend_RS","Runesmith:CraftFirestone","Runesmith:Fortify","Heavy Blade+1","Runesmith:Firestorm","Runesmith:CraftObretio","Runesmith:Firestorm"],"relics":["Runesmith:BrokenRuby","aspiration:Nostalgia","m_GuardianBlood","LetterFromLob","aspiration:Lifesprig"],"acts_visited":["Exordium"],"potions_floor_usage":[],"damage_taken":[{"damage":0,"enemies":"2 Louse","floor":1,"turns":3},{"damage":0,"enemies":"Small Slimes","floor":3,"turns":3},{"damage":0,"enemies":"Cultist","floor":4,"turns":4},{"damage":9,"enemies":"2 Fungi Beasts","floor":5,"turns":4},{"damage":33,"enemies":"Replay:BlueRogue","floor":6,"turns":8}],"seed_played":"5211269418081806824","potions_obtained":[{"floor":4,"key":"blueLaboratory:BottledHope"},{"floor":6,"key":"sneckomod:MuddlingPotion"}],"is_trial":false,"path_per_floor":["M","?","M","M","M","E"],"character_chosen":"RUNESMITH_CLASS","items_purchased":[],"campfire_rested":0,"item_purchase_floors":[],"current_hp_per_floor":[70,70,70,70,67,40,40],"gold":190,"neow_bonus":"NOSTALGIA","is_daily":false,"chose_seed":false,"campfire_upgraded":0,"win_rate":0.0,"timestamp":1612564579,"path_taken":["M","?","M","M","M","E"],"items_purchased_type":[],"build_version":"2020-12-22","purchased_purges":0,"victory":false,"max_hp_per_floor":[70,70,70,70,70,70,70],"card_choices":[{"not_picked":["Body Slam","Runesmith:Repurpose"],"picked":"Heavy Blade","floor":1},{"not_picked":["Runesmith:ChiselStab","Runesmith:EarthShield"],"picked":"Runesmith:Firestorm","floor":3},{"not_picked":["Runesmith:OneForEveryone","Runesmith:RuneHurl"],"picked":"Runesmith:CraftObretio","floor":4},{"not_picked":["Guardian:Gem_Red","Runesmith:Accelerate"],"picked":"Runesmith:Firestorm","floor":5}],"player_experience":216647,"relics_obtained":[{"floor":1,"key":"LetterFromLob"},{"floor":6,"key":"aspiration:Lifesprig"}],"event_choices":[],"is_beta":false,"boss_relics":[],"items_purged_floors":[],"is_endless":false,"potions_floor_spawned":[4,6],"killed_by":"Replay:BlueRogue","ascension_level":0}}