{"host":"640uue19m79c7wbt","time":1612486684,"event":{"mods":["BaseMod","Colored Map","Googly Eyes","Highlight Path","Minty Spire (QoL Compilation)","Quick Restart","StSLib"],"gold_per_floor":[114,114,39,39,57,101,101,135,135,135,179,179,197,224,224,224,224],"floor_reached":16,"language":"ENG","playtime":279,"items_purged":[],"score":268,"play_id":"ab6f51c7-466c-460c-b183-9736db7cc32c","local_time":"20210204195804","is_ascension_mode":true,"campfire_choices":[{"data":"Terror","floor":7.0,"key":"SMITH"},{"floor":10.0,"key":"REST"},{"floor":12,"key":"REST"},{"floor":15,"key":"REST"}],"circlet_count":0,"master_deck":["AscendersBane","Strike_G","Strike_G","Strike_G","Strike_G","Defend_G","Defend_G","Defend_G","Defend_G","Defend_G","Survivor","Neutralize","Terror+1","Dagger Throw","Blur","Blur"],"relics":["Ring of the Snake","NeowsBlessing","Golden Idol","Mummified Hand","HornCleat","Toy Ornithopter","Bronze Scales","Pen Nib"],"acts_visited":["Exordium"],"potions_floor_usage":[],"damage_taken":[{"damage":0.0,"enemies":"Small Slimes","floor":1.0,"turns":1.0},{"damage":0.0,"enemies":"2 Louse","floor":5.0,"turns":1.0},{"damage":0.0,"enemies":"Gremlin Nob","floor":6.0,"turns":1.0},{"damage":4.0,"enemies":"Lagavulin","floor":8.0,"turns":5.0},{"damage":48,"enemies":"Gremlin Nob","floor":11,"turns":6},{"damage":0,"enemies":"Jaw Worm","floor":13,"turns":4},{"damage":21,"enemies":"Slime Boss","floor":16,"turns":8}],"seed_played":"-7137639836818016246","potions_obtained":[{"floor":5.0,"key":"BlessingOfTheForge"},{"floor":6.0,"key":"Energy Potion"},{"floor":11,"key":"Ancient Potion"}],"is_trial":false,"path_per_floor":["M","?","?","$","M","E","R","E","T","R","E","R","M","T","R","B"],"character_chosen":"THE_SILENT","items_purchased":[],"campfire_rested":3,"item_purchase_floors":[],"current_hp_per_floor":[59,36,36,36,36,36,36,32,32,51,3,22,22,22,41,20,20],"gold":224,"neow_bonus":"THREE_ENEMY_KILL","is_daily":false,"chose_seed":false,"campfire_upgraded":1,"win_rate":0.0,"timestamp":1612486684,"path_taken":["M","?","?","?","M","E","R","E","T","R","E","R","M","?","R","BOSS"],"items_purchased_type":[],"build_version":"2020-12-22","purchased_purges":0,"victory":false,"max_hp_per_floor":[66,66,66,66,66,66,66,66,66,66,66,66,66,66,66,66,66],"card_choices":[{"not_picked":["Deadly Poison","Escape Plan"],"picked":"Terror","floor":1.0},{"not_picked":["Quick Slash","Slice","Backflip"],"picked":"SKIP","floor":5.0},{"not_picked":["Bane","Quick Slash"],"picked":"Dagger Throw","floor":6.0},{"not_picked":["Bane","Dodge and Roll"],"picked":"Blur","floor":8.0},{"not_picked":["Heel Hook","Sucker Punch"],"picked":"Blur","floor":11},{"not_picked":["Dagger Throw","Flying Knee","Deadly Poison"],"picked":"SKIP","floor":13}],"player_experience":658203,"relics_obtained":[{"floor":6.0,"key":"Mummified Hand"},{"floor":8.0,"key":"HornCleat"},{"floor":9.0,"key":"Toy Ornithopter"},{"floor":11,"key":"Bronze Scales"},{"floor":14,"key":"Pen Nib"}],"event_choices":[{"damage_healed":0.0,"max_hp_gain":0.0,"max_hp_loss":0.0,"gold_gain":0.0,"event_name":"Golden Idol","player_choice":"Take Damage","floor":2.0,"gold_loss":0.0,"damage_taken":23.0,"relics_obtained":["Golden Idol"]},{"cards_removed":["Strike_G"],"damage_healed":0.0,"max_hp_gain":0.0,"max_hp_loss":0.0,"gold_gain":0.0,"event_name":"The Cleric","player_choice":"Card Removal","floor":3.0,"gold_loss":75.0,"damage_taken":0.0}],"is_beta":false,"boss_relics":[],"items_purged_floors":[],"is_endless":false,"potions_floor_spawned":[5,6,11],"killed_by":"Slime Boss","ascension_level":18}}