{"host":"gfmw02tnhhvp9jba","time":1612552007,"event":{"mods":["AchievementEnabler","BaseMod","Colored Map","Conspire","Downfall","Highlight Path","Minty Spire (QoL Compilation)","Replay The Spire","StSLib"],"gold_per_floor":[99,113,113,128,146,146,171,197,197,215,234,254,254,289,302,398,398,398,418,418,418,418,403,403,403,73,73,87,107,7,32,48,147,147,47,63,76,94,143,82,82,82,82,82],"floor_reached":42,"language":"ENG","playtime":2322,"items_purged":[],"score":472,"play_id":"76b92eac-288b-43f6-8b27-b029f02235a6","local_time":"20210205200647","is_ascension_mode":true,"campfire_choices":[{"data":"bronze:Replicate","floor":1,"key":"SMITH"},{"data":"bronze:Verify","floor":6,"key":"SMITH"},{"data":"bronze:WhirlingStrike","floor":9,"key":"SMITH"},{"data":"bronze:Library","floor":18,"key":"SMITH"},{"floor":25,"key":"RECALL"},{"floor":27,"key":"DIG"},{"data":"bronze:Assembly","floor":30,"key":"SMITH"},{"floor":35,"key":"DIG"}],"circlet_count":0,"master_deck":["bronze:Strike","bronze:Strike","bronze:Strike","bronze:Strike","bronze:Defend+1","bronze:Defend","bronze:Defend+1","bronze:Defend","bronze:Replicate+1","bronze:Goto","bronze:Verify+1","bronze:WhirlingStrike+1","bronze:Repair","bronze:Branch","bronze:ItsAFeature","bronze:CutThrough","bronze:BugBarrage","bronze:WildBeam","bronze:Flail","bronze:Library+1","bronze:BuggyMess","bronze:Shell","bronze:ItsAFeature+1","bronze:Frontload","bronze:Assembly+1","bronze:ThunderWave","bronze:Shield","bronze:Separator","bronze:BugBarrage","bronze:MaxOutput","bronze:Mutator","bronze:InfiniteBeams+1","bronze:DigitalCarnage+1","bronze:Fortify+1","bronze:Library","bronze:Allocate","bronze:DelayedSlice"],"relics":["bronze:BronzeCore","Shovel","ReplayTheSpireMod:TigerMarble","Replay:Bottled Flurry","Odd Mushroom","War Paint","conspire:SpecialSausage","Incense Burner","Oddly Smooth Stone","downfall:HeartBlessingRed","Durian","Honey Jar","downfall:HeartBlessingGreen","Bronze Scales","PreservedInsect"],"acts_visited":["Exordium","TheCity","TheBeyond"],"potions_floor_usage":[16,28,33,33,42,42],"damage_taken":[{"damage":0,"enemies":"conspire:RoseBush","floor":2,"turns":4},{"damage":1,"enemies":"Jaw Worm","floor":4,"turns":3},{"damage":2,"enemies":"2 Louse","floor":5,"turns":2},{"damage":33,"enemies":"Lagavulin","floor":8,"turns":8},{"damage":0,"enemies":"Exordium Wildlife","floor":10,"turns":2},{"damage":0,"enemies":"3 Louse","floor":11,"turns":3},{"damage":18,"enemies":"The Mushroom Lair","floor":12,"turns":5},{"damage":22,"enemies":"Replay:BlueRogue","floor":14,"turns":6},{"damage":3,"enemies":"Red Slaver","floor":15,"turns":4},{"damage":26,"enemies":"SI_SHIV_ARCHETYPE","floor":16,"turns":10},{"damage":1,"enemies":"3 Byrds","floor":19,"turns":3},{"damage":0,"enemies":"Chosen","floor":22,"turns":1},{"damage":0,"enemies":"downfall:FleeingMerchant","floor":23,"turns":4},{"damage":0,"enemies":"downfall:FleeingMerchant","floor":26,"turns":4},{"damage":6,"enemies":"Snecko","floor":28,"turns":5},{"damage":9,"enemies":"conspire:HollyBat","floor":29,"turns":9},{"damage":40,"enemies":"Book of Stabbing","floor":31,"turns":7},{"damage":0,"enemies":"3 Cultists","floor":32,"turns":2},{"damage":32,"enemies":"IC_MUSHROOM_ARCHETYPE","floor":33,"turns":5},{"damage":3,"enemies":"Orb Walker","floor":36,"turns":5},{"damage":16,"enemies":"3 Darklings","floor":37,"turns":4},{"damage":0,"enemies":"Transient","floor":38,"turns":5},{"damage":0,"enemies":"downfall:FleeingMerchant","floor":40,"turns":4},{"damage":122,"enemies":"Giant Head","floor":42,"turns":8}],"seed_played":"-7571896536164681871","potions_obtained":[{"floor":4,"key":"bronze:FreeFunctionsPotion"},{"floor":10,"key":"Swift Potion"},{"floor":11,"key":"Venom Potion"},{"floor":16,"key":"hexamod:SoulburnPotion"},{"floor":19,"key":"Block Potion"},{"floor":28,"key":"bronze:FreeFunctionsPotion"},{"floor":31,"key":"Adrenaline Potion"},{"floor":33,"key":"Fire Potion"},{"floor":36,"key":"SteroidPotion"},{"floor":39,"key":"Explosive Potion"},{"floor":39,"key":"Dexterity Potion"}],"is_trial":false,"path_per_floor":["R","M","?","M","M","R","T","E","R","M","M","?","?","E","M","B",null,"R","M","?","?","M","$","T","R","$","R","M","M","R","E","M","B",null,"R_BF","M","M","M","?","$","T","E"],"character_chosen":"THE_AUTOMATON","items_purchased":["bronze:Assembly","bronze:ThunderWave","bronze:DelayedSlice"],"campfire_rested":0,"item_purchase_floors":[26,26,40],"current_hp_per_floor":[70,70,58,57,62,62,62,36,36,43,50,39,39,24,21,2,70,70,70,70,70,70,70,70,70,70,70,64,61,61,33,33,8,75,75,72,63,70,70,75,75,0,0,0],"gold":82,"neow_bonus":"ONE_RANDOM_RARE_CARD","is_daily":false,"chose_seed":false,"campfire_upgraded":5,"win_rate":0.0,"timestamp":1612552007,"path_taken":["R","M","?","M","M","R","T","E","R","M","M","?","?","E","M","BOSS","R","M","?","?","M","$","T","R","$","R","M","M","R","E","M","BOSS","R_BF","M","M","M","?","$","T","E"],"items_purchased_type":["Card","Card","Card"],"build_version":"2020-12-22","purchased_purges":0,"victory":false,"max_hp_per_floor":[70,70,70,70,70,70,70,70,70,70,70,70,70,70,70,70,70,70,70,70,70,70,70,70,70,70,70,70,70,70,75,75,75,75,75,75,75,75,75,75,75,75,75,75],"card_choices":[{"not_picked":["bronze:Deprecate","bronze:Invalidate"],"picked":"bronze:WhirlingStrike","floor":2},{"not_picked":["bronze:Turbo","bronze:Deprecate"],"picked":"bronze:Repair","floor":4},{"not_picked":["bronze:BuggyMess","bronze:WhirlingStrike"],"picked":"bronze:Branch","floor":5},{"not_picked":["bronze:Turbo","bronze:Branch"],"picked":"bronze:ItsAFeature","floor":8},{"not_picked":["bronze:FineTuning","bronze:TinkerersToolbox","bronze:Overheat"],"picked":"SKIP","floor":10},{"not_picked":["bronze:Backtrace","bronze:Invalidate"],"picked":"bronze:CutThrough","floor":11},{"not_picked":["bronze:Refactor","bronze:Iterate"],"picked":"bronze:BugBarrage","floor":12},{"not_picked":["bronze:Branch","bronze:Shell"],"picked":"bronze:WildBeam","floor":14},{"not_picked":["bronze:Iterate","bronze:CutThrough"],"picked":"bronze:Flail","floor":15},{"not_picked":["bronze:InfiniteLoop","bronze:FindAndReplace"],"picked":"bronze:Library","floor":16},{"not_picked":["bronze:Backtrace+1","bronze:OilSpill"],"picked":"bronze:BuggyMess","floor":19},{"not_picked":["bronze:WhirlingStrike","bronze:Terminator"],"picked":"bronze:Shell","floor":22},{"not_picked":["bronze:BuggyMess","bronze:FollowUp+1"],"picked":"bronze:ItsAFeature+1","floor":23},{"not_picked":["bronze:DelayedSlice","bronze:NullPointer"],"picked":"bronze:Frontload","floor":26},{"not_picked":["bronze:ForLoop","bronze:Virus"],"picked":"bronze:Shield","floor":28},{"not_picked":["bronze:CutThrough+1","bronze:OilSpill"],"picked":"bronze:Separator","floor":29},{"not_picked":["bronze:ForceShield","bronze:ClassDefault"],"picked":"bronze:BugBarrage","floor":31},{"not_picked":["bronze:CutThrough","bronze:DelayedSlice+1"],"picked":"bronze:MaxOutput","floor":32},{"not_picked":["bronze:HyperBeam","bronze:ThunderWave"],"picked":"bronze:Mutator","floor":33},{"not_picked":["bronze:Frontload","bronze:Invalidate","bronze:Philosophize"],"picked":"bronze:InfiniteBeams+1","floor":36},{"not_picked":["bronze:DelayedGuard","bronze:Iterate+1","bronze:Overheat"],"picked":"bronze:DigitalCarnage+1","floor":37},{"not_picked":["bronze:Separator","bronze:NullPointer","bronze:Repair+1"],"picked":"bronze:Fortify+1","floor":38},{"not_picked":["bronze:CutThrough","bronze:Shield","bronze:Boost+1"],"picked":"bronze:Library","floor":39},{"not_picked":["bronze:CloningBeam+1","bronze:ItsAFeature+1","bronze:Turbo"],"picked":"bronze:Allocate","floor":40}],"player_experience":127325,"relics_obtained":[{"floor":7,"key":"ReplayTheSpireMod:TigerMarble"},{"floor":8,"key":"Replay:Bottled Flurry"},{"floor":12,"key":"Odd Mushroom"},{"floor":14,"key":"War Paint"},{"floor":24,"key":"Incense Burner"},{"floor":27,"key":"Oddly Smooth Stone"},{"floor":31,"key":"Durian"},{"floor":35,"key":"Bronze Scales"},{"floor":39,"key":"PreservedInsect"}],"event_choices":[{"damage_healed":0,"gold_gain":0,"player_choice":"Success","damage_taken":12,"relics_obtained":["Shovel"],"max_hp_gain":0,"max_hp_loss":0,"event_name":"Scrap Ooze","floor":3,"gold_loss":0},{"damage_healed":0,"gold_gain":0,"player_choice":"Fought Mushrooms","damage_taken":0,"max_hp_gain":0,"max_hp_loss":0,"event_name":"Mushrooms","floor":12,"gold_loss":0}],"is_beta":false,"boss_relics":[{"not_picked":["Replay:Ancient Bell","Painkiller Herb"],"picked":"conspire:SpecialSausage"},{"not_picked":["Astrolabe","Calling Bell"],"picked":"Honey Jar"}],"items_purged_floors":[],"is_endless":false,"potions_floor_spawned":[4,10,11,16,19,28,31,33,36],"killed_by":"Giant Head","ascension_level":1}}