{"host":"2g68u5ewu4bp0ui7","time":1612543868,"event":{"mods":["AchievementEnabler","BaseMod","Best Route Mod","Block Reminder","Colored Map","Colored Powertips","Highlight Path","Minty Spire (QoL Compilation)","Quick Restart","Shop Mod","SuperFastMode","everything is the same but u backflip on backflip","slay the spire mod where everything is the same but ironclad has a cowboy hat"],"gold_per_floor":[112,112,129,139,89,89,89,106,129,129,129,149,168,188,188,293,293,311,311,321,321,80,106,0,0,0],"floor_reached":25,"language":"ENG","playtime":638,"items_purged":["Strike_R"],"score":213,"play_id":"b078ff6e-899a-4744-97e4-35832acbf5bf","local_time":"20210205185108","is_ascension_mode":false,"campfire_choices":[{"data":"Cleave","floor":6,"key":"SMITH"},{"data":"Body Slam","floor":10,"key":"SMITH"},{"data":"Bash","floor":15,"key":"SMITH"}],"circlet_count":0,"master_deck":["Strike_R","Strike_R","Strike_R","Defend_R","Defend_R","Defend_R","Defend_R","Bash+1","Twin Strike","Battle Trance","Cleave+1","Body Slam+1","Impervious","Whirlwind+1","Apotheosis"],"relics":["Burning Blood","NeowsBlessing","Boot","Bag of Marbles","Black Star","MealTicket","WingedGreaves"],"acts_visited":["Exordium","TheCity"],"potions_floor_usage":[16,16,16,23,23],"damage_taken":[{"damage":0,"enemies":"Small Slimes","floor":1,"turns":1},{"damage":0,"enemies":"Cultist","floor":3,"turns":1},{"damage":0,"enemies":"Jaw Worm","floor":4,"turns":1},{"damage":5,"enemies":"3 Louse","floor":8,"turns":2},{"damage":13,"enemies":"Lots of Slimes","floor":12,"turns":3},{"damage":7,"enemies":"Blue Slaver","floor":13,"turns":3},{"damage":14,"enemies":"Red Slaver","floor":14,"turns":5},{"damage":40,"enemies":"Hexaghost","floor":16,"turns":9},{"damage":12,"enemies":"3 Byrds","floor":18,"turns":6},{"damage":41,"enemies":"Shell Parasite","floor":20,"turns":7},{"damage":55,"enemies":"Slavers","floor":23,"turns":5},{"damage":30,"enemies":"Centurion and Healer","floor":25,"turns":4}],"seed_played":"4257003108760621112","potions_obtained":[{"floor":1,"key":"GamblersBrew"},{"floor":3,"key":"Weak Potion"},{"floor":7,"key":"Swift Potion"},{"floor":7,"key":"Regen Potion"},{"floor":7,"key":"LiquidBronze"},{"floor":16,"key":"LiquidBronze"},{"floor":18,"key":"Fruit Juice"}],"is_trial":false,"path_per_floor":["M","?","M","M","?","R","?","M","T","R","?","M","M","M","R","B",null,"M","?","M","?","$","E","?","M"],"character_chosen":"IRONCLAD","items_purchased":["Apotheosis"],"campfire_rested":0,"item_purchase_floors":[22],"current_hp_per_floor":[80,80,80,80,80,80,80,80,80,80,80,73,72,64,64,45,80,74,74,39,65,65,21,21,0,0],"gold":0,"neow_bonus":"THREE_ENEMY_KILL","is_daily":false,"chose_seed":false,"campfire_upgraded":3,"win_rate":0.0,"timestamp":1612543868,"path_taken":["M","?","?","M","?","R","?","?","T","R","?","M","?","M","R","BOSS","M","?","M","?","$","E","?","M"],"items_purchased_type":["Card"],"build_version":"2020-12-22","purchased_purges":1,"victory":false,"max_hp_per_floor":[80,80,80,80,80,80,80,80,80,80,80,80,80,80,80,80,80,80,80,80,80,80,85,85,85,85],"card_choices":[{"not_picked":["Second Wind","Feel No Pain"],"picked":"Twin Strike","floor":1},{"not_picked":["Heavy Blade","Thunderclap"],"picked":"Battle Trance","floor":3},{"not_picked":["Havoc","Power Through"],"picked":"Cleave","floor":4},{"not_picked":["Pommel Strike","Pummel"],"picked":"Body Slam","floor":8},{"not_picked":["Entrench","Anger","Rage"],"picked":"SKIP","floor":12},{"not_picked":["Twin Strike","Heavy Blade","Clash"],"picked":"SKIP","floor":13},{"not_picked":["Body Slam","Burning Pact","Thunderclap"],"picked":"SKIP","floor":14},{"not_picked":["Limit Break","Bludgeon"],"picked":"Impervious","floor":16},{"not_picked":["Shrug It Off","Wild Strike"],"picked":"Whirlwind+1","floor":18},{"not_picked":["Armaments","Warcry+1","Clash"],"picked":"SKIP","floor":20},{"not_picked":["Armaments+1","Blood for Blood","Reaper"],"picked":"SKIP","floor":23}],"player_experience":75016,"relics_obtained":[{"floor":9,"key":"Bag of Marbles"},{"floor":23,"key":"MealTicket"},{"floor":23,"key":"WingedGreaves"}],"event_choices":[{"damage_healed":0,"gold_gain":0,"player_choice":"Gave Potion","damage_taken":0,"relics_obtained":["Boot"],"max_hp_gain":0,"max_hp_loss":0,"event_name":"WeMeetAgain","floor":2,"gold_loss":0},{"cards_removed":["Strike_R"],"damage_healed":0,"gold_gain":0,"player_choice":"Card Removal","damage_taken":0,"max_hp_gain":0,"max_hp_loss":0,"event_name":"The Cleric","floor":5,"gold_loss":50},{"damage_healed":0,"gold_gain":0,"player_choice":"Got Potions","damage_taken":0,"max_hp_gain":0,"max_hp_loss":0,"event_name":"Lab","floor":7,"gold_loss":0},{"damage_healed":0,"gold_gain":0,"player_choice":"Bought 0 Potions","damage_taken":0,"max_hp_gain":0,"max_hp_loss":0,"event_name":"The Woman in Blue","floor":11,"gold_loss":0},{"damage_healed":0,"gold_gain":0,"player_choice":"Ignored","damage_taken":0,"max_hp_gain":0,"max_hp_loss":0,"event_name":"Ghosts","floor":19,"gold_loss":0},{"damage_healed":26,"gold_gain":0,"player_choice":"Heal","damage_taken":0,"max_hp_gain":0,"max_hp_loss":0,"event_name":"The Library","floor":21,"gold_loss":0},{"damage_healed":0,"gold_gain":0,"player_choice":"Paid Fearfully","damage_taken":0,"max_hp_gain":0,"max_hp_loss":0,"event_name":"Masked Bandits","floor":24,"gold_loss":106}],"is_beta":false,"boss_relics":[{"not_picked":["Sozu","Runic Dome"],"picked":"Black Star"}],"items_purged_floors":[22],"is_endless":false,"potions_floor_spawned":[1,3,14,16,18],"killed_by":"Centurion and Healer","ascension_level":0}}