{"host":"2q4w55ev63ot6isg","time":1612542775,"event":{"mods":["Aspiration","BaseMod","Downfall","Hubris","Marisa????????","Minty Spire (QoL Compilation)","Replay The Spire","StSLib","The Cursed","The Jungle","The Servant 0.9.4"],"gold_per_floor":[111,176,176,176,2,2,33,33,33,46,46,46,46,86,86,186,186,205,17,31,31,31,31],"floor_reached":22,"language":"ENG","playtime":742,"items_purged":[],"score":171,"play_id":"54acc6cd-43e8-4fca-bc17-7e2b39b7d429","local_time":"20210205083255","is_ascension_mode":false,"campfire_choices":[{"data":"SilverBlades","floor":6,"key":"SMITH"},{"data":"Starlight","floor":11,"key":"SMITH"},{"data":"Starlight","floor":13,"key":"SMITH"},{"floor":15,"key":"DIG"}],"circlet_count":0,"master_deck":["Strike_S","Strike_S+1","Strike_S","Strike_S+1","Defend_S","Defend_S","Defend_S","Defend_S","KidneyShot","Exchange","SilverBlades+1","GearUp","Starlight+1","Injury","Magnetism+1","Starlight+1","SoulSculpture+1","CurseOfTheBell","Ricochet+1","Rearm"],"relics":["Uniform","hubris:TenFootPole","Frozen Egg 2","ReplayTheSpireMod:Ring of Challenge","Spirit Poop","Golden Egg","Letter Opener","Replay:Arrowhead","Calling Bell","Simple Rune","Shuriken","Replay:Multitool","Tiny Chest"],"acts_visited":["Exordium","TheCity"],"potions_floor_usage":[16,16],"damage_taken":[{"damage":1,"enemies":"Jaw Worm","floor":1,"turns":4},{"damage":3,"enemies":"2 Louse","floor":7,"turns":14},{"damage":0,"enemies":"Cultist","floor":10,"turns":2},{"damage":7,"enemies":"Exordium Wildlife","floor":14,"turns":4},{"damage":10,"enemies":"Slime Boss","floor":16,"turns":5},{"damage":17,"enemies":"3 Byrds","floor":18,"turns":6},{"damage":30,"enemies":"2 Thieves","floor":20,"turns":3},{"damage":30,"enemies":"3 Cultists","floor":22,"turns":4}],"seed_played":"849423312006222517","potions_obtained":[{"floor":10,"key":"Strength Potion"},{"floor":14,"key":"Toxic Potion"},{"floor":16,"key":"FearPotion"}],"is_trial":false,"path_per_floor":["M","?","?","?","$","R","M","?","T","M","R","T","R","M","R","B",null,"M","$","M","?","M"],"character_chosen":"THE_SERVANT","items_purchased":["Magnetism+1","Tiny Chest","Ricochet+1"],"campfire_rested":0,"item_purchase_floors":[5,19,19],"current_hp_per_floor":[70,53,53,53,53,53,50,50,50,50,50,50,50,43,43,33,71,54,54,24,24,0,0],"gold":31,"neow_bonus":"TEN_PERCENT_HP_BONUS","is_daily":false,"chose_seed":false,"campfire_upgraded":3,"win_rate":0.0,"timestamp":1612542775,"path_taken":["M","?","?","?","$","R","M","?","T","?","R","?","R","M","R","BOSS","M","$","M","?","M"],"items_purchased_type":["Card","Relic","Card"],"build_version":"2020-12-22","purchased_purges":0,"victory":false,"max_hp_per_floor":[71,71,71,71,71,71,71,71,71,71,71,71,71,71,71,71,71,71,71,71,71,71,71],"card_choices":[{"not_picked":["Rewind","Replace"],"picked":"SilverBlades","floor":1},{"not_picked":["Unruled","Barrier"],"picked":"GearUp","floor":2},{"not_picked":["Hightail","Ricochet"],"picked":"Starlight","floor":2},{"not_picked":["Replace","Alleviate"],"picked":"Starlight","floor":7},{"not_picked":["TimeWarp","FastForward","Defy"],"picked":"SKIP","floor":10},{"not_picked":["DoubleEdge","Potential","Replace"],"picked":"SKIP","floor":14},{"not_picked":["Duplication","FloweringNight+1"],"picked":"SoulSculpture","floor":16},{"not_picked":["Desolation+1","Unruled","Defy"],"picked":"SKIP","floor":18},{"not_picked":["Starlight","Replace"],"picked":"Rearm","floor":20}],"player_experience":222474,"relics_obtained":[{"floor":2,"key":"hubris:TenFootPole"},{"floor":4,"key":"ReplayTheSpireMod:Ring of Challenge"},{"floor":9,"key":"Golden Egg"},{"floor":12,"key":"Letter Opener"},{"floor":15,"key":"Replay:Arrowhead"},{"floor":17,"key":"Simple Rune"},{"floor":17,"key":"Shuriken"},{"floor":17,"key":"Replay:Multitool"}],"event_choices":[{"cards_removed":["Doubt"],"damage_healed":0,"gold_gain":0,"player_choice":"Offered Curse","damage_taken":0,"relics_obtained":["Spirit Poop"],"max_hp_gain":0,"max_hp_loss":0,"event_name":"Bonfire Elementals","floor":8,"gold_loss":0}],"is_beta":false,"boss_relics":[{"not_picked":["Runic Pyramid","aspiration:FutureDiary"],"picked":"Calling Bell"}],"items_purged_floors":[],"is_endless":false,"potions_floor_spawned":[10,14,16],"killed_by":"3 Cultists","ascension_level":0}}