{"host":"watonwak","time":1612560276,"event":{"mods":["AchievementEnabler","BaseMod","Bestiary","Colored Map","Minty Spire (QoL Compilation)","Relic Stats","StSLib"],"gold_per_floor":[118,118,145,45,63,63,91,107,132,132,160,160,160,180,180,254,254,264,264,264],"floor_reached":19,"language":"ENG","playtime":792,"items_purged":["Strike_B"],"score":386,"play_id":"72d22f5a-5bfb-457d-bad4-248b1c1e0121","local_time":"20210205212436","is_ascension_mode":true,"campfire_choices":[{"data":"Lockon","floor":6,"key":"SMITH"},{"data":"Core Surge","floor":10,"key":"SMITH"},{"data":"Sweeping Beam","floor":12,"key":"SMITH"},{"floor":15,"key":"REST"}],"circlet_count":0,"master_deck":["AscendersBane","Strike_B","Strike_B","Strike_B","Defend_B+1","Defend_B","Defend_B","Defend_B","Zap","Dualcast","Lockon+1","Sweeping Beam+1","Gash","Core Surge+1","Skim+1","Steam","Biased Cognition","Turbo"],"relics":["Cracked Core","NeowsBlessing","Bag of Marbles","Regal Pillow","Tiny Chest","MealTicket","Odd Mushroom","Inserter"],"acts_visited":["Exordium","TheCity"],"potions_floor_usage":[14],"damage_taken":[{"damage":0,"enemies":"Small Slimes","floor":1,"turns":1},{"damage":0,"enemies":"Jaw Worm","floor":5,"turns":1},{"damage":0,"enemies":"Lagavulin","floor":7,"turns":1},{"damage":0,"enemies":"Cultist","floor":8,"turns":2},{"damage":20,"enemies":"3 Sentries","floor":11,"turns":7},{"damage":15,"enemies":"The Mushroom Lair","floor":14,"turns":5},{"damage":51,"enemies":"The Guardian","floor":16,"turns":14},{"damage":20,"enemies":"Spheric Guardian","floor":18,"turns":5},{"damage":24,"enemies":"Shell Parasite","floor":19,"turns":4}],"seed_played":"-562655983710101553","potions_obtained":[{"floor":1,"key":"FocusPotion"},{"floor":5,"key":"Block Potion"},{"floor":7,"key":"Regen Potion"}],"is_trial":false,"path_per_floor":["M","?","T","$","M","R","E","M","T","R","E","R","?","?","R","B",null,"M","M"],"character_chosen":"DEFECT","items_purchased":["Sweeping Beam"],"campfire_rested":1,"item_purchase_floors":[4],"current_hp_per_floor":[64,69,69,69,69,69,69,69,69,69,49,49,26,23,60,9,59,39,15,15],"gold":264,"neow_bonus":"THREE_ENEMY_KILL","is_daily":false,"chose_seed":false,"campfire_upgraded":3,"win_rate":0.0,"timestamp":1612560276,"path_taken":["M","?","?","$","?","R","E","M","T","R","E","R","?","?","R","BOSS","M","M"],"items_purchased_type":["Card"],"build_version":"2020-12-18","purchased_purges":1,"victory":false,"max_hp_per_floor":[71,76,76,76,76,76,76,76,76,76,76,76,76,76,76,76,76,76,76,76],"relic_stats":{"Regal Pillow":15,"Inserter":[4],"counters":[9,40],"Tiny Chest":0,"MealTicket":0,"obtain_stats":[{"Regal Pillow":7,"Inserter":17,"NeowsBlessing":0,"Tiny Chest":9,"MealTicket":11,"Bag of Marbles":3,"Odd Mushroom":14,"Cracked Core":0},{"Regal Pillow":3,"Inserter":7,"NeowsBlessing":0,"Tiny Chest":4,"MealTicket":5,"Bag of Marbles":1,"Odd Mushroom":6,"Cracked Core":0},{"Regal Pillow":3,"Inserter":31,"NeowsBlessing":0,"Tiny Chest":5,"MealTicket":12,"Bag of Marbles":1,"Odd Mushroom":17,"Cracked Core":0}]},"card_choices":[{"not_picked":["Hello World","Hologram"],"picked":"Lockon","floor":1},{"not_picked":["Tempest","Redo"],"picked":"Gash","floor":5},{"not_picked":["Reprogram","Stack"],"picked":"Core Surge","floor":7},{"not_picked":["Beam Cell","Redo","Rip and Tear"],"picked":"SKIP","floor":8},{"not_picked":["Redo","Leap"],"picked":"Skim","floor":11},{"not_picked":["Auto Shields","Rebound"],"picked":"Steam","floor":14},{"not_picked":["Multi-Cast","Reboot"],"picked":"Biased Cognition","floor":16},{"not_picked":["Compile Driver","Skim"],"picked":"Turbo","floor":18}],"player_experience":1218281,"relics_obtained":[{"floor":3,"key":"Bag of Marbles"},{"floor":7,"key":"Regal Pillow"},{"floor":9,"key":"Tiny Chest"},{"floor":11,"key":"MealTicket"},{"floor":14,"key":"Odd Mushroom"}],"event_choices":[{"damage_healed":0,"gold_gain":0,"player_choice":"Donut","damage_taken":0,"max_hp_gain":5,"max_hp_loss":0,"event_name":"Big Fish","floor":2,"gold_loss":0},{"damage_healed":0,"gold_gain":0,"player_choice":"Entered Light","damage_taken":23,"max_hp_gain":0,"max_hp_loss":0,"event_name":"Shining Light","floor":13,"gold_loss":0,"cards_upgraded":["Defend_B","Skim"]},{"damage_healed":0,"gold_gain":0,"player_choice":"Fought Mushrooms","damage_taken":0,"max_hp_gain":0,"max_hp_loss":0,"event_name":"Mushrooms","floor":14,"gold_loss":0}],"is_beta":true,"boss_relics":[{"not_picked":["FrozenCore","Coffee Dripper"],"picked":"Inserter"}],"items_purged_floors":[4],"is_endless":false,"potions_floor_spawned":[1,5,7],"killed_by":"Shell Parasite","ascension_level":19}}