{"host":"cx72hbz6x0kxjg15","time":1612522871,"event":{"mods":["Aspiration","BaseMod","BetterRewards","Colored Map","Downfall","Friendly Minions","Hubris","Minty Spire (QoL Compilation)","Relic Sorter","Relic Stats","Replay The Spire","StSLib"],"gold_per_floor":[115,190,190,190,202,202,216,248,272,289,139,190,210,235,235,347,347,383,157,157,107,107,107,132,183,183,183,208,91,122,165,165,267,317,340,183,224,224,262,318,318,365,365,396,426,426,462,7,7,29,29],"floor_reached":50,"language":"ENG","playtime":1937,"items_purged":["Injury","Strike_P","Defend_P","Defend_P","Defend_P"],"score":890,"play_id":"74fdc40a-7476-4dba-bfc0-395f84dafe17","local_time":"20210205120110","is_ascension_mode":true,"campfire_choices":[{"data":"Eruption","floor":6.0,"key":"SMITH"},{"floor":15,"key":"REST"},{"data":"SandsOfTime","floor":23,"key":"SMITH"},{"floor":27,"key":"REST"},{"data":"Wallop","floor":32,"key":"SMITH"},{"floor":41,"key":"REST"},{"data":"Establishment","floor":46,"key":"SMITH"}],"circlet_count":0,"master_deck":["Strike_P","Strike_P","Defend_P","Eruption+1","Vigilance","DeceiveReality+1","Evaluate+1","Meditate+1","ReachHeaven+1","FlurryOfBlows+1","SandsOfTime+1","ForeignInfluence+1","CarveReality+1","Judgement+1","Indignation+1","ClearTheMind+1","Establishment+1","CutThroughFate+1","Violence+1","Wallop+1"],"relics":["PureWater","Replay:Accelerometer","Bird Faced Urn","Quantum Egg","Replay:WaspNest","Prayer Wheel","Toxic Egg 2","Replay:Bandana","Tiny Chest","Smiling Mask","Sozu","Replay:Bottled Steam","ReplayTheSpireMod:TigerMarble","Omamori","Art of War","Eternal Feather","Tiny House","War Paint","Ancient Tea Set","hubris:CrystalStatue","Kunai","Strawberry","InkBottle"],"acts_visited":["Exordium","TheCity","TheBeyond"],"potions_floor_usage":[13,40,42],"damage_taken":[{"damage":6.0,"enemies":"Jaw Worm","floor":1.0,"turns":3.0},{"damage":0.0,"enemies":"2 Louse","floor":5.0,"turns":4.0},{"damage":2.0,"enemies":"Cultist","floor":7.0,"turns":3.0},{"damage":0.0,"enemies":"Lagavulin","floor":8.0,"turns":6.0},{"damage":0.0,"enemies":"Blue Slaver","floor":10.0,"turns":1.0},{"damage":12.0,"enemies":"3 Sentries","floor":12.0,"turns":5.0},{"damage":0,"enemies":"Exordium Thugs","floor":13,"turns":1},{"damage":0,"enemies":"Looter","floor":14,"turns":2},{"damage":0,"enemies":"Slime Boss","floor":16,"turns":3},{"damage":10,"enemies":"Shell Parasite","floor":18,"turns":3},{"damage":0,"enemies":"3 Byrds","floor":24,"turns":2},{"damage":26,"enemies":"Slavers","floor":25,"turns":2},{"damage":0,"enemies":"3 Cultists","floor":30,"turns":3},{"damage":0,"enemies":"Gremlin Leader","floor":31,"turns":2},{"damage":12,"enemies":"Champ","floor":33,"turns":7},{"damage":11,"enemies":"Orb Walker","floor":35,"turns":3},{"damage":17,"enemies":"3 Darklings","floor":37,"turns":2},{"damage":14,"enemies":"Writhing Mass","floor":39,"turns":4},{"damage":20,"enemies":"Reptomancer","floor":40,"turns":4},{"damage":23,"enemies":"Giant Head","floor":42,"turns":6},{"damage":2,"enemies":"Jaw Worm Horde","floor":44,"turns":2},{"damage":0,"enemies":"Transient","floor":45,"turns":5},{"damage":0,"enemies":"4 Shapes","floor":47,"turns":2},{"damage":113,"enemies":"Time Eater","floor":50,"turns":7}],"seed_played":"-2083052905453151989","potions_obtained":[{"floor":1.0,"key":"FearPotion"},{"floor":7.0,"key":"Energy Potion"},{"floor":12.0,"key":"Ambrosia"},{"floor":14,"key":"Energy Potion"},{"floor":16,"key":"BlessingOfTheForge"}],"is_trial":false,"path_per_floor":["M","?","?","?","M","R","M","E","T","M","$","E","M","M","R","B",null,"M","$","?","$","T","R","M","E","T","R","T","$","M","E","R","B",null,"M","$","M","T","M","E","R","E","T","M","M","R","M","$","R_BF","B"],"character_chosen":"WATCHER","items_purchased":["Quantum Egg","Replay:WaspNest","CarveReality","Violence+1","Wallop","War Paint","Strawberry","InkBottle"],"campfire_rested":3,"item_purchase_floors":[0,0,11,19,29,36,48,48],"current_hp_per_floor":[29,18,18,18,18,18,16,16,16,16,16,4,4,4,25,25,72,62,62,49,49,49,49,51,27,27,50,50,50,50,52,64,54,82,71,71,54,54,42,22,58,37,37,37,39,51,53,60,89,0,0],"gold":29,"neow_bonus":"","is_daily":false,"chose_seed":false,"campfire_upgraded":4,"win_rate":0.0,"timestamp":1612522870,"path_taken":["M","?","?","?","?","R","M","E","T","M","$","E","M","?","R","BOSS","M","$","?","?","?","R","M","E","T","R","?","$","M","E","R","BOSS","M","$","?","?","M","E","R","E","T","M","M","R","M","$","R_BF","BOSS"],"items_purchased_type":["Relic","Relic","Card","Card","Card","Relic","Relic","Relic"],"build_version":"2020-12-22","purchased_purges":5,"victory":false,"max_hp_per_floor":[72,72,72,72,72,72,72,72,72,72,72,72,72,72,72,72,72,72,72,77,77,77,77,77,77,77,77,77,77,77,77,77,77,82,82,82,82,82,82,82,82,82,82,82,82,82,82,89,89,89,89],"relic_stats":{"Sozu":7,"counters":[118,455],"Bird Faced Urn":[20],"Prayer Wheel":15,"Tiny Chest":1,"Eternal Feather":48,"Art of War":[2],"Kunai":[12],"War Paint":["Vigilance","Defend_P","Evaluate","DeceiveReality"],"Smiling Mask":350,"obtain_stats":[{"Replay:Accelerometer":38,"vexMod:MemoryStick":9,"Ginger":0,"Boot":0,"Old Coin":0,"hubris:HerbalPaste":0,"Replay:Bronze Core":17,"Kunai":0,"Replay:Bottled Steam":22,"Blue Candle":0,"Eternal Feather":31,"vexMod:GhostlyGear":40,"Bird Faced Urn":0,"Mark of Pain":0,"Torii":0,"Cursed Key":17,"Smiling Mask":12,"Ancient Tea Set":40,"Burning Blood":0,"BranchBurnRelic":47,"Matryoshka":0,"Shovel":0,"hubris:CuriousFeather":0,"hubris:ChampionShield":34,"InkBottle":0,"Self Forming Clay":0,"Golden Idol":3,"hubris:64BitClover":27,"Thread and Needle":0,"The Courier":0,"PreservedInsect":32,"Omamori":26,"Frozen Egg 2":44,"hubris:Towel":27,"MawBank":0,"Busted Crown":34,"Ornamental Fan":41,"Art of War":24,"Champion Belt":0,"ReplayTheSpireMod:Ring of Challenge":12,"Ice Cream":0,"Tiny House":17,"hubris:CrystalStatue":42,"CeramicFish":28,"Vajra":46,"aspiration:Stabinomicon":27,"Sozu":36,"Centennial Puzzle":0,"Lizard Tail":0,"HornCleat":0,"DollysMirror":0,"Strawberry":48,"Prayer Wheel":0,"Toxic Egg 2":25,"hubris:Teleporter":50,"vexMod:ScavengeHelm":50,"Dead Branch":46,"Oddly Smooth Stone":24,"vexMod:TimeEaterHat":48,"Charon\u0027s Ashes":9,"War Paint":32,"OrangePellets":0,"ReplayTheSpireMod:Spearhead":49,"Bottled Flame":43,"Replay:Baseball":47,"ReplayTheSpireMod:Shallot":12,"Brimstone":0,"Bronze Scales":0,"Molten Egg 2":4,"Simple Rune":23,"hubris:ToyBattleship":8,"ReplayTheSpireMod:TigerMarble":25,"Grinning Jar":45,"ReplayTheSpireMod:DimensionalGlitch":36,"Darkstone Periapt":9,"Incense Burner":0,"Juzu Bracelet":6,"hubris:SlimyHat":37,"Nunchaku":29,"Replay:Bandana":8,"hubris:Icosahedron":28,"Gambling Chip":0,"Tiny Chest":9,"Red Mask":0,"Red Skull":0,"Gremlin Food":42,"vexMod:ConsolationPrize":38,"Quantum Egg":0,"Replay:WaspNest":25,"Orichalcum":0,"Odd Mushroom":12,"Mercury Hourglass":48,"Calling Bell":0,"Strange Spoon":48,"Anchor":0,"CaptainsWheel":28,"vexMod:BarristanHead":6,"infinitespire:Satchel":11,"Ring of Fury":22,"hubris:BundleOfHerbs":26,"Coffee Dripper":19,"Bag of Marbles":21,"Membership Card":24,"PureWater":0,"FossilizedHelix":0},{"Replay:Accelerometer":111,"vexMod:MemoryStick":72,"Ginger":1,"Boot":0,"Old Coin":0,"hubris:HerbalPaste":27,"Replay:Bronze Core":60,"Kunai":0,"Replay:Bottled Steam":104,"Blue Candle":0,"Eternal Feather":108,"vexMod:GhostlyGear":21,"Bird Faced Urn":0,"Mark of Pain":0,"Torii":27,"Cursed Key":34,"Smiling Mask":100,"Ancient Tea Set":113,"Burning Blood":0,"BranchBurnRelic":25,"Matryoshka":0,"Shovel":0,"hubris:CuriousFeather":27,"hubris:ChampionShield":18,"InkBottle":0,"Self Forming Clay":0,"Golden Idol":28,"hubris:64BitClover":39,"Thread and Needle":0,"The Courier":0,"PreservedInsect":17,"Omamori":106,"Frozen Egg 2":24,"hubris:Towel":64,"MawBank":0,"Busted Crown":85,"Ornamental Fan":48,"Art of War":63,"Champion Belt":1,"ReplayTheSpireMod:Ring of Challenge":32,"Ice Cream":53,"Tiny House":75,"hubris:CrystalStatue":114,"CeramicFish":15,"Vajra":92,"aspiration:Stabinomicon":15,"Sozu":19,"Centennial Puzzle":0,"Lizard Tail":0,"HornCleat":0,"DollysMirror":0,"Strawberry":117,"Prayer Wheel":94,"Toxic Egg 2":38,"hubris:Teleporter":52,"vexMod:ScavengeHelm":52,"Dead Branch":25,"Oddly Smooth Stone":37,"vexMod:TimeEaterHat":51,"Charon\u0027s Ashes":30,"War Paint":84,"OrangePellets":0,"ReplayTheSpireMod:Spearhead":51,"Bottled Flame":90,"Replay:Baseball":92,"ReplayTheSpireMod:Shallot":74,"Brimstone":27,"Bronze Scales":0,"Molten Egg 2":28,"Simple Rune":80,"hubris:ToyBattleship":5,"ReplayTheSpireMod:TigerMarble":106,"Grinning Jar":24,"ReplayTheSpireMod:DimensionalGlitch":44,"Darkstone Periapt":57,"Incense Burner":0,"Juzu Bracelet":57,"hubris:SlimyHat":87,"Nunchaku":40,"Replay:Bandana":98,"hubris:Icosahedron":64,"Gambling Chip":0,"Tiny Chest":98,"Red Mask":0,"Red Skull":0,"Gremlin Food":49,"vexMod:ConsolationPrize":87,"Quantum Egg":94,"Replay:WaspNest":14,"Orichalcum":53,"Odd Mushroom":59,"Mercury Hourglass":93,"Calling Bell":0,"Strange Spoon":25,"Anchor":0,"CaptainsWheel":39,"vexMod:BarristanHead":29,"infinitespire:Satchel":7,"Ring of Fury":12,"hubris:BundleOfHerbs":81,"Coffee Dripper":11,"Bag of Marbles":12,"Membership Card":37,"PureWater":0,"FossilizedHelix":0},{"Replay:Accelerometer":425,"vexMod:MemoryStick":285,"Ginger":5,"Boot":0,"Old Coin":0,"hubris:HerbalPaste":107,"Replay:Bronze Core":230,"Kunai":0,"Replay:Bottled Steam":404,"Blue Candle":0,"Eternal Feather":413,"vexMod:GhostlyGear":91,"Bird Faced Urn":0,"Mark of Pain":0,"Torii":107,"Cursed Key":125,"Smiling Mask":395,"Ancient Tea Set":433,"Burning Blood":0,"BranchBurnRelic":100,"Matryoshka":0,"Shovel":0,"hubris:CuriousFeather":107,"hubris:ChampionShield":81,"InkBottle":0,"Self Forming Clay":0,"Golden Idol":109,"hubris:64BitClover":140,"Thread and Needle":0,"The Courier":0,"PreservedInsect":78,"Omamori":408,"Frozen Egg 2":98,"hubris:Towel":251,"MawBank":0,"Busted Crown":335,"Ornamental Fan":171,"Art of War":248,"Champion Belt":5,"ReplayTheSpireMod:Ring of Challenge":120,"Ice Cream":191,"Tiny House":297,"hubris:CrystalStatue":439,"CeramicFish":72,"Vajra":365,"aspiration:Stabinomicon":72,"Sozu":87,"Centennial Puzzle":0,"Lizard Tail":0,"HornCleat":0,"DollysMirror":0,"Strawberry":448,"Prayer Wheel":373,"Toxic Egg 2":136,"hubris:Teleporter":187,"vexMod:ScavengeHelm":187,"Dead Branch":100,"Oddly Smooth Stone":133,"vexMod:TimeEaterHat":183,"Charon\u0027s Ashes":113,"War Paint":328,"OrangePellets":0,"ReplayTheSpireMod:Spearhead":183,"Bottled Flame":352,"Replay:Baseball":365,"ReplayTheSpireMod:Shallot":291,"Brimstone":107,"Bronze Scales":0,"Molten Egg 2":109,"Simple Rune":315,"hubris:ToyBattleship":28,"ReplayTheSpireMod:TigerMarble":408,"Grinning Jar":98,"ReplayTheSpireMod:DimensionalGlitch":158,"Darkstone Periapt":210,"Incense Burner":0,"Juzu Bracelet":210,"hubris:SlimyHat":338,"Nunchaku":144,"Replay:Bandana":389,"hubris:Icosahedron":251,"Gambling Chip":0,"Tiny Chest":389,"Red Mask":0,"Red Skull":0,"Gremlin Food":175,"vexMod:ConsolationPrize":338,"Quantum Egg":373,"Replay:WaspNest":69,"Orichalcum":191,"Odd Mushroom":219,"Mercury Hourglass":368,"Calling Bell":0,"Strange Spoon":100,"Anchor":0,"CaptainsWheel":140,"vexMod:BarristanHead":111,"infinitespire:Satchel":38,"Ring of Fury":64,"hubris:BundleOfHerbs":317,"Coffee Dripper":60,"Bag of Marbles":64,"Membership Card":133,"PureWater":0,"FossilizedHelix":0}],"InkBottle":[4]},"card_choices":[{"not_picked":["Protect","Consecrate"],"picked":"DeceiveReality","floor":1.0},{"not_picked":["Replay:BluntJabs","InnerPeace"],"picked":"Evaluate","floor":1.0},{"not_picked":["CrushJoints","Pray+1"],"picked":"Meditate+1","floor":5.0},{"not_picked":["Crescendo+1","CutThroughFate"],"picked":"ReachHeaven","floor":5.0},{"not_picked":["Consecrate","Swivel+1"],"picked":"FlurryOfBlows","floor":7.0},{"not_picked":["Conclude","Replay:ManipulateFuture+1"],"picked":"SandsOfTime","floor":7.0},{"not_picked":["Meditate+1","Fasting2"],"picked":"ForeignInfluence+1","floor":8.0},{"not_picked":["FlyingSleeves","Replay:Cycle+1","Fasting2"],"picked":"SKIP","floor":10.0},{"not_picked":["Nirvana","ThirdEye+1","JustLucky"],"picked":"SKIP","floor":10.0},{"not_picked":["Worship+1","FlurryOfBlows"],"picked":"Judgement+1","floor":12.0},{"not_picked":["CutThroughFate","FlyingSleeves"],"picked":"Indignation+1","floor":13},{"not_picked":["SandsOfTime","InnerPeace+1","SashWhip"],"picked":"SKIP","floor":13},{"not_picked":["Conclude","Weave"],"picked":"ClearTheMind+1","floor":14},{"not_picked":["Consecrate","Replay:BluntJabs","Adaptation"],"picked":"SKIP","floor":14},{"not_picked":["MasterReality","Blasphemy+1"],"picked":"Establishment","floor":16},{"not_picked":["CarveReality","CrushJoints"],"picked":"CutThroughFate+1","floor":18},{"not_picked":["Wireheading+1","FlyingSleeves+1","SandsOfTime"],"picked":"SKIP","floor":18},{"not_picked":["ClearTheMind+1","DeceiveReality+1","Halt+1"],"picked":"SKIP","floor":24},{"not_picked":["JustLucky","SandsOfTime+1","Consecrate"],"picked":"SKIP","floor":24},{"not_picked":["FlyingSleeves","Meditate+1","Replay:Hum+1"],"picked":"SKIP","floor":25},{"not_picked":["Replay:Anticipation+1","Replay:ManipulateFuture+1","LikeWater"],"picked":"SKIP","floor":30},{"not_picked":["WaveOfTheHand+1","FlyingSleeves+1","Sanctity+1"],"picked":"SKIP","floor":30},{"not_picked":["ClearTheMind+1","BattleHymn","Replay:BluntJabs+1"],"picked":"SKIP","floor":31},{"not_picked":["Worship+1","Replay:ManipulateFuture+1","MentalFortress"],"picked":"SKIP","floor":35},{"not_picked":["EmptyBody+1","Replay:AtTheReady+1","Replay:ManipulateFuture+1"],"picked":"SKIP","floor":35},{"not_picked":["Conclude","Wallop+1","DeceiveReality+1"],"picked":"SKIP","floor":37},{"not_picked":["WaveOfTheHand+1","Study+1","CutThroughFate"],"picked":"SKIP","floor":37},{"not_picked":["Replay:AtTheReady+1","EmptyMind+1","Consecrate"],"picked":"SKIP","floor":39},{"not_picked":["Consecrate+1","EmptyBody+1","ThirdEye+1"],"picked":"SKIP","floor":39},{"not_picked":["Fasting2","JustLucky","Alpha+1"],"picked":"SKIP","floor":40},{"not_picked":["CrushJoints","CutThroughFate+1","Pray+1"],"picked":"SKIP","floor":42},{"not_picked":["WindmillStrike+1","PathToVictory+1","Evaluate+1"],"picked":"SKIP","floor":44},{"not_picked":["FlyingSleeves","LikeWater+1","Replay:Cycle+1"],"picked":"SKIP","floor":44},{"not_picked":["CrushJoints","CutThroughFate","ClearTheMind+1"],"picked":"SKIP","floor":45},{"not_picked":["Scrawl+1","Replay:ManipulateFuture+1","Adaptation+1"],"picked":"SKIP","floor":45},{"not_picked":["Replay:Cycle+1","Wallop+1","Replay:Vibes+1"],"picked":"SKIP","floor":47},{"not_picked":["Crescendo+1","MentalFortress+1","Meditate+1"],"picked":"SKIP","floor":47}],"player_experience":479398,"relics_obtained":[{"floor":8.0,"key":"Replay:Bandana"},{"floor":9.0,"key":"Tiny Chest"},{"floor":12.0,"key":"Smiling Mask"},{"floor":22,"key":"Replay:Bottled Steam"},{"floor":25,"key":"ReplayTheSpireMod:TigerMarble"},{"floor":26,"key":"Omamori"},{"floor":28,"key":"Art of War"},{"floor":31,"key":"Eternal Feather"},{"floor":38,"key":"Replay:Accelerometer"},{"floor":40,"key":"Ancient Tea Set"},{"floor":42,"key":"hubris:CrystalStatue"},{"floor":43,"key":"Kunai"}],"event_choices":[{"damage_healed":0.0,"max_hp_gain":0.0,"max_hp_loss":0.0,"gold_gain":75.0,"event_name":"World of Goop","player_choice":"Gather Gold","floor":2.0,"gold_loss":0.0,"damage_taken":11.0},{"cards_removed":["Strike_P"],"damage_healed":0.0,"max_hp_gain":0.0,"max_hp_loss":0.0,"gold_gain":0.0,"event_name":"Living Wall","player_choice":"Forget","floor":3.0,"gold_loss":0.0,"damage_taken":0.0},{"damage_healed":0,"gold_gain":0,"player_choice":"Shed Blood","damage_taken":18,"max_hp_gain":5,"max_hp_loss":0,"event_name":"Forgotten Altar","floor":20,"gold_loss":0}],"is_beta":false,"boss_relics":[{"not_picked":["Fusion Hammer","ChewingGum"],"picked":"Sozu"},{"not_picked":["Replay:Wanted Poster","VioletLotus"],"picked":"Tiny House"}],"items_purged_floors":[11,19,21,29,48],"is_endless":false,"potions_floor_spawned":[1,7,12,14,16,24,25,33,40,44,45],"killed_by":"Time Eater","ascension_level":1}}