{"host":"pmmuxs046gii331m","time":1612549484,"event":{"mods":["AchievementEnabler","BaseMod","Colored Powertips","Downfall","Gold Saver","Infinite Spire","Minty Spire (QoL Compilation)","Permanent Neow","Quick Restart","StSLib"],"gold_per_floor":[576,586,586,586,600,614,614,295,295,333,333,352,159,159,159,279,279,295,313,313,313,360,360,409,409,409,428,119,119,119,149,149,254,254,280,280,72,89,311,311,336,58,84,118,190,210,236,258,258,280],"floor_reached":51,"language":"ENG","playtime":4385,"items_purged":["Strike_R","Strike_R","Strike_R","Double Tap"],"score":770,"play_id":"1a51a0ab-007d-47d1-b998-eb9db1e02ef7","local_time":"20210205132444","is_ascension_mode":false,"campfire_choices":[{"data":"Barricade","floor":11,"key":"SMITH"},{"data":"Entrench","floor":15,"key":"SMITH"},{"data":"Flame Barrier","floor":23,"key":"SMITH"},{"data":"Shrug It Off","floor":25,"key":"SMITH"},{"data":"Strike_R","floor":29,"key":"PURGE"},{"data":"Combust","floor":32,"key":"SMITH"},{"data":"downfall:Bewildered","floor":40,"key":"PURGE"},{"data":"Strike_R","floor":49,"key":"PURGE"}],"circlet_count":0,"master_deck":["Defend_R","Defend_R","Defend_R","Defend_R","Bash","Iron Wave+1","Body Slam+1","Entrench+1","Barricade+1","Flame Barrier+1","Shrug It Off+1","Iron Wave+1","Body Slam+1","Combust+1"],"relics":["Burning Blood","Bloody Idol","Letter Opener","Matryoshka","Centennial Puzzle","Anchor","infinitespire:Midas Blood","SlaversCollar","sneckomod:BabySnecko","Red Mask","MealTicket","hexamod:CandleOfCauterizing","Incense Burner","Peace Pipe","Runic Pyramid","Membership Card","Shuriken","ClockworkSouvenir","infinitespire:WardingShard","Gremlin Horn"],"acts_visited":["Exordium","TheCity","TheBeyond"],"potions_floor_usage":[22,24,41,50],"damage_taken":[{"damage":6,"enemies":"Cultist","floor":1,"turns":3},{"damage":1,"enemies":"2 Louse","floor":2,"turns":3},{"damage":3,"enemies":"Small Slimes","floor":5,"turns":3},{"damage":2,"enemies":"Blue Slaver","floor":6,"turns":3},{"damage":35,"enemies":"3 Sentries","floor":10,"turns":12},{"damage":0,"enemies":"3 Louse","floor":12,"turns":5},{"damage":0,"enemies":"The Guardian","floor":16,"turns":8},{"damage":0,"enemies":"Chosen","floor":18,"turns":9},{"damage":5,"enemies":"Shell Parasite","floor":19,"turns":6},{"damage":48,"enemies":"Masked Bandits","floor":22,"turns":6},{"damage":73,"enemies":"Slavers","floor":24,"turns":8},{"damage":9,"enemies":"Chosen and Byrds","floor":27,"turns":6},{"damage":18,"enemies":"Snake Plant","floor":31,"turns":4},{"damage":5,"enemies":"Champ","floor":33,"turns":7},{"damage":30,"enemies":"3 Darklings","floor":35,"turns":5},{"damage":2,"enemies":"3 Shapes","floor":38,"turns":5},{"damage":11,"enemies":"Transient","floor":41,"turns":5},{"damage":5,"enemies":"Nemesis","floor":44,"turns":6},{"damage":18,"enemies":"3 Darklings","floor":46,"turns":4},{"damage":21,"enemies":"Jaw Worm Horde","floor":47,"turns":4},{"damage":1,"enemies":"Spire Growth","floor":48,"turns":4},{"damage":24,"enemies":"Awakened One","floor":50,"turns":11}],"seed_played":"-1524910916982619019","potions_obtained":[{"floor":6,"key":"GamblersBrew"},{"floor":16,"key":"SkillPotion"},{"floor":24,"key":"SteroidPotion"},{"floor":33,"key":"SpeedPotion"},{"floor":38,"key":"PowerPotion"},{"floor":44,"key":"hexamod:SoulburnPotion"}],"is_trial":false,"path_per_floor":["M","M","?","?","M","M","?","$","T","E","R","M","$","T","R","B",null,"M","M","?","?","?","R","E","R","T","M","$","R","?","M","R","B",null,"M","?","$","M","?","R","M","$","T","E","T","M","M","M","R","B",null],"character_chosen":"IRONCLAD","items_purchased":["Letter Opener","Shrug It Off","Iron Wave","Peace Pipe","Membership Card","Shuriken","ClockworkSouvenir"],"campfire_rested":0,"item_purchase_floors":[8,13,13,28,37,42,42],"current_hp_per_floor":[80,80,80,60,63,67,67,67,67,38,38,44,44,44,44,50,80,80,80,80,80,68,68,46,46,46,58,73,73,73,80,80,80,80,78,78,80,80,80,80,80,80,80,80,80,80,80,80,80,80],"gold":280,"neow_bonus":"ONE_RANDOM_RARE_CARD","is_daily":false,"chose_seed":false,"campfire_upgraded":5,"win_rate":0.0,"timestamp":1612549484,"path_taken":["M","?","?","?","M","M","?","$","T","E","R","M","$","?","R","BOSS","M","M","?","?","?","R","E","R","T","M","$","R","?","M","R","BOSS","M","?","$","?","?","R","M","?","T","E","?","?","M","M","R","BOSS"],"items_purchased_type":["Relic","Card","Card","Relic","Relic","Relic","Relic"],"build_version":"2020-12-22","purchased_purges":4,"victory":true,"max_hp_per_floor":[80,80,80,80,80,80,80,80,80,80,80,80,80,80,80,80,80,80,80,80,80,80,80,80,80,80,80,80,80,80,80,80,80,80,80,80,80,80,80,80,80,80,80,80,80,80,80,80,80,80],"card_choices":[{"not_picked":["Twin Strike","Battle Trance"],"picked":"Iron Wave","floor":1},{"not_picked":["Wild Strike","Bloodletting","Uppercut"],"picked":"SKIP","floor":2},{"not_picked":["Power Through","Flame Barrier"],"picked":"Body Slam","floor":5},{"not_picked":["Second Wind","Warcry"],"picked":"Entrench","floor":6},{"not_picked":["Blood for Blood","Pummel"],"picked":"Barricade","floor":10},{"not_picked":["Heavy Blade","Evolve"],"picked":"Flame Barrier","floor":12},{"not_picked":["Cleave","Heavy Blade","Shrug It Off"],"picked":"SKIP","floor":18},{"not_picked":["Flex+1","Clash","Demon Form"],"picked":"SKIP","floor":19},{"not_picked":["Shockwave+1","True Grit"],"picked":"Body Slam+1","floor":24},{"not_picked":["Wild Strike+1","Sword Boomerang+1"],"picked":"Combust","floor":27},{"not_picked":["Second Wind","Ghostly Armor","Dropkick"],"picked":"SKIP","floor":31},{"not_picked":["Seeing Red","Flame Barrier","Sword Boomerang+1"],"picked":"SKIP","floor":35},{"not_picked":["Armaments","Seeing Red+1","Fire Breathing+1"],"picked":"SKIP","floor":38},{"not_picked":["Clothesline+1","Wild Strike+1","Body Slam+1"],"picked":"SKIP","floor":41},{"not_picked":["Hemokinesis+1","Blood for Blood","Feel No Pain"],"picked":"SKIP","floor":44},{"not_picked":["Whirlwind","Wild Strike","Iron Wave+1"],"picked":"SKIP","floor":46},{"not_picked":["Blood for Blood","Anger","Twin Strike"],"picked":"SKIP","floor":47},{"not_picked":["Spot Weakness+1","Headbutt+1","Fire Breathing+1"],"picked":"SKIP","floor":48}],"player_experience":468505,"relics_obtained":[{"floor":9,"key":"Matryoshka"},{"floor":10,"key":"Centennial Puzzle"},{"floor":14,"key":"Anchor"},{"floor":14,"key":"infinitespire:Midas Blood"},{"floor":22,"key":"Red Mask"},{"floor":24,"key":"MealTicket"},{"floor":26,"key":"hexamod:CandleOfCauterizing"},{"floor":26,"key":"Incense Burner"},{"floor":44,"key":"infinitespire:WardingShard"},{"floor":45,"key":"Gremlin Horn"}],"event_choices":[{"damage_healed":0,"gold_gain":0,"player_choice":"Take Damage","damage_taken":20,"relics_obtained":["Golden Idol"],"max_hp_gain":0,"max_hp_loss":0,"event_name":"Golden Idol","floor":4,"gold_loss":0},{"damage_healed":0,"gold_gain":0,"player_choice":"Grow","damage_taken":0,"max_hp_gain":0,"max_hp_loss":0,"event_name":"Living Wall","floor":7,"gold_loss":0,"cards_upgraded":["Body Slam"]},{"damage_healed":0,"gold_gain":0,"player_choice":"Gave Idol","damage_taken":0,"relics_obtained":["Bloody Idol"],"max_hp_gain":0,"max_hp_loss":0,"event_name":"Forgotten Altar","floor":20,"relics_lost":["Golden Idol"],"gold_loss":0},{"damage_healed":0,"gold_gain":0,"player_choice":"Fought Bandits","damage_taken":0,"max_hp_gain":0,"max_hp_loss":0,"event_name":"Masked Bandits","floor":22,"gold_loss":0},{"damage_healed":0,"gold_gain":0,"player_choice":"Forge","damage_taken":0,"max_hp_gain":0,"max_hp_loss":0,"event_name":"Accursed Blacksmith","floor":36,"gold_loss":0,"cards_upgraded":["Iron Wave"]},{"damage_healed":0,"gold_gain":222,"player_choice":"Wore Mask","damage_taken":0,"max_hp_gain":0,"max_hp_loss":0,"event_name":"Tomb of Lord Red Mask","floor":39,"gold_loss":0}],"is_beta":false,"boss_relics":[{"not_picked":["Tiny House","Empty Cage"],"picked":"SlaversCollar"},{"not_picked":["Calling Bell","SacredBark"],"picked":"Runic Pyramid"}],"items_purged_floors":[8,13,37,42],"is_endless":false,"potions_floor_spawned":[6,16,24,33,38,44,46,47],"ascension_level":0}}