{"host":"v4tuy5ykrbdcm9o9","time":1612541772,"event":{"mods":["BaseMod","Duelist Mod","Minty Spire (QoL Compilation)","Replay The Spire","StSLib"],"gold_per_floor":[109,109,123,155,171,202,202,229,254,254,279,291,321,339,339,435,485,499,518,518,538,551,551,551],"floor_reached":23,"language":"ENG","playtime":2360,"items_purged":[],"score":301,"play_id":"2d345de1-293c-4a0d-b249-ebe96f9e0f77","local_time":"20210205111612","is_ascension_mode":true,"campfire_choices":[{"floor":7,"key":"RECALL"},{"data":"ReplayTheSpireMod:Omega Cannon","floor":10,"key":"SMITH"},{"floor":15,"key":"REST"}],"circlet_count":0,"master_deck":["Strike_B","Strike_B","Strike_B","Strike_B","Defend_B","Defend_B","Defend_B","Defend_B+1","Zap","Dualcast","Go for the Eyes","Steam","ReplayTheSpireMod:Splinters","Rip and Tear","Cold Snap+1","Turbo","ReplayTheSpireMod:Omega Cannon+1","Ball Lightning","Steam","Seek","Steam","Echo Form","Gash","Beam Cell","Buffer","Conserve Battery","Gash"],"relics":["Cracked Core","Bag of Marbles","Juzu Bracelet","Anchor","Orichalcum","DataDisk","Tiny House","GremlinMask"],"acts_visited":["Exordium","TheCity"],"potions_floor_usage":[6,6,6,11,16,16,19,23],"damage_taken":[{"damage":2,"enemies":"2 Louse","floor":1,"turns":2},{"damage":2,"enemies":"Small Slimes","floor":3,"turns":3},{"damage":2,"enemies":"Cultist","floor":5,"turns":2},{"damage":10,"enemies":"3 Sentries","floor":6,"turns":4},{"damage":9,"enemies":"Lagavulin","floor":8,"turns":7},{"damage":2,"enemies":"3 Sentries","floor":11,"turns":4},{"damage":1,"enemies":"Blue Slaver","floor":12,"turns":3},{"damage":17,"enemies":"Lagavulin","floor":13,"turns":4},{"damage":0,"enemies":"Exordium Thugs","floor":14,"turns":1},{"damage":41,"enemies":"Fading Forest","floor":16,"turns":11},{"damage":6,"enemies":"Spheric Guardian","floor":18,"turns":3},{"damage":0,"enemies":"Shell Parasite","floor":19,"turns":2},{"damage":13,"enemies":"Cultist and Chosen","floor":21,"turns":5},{"damage":17,"enemies":"Snake Plant","floor":22,"turns":4},{"damage":58,"enemies":"Gremlin Leader","floor":23,"turns":8}],"seed_played":"-2709144871199480546","potions_obtained":[{"floor":3,"key":"Dexterity Potion"},{"floor":4,"key":"Reflective Coating"},{"floor":4,"key":"Regen Potion"},{"floor":4,"key":"SteroidPotion"},{"floor":5,"key":"ColorlessPotion"},{"floor":8,"key":"Fire Potion"},{"floor":11,"key":"BlessingOfTheForge"},{"floor":14,"key":"SpeedPotion"},{"floor":17,"key":"FairyPotion"},{"floor":18,"key":"SteroidPotion"},{"floor":22,"key":"BlessingOfTheForge"}],"is_trial":false,"path_per_floor":["M","?","M","?","M","E","R","E","T","R","E","M","E","M","R","B",null,"M","M","?","M","M","E"],"character_chosen":"DEFECT","items_purchased":[],"campfire_rested":1,"item_purchase_floors":[],"current_hp_per_floor":[73,73,71,71,69,71,71,62,62,62,60,59,42,42,66,33,75,69,69,69,56,39,14,14],"gold":551,"neow_bonus":"TEN_PERCENT_HP_BONUS","is_daily":false,"chose_seed":false,"campfire_upgraded":1,"win_rate":0.0,"timestamp":1612541772,"path_taken":["M","?","M","?","M","E","R","E","T","R","E","M","E","M","R","BOSS","M","M","?","M","M","E"],"items_purchased_type":[],"build_version":"2020-12-22","purchased_purges":0,"victory":false,"max_hp_per_floor":[82,82,82,82,82,82,82,82,82,82,82,82,82,82,82,82,87,87,87,87,87,87,87,87],"card_choices":[{"not_picked":["Barrage","Turbo"],"picked":"Go for the Eyes","floor":1},{"not_picked":["Compile Driver","Barrage"],"picked":"Steam","floor":3},{"not_picked":["Chaos","ReplayTheSpireMod:Reroute Power"],"picked":"Rip and Tear","floor":4},{"not_picked":["Creative AI","Turbo"],"picked":"Cold Snap","floor":5},{"not_picked":["Barrage","Hello World"],"picked":"Turbo","floor":6},{"not_picked":["Static Discharge","Stack"],"picked":"ReplayTheSpireMod:Omega Cannon","floor":8},{"not_picked":["FIFO Queue","Stack"],"picked":"Ball Lightning","floor":11},{"not_picked":["Fusion","Scrape"],"picked":"Steam","floor":12},{"not_picked":["FIFO Queue","Rebound"],"picked":"Seek","floor":13},{"not_picked":["Turbo","Reinforced Body"],"picked":"Steam","floor":14},{"not_picked":["ReplayTheSpireMod:Omega Cannon","Rainbow"],"picked":"Echo Form","floor":16},{"not_picked":["Panic Button","Chill"],"picked":"Gash","floor":17},{"not_picked":["Coolheaded","Steam Power"],"picked":"Beam Cell","floor":18},{"not_picked":["Gash","Barrage"],"picked":"Buffer","floor":19},{"not_picked":["Consume","Force Field"],"picked":"Conserve Battery","floor":21},{"not_picked":["Rebound+1","Sweeping Beam"],"picked":"Gash","floor":22}],"player_experience":780980,"relics_obtained":[{"floor":6,"key":"Bag of Marbles"},{"floor":8,"key":"Juzu Bracelet"},{"floor":9,"key":"Anchor"},{"floor":11,"key":"Orichalcum"},{"floor":13,"key":"DataDisk"}],"event_choices":[{"damage_healed":0,"gold_gain":0,"player_choice":"Trade","damage_taken":0,"relics_obtained":["GremlinMask"],"max_hp_gain":0,"max_hp_loss":0,"event_name":"FaceTrader","floor":20,"gold_loss":0}],"is_beta":false,"boss_relics":[{"not_picked":["Runic Dome","Astrolabe"],"picked":"Tiny House"}],"items_purged_floors":[],"is_endless":false,"potions_floor_spawned":[3,5,8,11,14,18,22],"killed_by":"Gremlin Leader","ascension_level":7}}