{"host":"1bvadgc0hovl67h4","time":1612497555,"event":{"mods":["BaseMod","Colored Map","Downfall","Hermit","Minty Spire (QoL Compilation)","StSLib","The Cursed"],"gold_per_floor":[110,126,31,31,49,82,96,96,121,131,131,161,161,181,181,285,285,302,315,329,346,95,95,95,113,113,113,113,124,124,2,2,2,2],"floor_reached":33,"language":"ENG","playtime":2250,"items_purged":[],"score":284,"play_id":"d89ffa97-9cf8-4044-b29e-221546a32154","local_time":"20210204195915","is_ascension_mode":false,"campfire_choices":[{"floor":8,"key":"REST"},{"data":"hermit:Maintenance","floor":11,"key":"SMITH"},{"floor":13,"key":"REST"},{"data":"hermit:GoldenBullet","floor":15,"key":"SMITH"},{"floor":23,"key":"REST"},{"data":"hermit:Feint","floor":28,"key":"SMITH"},{"floor":32,"key":"REST"}],"circlet_count":0,"master_deck":["hermit:Strike_Hermit","hermit:Strike_Hermit","hermit:Strike_Hermit","hermit:Strike_Hermit","hermit:Defend_Hermit","hermit:Defend_Hermit","hermit:Defend_Hermit","hermit:Defend_Hermit","hermit:Snapshot","hermit:Covet","hermit:Deadeye","hermit:Dive","hermit:Glare","hermit:Snipe","hermit:Maintenance+1","hermit:CalledShot","hermit:Misfire","hermit:GoldenBullet+1","hermit:FinalCanter","hermit:Feint+1","hermit:Dive","hermit:Spite","hermit:GhostlyPresence+1","hermit:Grudge","hermit:Glare+1","hermit:Showdown"],"relics":["hermit:Momento","FaceOfCleric","Regal Pillow","Art of War","SlaversCollar","Bottled Lightning","HornCleat","InkBottle","MutagenicStrength","Nloth\u0027s Gift"],"acts_visited":["Exordium","TheCity"],"potions_floor_usage":[12,16,16,20,21,33],"damage_taken":[{"damage":10,"enemies":"Cultist","floor":1,"turns":4},{"damage":11,"enemies":"Jaw Worm","floor":2,"turns":2},{"damage":5,"enemies":"Small Slimes","floor":5,"turns":3},{"damage":44,"enemies":"Lagavulin","floor":6,"turns":7},{"damage":3,"enemies":"Exordium Thugs","floor":7,"turns":6},{"damage":9,"enemies":"Red Slaver","floor":10,"turns":4},{"damage":27,"enemies":"3 Sentries","floor":12,"turns":6},{"damage":16,"enemies":"Blue Slaver","floor":14,"turns":4},{"damage":22,"enemies":"The Guardian","floor":16,"turns":10},{"damage":18,"enemies":"Shell Parasite","floor":18,"turns":6},{"damage":6,"enemies":"Chosen","floor":19,"turns":4},{"damage":22,"enemies":"Centurion and Healer","floor":20,"turns":5},{"damage":25,"enemies":"Snake Plant","floor":21,"turns":3},{"damage":32,"enemies":"3 Cultists","floor":25,"turns":7},{"damage":32,"enemies":"Chosen and Byrds","floor":29,"turns":7},{"damage":62,"enemies":"Champ","floor":33,"turns":10}],"seed_played":"4384341238043858739","potions_obtained":[{"floor":1,"key":"Strength Potion"},{"floor":6,"key":"Explosive Potion"},{"floor":10,"key":"hermit:Eclipse"},{"floor":16,"key":"Fire Potion"},{"floor":20,"key":"Strength Potion"}],"is_trial":false,"path_per_floor":["M","M","$","?","M","E","M","R","T","M","R","E","R","M","R","B",null,"M","M","M","M","$","R","?","M","T","?","R","M","?","$","R","B"],"character_chosen":"HERMIT","items_purchased":["hermit:Glare","hermit:Brawl","Bottled Lightning","hermit:Showdown","ColorlessPotion"],"campfire_rested":4,"item_purchase_floors":[3,3,22,31,31],"current_hp_per_floor":[72,61,61,61,57,14,12,52,52,44,44,18,59,44,44,23,89,72,67,46,22,22,64,64,33,33,33,33,2,2,2,45,0,0],"gold":2,"neow_bonus":"TEN_PERCENT_HP_BONUS","is_daily":false,"chose_seed":false,"campfire_upgraded":3,"win_rate":0.0,"timestamp":1612497555,"path_taken":["M","M","?","?","M","E","?","R","T","M","R","E","R","M","R","BOSS","M","M","?","M","$","R","?","?","T","?","R","M","?","$","R","BOSS"],"items_purchased_type":["Card","Card","Relic","Card","Potion"],"build_version":"2020-12-22","purchased_purges":0,"victory":false,"max_hp_per_floor":[82,82,82,82,83,84,85,85,85,86,86,87,87,88,88,89,89,90,91,92,93,93,93,93,94,94,94,94,95,95,95,95,95,95],"card_choices":[{"not_picked":["hermit:Cheat","hermit:Coalescence"],"picked":"hermit:Deadeye","floor":1},{"not_picked":["hermit:WideOpen","hermit:HoleUp"],"picked":"hermit:Dive","floor":2},{"not_picked":["hermit:FullyLoaded","hermit:Manifest"],"picked":"hermit:Snipe","floor":5},{"not_picked":["hermit:Glare","hermit:Feint"],"picked":"hermit:Maintenance","floor":6},{"not_picked":["hermit:EyeOfTheStorm","hermit:Roulette"],"picked":"hermit:CalledShot","floor":7},{"not_picked":["hermit:LowProfile","hermit:Shortfuse"],"picked":"hermit:Misfire","floor":10},{"not_picked":["hermit:OverwhelmingPower","hermit:TakeCover"],"picked":"hermit:GoldenBullet","floor":12},{"not_picked":["hermit:Vantage","hermit:LowProfile","hermit:Maintenance"],"picked":"SKIP","floor":14},{"not_picked":["hermit:DeadOrAlive","hermit:Roughhouse"],"picked":"hermit:FinalCanter","floor":16},{"not_picked":["hermit:Maintenance","hermit:Dive"],"picked":"hermit:Feint","floor":18},{"not_picked":["hermit:SprayPray","hermit:ItchyTrigger"],"picked":"hermit:Dive","floor":19},{"not_picked":["hermit:NoHoldsBarred","hermit:Virtue"],"picked":"hermit:Spite","floor":20},{"not_picked":["hermit:WideOpen","hermit:Feint+1"],"picked":"hermit:GhostlyPresence+1","floor":21},{"not_picked":["hermit:Coalescence","hermit:BlackWind"],"picked":"hermit:Grudge","floor":25},{"not_picked":["hermit:Midnight","hermit:Dive"],"picked":"hermit:Glare+1","floor":29}],"player_experience":219580,"relics_obtained":[{"floor":6,"key":"Regal Pillow"},{"floor":9,"key":"Art of War"},{"floor":12,"key":"Pen Nib"},{"floor":26,"key":"InkBottle"}],"event_choices":[{"damage_healed":0,"gold_gain":0,"player_choice":"Trade","damage_taken":0,"relics_obtained":["FaceOfCleric"],"max_hp_gain":0,"max_hp_loss":0,"event_name":"FaceTrader","floor":4,"gold_loss":0},{"cards_removed":["hermit:Brawl"],"damage_healed":0,"gold_gain":0,"player_choice":"Gave Card","damage_taken":0,"relics_obtained":["HornCleat"],"max_hp_gain":0,"max_hp_loss":0,"event_name":"WeMeetAgain","floor":24,"gold_loss":0},{"damage_healed":0,"gold_gain":0,"player_choice":"Inject Mutagens","damage_taken":0,"relics_obtained":["MutagenicStrength"],"max_hp_gain":0,"max_hp_loss":0,"event_name":"Drug Dealer","floor":27,"gold_loss":0},{"damage_healed":0,"gold_gain":0,"player_choice":"Traded Relic","damage_taken":0,"relics_obtained":["Nloth\u0027s Gift"],"max_hp_gain":0,"max_hp_loss":0,"event_name":"N\u0027loth","floor":30,"relics_lost":["Pen Nib"],"gold_loss":0}],"is_beta":false,"boss_relics":[{"not_picked":["Black Star","SacredBark"],"picked":"SlaversCollar"}],"items_purged_floors":[],"is_endless":false,"potions_floor_spawned":[1,6,10,16,20],"killed_by":"Champ","ascension_level":0}}