{"host":"kh1j1cf337zr4nij","time":1612538471,"event":{"mods":["2.2 Compatiblity","AchievementEnabler","Act Like it!","Aspiration","BaseMod","Bestiary","CCEM2","Colored Map","Colored Powertips","Conspire","Downfall","Energized Spire","Fireblade Mod","Friendly Minions","GifTheSpireLib","Glutton Mod","Halation","Hermit","Highlight Path","Hubris","Jedi Mod","Mad Scientist","Marisa????????","Minty Spire (QoL Compilation)","Quick Restart","Random Character Button","Relic Stats","Reliquary","Shade Mod","Slumbering Mod","Spikes Relics","StSLib","Stuff the Spire","SuperFastMode","Synergy Search","The Construct","The Cursed","The Disciple","The Forsaken","The Hierophant","The Marked","The Mystic","The Runesmith","The Servant 0.9.4","The Spell Scribe","The Valiant","TheFirefly","Trackpad"],"gold_per_floor":[99,113,127,142,16,16,16,16,30,60,87,87,87,21,39,138,138,38,55,71,171,189,23,100,130,30,42,142,142,142,174,186,186,186,186],"floor_reached":33,"language":"ENG","playtime":2761,"items_purged":["Guardian:Strike_Guardian","Guardian:SpikerProtocol"],"score":285,"play_id":"03cadee8-608c-4ba6-800a-4b9ae4e3275f","local_time":"20210205102111","is_ascension_mode":false,"campfire_choices":[{"floor":1,"key":"RECALL"},{"data":"Guardian:CrystalBeam","floor":6,"key":"SMITH"},{"floor":12,"key":"REST"},{"data":"Guardian:WalkerClaw","floor":13,"key":"SMITH"},{"data":"Guardian:BronzeArmor","floor":18,"key":"SMITH"},{"data":"Guardian:EvasiveProtocol","floor":26,"key":"SMITH"}],"circlet_count":0,"master_deck":["Guardian:Strike_Guardian","Guardian:Defend_Guardian","Guardian:Defend_Guardian","Guardian:Defend_Guardian","Guardian:Defend_Guardian","Guardian:CurlUp","Guardian:TwinSlam","Guardian:FloatingOrbs","Guardian:CrystalBeam+1","Guardian:EvasiveProtocol+1","Guardian:BronzeArmor+1","Guardian:WalkerClaw+1","Guardian:PrimingBeam","Guardian:PiercingHide","Guardian:Orbwalk+1","Guardian:VentSteam","Guardian:Gem_Red","Guardian:BaubleBeam","Guardian:TemporalShield","J.A.X.","Guardian:DecasProtection+1","Guardian:Gem_Green"],"relics":["Guardian:ModeShifter","trackpad:AdjectivePendant","CCEMRelics:WhiteRose","reliquary:Knoch","aspiration:SecretTechniqueScroll","downfall:HeartBlessingRed","HornCleat","SpikesRelics:DaevaFist","downfall:HeartBlessingGreen","MutagenicStrength","InkBottle"],"acts_visited":["Exordium","TheCity"],"potions_floor_usage":[16,28,28],"damage_taken":[{"damage":1,"enemies":"theSlumbering:NewCultist","floor":2,"turns":5},{"damage":2,"enemies":"2 Louse","floor":3,"turns":3},{"damage":5,"enemies":"Small Slimes","floor":4,"turns":5},{"damage":5,"enemies":"downfall:FleeingMerchant","floor":5,"turns":4},{"damage":12,"enemies":"Gremlin Gang","floor":9,"turns":4},{"damage":17,"enemies":"3 Sentries","floor":10,"turns":7},{"damage":10,"enemies":"conspire:MimicChest","floor":11,"turns":6},{"damage":0,"enemies":"downfall:FleeingMerchant","floor":14,"turns":4},{"damage":7,"enemies":"Blue Slaver","floor":15,"turns":4},{"damage":46,"enemies":"DF_ARCHETYPE_STREAMLINE","floor":16,"turns":11},{"damage":0,"enemies":"Spheric Guardian","floor":19,"turns":4},{"damage":12,"enemies":"Shell Parasite","floor":20,"turns":5},{"damage":1,"enemies":"Snake Plant","floor":22,"turns":4},{"damage":15,"enemies":"downfall:FleeingMerchant","floor":23,"turns":4},{"damage":9,"enemies":"Book of Stabbing","floor":25,"turns":5},{"damage":0,"enemies":"3 Cultists","floor":27,"turns":5},{"damage":8,"enemies":"downfall:Augmenter","floor":28,"turns":6},{"damage":19,"enemies":"Gremlin Leader","floor":31,"turns":5},{"damage":3,"enemies":"Snecko","floor":32,"turns":3},{"damage":23,"enemies":"SI_MIRROR_ARCHETYPE","floor":33,"turns":4}],"seed_played":"482586143545097419","potions_obtained":[{"floor":2,"key":"SmokeBomb"},{"floor":3,"key":"DistilledChaos"},{"floor":10,"key":"jedi:wingpotion"},{"floor":16,"key":"Swift Potion"},{"floor":22,"key":"champ:CounterPotion"},{"floor":27,"key":"Guardian:DefensiveModePotion"}],"is_trial":false,"path_per_floor":["R","M","M","M","$","R","T","?","M","E","?","R","R","$","M","B",null,"R","M","M","?","M","$","T","E","R","M","?","R","?","E","M","B"],"character_chosen":"GUARDIAN","items_purchased":["Guardian:SpikerProtocol","Guardian:Gem_Red","Guardian:Gem_Cyan"],"campfire_rested":1,"item_purchase_floors":[5,14,23],"current_hp_per_floor":[88,87,85,80,75,75,75,75,63,46,36,62,62,62,55,9,88,88,88,76,76,75,60,60,51,51,51,43,43,43,24,21,0,0,0],"gold":186,"neow_bonus":"TEN_PERCENT_HP_BONUS","is_daily":false,"chose_seed":false,"campfire_upgraded":4,"win_rate":0.0,"timestamp":1612538471,"path_taken":["R","M","M","?","$","R","T","?","M","E","?","R","R","$","M","BOSS","R","M","?","?","M","$","T","E","R","?","?","R","?","E","M","BOSS"],"items_purchased_type":["Card","Card","Card"],"build_version":"2020-12-22","purchased_purges":2,"victory":false,"max_hp_per_floor":[88,88,88,88,88,88,88,88,88,88,88,88,88,88,88,88,88,88,88,88,88,88,88,88,88,88,88,88,88,88,88,88,88,88,88],"relic_stats":{"counters":[20,98],"obtain_stats":[{"downfall:BrokenWingStatue":8,"HornCleat":24,"downfall:HeartBlessingRed":18,"MutagenicStrength":28,"Guardian:ModeShifter":0,"downfall:HeartBlessingGreen":26,"SpikesRelics:DaevaFist":25,"trackpad:AdjectivePendant":7,"reliquary:Knoch":11,"aspiration:SecretTechniqueScroll":17,"CCEMRelics:WhiteRose":10,"InkBottle":31},{"downfall:BrokenWingStatue":4,"HornCleat":14,"downfall:HeartBlessingRed":10,"MutagenicStrength":17,"Guardian:ModeShifter":0,"downfall:HeartBlessingGreen":15,"SpikesRelics:DaevaFist":15,"trackpad:AdjectivePendant":4,"reliquary:Knoch":7,"aspiration:SecretTechniqueScroll":10,"CCEMRelics:WhiteRose":6,"InkBottle":18},{"downfall:BrokenWingStatue":17,"HornCleat":70,"downfall:HeartBlessingRed":53,"MutagenicStrength":86,"Guardian:ModeShifter":0,"downfall:HeartBlessingGreen":75,"SpikesRelics:DaevaFist":75,"trackpad:AdjectivePendant":17,"reliquary:Knoch":34,"aspiration:SecretTechniqueScroll":53,"CCEMRelics:WhiteRose":28,"InkBottle":91}],"InkBottle":[2]},"card_choices":[{"not_picked":["Guardian:Reroute","Guardian:TemporalStrike"],"picked":"Guardian:FloatingOrbs","floor":2},{"not_picked":["Guardian:Gem_Lightblue","Guardian:WalkerClaw"],"picked":"Guardian:Gem_Green","floor":3},{"not_picked":["Guardian:Gem_White","Guardian:Recover"],"picked":"Guardian:CrystalBeam","floor":4},{"not_picked":["Guardian:MultiBeam","Guardian:CrystalBeam"],"picked":"Guardian:EvasiveProtocol","floor":5},{"not_picked":["Guardian:FloatingOrbs","Guardian:Recover"],"picked":"Guardian:BronzeArmor","floor":9},{"not_picked":["Guardian:HyperBeam_Guardian","Guardian:CrystalBeam"],"picked":"Guardian:WalkerClaw","floor":10},{"not_picked":["Guardian:Gem_Purple","Guardian:Planning"],"picked":"Guardian:PrimingBeam","floor":14},{"not_picked":["Guardian:Incinerate","Guardian:GuardianWhirl"],"picked":"Guardian:PiercingHide","floor":15},{"not_picked":["Guardian:FierceBash","Guardian:ExploitGems"],"picked":"Guardian:Gem_Synthetic","floor":16},{"not_picked":["Guardian:PiercingHide","Guardian:WalkerClaw"],"picked":"Guardian:Orbwalk+1","floor":19},{"not_picked":["Guardian:Recover","Guardian:TimeBomb+1"],"picked":"Guardian:VentSteam","floor":20},{"not_picked":["Guardian:Gem_Fragmented","Guardian:PrimingBeam","Guardian:Gem_Yellow"],"picked":"SKIP","floor":22},{"not_picked":["Guardian:FloatingOrbs","Guardian:Repulse","Guardian:Suspension"],"picked":"SKIP","floor":23},{"not_picked":["Guardian:Gem_Lightblue","Guardian:Gem_Crimson"],"picked":"Guardian:Gem_Green","floor":25},{"not_picked":["Guardian:Gem_Lightblue","Guardian:PrimingBeam"],"picked":"Guardian:Gem_Red","floor":27},{"not_picked":[],"picked":"J.A.X.","floor":28},{"not_picked":["Guardian:TemporalStrike+1","Guardian:PrimingBeam"],"picked":"Guardian:DecasProtection+1","floor":31},{"not_picked":["Guardian:VentSteam","Guardian:PiercingHide+1"],"picked":"Guardian:Gem_Green","floor":32}],"player_experience":40439,"relics_obtained":[{"floor":7,"key":"trackpad:AdjectivePendant"},{"floor":10,"key":"CCEMRelics:WhiteRose"},{"floor":11,"key":"reliquary:Knoch"},{"floor":24,"key":"HornCleat"},{"floor":25,"key":"SpikesRelics:DaevaFist"},{"floor":28,"key":"MutagenicStrength"},{"floor":31,"key":"InkBottle"}],"event_choices":[{"damage_healed":0,"gold_gain":0,"player_choice":"Leave","damage_taken":0,"max_hp_gain":0,"max_hp_loss":0,"event_name":"conspire:Investor","floor":30,"gold_loss":0}],"is_beta":false,"boss_relics":[{"not_picked":["Runesmith:UraniumAnvil","jedi:battlestandard"],"picked":"aspiration:SecretTechniqueScroll"}],"items_purged_floors":[5,23],"is_endless":false,"potions_floor_spawned":[2,3,10,11,16,22,25,27,28],"killed_by":"SI_MIRROR_ARCHETYPE","ascension_level":0}}