{"host":"tpad8qsc9e0g0pa5","time":1612506871,"event":{"mods":["BaseMod","Minty Spire (QoL Compilation)","Quick Restart","StSLib","The Cursed"],"gold_per_floor":[13,29,41,53,53,53,81,101,101,101,114,114,129,129,129,129,129],"floor_reached":16,"language":"ZHS","playtime":2787,"items_purged":[],"score":117,"play_id":"9b85df6a-8b9b-4f75-8d65-f3f0f115a699","local_time":"20210205143431","is_ascension_mode":true,"campfire_choices":[{"data":"Phantasmal Killer","floor":6.0,"key":"SMITH"},{"floor":12.0,"key":"REST"},{"data":"Infinite Blades","floor":15.0,"key":"SMITH"}],"circlet_count":0,"master_deck":["Strike_G","Strike_G","Strike_G","Strike_G","Strike_G","Defend_G","Defend_G","Defend_G","Defend_G","Survivor","Neutralize","Phantasmal Killer+1","Infinite Blades+1","Reflex","Corpse Explosion","Terror","Die Die Die","Quick Slash","Bane","Tactician"],"relics":["Ring of the Snake","Art of War","Odd Mushroom","HornCleat","Golden Idol"],"acts_visited":["Exordium"],"potions_floor_usage":[16],"damage_taken":[{"damage":0.0,"enemies":"Cultist","floor":1.0,"turns":4.0},{"damage":0.0,"enemies":"Small Slimes","floor":2.0,"turns":3.0},{"damage":0.0,"enemies":"2 Louse","floor":3.0,"turns":3.0},{"damage":2.0,"enemies":"Exordium Wildlife","floor":4.0,"turns":3.0},{"damage":30.0,"enemies":"Gremlin Nob","floor":7.0,"turns":5.0},{"damage":0.0,"enemies":"The Mushroom Lair","floor":8.0,"turns":4.0},{"damage":0.0,"enemies":"Blue Slaver","floor":11.0,"turns":3.0},{"damage":0.0,"enemies":"Lots of Slimes","floor":13.0,"turns":1.0},{"damage":36,"enemies":"Slime Boss","floor":16,"turns":7}],"seed_played":"-3640951819804066112","potions_obtained":[{"floor":1.0,"key":"PowerPotion"},{"floor":2.0,"key":"DistilledChaos"},{"floor":4.0,"key":"EssenceOfSteel"},{"floor":7.0,"key":"Block Potion"},{"floor":8.0,"key":"ColorlessPotion"}],"is_trial":false,"path_per_floor":["M","M","M","M","?","R","E","?","T","?","M","R","M","?","R","B"],"character_chosen":"THE_SILENT","items_purchased":[],"campfire_rested":1,"item_purchase_floors":[],"current_hp_per_floor":[70,70,70,68,68,68,38,38,38,21,21,42,42,35,35,0,0],"gold":129,"neow_bonus":"THREE_RARE_CARDS","is_daily":false,"chose_seed":false,"campfire_upgraded":2,"win_rate":0.0,"timestamp":1612506871,"path_taken":["M","M","?","M","?","R","E","?","T","?","M","R","?","?","R","BOSS"],"items_purchased_type":[],"build_version":"2020-12-22","purchased_purges":0,"victory":false,"max_hp_per_floor":[70,70,70,70,70,70,70,70,70,70,70,70,70,70,70,70,70],"card_choices":[{"not_picked":["Doppelganger","Night Terror"],"picked":"Phantasmal Killer","floor":0.0},{"not_picked":["Deadly Poison","Underhanded Strike"],"picked":"Infinite Blades","floor":1.0},{"not_picked":["Underhanded Strike","Crippling Poison"],"picked":"Reflex","floor":2.0},{"not_picked":["Cloak And Dagger","Endless Agony"],"picked":"Corpse Explosion","floor":3.0},{"not_picked":["Bane","Cloak And Dagger"],"picked":"Terror","floor":4.0},{"not_picked":["Underhanded Strike","Accuracy"],"picked":"Die Die Die","floor":7.0},{"not_picked":["Dagger Throw","Setup"],"picked":"Quick Slash","floor":8.0},{"not_picked":["Outmaneuver","Deflect"],"picked":"Bane","floor":11.0},{"not_picked":["Terror","Prepared"],"picked":"Tactician","floor":13.0}],"player_experience":250185,"relics_obtained":[{"floor":7.0,"key":"Art of War"},{"floor":8.0,"key":"Odd Mushroom"},{"floor":9.0,"key":"HornCleat"}],"event_choices":[{"cards_removed":["Defend_G"],"damage_healed":0.0,"max_hp_gain":0.0,"max_hp_loss":0.0,"gold_gain":0.0,"event_name":"Living Wall","player_choice":"Forget","floor":5.0,"gold_loss":0.0,"damage_taken":0.0},{"damage_healed":0.0,"max_hp_gain":0.0,"max_hp_loss":0.0,"gold_gain":0.0,"event_name":"Mushrooms","player_choice":"Fought Mushrooms","floor":8.0,"gold_loss":0.0,"damage_taken":0.0},{"damage_healed":0.0,"max_hp_gain":0.0,"max_hp_loss":0.0,"gold_gain":0.0,"event_name":"Golden Idol","player_choice":"Take Damage","floor":10.0,"gold_loss":0.0,"damage_taken":17.0,"relics_obtained":["Golden Idol"]},{"damage_healed":0.0,"max_hp_gain":0.0,"max_hp_loss":0.0,"gold_gain":0.0,"event_name":"Wheel of Change","player_choice":"Damaged","floor":14.0,"gold_loss":0.0,"damage_taken":7.0}],"is_beta":false,"boss_relics":[],"items_purged_floors":[],"is_endless":false,"potions_floor_spawned":[1,2,4,7,8],"killed_by":"Slime Boss","ascension_level":3}}