{"host":"2zjdcgw4be5n15ja","time":1612560091,"event":{"mods":["AchievementEnabler","BaseMod","Better Skull","Better Third Choice","BetterRewards","Block Reminder","Hermit","Marisa????????","Minty Spire (QoL Compilation)","Poor People Problems","Quick Restart","Rare Cards Sparkle","Reimu??????","Relic Stats","Reliquary","StSLib","The Runesmith","The Senshi","TheFirefly","Yakumo Yukari mod"],"gold_per_floor":[119,119,144,164,29,29,43,84,84,49,49,73,151,174,174,305,305,319,319,370,5,19,53,53,53,53,66,66,31,31,54,54,54,54],"floor_reached":33,"language":"ENG","playtime":2756,"items_purged":[],"score":265,"play_id":"28896cdb-a4aa-45b3-bd13-d42cb1a331fc","local_time":"20210206102131","is_ascension_mode":false,"campfire_choices":[{"floor":6,"key":"RECALL"},{"floor":15,"key":"REST"},{"data":"ClearTheMind","floor":24,"key":"SMITH"},{"floor":32,"key":"REST"}],"circlet_count":0,"master_deck":["Strike_P+1","Strike_P+1","Strike_P+1","Strike_P+1","Defend_P+1","Defend_P+1","Defend_P+1","Defend_P+1","Eruption","Vigilance","Conclude","Injury","FlurryOfBlows","FlurryOfBlows","Consecrate","EmptyMind","ClearTheMind+1","CarveReality","SandsOfTime","Crescendo","Halt","SpiritShield","ThirdEye+1","LikeWater","SignatureMove","Crescendo+1","Weave","DeceiveReality+1","FearNoEvil","Indignation"],"relics":["PureWater","Golden Idol","Pen Nib","reliquary:KinkedSpring","Tiny Chest","Tea:ReiMu","WingedGreaves","CaptainsWheel","Frozen Egg 2"],"acts_visited":["Exordium","TheCity"],"potions_floor_usage":[8,16,23,23,31,33],"damage_taken":[{"damage":14,"enemies":"Small Slimes","floor":1,"turns":2},{"damage":9,"enemies":"2 Louse","floor":3,"turns":2},{"damage":1,"enemies":"Cultist","floor":4,"turns":4},{"damage":9,"enemies":"2 Fungi Beasts","floor":7,"turns":3},{"damage":12,"enemies":"3 Sentries","floor":8,"turns":4},{"damage":7,"enemies":"Blue Slaver","floor":12,"turns":3},{"damage":15,"enemies":"Exordium Wildlife","floor":14,"turns":2},{"damage":40,"enemies":"Hexaghost","floor":16,"turns":7},{"damage":11,"enemies":"3 Byrds","floor":18,"turns":5},{"damage":0,"enemies":"Chosen","floor":22,"turns":3},{"damage":9,"enemies":"Book of Stabbing","floor":23,"turns":5},{"damage":25,"enemies":"Centurion and Healer","floor":27,"turns":5},{"damage":21,"enemies":"Snake Plant","floor":31,"turns":2},{"damage":59,"enemies":"Automaton","floor":33,"turns":6}],"seed_played":"-4649850054298061222","potions_obtained":[{"floor":1,"key":"Strength Potion"},{"floor":8,"key":"Energy Potion"},{"floor":12,"key":"LiquidMemories"},{"floor":16,"key":"CultistPotion"},{"floor":18,"key":"StancePotion"},{"floor":31,"key":"Strength Potion"}],"is_trial":false,"path_per_floor":["M","?","M","M","$","R","M","E","T","?","?","M","?","M","R","B",null,"M","?","T","$","M","E","R","?","T","M","T","$","?","M","R","B"],"character_chosen":"WATCHER","items_purchased":["Consecrate","EmptyMind","ClearTheMind","LikeWater","Tea:ReiMu","SignatureMove","FearNoEvil"],"campfire_rested":2,"item_purchase_floors":[5,5,5,21,21,21,29],"current_hp_per_floor":[65,65,56,55,55,55,46,34,34,53,53,46,46,31,54,14,79,68,68,68,68,68,59,59,59,59,34,34,34,34,13,36,0,0],"gold":54,"neow_bonus":"TEN_PERCENT_HP_BONUS","is_daily":false,"chose_seed":false,"campfire_upgraded":1,"win_rate":0.0,"timestamp":1612560091,"path_taken":["M","?","M","M","$","R","M","E","T","?","?","?","?","M","R","BOSS","M","?","?","?","M","E","R","?","T","?","?","$","?","M","R","BOSS"],"items_purchased_type":["Card","Card","Card","Card","Relic","Card","Card"],"build_version":"2020-12-22","purchased_purges":0,"victory":false,"max_hp_per_floor":[79,79,79,79,79,79,79,79,79,79,79,79,79,79,79,79,79,79,79,79,79,79,79,79,79,79,79,79,79,79,79,79,79,79],"relic_stats":{"counters":[14,53],"Golden Idol":77,"Tiny Chest":1,"Pen Nib":[12],"obtain_stats":[{"reliquary:KinkedSpring":17,"CaptainsWheel":26,"Golden Idol":2,"Tea:ReiMu":21,"Tiny Chest":20,"Pen Nib":8,"WingedGreaves":23,"PureWater":0,"Frozen Egg 2":28},{"reliquary:KinkedSpring":8,"CaptainsWheel":11,"Golden Idol":1,"Tea:ReiMu":9,"Tiny Chest":9,"Pen Nib":5,"WingedGreaves":11,"PureWater":0,"Frozen Egg 2":12},{"reliquary:KinkedSpring":27,"CaptainsWheel":40,"Golden Idol":2,"Tea:ReiMu":32,"Tiny Chest":32,"Pen Nib":15,"WingedGreaves":40,"PureWater":0,"Frozen Egg 2":45}]},"card_choices":[{"not_picked":["Fasting2","PathToVictory"],"picked":"Conclude","floor":1},{"not_picked":["SashWhip","SignatureMove"],"picked":"FlurryOfBlows","floor":3},{"not_picked":["Evaluate","CrushJoints"],"picked":"FlurryOfBlows","floor":4},{"not_picked":["FlyingSleeves","CrushJoints"],"picked":"Evaluate","floor":7},{"not_picked":["BowlingBash","Worship"],"picked":"CarveReality","floor":8},{"not_picked":["BowlingBash","EmptyBody"],"picked":"Crescendo","floor":12},{"not_picked":["PathToVictory","Pray"],"picked":"Halt","floor":14},{"not_picked":["Wish","LessonLearned"],"picked":"SpiritShield","floor":16},{"not_picked":["SandsOfTime+1","Wallop"],"picked":"ThirdEye+1","floor":18},{"not_picked":["EmptyBody+1","Consecrate"],"picked":"Crescendo+1","floor":22},{"not_picked":["JustLucky","Tantrum"],"picked":"Weave","floor":23},{"not_picked":["Evaluate+1","SashWhip"],"picked":"DeceiveReality+1","floor":27},{"not_picked":["Protect","ThirdEye"],"picked":"Indignation","floor":31}],"player_experience":392915,"relics_obtained":[{"floor":8,"key":"Pen Nib"},{"floor":20,"key":"Tiny Chest"},{"floor":23,"key":"WingedGreaves"},{"floor":26,"key":"CaptainsWheel"},{"floor":28,"key":"Frozen Egg 2"}],"event_choices":[{"damage_healed":0,"gold_gain":0,"player_choice":"Take Wound","damage_taken":0,"relics_obtained":["Golden Idol"],"max_hp_gain":0,"max_hp_loss":0,"event_name":"Golden Idol","floor":2,"gold_loss":0,"cards_obtained":["Injury"]},{"damage_healed":19,"gold_gain":0,"player_choice":"Healed","damage_taken":0,"max_hp_gain":0,"max_hp_loss":0,"event_name":"The Cleric","floor":10,"gold_loss":35},{"damage_healed":0,"gold_gain":0,"cards_transformed":["Evaluate"],"player_choice":"Transformed","damage_taken":0,"max_hp_gain":0,"max_hp_loss":0,"event_name":"Transmorgrifier","floor":11,"gold_loss":0,"cards_obtained":["SandsOfTime"]},{"damage_healed":0,"gold_gain":78,"player_choice":"Gained Gold","damage_taken":0,"max_hp_gain":0,"max_hp_loss":0,"event_name":"Golden Wing","floor":13,"gold_loss":0},{"damage_healed":0,"gold_gain":0,"player_choice":"Ignored","damage_taken":0,"max_hp_gain":0,"max_hp_loss":0,"event_name":"Vampires","floor":19,"gold_loss":0},{"damage_healed":0,"gold_gain":0,"player_choice":"Ignored","damage_taken":0,"max_hp_gain":0,"max_hp_loss":0,"event_name":"Ghosts","floor":25,"gold_loss":0},{"damage_healed":0,"gold_gain":0,"player_choice":"Simplicity","damage_taken":0,"max_hp_gain":0,"max_hp_loss":8,"event_name":"betterThird:BetterWriting","floor":30,"gold_loss":0}],"is_beta":false,"boss_relics":[{"not_picked":["Velvet Choker","Snecko Eye"],"picked":"reliquary:KinkedSpring"}],"items_purged_floors":[],"is_endless":false,"potions_floor_spawned":[1,8,12,16,18,31],"killed_by":"Automaton","ascension_level":0}}