{"host":"q0qnzbgdx8oqogg9","time":1612495979,"event":{"mods":["BaseMod","Minty Spire (QoL Compilation)","StSLib"],"gold_per_floor":[10,29,29,44,57,57,86,86,86,102,127,402,413,424,424,526,526,538,556,589,234,234,234,248,60,60,94,103,144,144,172,172,172,172],"floor_reached":33,"language":"ENG","playtime":1107,"items_purged":["Regret"],"score":446,"play_id":"4250158a-2c58-49de-99a7-47420b976d8c","local_time":"20210204223259","is_ascension_mode":true,"campfire_choices":[{"data":"Capacitor","floor":6.0,"key":"SMITH"},{"data":"Barrage","floor":8.0,"key":"SMITH"},{"floor":15.0,"key":"DIG"},{"floor":23,"key":"DIG"},{"floor":32,"key":"DIG"}],"circlet_count":0,"master_deck":["AscendersBane","Strike_B","Strike_B+1","Strike_B+1","Defend_B","Defend_B","Defend_B","Zap+1","Dualcast","Rip and Tear","Capacitor+1","Cold Snap","Barrage+1","Coolheaded","Seek","Go for the Eyes","Electrodynamics","Rebound+1","Defragment","Self Repair","Coolheaded","RitualDagger","Loop","Conserve Battery","Finesse","Fission","Defragment"],"relics":["Cracked Core","Meat on the Bone","Du-Vu Doll","Shovel","Boot","Fusion Hammer","Red Mask","Orichalcum","Juzu Bracelet","Anchor","Whetstone","CeramicFish","Letter Opener","MealTicket"],"acts_visited":["Exordium","TheCity"],"potions_floor_usage":[24],"damage_taken":[{"damage":7.0,"enemies":"Jaw Worm","floor":1.0,"turns":3.0},{"damage":0.0,"enemies":"2 Louse","floor":2.0,"turns":2.0},{"damage":1.0,"enemies":"Cultist","floor":4.0,"turns":3.0},{"damage":10.0,"enemies":"Looter","floor":5.0,"turns":3.0},{"damage":11.0,"enemies":"3 Sentries","floor":7.0,"turns":4.0},{"damage":3.0,"enemies":"3 Louse","floor":10.0,"turns":3.0},{"damage":24.0,"enemies":"Lagavulin","floor":11.0,"turns":5.0},{"damage":23.0,"enemies":"Lots of Slimes","floor":13.0,"turns":4.0},{"damage":3.0,"enemies":"Blue Slaver","floor":14.0,"turns":3.0},{"damage":21.0,"enemies":"Hexaghost","floor":16.0,"turns":8.0},{"damage":2.0,"enemies":"3 Byrds","floor":18.0,"turns":2.0},{"damage":22.0,"enemies":"Shell Parasite","floor":19.0,"turns":4.0},{"damage":16,"enemies":"Masked Bandits","floor":20,"turns":3},{"damage":12,"enemies":"Snake Plant","floor":24,"turns":4},{"damage":12,"enemies":"Slavers","floor":27,"turns":5},{"damage":22,"enemies":"Book of Stabbing","floor":29,"turns":5},{"damage":9,"enemies":"Snecko","floor":31,"turns":5},{"damage":35,"enemies":"Champ","floor":33,"turns":5}],"seed_played":"7261519041617148572","potions_obtained":[{"floor":1.0,"key":"Dexterity Potion"},{"floor":5.0,"key":"AttackPotion"},{"floor":7.0,"key":"DuplicationPotion"},{"floor":18.0,"key":"Dexterity Potion"},{"floor":20,"key":"EssenceOfDarkness"},{"floor":29,"key":"Strength Potion"}],"is_trial":false,"path_per_floor":["M","M","?","M","M","R","E","R","T","M","E","?","M","M","R","B",null,"M","M","?","$","?","R","M","$","T","E","?","E","?","M","R","B"],"character_chosen":"DEFECT","items_purchased":["Self Repair","Orichalcum","Coolheaded","Loop","Anchor"],"campfire_rested":0,"item_purchase_floors":[21,21,21,25,25],"current_hp_per_floor":[61,61,61,60,50,50,39,39,39,48,36,36,25,34,34,25,63,61,39,35,35,29,29,43,43,43,50,38,35,21,31,31,0,0],"gold":172,"neow_bonus":"REMOVE_TWO","is_daily":false,"chose_seed":false,"campfire_upgraded":2,"win_rate":0.0,"timestamp":1612495979,"path_taken":["M","M","?","M","M","R","E","R","T","M","E","?","M","M","R","BOSS","M","M","?","$","?","R","M","$","T","E","?","E","?","M","R","BOSS"],"items_purchased_type":["Card","Relic","Card","Card","Relic"],"build_version":"2020-12-22","purchased_purges":1,"victory":false,"max_hp_per_floor":[75,75,75,75,75,75,75,75,75,75,75,75,75,75,75,75,75,75,75,75,75,75,75,75,75,75,75,75,75,80,80,80,80,80],"card_choices":[{"not_picked":["Hologram","Undo"],"picked":"Rip and Tear","floor":1.0},{"not_picked":["Double Energy","Consume"],"picked":"Capacitor","floor":2.0},{"not_picked":["Turbo","Self Repair"],"picked":"Cold Snap","floor":4.0},{"not_picked":["Skim","Streamline"],"picked":"Barrage","floor":5.0},{"not_picked":["Steam Power","Darkness","Storm"],"picked":"SKIP","floor":7.0},{"not_picked":["Chill","Cold Snap"],"picked":"Coolheaded","floor":10.0},{"not_picked":["Storm","Genetic Algorithm"],"picked":"Seek","floor":11.0},{"not_picked":["Melter","Gash"],"picked":"Go for the Eyes","floor":13.0},{"not_picked":["Ball Lightning","Leap","Steam"],"picked":"SKIP","floor":14.0},{"not_picked":["Buffer","Amplify"],"picked":"Electrodynamics","floor":16.0},{"not_picked":["BootSequence","Beam Cell","Aggregate"],"picked":"SKIP","floor":18.0},{"not_picked":["Turbo+1","Storm"],"picked":"Rebound+1","floor":19.0},{"not_picked":["Compile Driver","Doom and Gloom"],"picked":"Defragment","floor":20},{"not_picked":["Go for the Eyes","Hologram","Chill"],"picked":"SKIP","floor":24},{"not_picked":["Ball Lightning","Melter"],"picked":"Conserve Battery","floor":27},{"not_picked":["Beam Cell","Hello World"],"picked":"Fission","floor":29},{"not_picked":["Turbo+1","Compile Driver"],"picked":"Defragment","floor":31}],"player_experience":332719,"relics_obtained":[{"floor":7.0,"key":"Meat on the Bone"},{"floor":9.0,"key":"Du-Vu Doll"},{"floor":11.0,"key":"Shovel"},{"floor":15.0,"key":"Boot"},{"floor":20,"key":"Red Mask"},{"floor":23,"key":"Juzu Bracelet"},{"floor":26,"key":"Whetstone"},{"floor":27,"key":"CeramicFish"},{"floor":29,"key":"Letter Opener"},{"floor":32,"key":"MealTicket"}],"event_choices":[{"damage_healed":0.0,"max_hp_gain":0.0,"max_hp_loss":0.0,"gold_gain":0.0,"event_name":"Living Wall","player_choice":"Grow","floor":3.0,"gold_loss":0.0,"damage_taken":0.0,"cards_upgraded":["Zap"]},{"damage_healed":0.0,"max_hp_gain":0.0,"max_hp_loss":0.0,"gold_gain":275.0,"event_name":"Golden Shrine","player_choice":"Desecrate","floor":12.0,"gold_loss":0.0,"damage_taken":0.0,"cards_obtained":["Regret"]},{"damage_healed":0,"gold_gain":0,"player_choice":"Fought Bandits","damage_taken":0,"max_hp_gain":0,"max_hp_loss":0,"event_name":"Masked Bandits","floor":20,"gold_loss":0},{"damage_healed":0,"gold_gain":0,"player_choice":"Joined the Cult","damage_taken":6,"max_hp_gain":0,"max_hp_loss":0,"event_name":"Nest","floor":22,"gold_loss":0,"cards_obtained":["RitualDagger"]},{"damage_healed":0,"gold_gain":0,"player_choice":"CARD ","damage_taken":12,"max_hp_gain":0,"max_hp_loss":0,"event_name":"Knowing Skull","floor":28,"potions_obtained":[],"gold_loss":0,"cards_obtained":["Finesse"]},{"damage_healed":0,"gold_gain":0,"player_choice":"Shed Blood","damage_taken":19,"max_hp_gain":5,"max_hp_loss":0,"event_name":"Forgotten Altar","floor":30,"gold_loss":0}],"is_beta":false,"boss_relics":[{"not_picked":["SlaversCollar","Empty Cage"],"picked":"Fusion Hammer"}],"items_purged_floors":[21],"is_endless":false,"potions_floor_spawned":[1,5,7,18,20,29,31],"killed_by":"Champ","ascension_level":10}}