{"host":"egwexuw5uvnxf11j","time":1612490790,"event":{"mods":["2.2 Compatiblity","Aspiration","BaseMod","Better Altar","Better Note","Better Sensory Stone","Better Third Choice","Displayed Cursed Tome","Downfall","Hermit","Key Reminder","Koishi","Marisa????????","Minty Spire (QoL Compilation)","Quick Restart","Shade Mod","Spicy Shops","StSLib","The Construct","The Cursed","The Hierophant","The Runesmith","The Senshi","The Servant 0.9.4","Transform Curses"],"gold_per_floor":[109,119,119,27,43,43,62,62,62,73,86,117,137,121,121,221,221,234,247,141,157,157,182,182,216,240,240,240],"floor_reached":27,"language":"ENG","playtime":996,"items_purged":[],"score":294,"play_id":"85726455-2dcb-4cd1-bfed-1afd3a6e38e9","local_time":"20210204210630","is_ascension_mode":true,"campfire_choices":[{"data":"hermit:Determination","floor":6,"key":"SMITH"},{"floor":8,"key":"REST"},{"floor":15,"key":"REST"},{"floor":24,"key":"RECALL"}],"circlet_count":0,"master_deck":["hermit:Strike_Hermit+1","hermit:Strike_Hermit+1","hermit:Strike_Hermit+1","hermit:Strike_Hermit+1","hermit:Defend_Hermit+1","hermit:Defend_Hermit+1","hermit:Defend_Hermit+1","hermit:Defend_Hermit+1","hermit:Snapshot","hermit:Covet","hermit:SprayPray","hermit:Malice","hermit:Determination+1","hermit:Quickdraw","hermit:Misfire","hermit:Magnum","hermit:SprayPray","hermit:CursedWeapon","hermit:Glare+1","hermit:Brawl","hermit:Dissolve+1","hermit:FinalCanter","hermit:Dive+1","hermit:Desperado","hermit:Grudge","Barrage+1","hermit:Deadeye","hermit:HoleUp+1"],"relics":["hermit:Momento","hermit:RyeStalk","Toxic Egg 2","Runesmith:Nanobots","keyreminder:keyreminder","aspiration:DefectSkillbook","aspiration:Lifesprig","Shuriken","Bronze Scales"],"acts_visited":["Exordium","TheCity"],"potions_floor_usage":[12,16,16,16,21],"damage_taken":[{"damage":0,"enemies":"2 Louse","floor":1,"turns":2},{"damage":1,"enemies":"Cultist","floor":2,"turns":3},{"damage":9,"enemies":"Small Slimes","floor":5,"turns":3},{"damage":29,"enemies":"Gremlin Gang","floor":7,"turns":4},{"damage":2,"enemies":"Looter","floor":10,"turns":3},{"damage":10,"enemies":"Exordium Wildlife","floor":11,"turns":4},{"damage":25,"enemies":"Lagavulin","floor":12,"turns":5},{"damage":0,"enemies":"Blue Slaver","floor":13,"turns":2},{"damage":29,"enemies":"Slime Boss","floor":16,"turns":7},{"damage":2,"enemies":"Spheric Guardian","floor":18,"turns":3},{"damage":6,"enemies":"Chosen","floor":19,"turns":4},{"damage":12,"enemies":"Centurion and Healer","floor":21,"turns":5},{"damage":2,"enemies":"Gremlin Leader","floor":23,"turns":6},{"damage":40,"enemies":"Slavers","floor":25,"turns":4},{"damage":14,"enemies":"Snake Plant","floor":27,"turns":2}],"seed_played":"-7792673260092210977","potions_obtained":[{"floor":5,"key":"Dexterity Potion"},{"floor":10,"key":"SkillPotion"},{"floor":12,"key":"hexamod:SoulburnPotion"},{"floor":13,"key":"hermit:Tonic"},{"floor":16,"key":"hexamod:SoulburnPotion"},{"floor":21,"key":"BlessingOfTheForge"},{"floor":23,"key":"Guardian:BlockOnCardUsePotion"}],"is_trial":false,"path_per_floor":["M","M","?","$","M","R","M","R","T","M","M","E","M","$","R","B",null,"M","M","$","M","?","E","R","E","T","M"],"character_chosen":"HERMIT","items_purchased":["hermit:Determination","hermit:Quickdraw","hermit:Dissolve+1","hermit:Grudge"],"campfire_rested":2,"item_purchase_floors":[4,4,14,20],"current_hp_per_floor":[75,74,74,74,65,65,36,58,58,56,46,21,21,21,43,14,75,73,67,67,55,55,53,53,13,13,0,0],"gold":240,"neow_bonus":"RANDOM_COMMON_RELIC","is_daily":false,"chose_seed":false,"campfire_upgraded":1,"win_rate":0.0,"timestamp":1612490790,"path_taken":["M","M","?","$","M","R","?","R","T","M","M","E","M","$","R","BOSS","M","M","$","M","?","E","R","E","T","M"],"items_purchased_type":["Card","Card","Card","Card"],"build_version":"2020-12-22","purchased_purges":0,"victory":false,"max_hp_per_floor":[75,75,75,75,75,75,75,75,75,75,75,75,75,75,75,75,75,75,75,75,75,75,75,75,75,75,75,75],"card_choices":[{"not_picked":["hermit:Manifest","hermit:Dive"],"picked":"hermit:SprayPray","floor":1},{"not_picked":["hermit:DeadMansHand","hermit:Dive"],"picked":"hermit:Malice","floor":2},{"not_picked":["hermit:CursedWeapon","hermit:Feint"],"picked":"hermit:Misfire","floor":5},{"not_picked":["hermit:Cheat","hermit:HoleUp"],"picked":"hermit:Magnum","floor":7},{"not_picked":["hermit:HoleUp+1","hermit:CalledShot"],"picked":"hermit:SprayPray","floor":10},{"not_picked":["hermit:Combo","hermit:WideOpen"],"picked":"hermit:CursedWeapon","floor":11},{"not_picked":["hermit:BodyArmor+1","hermit:LuckOfTheDraw+1"],"picked":"hermit:Glare+1","floor":12},{"not_picked":["hermit:Scavenge+1","hermit:BodyArmor+1"],"picked":"hermit:Brawl","floor":13},{"not_picked":["hermit:OverwhelmingPower","hermit:FromBeyond+1"],"picked":"hermit:FinalCanter","floor":16},{"not_picked":["Glacier+1","hermit:CalledShot","hermit:CursedWeapon+1"],"picked":"hermit:Dive+1","floor":18},{"not_picked":["hermit:Coalescence+1","Turbo+1","hermit:Vantage+1"],"picked":"hermit:Desperado","floor":19},{"not_picked":["hermit:Misfire","hermit:FullyLoaded+1","hermit:Manifest+1"],"picked":"Barrage+1","floor":21},{"not_picked":["Hologram+1","Rebound","hermit:HighCaliber"],"picked":"hermit:Deadeye","floor":23},{"not_picked":["hermit:EyeOfTheStorm+1","hermit:GoldenBullet","hermit:Spite"],"picked":"hermit:HoleUp+1","floor":25}],"player_experience":2321692,"relics_obtained":[{"floor":9,"key":"Toxic Egg 2"},{"floor":12,"key":"Runesmith:Nanobots"},{"floor":23,"key":"aspiration:Lifesprig"},{"floor":25,"key":"Shuriken"},{"floor":26,"key":"Bronze Scales"}],"event_choices":[{"damage_healed":0,"gold_gain":0,"player_choice":"0 cards matched","damage_taken":0,"max_hp_gain":0,"max_hp_loss":0,"event_name":"Match and Keep!","floor":3,"gold_loss":0,"cards_obtained":[]},{"damage_healed":0,"gold_gain":0,"player_choice":"Simplicity","damage_taken":0,"max_hp_gain":0,"max_hp_loss":8,"event_name":"betterThird:BetterWriting","floor":22,"gold_loss":0}],"is_beta":false,"boss_relics":[{"not_picked":["Ectoplasm","Empty Cage"],"picked":"aspiration:DefectSkillbook"}],"items_purged_floors":[],"is_endless":false,"potions_floor_spawned":[5,10,12,13,16,21,23],"killed_by":"Snake Plant","ascension_level":1}}