{"host":"21ilc3txkeir89i9","time":1612565495,"event":{"mods":["BaseMod","BetterRewards","Block Reminder","Card Forge","Hermit","Minty Spire (QoL Compilation)","Spicy Shops","StSLib","The Jungle"],"gold_per_floor":[111,126,126,143,143,168,168,181,181,200,225,225,225,235,235,331,331,349,349,349],"floor_reached":19,"language":"ENG","playtime":1159,"items_purged":[],"score":307,"play_id":"dfa73524-3b5f-421f-9510-da56403554c4","local_time":"20210205145135","is_ascension_mode":true,"campfire_choices":[{"floor":7,"key":"RECALL"},{"floor":13,"key":"REST"},{"floor":15,"key":"REST"}],"circlet_count":0,"master_deck":["Strike_P+1","Strike_P+1","Strike_P+1","Defend_P+1","Defend_P+1","Defend_P+1","Defend_P+1","Eruption+1","Vigilance+1","Flash of Steel+1","Worship+1","EmptyFist+1","Protect+1","FlyingSleeves+1","Vault+1","EmptyBody+1","Pray+1","FearNoEvil+1","FearNoEvil+1","ThirdEye+1","DevaForm+1","Tantrum+1"],"relics":["HolyWater","Hammer of Thor","Seething Fire","Anvil of the Gods","Damaru","Yang","Ginger","Pantograph","StoneCalendar"],"acts_visited":["Exordium","Exordium"],"potions_floor_usage":[18],"damage_taken":[{"damage":4,"enemies":"Small Slimes","floor":1,"turns":2},{"damage":0,"enemies":"2 Louse","floor":2,"turns":2},{"damage":0,"enemies":"Cultist","floor":4,"turns":3},{"damage":2,"enemies":"Lagavulin","floor":6,"turns":5},{"damage":0,"enemies":"Blue Slaver","floor":8,"turns":3},{"damage":9,"enemies":"Lots of Slimes","floor":10,"turns":4},{"damage":8,"enemies":"3 Sentries","floor":11,"turns":6},{"damage":0,"enemies":"Large Slime","floor":14,"turns":4},{"damage":8,"enemies":"Hexaghost","floor":16,"turns":7},{"damage":6,"enemies":"theJungle:MUSHROOMGANG","floor":18,"turns":4},{"damage":0,"enemies":"theJungle:5_Spyders","floor":19,"turns":1}],"seed_played":"6410625211500087974","potions_obtained":[{"floor":6,"key":"Fire Potion"},{"floor":8,"key":"EssenceOfSteel"},{"floor":11,"key":"ColorlessPotion"},{"floor":16,"key":"PowerPotion"}],"is_trial":false,"path_per_floor":["M","M","?","M","?","E","R","M","T","M","E","?","R","M","R","B",null,"M","M"],"character_chosen":"WATCHER","items_purchased":["Damaru","Yang","Flash of Steel","Worship"],"campfire_rested":2,"item_purchase_floors":[0,0,0,0],"current_hp_per_floor":[68,68,68,68,68,66,66,66,66,57,49,49,70,70,72,64,72,66,66,66],"gold":349,"neow_bonus":"","is_daily":false,"chose_seed":false,"campfire_upgraded":0,"win_rate":0.0,"timestamp":1612565495,"path_taken":["M","M","?","M","?","E","R","M","T","?","E","?","R","?","R","BOSS","M","M"],"items_purchased_type":["Relic","Relic","Card","Card"],"build_version":"2020-12-22","purchased_purges":0,"victory":false,"max_hp_per_floor":[72,72,72,72,72,72,72,72,72,72,72,72,72,72,72,72,72,72,72,72],"card_choices":[{"not_picked":["JustLucky","PathToVictory"],"picked":"EmptyFist","floor":1},{"not_picked":["WreathOfFlame","CrushJoints"],"picked":"Protect","floor":2},{"not_picked":["Consecrate","EmptyBody"],"picked":"Vault","floor":4},{"not_picked":["Meditate","CrushJoints"],"picked":"EmptyBody","floor":6},{"not_picked":["Evaluate","Protect"],"picked":"Pray","floor":8},{"not_picked":["Protect","Crescendo"],"picked":"FearNoEvil","floor":10},{"not_picked":["Crescendo","Vault"],"picked":"FearNoEvil","floor":11},{"not_picked":["Crescendo","JustLucky"],"picked":"ThirdEye","floor":14},{"not_picked":["LessonLearned","Wish"],"picked":"DevaForm","floor":16},{"not_picked":["FearNoEvil","Worship"],"picked":"Tantrum+1","floor":18}],"player_experience":284418,"relics_obtained":[{"floor":6,"key":"Pantograph"},{"floor":11,"key":"StoneCalendar"}],"event_choices":[{"damage_healed":0,"gold_gain":0,"cards_transformed":["Strike_P"],"player_choice":"Change","damage_taken":0,"max_hp_gain":0,"max_hp_loss":0,"event_name":"Living Wall","floor":3,"gold_loss":0,"cards_obtained":["FlyingSleeves"]},{"damage_healed":0,"gold_gain":0,"player_choice":"Ignored","damage_taken":0,"max_hp_gain":0,"max_hp_loss":0,"event_name":"Upgrade Shrine","floor":5,"gold_loss":0},{"damage_healed":0,"gold_gain":0,"player_choice":"Ignored","damage_taken":0,"max_hp_gain":0,"max_hp_loss":0,"event_name":"Purifier","floor":12,"gold_loss":0}],"is_beta":false,"boss_relics":[{"not_picked":["Black Star","Calling Bell"],"picked":"HolyWater"}],"items_purged_floors":[],"is_endless":false,"potions_floor_spawned":[6,8,11,16],"killed_by":"theJungle:5_Spyders","ascension_level":2}}