{"host":"dvdvdvm357cut69v","time":1612550336,"event":{"mods":["BaseMod","Minty Spire (QoL Compilation)","StSLib"],"gold_per_floor":[110,122,122,132,143,170,170,187,187,60,60,60,91,51,51,125,125,136,136,136,43,54,54,65,390,416,416,450,375,390,415,415,489,489,502,724,90,90,109,136,148,148,196,471,53,72,83,96,96,96],"floor_reached":51,"language":"ENG","playtime":2605,"items_purged":["Fusion","Regret"],"score":1410,"play_id":"fb3b43e1-0a21-4736-b4e2-3e755cee1208","local_time":"20210205213856","is_ascension_mode":true,"campfire_choices":[{"data":"Defragment","floor":7,"key":"SMITH"},{"floor":12,"key":"REST"},{"data":"Dualcast","floor":15,"key":"SMITH"},{"floor":23,"key":"REST"},{"floor":27,"key":"REST"},{"floor":32,"key":"REST"},{"floor":42,"key":"REST"},{"floor":49,"key":"REST"}],"circlet_count":0,"master_deck":["AscendersBane","Strike_B+1","Strike_B+1","Strike_B+1","Strike_B+1","Defend_B+1","Defend_B+1","Defend_B+1","Defend_B+1","Dualcast+1","Blind+1","Sweeping Beam","Rip and Tear","Steam","Streamline","Defragment+1","Coolheaded","Seek","Rebound","Glacier","Auto Shields","Creative AI","Recycle","Sunder","Turbo","Compile Driver","Conserve Battery","Leap","Stack","Hologram","Cold Snap+1","Capacitor","BootSequence","Aggregate","Capacitor","Parasite","Undo+1"],"relics":["Cracked Core","Regal Pillow","Letter Opener","Bag of Marbles","Black Star","Old Coin","Bronze Scales","Strawberry","TungstenRod","Pear","Red Mask","Nuclear Battery","PreservedInsect","Toolbox","Lantern","Vajra","MealTicket","Membership Card","Pantograph"],"acts_visited":["Exordium","TheCity","TheBeyond"],"potions_floor_usage":[6,25,25,31,33,35,40,40,50,50],"damage_taken":[{"damage":0,"enemies":"Cultist","floor":1,"turns":4},{"damage":4,"enemies":"Jaw Worm","floor":2,"turns":3},{"damage":0,"enemies":"Small Slimes","floor":4,"turns":2},{"damage":0,"enemies":"Exordium Wildlife","floor":5,"turns":3},{"damage":0,"enemies":"3 Sentries","floor":6,"turns":3},{"damage":6,"enemies":"Looter","floor":8,"turns":3},{"damage":4,"enemies":"Lagavulin","floor":13,"turns":6},{"damage":16,"enemies":"Hexaghost","floor":16,"turns":16},{"damage":7,"enemies":"3 Byrds","floor":18,"turns":7},{"damage":5,"enemies":"Shell Parasite","floor":22,"turns":10},{"damage":13,"enemies":"Chosen and Byrds","floor":24,"turns":6},{"damage":42,"enemies":"Book of Stabbing","floor":25,"turns":8},{"damage":12,"enemies":"Gremlin Leader","floor":28,"turns":7},{"damage":20,"enemies":"Snake Plant","floor":30,"turns":4},{"damage":5,"enemies":"Masked Bandits","floor":31,"turns":3},{"damage":29,"enemies":"Champ","floor":33,"turns":24},{"damage":19,"enemies":"3 Darklings","floor":35,"turns":8},{"damage":0,"enemies":"Orb Walker","floor":39,"turns":3},{"damage":58,"enemies":"Reptomancer","floor":40,"turns":13},{"damage":3,"enemies":"Sphere and 2 Shapes","floor":41,"turns":9},{"damage":10,"enemies":"Writhing Mass","floor":46,"turns":11},{"damage":16,"enemies":"Spire Growth","floor":47,"turns":8},{"damage":18,"enemies":"4 Shapes","floor":48,"turns":5},{"damage":18,"enemies":"Donu and Deca","floor":50,"turns":15}],"seed_played":"5065692987690174631","potions_obtained":[{"floor":1,"key":"AttackPotion"},{"floor":5,"key":"PotionOfCapacity"},{"floor":8,"key":"Explosive Potion"},{"floor":28,"key":"Dexterity Potion"},{"floor":30,"key":"LiquidMemories"},{"floor":33,"key":"Explosive Potion"},{"floor":40,"key":"PotionOfCapacity"}],"is_trial":false,"path_per_floor":["M","M","?","M","M","E","R","M","T","$","?","R","E","$","R","B",null,"M","?","?","$","M","R","M","E","T","R","E","?","M","?","R","B",null,"M","?","$","?","M","E","M","R","T","?","$","M","M","M","R","B",null],"character_chosen":"DEFECT","items_purchased":["Seek","Rebound","Auto Shields","Sunder","Turbo","PreservedInsect","Toolbox","Capacitor","PowerPotion","BootSequence","ColorlessPotion","Membership Card","Capacitor","Pantograph","Swift Potion"],"campfire_rested":6,"item_purchase_floors":[10,10,14,21,21,37,37,37,37,37,37,45,45,45,45],"current_hp_per_floor":[64,60,60,60,60,60,60,54,54,54,49,71,67,67,67,51,66,59,39,39,39,34,71,58,16,23,62,60,60,40,35,77,48,82,63,63,63,63,63,5,2,44,44,44,59,49,33,15,57,64],"gold":96,"neow_bonus":"RANDOM_COLORLESS","is_daily":false,"chose_seed":false,"campfire_upgraded":2,"win_rate":0.0,"timestamp":1612550336,"path_taken":["M","M","?","?","?","E","R","M","T","?","?","R","E","?","R","BOSS","M","?","?","?","M","R","M","E","T","R","E","?","?","?","R","BOSS","M","?","$","?","M","E","?","R","T","?","$","M","M","M","R","BOSS"],"items_purchased_type":["Card","Card","Card","Card","Card","Relic","Relic","Card","Potion","Card","Potion","Relic","Card","Relic","Potion"],"build_version":"2020-12-13","purchased_purges":2,"victory":true,"max_hp_per_floor":[71,71,71,71,71,71,71,71,71,71,71,71,71,71,71,71,71,71,76,76,76,76,76,76,76,83,83,93,93,93,93,93,93,93,93,93,93,93,93,93,93,93,93,93,93,93,93,93,93,93],"card_choices":[{"not_picked":["Purity","Bandage Up"],"picked":"Blind","floor":0},{"not_picked":["Reprogram","Static Discharge"],"picked":"Sweeping Beam","floor":1},{"not_picked":["Loop","Reprogram"],"picked":"Rip and Tear","floor":2},{"not_picked":["Rebound","Streamline"],"picked":"Steam","floor":4},{"not_picked":["Compile Driver","Beam Cell"],"picked":"Streamline","floor":5},{"not_picked":["Meteor Strike","Undo"],"picked":"Defragment","floor":6},{"not_picked":["Steam","Barrage"],"picked":"Coolheaded","floor":8},{"not_picked":["Hologram","Go for the Eyes"],"picked":"Glacier","floor":13},{"not_picked":["Rainbow","Reboot"],"picked":"Creative AI","floor":16},{"not_picked":["Gash","Auto Shields"],"picked":"Recycle","floor":18},{"not_picked":["Rebound","Reprogram"],"picked":"Compile Driver","floor":22},{"not_picked":["Auto Shields+1","Barrage"],"picked":"Conserve Battery","floor":24},{"not_picked":["Streamline","Steam Power"],"picked":"Leap","floor":25},{"not_picked":["Machine Learning","Leap"],"picked":"Fusion","floor":28},{"not_picked":["Streamline","Consume"],"picked":"Stack","floor":30},{"not_picked":["Turbo","Fusion"],"picked":"Hologram","floor":31},{"not_picked":["Barrage","Redo"],"picked":"Cold Snap+1","floor":35},{"not_picked":["Conserve Battery","Scrape","Gash"],"picked":"SKIP","floor":39},{"not_picked":["Steam+1","Cold Snap"],"picked":"Aggregate","floor":40},{"not_picked":["Turbo","Force Field","Rebound+1"],"picked":"SKIP","floor":41},{"not_picked":["Sweeping Beam","All For One","Scrape"],"picked":"SKIP","floor":46},{"not_picked":["Coolheaded+1","Steam","Undo+1"],"picked":"SKIP","floor":47},{"not_picked":["Coolheaded+1","Steam"],"picked":"Undo+1","floor":47},{"not_picked":["Undo","Rebound","Steam+1"],"picked":"SKIP","floor":48}],"player_experience":120360,"relics_obtained":[{"floor":6,"key":"Regal Pillow"},{"floor":9,"key":"Letter Opener"},{"floor":13,"key":"Bag of Marbles"},{"floor":25,"key":"Old Coin"},{"floor":25,"key":"Bronze Scales"},{"floor":26,"key":"Strawberry"},{"floor":28,"key":"TungstenRod"},{"floor":28,"key":"Pear"},{"floor":31,"key":"Red Mask"},{"floor":40,"key":"Lantern"},{"floor":40,"key":"Vajra"},{"floor":43,"key":"MealTicket"}],"event_choices":[{"damage_healed":0,"gold_gain":0,"player_choice":"Upgraded","damage_taken":0,"max_hp_gain":0,"max_hp_loss":0,"event_name":"Upgrade Shrine","floor":3,"gold_loss":0,"cards_upgraded":["Blind"]},{"damage_healed":0,"gold_gain":0,"player_choice":"Fled","damage_taken":5,"max_hp_gain":0,"max_hp_loss":0,"event_name":"Scrap Ooze","floor":11,"gold_loss":0},{"damage_healed":0,"gold_gain":0,"player_choice":"Shed Blood","damage_taken":25,"max_hp_gain":5,"max_hp_loss":0,"event_name":"Forgotten Altar","floor":19,"gold_loss":0},{"damage_healed":0,"gold_gain":0,"player_choice":"Simplicity","damage_taken":0,"max_hp_gain":0,"max_hp_loss":0,"event_name":"Back to Basics","floor":20,"gold_loss":0,"cards_upgraded":["Strike_B","Strike_B","Strike_B","Strike_B","Defend_B","Defend_B","Defend_B","Defend_B"]},{"cards_removed":["Zap"],"damage_healed":0,"gold_gain":0,"player_choice":"Gave Gold","damage_taken":0,"max_hp_gain":0,"max_hp_loss":0,"event_name":"Beggar","floor":29,"gold_loss":75},{"damage_healed":0,"gold_gain":0,"player_choice":"Fought Bandits","damage_taken":0,"max_hp_gain":0,"max_hp_loss":0,"event_name":"Masked Bandits","floor":31,"gold_loss":0},{"damage_healed":0,"gold_gain":222,"player_choice":"Wore Mask","damage_taken":0,"max_hp_gain":0,"max_hp_loss":0,"event_name":"Tomb of Lord Red Mask","floor":36,"gold_loss":0},{"damage_healed":0,"gold_gain":0,"player_choice":"0 cards matched","damage_taken":0,"max_hp_gain":0,"max_hp_loss":0,"event_name":"Match and Keep!","floor":38,"gold_loss":0,"cards_obtained":[]},{"damage_healed":0,"gold_gain":275,"player_choice":"Desecrate","damage_taken":0,"max_hp_gain":0,"max_hp_loss":0,"event_name":"Golden Shrine","floor":44,"gold_loss":0,"cards_obtained":["Regret"]}],"is_beta":false,"boss_relics":[{"not_picked":["Runic Dome","Snecko Eye"],"picked":"Black Star"},{"not_picked":["FrozenCore","Astrolabe"],"picked":"Nuclear Battery"}],"items_purged_floors":[37,45],"is_endless":false,"potions_floor_spawned":[1,5,8,28,30,33,39,40,46],"ascension_level":16}}