{"host":"adt9pv9dmmkchns7","time":1612520285,"event":{"mods":["AchievementEnabler","Arknights","Aspiration","BaseMod","Beaked The Cultist","Better Third Choice","Curses Come First","Downfall","Energized Spire","Minty Spire (QoL Compilation)","Permanent Neow","Potionbrewer","Quick Restart","Replay The Spire","Robot Space Explorer","Shade Mod","Spicy Shops","StSLib","The Blackbeard","The Cursed","The Forsaken","The Gatherer","The Necromancer","Wandering Minibosses"],"gold_per_floor":[112,122,136,155,173,198,198,228,253,253,272,159,159,179,179,278,278,294,294,294],"floor_reached":19,"language":"ENG","playtime":2265,"items_purged":[],"score":181,"play_id":"1c5a49c8-67d5-4707-a557-fe942d1f962f","local_time":"20210205111805","is_ascension_mode":false,"campfire_choices":[{"floor":7,"key":"RECALL"},{"data":"ats:Thorns","floor":10,"key":"SMITH"},{"data":"ats:Ambush","floor":15,"key":"SMITH"}],"circlet_count":0,"master_deck":["ats:Strike C","ats:Strike G","ats:Strike S","ats:Strike V","ats:Armor Crushing Shot","ats:Defend","ats:Defend","ats:Defend","ats:Defend","ats:Emotion Absorption","ats:Powerful Strike","ats:Steam Pump","ats:Flexible Camouflage","ats:Blood Oath","ats:Thorns+1","ats:Closed Bolt Burst Fire","ats:Shadow Raid","ats:Ambush+1","ats:Song Of Battle","ats:Roar Of Ursus","Specialist","ats:Guard Mode","ats:Automatic Cover","ats:Shadow Assault","ats:Overload"],"relics":["ats:Sanity","aspiration:Nostalgia","Sizzling Blood","ats:Originium","aspiration:FetidBarrel","Lantern","energizedSpire:RedRose"],"acts_visited":["Exordium","TheCity"],"potions_floor_usage":[6,8,16,16],"damage_taken":[{"damage":5,"enemies":"Cultist","floor":1,"turns":4},{"damage":7,"enemies":"Small Slimes","floor":2,"turns":4},{"damage":2,"enemies":"2 Louse","floor":3,"turns":4},{"damage":7,"enemies":"Looter","floor":4,"turns":3},{"damage":4,"enemies":"3 Louse","floor":5,"turns":3},{"damage":5,"enemies":"Lagavulin","floor":6,"turns":7},{"damage":14,"enemies":"Gremlin Nob","floor":8,"turns":3},{"damage":5,"enemies":"Blue Slaver","floor":11,"turns":3},{"damage":8,"enemies":"Lots of Slimes","floor":14,"turns":6},{"damage":42,"enemies":"The Guardian","floor":16,"turns":12},{"damage":16,"enemies":"2 Thieves","floor":18,"turns":4},{"damage":0,"enemies":"Chosen","floor":19,"turns":1}],"seed_played":"-4888248015868288946","potions_obtained":[{"floor":2,"key":"Strength Potion"},{"floor":4,"key":"SkillPotion"},{"floor":6,"key":"Block Potion"},{"floor":14,"key":"Block Potion"}],"is_trial":false,"path_per_floor":["M","M","M","M","M","E","R","E","T","R","M","$","?","M","R","B",null,"M","M"],"character_chosen":"DOCTOR_CLASS","items_purchased":["ats:Song Of Battle"],"campfire_rested":0,"item_purchase_floors":[12],"current_hp_per_floor":[75,72,74,71,74,76,76,66,66,66,68,68,68,67,67,35,76,67,67,67],"gold":294,"neow_bonus":"NOSTALGIA","is_daily":false,"chose_seed":false,"campfire_upgraded":2,"win_rate":0.0,"timestamp":1612520285,"path_taken":["M","M","M","M","M","E","R","E","T","R","?","$","?","?","R","BOSS","M","M"],"items_purchased_type":["Card"],"build_version":"2020-12-22","purchased_purges":0,"victory":false,"max_hp_per_floor":[76,76,76,76,76,76,76,76,76,76,76,76,76,76,76,76,76,76,76,76],"card_choices":[{"not_picked":["ats:Revitalization","ats:Cat Scratch"],"picked":"ats:Powerful Strike","floor":1},{"not_picked":["ats:Apocalypse","ats:Serious Mode"],"picked":"ats:Steam Pump","floor":2},{"not_picked":["ats:Guardian Obelisk","ats:Very Hot Blade"],"picked":"ats:Flexible Camouflage","floor":3},{"not_picked":["ats:Consecutive Shot Auto","ats:Collapsing Strike"],"picked":"ats:Blood Oath","floor":4},{"not_picked":["ats:Directed Diagnosis","ats:Volcano"],"picked":"ats:Thorns","floor":5},{"not_picked":["ats:Consecutive Shot Auto","ats:Blood Oath"],"picked":"ats:Closed Bolt Burst Fire","floor":6},{"not_picked":["ats:Consecutive Shot Auto","ats:Guardian Obelisk"],"picked":"ats:Shadow Raid","floor":8},{"not_picked":["ats:Very Hot Blade","ats:Hook Shot"],"picked":"ats:Ambush","floor":11},{"not_picked":["ats:Apocalypse","ats:Consecutive Shot Auto"],"picked":"ats:Automatic Cover","floor":14},{"not_picked":["ats:Rat Pack","ats:Wolf Pack"],"picked":"ats:Shadow Assault","floor":16},{"not_picked":["ats:Cat Scratch+1","ats:Powerful Strike+1"],"picked":"ats:Overload","floor":18}],"player_experience":907769,"relics_obtained":[{"floor":6,"key":"ats:Originium"},{"floor":6,"key":"aspiration:FetidBarrel"},{"floor":8,"key":"ats:Originium"},{"floor":8,"key":"Lantern"}],"event_choices":[{"damage_healed":0,"gold_gain":0,"player_choice":"3 cards matched","damage_taken":0,"max_hp_gain":0,"max_hp_loss":0,"event_name":"Match and Keep!","floor":13,"gold_loss":0,"cards_obtained":["ats:Roar Of Ursus","Specialist","ats:Guard Mode"]}],"is_beta":false,"boss_relics":[{"not_picked":["ats:Sanity Plus","energizedSpire:StickyHand"],"picked":"energizedSpire:RedRose"}],"items_purged_floors":[],"is_endless":false,"potions_floor_spawned":[2,4,6,14],"killed_by":"Chosen","ascension_level":0}}