{"host":"vhrbb9mxb8fcxsba","time":1612509007,"event":{"mods":["2.2 Compatiblity","Act Like it!","Aspiration","BaseMod","Downfall","GungeonMod","Hubris","Infinite Spire","Minty Spire (QoL Compilation)","Quick Restart","StSLib","The Disciple","Wandering Minibosses"],"gold_per_floor":[112,124,124,141,125,156,156,175,252,252,252],"floor_reached":10,"language":"ENG","playtime":344,"items_purged":[],"score":77,"play_id":"4bfb8407-3c84-46a9-8ca5-228915b69e1e","local_time":"20210205201007","is_ascension_mode":true,"campfire_choices":[{"data":"Self Repair","floor":7,"key":"SMITH"}],"circlet_count":0,"master_deck":["Strike_B","Strike_B","Strike_B","Strike_B","Defend_B","Defend_B","Defend_B","Defend_B","Zap","Dualcast","Turbo","Self Repair+1","Ball Lightning","Ball Lightning","Redo"],"relics":["Cracked Core","infinitespire:Bottled Soul"],"acts_visited":["Exordium"],"potions_floor_usage":[6,10],"damage_taken":[{"damage":0,"enemies":"Small Slimes","floor":1,"turns":2},{"damage":0,"enemies":"Cultist","floor":2,"turns":4},{"damage":10,"enemies":"Jaw Worm","floor":4,"turns":2},{"damage":15,"enemies":"Looter","floor":5,"turns":6},{"damage":46,"enemies":"3 Sentries","floor":6,"turns":8},{"damage":12,"enemies":"Exordium Thugs","floor":8,"turns":5},{"damage":21,"enemies":"Lagavulin","floor":10,"turns":3}],"seed_played":"-900760914825952279","potions_obtained":[{"floor":1,"key":"Dexterity Potion"},{"floor":2,"key":"FearPotion"},{"floor":5,"key":"hexamod:SoulburnPotion"}],"is_trial":false,"path_per_floor":["M","M","?","M","M","E","R","M","T","E"],"character_chosen":"DEFECT","items_purchased":[],"campfire_rested":0,"item_purchase_floors":[],"current_hp_per_floor":[82,82,82,79,71,32,32,20,20,0,0],"gold":252,"neow_bonus":"TEN_PERCENT_HP_BONUS","is_daily":false,"chose_seed":false,"campfire_upgraded":1,"win_rate":0.0,"timestamp":1612509007,"path_taken":["M","M","?","M","M","E","R","?","T","E"],"items_purchased_type":[],"build_version":"2020-12-22","purchased_purges":0,"victory":false,"max_hp_per_floor":[82,82,82,82,82,82,82,82,82,82,82],"card_choices":[{"not_picked":["Sunder","Go for the Eyes"],"picked":"Turbo","floor":1},{"not_picked":["Barrage","Storm"],"picked":"Self Repair","floor":2},{"not_picked":["Barrage","Turbo","Stack"],"picked":"SKIP","floor":4},{"not_picked":["Rebound","Cold Snap"],"picked":"Ball Lightning","floor":5},{"not_picked":["Loop","Cold Snap"],"picked":"Ball Lightning","floor":6},{"not_picked":["Gash","Steam"],"picked":"Redo","floor":8}],"player_experience":178891,"relics_obtained":[{"floor":6,"key":"infinitespire:Bottled Soul"}],"event_choices":[{"damage_healed":0,"gold_gain":0,"player_choice":"Gave Potion","damage_taken":0,"relics_obtained":["infinitespire:Satchel"],"max_hp_gain":0,"max_hp_loss":0,"event_name":"WeMeetAgain","floor":3,"gold_loss":0}],"is_beta":false,"boss_relics":[],"items_purged_floors":[],"is_endless":false,"potions_floor_spawned":[1,2,5],"killed_by":"Lagavulin","ascension_level":2}}