{"host":"y7b1p9nkx4idorr2","time":1612518424,"event":{"mods":["AchievementEnabler","Act Like it!","BaseMod","Colored Map","Downfall","GifTheSpireLib","Googly Eyes","Highlight Path","Mimic Mod","Minty Spire (QoL Compilation)","Shop Mod","Spicy Shops","StSLib","Unceasing Turn Reminder"],"gold_per_floor":[99,114,564,584,603,617,669,94,94,94,120,130,30,45,57,153,153,53,69,7,107,107,123,123,8,18,18,18,18],"floor_reached":27,"language":"ENG","playtime":2054,"items_purged":["downfall:Icky","downfall:Icky"],"score":215,"play_id":"c9b9759e-ec24-466f-909b-cb5857d7cb0a","local_time":"20210205034704","is_ascension_mode":false,"campfire_choices":[{"floor":1,"key":"RECALL"},{"data":"sneckomod:UnendingSupply","floor":9,"key":"SMITH"},{"floor":13,"key":"REST"},{"data":"Slimebound:MassFeed","floor":18,"key":"SMITH"}],"circlet_count":0,"master_deck":["sneckomod:Strike","sneckomod:Strike","sneckomod:Strike","sneckomod:Defend","sneckomod:Defend","sneckomod:Defend","sneckomod:TailWhip","sneckomod:SnekBite","sneckomod:Unknown","sneckomod:SerpentIdol","downfall:Icky","sneckomod:ImprovisedAttack","sneckomod:SnakeSap","sneckomod:SoulDraw","sneckomod:UnknownDraw","sneckomod:UnendingSupply+1","sneckomod:SoulRoll","sneckomod:SnakeSap","sneckomod:QuickMove","sneckomod:DiceBlock","sneckomod:SoulCleanse","sneckomod:UnknownRareAttack","Slimebound:MassFeed+1","sneckomod:UnknownClassPURPLE+1","sneckomod:QuickBite+1","sneckomod:WideSting","sneckomod:Unknown1Cost+1","sneckomod:UnknownVulnerable","sneckomod:IronFang","sneckomod:UnknownBoss"],"relics":["sneckomod:SuperSneckoSoul","Pantograph","bronze:DonusWashers","downfall:HeartBlessingGreen","downfall:HeartBlessingRed","Ginger","Eternal Feather","downfall:RedIOU","Slimebound:PreparedRelic"],"acts_visited":["Exordium","TheCity"],"potions_floor_usage":[11,11,12,16,25],"damage_taken":[{"damage":2,"enemies":"Small Slimes","floor":2,"turns":3},{"damage":7,"enemies":"2 Louse","floor":4,"turns":2},{"damage":4,"enemies":"Cultist","floor":5,"turns":3},{"damage":10,"enemies":"3 Louse","floor":6,"turns":4},{"damage":5,"enemies":"downfall:FleeingMerchant","floor":8,"turns":4},{"damage":39,"enemies":"Gremlin Nob","floor":11,"turns":5},{"damage":28,"enemies":"Large Slime","floor":12,"turns":3},{"damage":7,"enemies":"Lots of Slimes","floor":14,"turns":4},{"damage":15,"enemies":"Exordium Wildlife","floor":15,"turns":7},{"damage":33,"enemies":"WA_ARCHETYPE_RETAIN","floor":16,"turns":5},{"damage":18,"enemies":"Chosen","floor":19,"turns":6},{"damage":9,"enemies":"downfall:FleeingMerchant","floor":20,"turns":4},{"damage":31,"enemies":"SI_SHIV_ARCHETYPE","floor":21,"turns":10},{"damage":22,"enemies":"Snecko","floor":23,"turns":4},{"damage":0,"enemies":"downfall:FleeingMerchant","floor":25,"turns":5},{"damage":49,"enemies":"3 Cultists","floor":26,"turns":7},{"damage":21,"enemies":"Shelled Parasite and Fungi","floor":27,"turns":2}],"seed_played":"1419483565475814330","potions_obtained":[{"floor":2,"key":"sneckomod:MuddlingPotion"},{"floor":5,"key":"champ:CounterPotion"},{"floor":10,"key":"Regen Potion"},{"floor":10,"key":"sneckomod:CheatPotion"},{"floor":11,"key":"SpeedPotion"},{"floor":21,"key":"Regen Potion"},{"floor":26,"key":"champ:CounterPotion"}],"is_trial":false,"path_per_floor":["R","M","?","M","M","M","T","$","R","?","E","M","R","M","M","B",null,"R","M","$","?","?","M","T","$","M","M"],"character_chosen":"THE_SNECKO","items_purchased":["Pantograph","sneckomod:UnendingSupply","sneckomod:SoulRoll","bronze:DonusWashers","sneckomod:WideSting"],"campfire_rested":1,"item_purchase_floors":[8,8,8,8,20],"current_hp_per_floor":[99,97,97,90,86,76,76,71,71,71,32,13,42,35,20,12,99,99,81,72,66,66,44,44,59,10,0,0,0],"gold":18,"neow_bonus":"TEN_PERCENT_HP_BONUS","is_daily":false,"chose_seed":false,"campfire_upgraded":2,"win_rate":0.0,"timestamp":1612518424,"path_taken":["R","M","?","M","M","M","T","$","R","?","E","M","R","?","M","BOSS","R","M","$","?","?","M","T","$","M","M"],"items_purchased_type":["Relic","Card","Card","Relic","Card"],"build_version":"2020-12-22","purchased_purges":2,"victory":false,"max_hp_per_floor":[99,99,99,99,99,99,99,99,99,99,99,99,99,99,99,99,99,99,99,99,99,99,99,99,99,99,103,103,103],"card_choices":[{"not_picked":["sneckomod:UnknownCommonAttack","sneckomod:QuickMove"],"picked":"sneckomod:SerpentIdol","floor":2},{"not_picked":["sneckomod:TrashToTreasure","sneckomod:DiceCrush"],"picked":"sneckomod:ImprovisedAttack","floor":4},{"not_picked":["sneckomod:IronFang","sneckomod:UnknownX"],"picked":"sneckomod:SnakeSap","floor":5},{"not_picked":["sneckomod:MasterEye","sneckomod:UnknownBlock"],"picked":"sneckomod:SoulDraw","floor":6},{"not_picked":["sneckomod:Unknown2Cost","sneckomod:SoulDraw"],"picked":"sneckomod:UnknownDraw","floor":8},{"not_picked":["sneckomod:UnknownDraw","sneckomod:DiceCrush"],"picked":"sneckomod:SnakeSap","floor":11},{"not_picked":["sneckomod:SerpentIdol","sneckomod:MasterEye"],"picked":"sneckomod:QuickMove","floor":12},{"not_picked":["sneckomod:Nope","sneckomod:UnknownDraw"],"picked":"sneckomod:DiceBlock","floor":14},{"not_picked":["sneckomod:SoulRoll","sneckomod:TrashToTreasure"],"picked":"sneckomod:SoulCleanse","floor":15},{"not_picked":["sneckomod:Restock","sneckomod:UnlimitedRolls"],"picked":"sneckomod:UnknownRareAttack","floor":16},{"not_picked":["sneckomod:SnekBeam","sneckomod:UnknownUncommonAttack"],"picked":"sneckomod:UnknownClassPURPLE+1","floor":19},{"not_picked":["sneckomod:UnendingSupply","sneckomod:SoulDraw"],"picked":"sneckomod:QuickBite+1","floor":20},{"not_picked":["sneckomod:SoulCleanse","sneckomod:WideSting"],"picked":"sneckomod:Unknown1Cost+1","floor":21},{"not_picked":["sneckomod:UnknownClassPURPLE+1","sneckomod:SoulDraw"],"picked":"sneckomod:UnknownVulnerable","floor":23},{"not_picked":["sneckomod:SoulCleanse+1","sneckomod:DiceCrush"],"picked":"sneckomod:IronFang","floor":25},{"not_picked":["sneckomod:SnekBeam+1","sneckomod:UnknownDraw"],"picked":"sneckomod:UnknownBoss","floor":26}],"player_experience":2298446,"relics_obtained":[{"floor":11,"key":"Potion Belt"},{"floor":21,"key":"Ginger"},{"floor":21,"key":"Eternal Feather"},{"floor":24,"key":"Slimebound:PreparedRelic"}],"event_choices":[{"damage_healed":0,"gold_gain":0,"player_choice":"Got Potions","damage_taken":0,"max_hp_gain":0,"max_hp_loss":0,"event_name":"Lab","floor":10,"gold_loss":0}],"is_beta":false,"boss_relics":[{"not_picked":["Snecko Eye","Velvet Choker"],"picked":"sneckomod:SuperSneckoSoul"}],"items_purged_floors":[8,25],"is_endless":false,"potions_floor_spawned":[2,5,11,21,26],"killed_by":"Shelled Parasite and Fungi","ascension_level":0}}