{"host":"clf2hd4adhiiw0zf","time":1612490495,"event":{"mods":["AchievementEnabler","BaseMod","Beaked The Cultist","Bestiary","Dark Map","Downfall","Gremlin Mod","Hermit","Jorbs\u0027s Wanderer Trilogy","Marisa????????","Minty Spire (QoL Compilation)","Shop Mod","StSLib","The Cursed","The Servant 0.9.4","Wide Potions"],"gold_per_floor":[99,99,99,91,91,121,201,240,40,64,82,82,82,532,555,663,663,563,591,691,891,910,946,946,959,959,973,973,992,992,910,929,1042,1042,1042,1058,1133,1151,1151,1191,1217,1239,499,523,551,570,589,607,632,632,632,658,15,15,15,15,15,15],"floor_reached":56,"language":"ENG","playtime":3346,"items_purged":["hexamod:Strike"],"score":991,"play_id":"5256597e-f2fb-4013-ad3d-3db7d00115ae","local_time":"20210204190135","is_ascension_mode":true,"campfire_choices":[{"floor":1.0,"key":"RECALL"},{"data":"hexamod:ForkedFlame","floor":9.0,"key":"SMITH"},{"data":"hexamod:DynamicBlow","floor":12.0,"key":"SMITH"},{"data":"hexamod:UnlimitedPower","floor":18.0,"key":"SMITH"},{"floor":28.0,"key":"REST"},{"data":"hexamod:ForkedFlame","floor":30.0,"key":"SMITH"},{"data":"hexamod:HexaLevel","floor":35.0,"key":"SMITH"},{"data":"hexamod:GhostflameInferno","floor":54,"key":"SMITH"}],"circlet_count":0,"master_deck":["hexamod:Strike+1","hexamod:Strike+1","hexamod:Strike+1","hexamod:Defend+1","hexamod:Defend+1","hexamod:Defend+1","hexamod:Defend+1","hexamod:Float+1","hexamod:SuperheatedStrike+1","hexamod:FastForward+1","hexamod:ForkedFlame+1","hexamod:PowerFromBeyond+1","hexamod:AdvancingGuard+1","hexamod:DynamicBlow+1","downfall:Malfunctioning","downfall:Icky","downfall:Icky","downfall:Icky","hexamod:UnlimitedPower+1","hexamod:HauntingEcho+1","hexamod:ForkedFlame+1","hexamod:GhostShield+1","hexamod:TimeOfNeed+1","hexamod:NightmareStrike+1","hexamod:FastForward+1","hexamod:EmpoweredFlame+1","hexamod:FastForward+1","hexamod:HexaLevel+1","hexamod:TurnItUp","hexamod:GhostOfSpirePresent+1","hexamod:RainOfEmbers+1","hexamod:RecurringNightmare+1","hexamod:Hexaguard+1","hexamod:HexaLevel+1","hexamod:RetreatToShadows+1","hexamod:RetreatToShadows+1","hexamod:GhostflameInferno+1","hexamod:TimeWarp+1"],"relics":["hexamod:SpiritBrand","downfall:HeartsMalice","Du-Vu Doll","Bottled Tornado","Potion Belt","downfall:HeartBlessingBlue","downfall:HeartBlessingRed","hexamod:IceCube","downfall:HeartBlessingGreen","Lizard Tail","Matryoshka","HornCleat","Slimebound:StickyStick","Molten Egg 2","Astrolabe","Turnip","Bag of Marbles","Smiling Mask","hexamod:InflammatoryLetter","Frozen Eye","Letter Opener","Vajra","bronze:DecasWashers","hexamod:TheBrokenSeal","Eternal Feather","Ginger","Orichalcum","Toolbox"],"acts_visited":["Exordium","TheCity","TheBeyond","TheEnding"],"potions_floor_usage":[45,45,47,49,49,56],"damage_taken":[{"damage":0.0,"enemies":"2 Louse","floor":2.0,"turns":1.0},{"damage":0.0,"enemies":"Small Slimes","floor":5.0,"turns":1.0},{"damage":0.0,"enemies":"Lagavulin","floor":6.0,"turns":1.0},{"damage":36.0,"enemies":"3 Sentries","floor":8.0,"turns":7.0},{"damage":7.0,"enemies":"Cultist","floor":10.0,"turns":3.0},{"damage":3.0,"enemies":"3 Louse","floor":11.0,"turns":2.0},{"damage":17.0,"enemies":"Gremlin Gang","floor":15.0,"turns":3.0},{"damage":34.0,"enemies":"IC_STATUS_ARCHETYPE","floor":16.0,"turns":6.0},{"damage":10.0,"enemies":"Shell Parasite","floor":19.0,"turns":5.0},{"damage":0.0,"enemies":"WA_ARCHETYPE_RETAIN","floor":20.0,"turns":4.0},{"damage":26.0,"enemies":"Centurion and Healer","floor":22.0,"turns":5.0},{"damage":26.0,"enemies":"Book of Stabbing","floor":23.0,"turns":4.0},{"damage":0.0,"enemies":"Snake Plant","floor":25.0,"turns":3.0},{"damage":22.0,"enemies":"3 Cultists","floor":27.0,"turns":5.0},{"damage":14.0,"enemies":"Centurion and Healer","floor":29.0,"turns":5.0},{"damage":0.0,"enemies":"downfall:FleeingMerchant","floor":31.0,"turns":4.0},{"damage":0.0,"enemies":"Cultist and Chosen","floor":32.0,"turns":5.0},{"damage":80.0,"enemies":"DF_ARCHETYPE_CLAW","floor":33.0,"turns":8.0},{"damage":47.0,"enemies":"3 Shapes","floor":36.0,"turns":5.0},{"damage":2.0,"enemies":"Orb Walker","floor":38.0,"turns":3.0},{"damage":45.0,"enemies":"beaked:SuperParasite","floor":40.0,"turns":9.0},{"damage":12.0,"enemies":"Maw","floor":42.0,"turns":10.0},{"damage":0.0,"enemies":"downfall:FleeingMerchant","floor":43.0,"turns":4.0},{"damage":27,"enemies":"Giant Head","floor":45,"turns":8},{"damage":0,"enemies":"4 Shapes","floor":46,"turns":2},{"damage":0,"enemies":"Transient","floor":47,"turns":5},{"damage":0,"enemies":"Sphere and 2 Shapes","floor":48,"turns":3},{"damage":0,"enemies":"Writhing Mass","floor":49,"turns":5},{"damage":47,"enemies":"SI_POISON_ARCHETYPE","floor":50,"turns":12},{"damage":3,"enemies":"downfall:CharBossMerchant","floor":52,"turns":6},{"damage":28,"enemies":"downfall:NeowBoss","floor":55,"turns":13},{"damage":72,"enemies":"downfall:NeowBossFinal","floor":56,"turns":6}],"seed_played":"-2436012508266989591","potions_obtained":[{"floor":6.0,"key":"hexamod:InfernoChargePotion"},{"floor":10.0,"key":"Weak Potion"},{"floor":15.0,"key":"bronze:BurnAndBuffPotion"},{"floor":16.0,"key":"bronze:BurnAndBuffPotion"},{"floor":20.0,"key":"hexamod:SoulburnPotion"},{"floor":23.0,"key":"LiquidBronze"},{"floor":25.0,"key":"EssenceOfSteel"},{"floor":27.0,"key":"hexamod:EctoCoolerPotion"},{"floor":37.0,"key":"downfall:CursedFountainPotion"},{"floor":38.0,"key":"SteroidPotion"},{"floor":42.0,"key":"Swift Potion"},{"floor":46,"key":"champ:CounterPotion"},{"floor":47,"key":"sneckomod:MuddlingPotion"},{"floor":48,"key":"AttackPotion"},{"floor":52,"key":"DuplicationPotion"}],"is_trial":false,"path_per_floor":["R","M","?","?","M","E","T","E","R","M","M","R","?","?","M","B",null,"R","M","?","?","M","E","T","M","?","M","R","M","R","$","M","B",null,"R","M","?","M","?","E","T","M","$","T","E","M","M","M","M","B",null,"E","$","R","B","B"],"character_chosen":"THE_SPIRIT","items_purchased":["hexamod:InflammatoryLetter","Frozen Eye","hexamod:FifthSeal","Letter Opener","Ginger","Orichalcum","Toolbox","SpeedPotion"],"campfire_rested":1,"item_purchase_floors":[43,43,43,43,53,53,53,53],"current_hp_per_floor":[70,70,67,60,60,60,60,31,41,41,45,45,45,45,35,8,80,80,77,80,80,61,42,42,42,42,20,44,30,30,37,44,11,80,80,40,80,78,78,33,33,28,28,28,1,1,8,8,8,53,90,87,87,90,62,0,0,0],"gold":15,"neow_bonus":"THREE_ENEMY_KILL","is_daily":false,"chose_seed":false,"campfire_upgraded":6,"win_rate":0.0,"timestamp":1612490495,"path_taken":["R","M","?","?","M","E","T","E","R","M","M","R","?","?","M","BOSS","R","M","?","?","M","E","T","?","?","M","R","M","R","$","M","BOSS","R","M","?","?","?","E","T","M","$","?","E","M","?","M","M","BOSS","E","$","R","BOSS","BOSS"],"items_purchased_type":["Relic","Relic","Card","Relic","Relic","Relic","Relic","Potion"],"build_version":"2020-12-22","purchased_purges":1,"victory":false,"max_hp_per_floor":[70,70,70,70,70,70,70,70,80,80,80,80,80,80,80,80,80,80,80,80,80,80,80,80,80,80,80,80,80,80,80,80,80,80,80,80,80,80,80,80,80,80,80,80,80,80,80,80,80,90,90,90,90,90,90,90,90,90],"card_choices":[{"not_picked":["hexamod:GhostShield","hexamod:GhostLash"],"picked":"hexamod:SwordOfDarkness","floor":2.0},{"not_picked":["hexamod:SpectralSpark","hexamod:GhostShield"],"picked":"hexamod:SuperheatedStrike","floor":5.0},{"not_picked":["hexamod:BacktrackSmack","hexamod:RecurringNightmare"],"picked":"hexamod:SpectersWail","floor":6.0},{"not_picked":["hexamod:PhantomCloak","hexamod:SwordOfDarkness"],"picked":"hexamod:FastForward","floor":8.0},{"not_picked":["hexamod:FastForward","hexamod:Firestarter"],"picked":"hexamod:ForkedFlame","floor":8.0},{"not_picked":["hexamod:Firestarter","hexamod:InspiringFlames"],"picked":"hexamod:PowerFromBeyond","floor":10.0},{"not_picked":["hexamod:BacktrackSmack","hexamod:SuperheatedStrike"],"picked":"hexamod:AdvancingGuard","floor":10.0},{"not_picked":["hexamod:NightmareStrike","hexamod:HeatCrush"],"picked":"hexamod:DynamicBlow","floor":11.0},{"not_picked":["hexamod:RecurringNightmare","hexamod:FlamesFromBeyond","hexamod:ThermalTransfer"],"picked":"SKIP","floor":11.0},{"not_picked":["hexamod:SwordOfDarkness","hexamod:Firestarter"],"picked":"hexamod:SkipABeat","floor":15.0},{"not_picked":["hexamod:HeatMetal","hexamod:NightmareStrike","hexamod:AdvancingGuard"],"picked":"SKIP","floor":15.0},{"not_picked":["hexamod:HeatMetal","hexamod:NightmareStrike","hexamod:AdvancingGuard"],"picked":"SKIP","floor":15.0},{"not_picked":["hexamod:FlameSwitch","hexamod:Toasty"],"picked":"hexamod:UnlimitedPower","floor":16.0},{"not_picked":["hexamod:TimeOfNeed","hexamod:ParanormalForm"],"picked":"hexamod:SixthSeal","floor":16.0},{"not_picked":["hexamod:GhostShield","hexamod:SpectralAdrenaline+1","hexamod:HeatMetal"],"picked":"SKIP","floor":19.0},{"not_picked":["hexamod:SwordOfDarkness","hexamod:SpectersWail","hexamod:SpectralSpark"],"picked":"SKIP","floor":19.0},{"not_picked":["hexamod:InspiringFlames","hexamod:BurningTouch"],"picked":"hexamod:HauntingEcho","floor":20.0},{"not_picked":["hexamod:InspiringFlames","hexamod:FastForward"],"picked":"hexamod:ForkedFlame","floor":20.0},{"not_picked":["hexamod:FlamesFromBeyond","hexamod:SoulSteal"],"picked":"hexamod:GhostShield","floor":22.0},{"not_picked":["hexamod:GhostLash","hexamod:BurningTouch+1","hexamod:ChargedBarrage"],"picked":"SKIP","floor":22.0},{"not_picked":["hexamod:RetreatToShadows","hexamod:PowerFromBeyond"],"picked":"hexamod:TimeOfNeed","floor":23.0},{"not_picked":["hexamod:GhostShield+1","hexamod:Rewind","hexamod:Firestarter+1"],"picked":"SKIP","floor":23.0},{"not_picked":["hexamod:GhostOfSpirePast+1","hexamod:ChargedBarrage+1","hexamod:GhostLash+1"],"picked":"SKIP","floor":25.0},{"not_picked":["hexamod:BacktrackSmack+1","hexamod:NecessarySacrifice","hexamod:SwordOfDarkness+1"],"picked":"SKIP","floor":25.0},{"not_picked":["hexamod:PowerFromBeyond","hexamod:SpectersWail+1"],"picked":"hexamod:NightmareStrike+1","floor":27.0},{"not_picked":["hexamod:ShieldOfDarkness","hexamod:SpectersWail+1","hexamod:Incineration+1"],"picked":"SKIP","floor":27.0},{"not_picked":["hexamod:GhostShield+1","hexamod:FlamesFromBeyond+1"],"picked":"hexamod:FastForward","floor":29.0},{"not_picked":["hexamod:PhantomCloak","hexamod:GhostShield"],"picked":"hexamod:EmpoweredFlame","floor":29.0},{"not_picked":["hexamod:PowerFromBeyond","hexamod:GhostOfSpireFuture","hexamod:Again"],"picked":"SKIP","floor":31.0},{"not_picked":["hexamod:ThermalTransfer+1","hexamod:NightmareStrike+1","hexamod:SpectersWail+1"],"picked":"SKIP","floor":31.0},{"not_picked":["hexamod:Toasty+1","hexamod:BacktrackSmack+1"],"picked":"hexamod:FastForward","floor":32.0},{"not_picked":["hexamod:HeatMetal+1","hexamod:GhostLash+1","hexamod:HauntingEcho+1"],"picked":"SKIP","floor":32.0},{"not_picked":["hexamod:FlameSwitch","hexamod:ForkedFlame+1"],"picked":"hexamod:HexaLevel","floor":33.0},{"not_picked":["hexamod:VolcanoVisage","hexamod:GhostOfSpirePresent"],"picked":"hexamod:TurnItUp","floor":33.0},{"not_picked":["hexamod:CatchUp","hexamod:HeatShield"],"picked":"hexamod:Hexaguard+1","floor":36.0},{"not_picked":["hexamod:BurningTouch+1","hexamod:Rewind+1","hexamod:NightmareGuise"],"picked":"SKIP","floor":36.0},{"not_picked":["hexamod:PhantomFireball+1","hexamod:HeatShield+1","hexamod:ShieldOfDarkness"],"picked":"SKIP","floor":38.0},{"not_picked":["hexamod:ExtraCrispy+1","hexamod:FlamesFromBeyond+1","hexamod:SuperheatedStrike+1"],"picked":"SKIP","floor":38.0},{"not_picked":["hexamod:BacktrackSmack+1","hexamod:PowerFromBeyond"],"picked":"hexamod:RetreatToShadows+1","floor":40.0},{"not_picked":["hexamod:Firestarter+1","hexamod:AdvancingGuard"],"picked":"hexamod:RetreatToShadows+1","floor":40.0},{"not_picked":["hexamod:HeatMetal+1","hexamod:InspiringFlames+1","hexamod:ShieldOfDarkness"],"picked":"SKIP","floor":42.0},{"not_picked":["hexamod:ShieldOfDarkness","hexamod:SecondSeal","hexamod:Firestarter+1"],"picked":"SKIP","floor":42.0},{"not_picked":["hexamod:InspiringFlames","hexamod:ExtraCrispy+1"],"picked":"hexamod:GhostflameInferno","floor":43.0},{"not_picked":["hexamod:PhantomFireball+1","hexamod:SwordOfDarkness+1","hexamod:NightmareGuise"],"picked":"SKIP","floor":43.0},{"not_picked":["hexamod:SpectersWail+1","hexamod:Firestarter+1"],"picked":"hexamod:TimeWarp+1","floor":45},{"not_picked":["hexamod:GhostShield","hexamod:RecurringNightmare","hexamod:BurningTouch"],"picked":"SKIP","floor":45},{"not_picked":["hexamod:SwordOfDarkness+1","hexamod:SecondSeal","hexamod:BurningTouch"],"picked":"SKIP","floor":46},{"not_picked":["hexamod:HeatMetal+1","hexamod:FirstSeal","hexamod:PhantomFireball+1"],"picked":"SKIP","floor":47},{"not_picked":["hexamod:InspiringFlames","hexamod:Firestarter+1","hexamod:ThermalTransfer+1"],"picked":"SKIP","floor":48},{"not_picked":["hexamod:SecondSeal","hexamod:SixthSeal"],"picked":"hexamod:FourthSeal","floor":49},{"not_picked":["hexamod:NightmareStrike+1","hexamod:ThirdSeal","hexamod:NecessarySacrifice+1"],"picked":"SKIP","floor":49},{"not_picked":["hexamod:ShieldOfDarkness+1","hexamod:FlamesFromBeyond+1","hexamod:HeatMetal+1"],"picked":"SKIP","floor":49},{"not_picked":["hexamod:GhostLash+1","hexamod:EtherealExpedition","hexamod:NecessarySacrifice"],"picked":"SKIP","floor":52}],"player_experience":194773,"relics_obtained":[{"floor":6.0,"key":"Bottled Tornado"},{"floor":8.0,"key":"Potion Belt"},{"floor":20.0,"key":"Lizard Tail"},{"floor":20.0,"key":"Matryoshka"},{"floor":23.0,"key":"HornCleat"},{"floor":24.0,"key":"Slimebound:StickyStick"},{"floor":24.0,"key":"Molten Egg 2"},{"floor":40.0,"key":"Turnip"},{"floor":41.0,"key":"Bag of Marbles"},{"floor":41.0,"key":"Smiling Mask"},{"floor":44.0,"key":"Vajra"},{"floor":45,"key":"bronze:DecasWashers"},{"floor":52,"key":"Eternal Feather"}],"event_choices":[{"damage_healed":0.0,"max_hp_gain":0.0,"max_hp_loss":0.0,"gold_gain":0.0,"event_name":"Scrap Ooze","player_choice":"Success","floor":3.0,"gold_loss":0.0,"damage_taken":3.0,"relics_obtained":["Du-Vu Doll"]}],"is_beta":false,"boss_relics":[{"not_picked":["Velvet Choker","expansioncontent:StudyCardRelic"],"picked":"hexamod:IceCube"},{"not_picked":["Pandora\u0027s Box","Coffee Dripper"],"picked":"Astrolabe"}],"items_purged_floors":[31],"is_endless":false,"potions_floor_spawned":[6,10,15,16,20,23,25,27,38,42,46,47,48,52],"killed_by":"downfall:NeowBossFinal","ascension_level":2}}