{"host":"8t5dkgm85abdp22d","time":1612516563,"event":{"mods":["Act Like it!","BaseMod","Colored Powertips","Downfall","Gensokyo","GungeonMod","Hallownest","Luminous","Marisa£®ÏF”Í°°ƒß¿Ì…≥£©","Minty Spire (QoL Compilation)","StSLib","TheWitcher","UnlockEverythingMod","Yakumo Yukari mod"],"gold_per_floor":[131,131,16,16,16,41,41,75,75,75,89,107,107,126,126,229,229,245,245,259,271,281,281,313,329,329,329,339,351,367,380,396,396,396,396],"floor_reached":34,"language":"ZHS","playtime":1247,"items_purged":[],"score":389,"play_id":"c8e85f43-fdfe-47df-a8b0-b631f0b8f5d6","local_time":"20210205171603","is_ascension_mode":true,"campfire_choices":[{"data":"Observe_purple_2","floor":7.0,"key":"SMITH"},{"data":"Charmbait_purple","floor":10.0,"key":"SMITH"},{"floor":15.0,"key":"REST"},{"data":"D_absorption_purple","floor":23.0,"key":"SMITH"},{"data":"Reaper","floor":27.0,"key":"SMITH"},{"data":"Fancifulhole_purple","floor":33.0,"key":"SMITH"}],"circlet_count":1,"master_deck":["AT_purpleEX","AT_purpleEX+1","AT_purpleEX","Defend_purpleEX","Defend_purpleEX","Defend_purpleEX","Defend_purpleEX","Observe_purple_1+1","Observe_purple_2+1","Reaper+1","Charmbait_purple+1","DimensionStaggered_purple","Fancifulhole_purple+1","Boundary_DynamicStaticEquilibrium_purple","D_absorption_purple+1","MeetDecomposer_purple+1"],"relics":["Boundary_crack","Memoryfragments_purpleEX","Circlet","NeowsBlessing","Orichalcum","Art of War","Coffee Dripper","Darkstone Periapt","DemoMod:GlassGuonStoneRelic"],"acts_visited":["Exordium","TheCity","TheCity"],"potions_floor_usage":[34],"damage_taken":[{"damage":0.0,"enemies":"Small Slimes","floor":1.0,"turns":1.0},{"damage":17.0,"enemies":"Lagavulin","floor":6.0,"turns":1.0},{"damage":12.0,"enemies":"3 Sentries","floor":8.0,"turns":1.0},{"damage":0.0,"enemies":"Cultist","floor":11.0,"turns":2.0},{"damage":0.0,"enemies":"2 Louse","floor":12.0,"turns":2.0},{"damage":1.0,"enemies":"Blue Slaver","floor":14.0,"turns":2.0},{"damage":24.0,"enemies":"The Guardian","floor":16.0,"turns":6.0},{"damage":7.0,"enemies":"Shell Parasite","floor":18.0,"turns":3.0},{"damage":6.0,"enemies":"3 Byrds","floor":20.0,"turns":5.0},{"damage":5.0,"enemies":"Shelled Parasite and Fungi","floor":21.0,"turns":4.0},{"damage":0.0,"enemies":"Cultist and Chosen","floor":22.0,"turns":3.0},{"damage":36.0,"enemies":"Slavers","floor":24.0,"turns":6.0},{"damage":4.0,"enemies":"Snecko","floor":25.0,"turns":5.0},{"damage":0.0,"enemies":"DemoMod:2_Veteran_bullet_kins_and_red_shotgun_kin","floor":28.0,"turns":1.0},{"damage":0.0,"enemies":"DemoMod:4_Bullet_Kins","floor":29.0,"turns":1.0},{"damage":3.0,"enemies":"DemoMod:Veteran_shot_gun_kin_and_red_shotgun_kin_with_gunsinger","floor":30.0,"turns":3.0},{"damage":17.0,"enemies":"DemoMod:Veteran_shot_gun_kin_and_blue_shotgun_kin_with_gunsinger","floor":31.0,"turns":4.0},{"damage":3.0,"enemies":"DemoMod:Red_and_blue_shotgun_kin_with_gunsinger","floor":32.0,"turns":3.0},{"damage":80,"enemies":"DemoMod:ResourcefulRat","floor":34,"turns":5}],"seed_played":"8849769302798045712","potions_obtained":[{"floor":11.0,"key":"SpeedPotion"},{"floor":14.0,"key":"ColorlessPotion"},{"floor":16.0,"key":"Dexterity Potion"},{"floor":22.0,"key":"Ancient Potion"},{"floor":24.0,"key":"LiquidMemories"},{"floor":29.0,"key":"Ancient Potion"},{"floor":30.0,"key":"Ancient Potion"}],"is_trial":false,"path_per_floor":["M","?","$","?","$","E","R","E","T","R","M","M","T","M","R","B",null,"M","?","M","M","M","R","E","M","T","R","M","M","M","M","M","R","B"],"character_chosen":"Youkari","items_purchased":["DemoMod:GnawedKey"],"campfire_rested":1,"item_purchase_floors":[3],"current_hp_per_floor":[70,70,70,56,56,39,39,27,27,27,32,37,37,43,64,42,70,68,68,67,68,70,70,49,47,70,70,70,70,67,61,70,70,0,0],"gold":396,"neow_bonus":"THREE_ENEMY_KILL","is_daily":false,"chose_seed":false,"campfire_upgraded":5,"win_rate":0.0,"timestamp":1612516563,"path_taken":["M","?","?","?","$","E","R","E","T","R","M","M","?","?","R","BOSS","M","?","?","M","M","R","E","M","T","R","M","M","M","M","M","R","BOSS"],"items_purchased_type":["Relic"],"build_version":"2020-12-22","purchased_purges":0,"victory":false,"max_hp_per_floor":[70,70,70,70,70,70,70,70,70,70,70,70,70,70,70,70,70,70,70,70,70,70,70,70,70,70,70,70,70,70,70,70,70,70,70],"card_choices":[{"not_picked":["RuleDissolution_purple","Nest_LightFlightworm_purple","SfantasyHide_purple"],"picked":"SKIP","floor":1.0},{"not_picked":["AdvanceAttack_purple","Umbrella_purple"],"picked":"Charmbait_purple","floor":6.0},{"not_picked":["Shallow_ocean_purpleEX","StateErode_purple"],"picked":"DimensionStaggered_purple","floor":8.0},{"not_picked":["Extrememeaning_purpleEX","DimensionStaggered_purple","MeetDecomposer_purple"],"picked":"SKIP","floor":11.0},{"not_picked":["Photoelasticity_Doppler_Effect_purple","Erosivefilter_purple","UniverseChoice_purple"],"picked":"SKIP","floor":12.0},{"not_picked":["DimensionStaggered_purple","MonsterNeedle_purple","StateDuplicate_purple"],"picked":"SKIP","floor":14.0},{"not_picked":["D_absorption_purple","UniverseChoice_purple"],"picked":"Fancifulhole_purple","floor":16.0},{"not_picked":["Realm_recovery_purpleEX","ExistenceContinue_purple","RuleDissolution_purple"],"picked":"SKIP","floor":18.0},{"not_picked":["Erosivefilter_purple","AdvanceAttack_purple","Line_surface_state_purple"],"picked":"SKIP","floor":20.0},{"not_picked":["Boundary_ObjectiveBoundary_purple+1","ExistenceContinue_purple","Boundary_DreamRealityDamnation_purple"],"picked":"SKIP","floor":21.0},{"not_picked":["StateDuplicate_purple","SharpContractionReality_purple+1"],"picked":"D_absorption_purple","floor":22.0},{"not_picked":["OmniscientAndOmnipotent_Monster_purple","DimensionStaggered_purple+1","SfantasyHide_purple"],"picked":"SKIP","floor":24.0},{"not_picked":["Boundary_DreamRealityDamnation_purple+1","Bait_Toxicbait_purple","ExistenceContinue_purple"],"picked":"SKIP","floor":25.0},{"not_picked":["Mirror_WaveAndshot_purple+1","SfantasyHide_purple","Anti_communist_purple+1"],"picked":"SKIP","floor":28.0},{"not_picked":["WingOfChimera_purple","Umbrella_purple","Boundary_of_Extermination_purpleEX"],"picked":"SKIP","floor":29.0},{"not_picked":["AdvanceAttack_purple","Boundary_DreamRealityDamnation_purple+1"],"picked":"MeetDecomposer_purple+1","floor":30.0},{"not_picked":["Umbrella_purple","MNeedle_purple","Yakumo_Ran_purple+1"],"picked":"SKIP","floor":31.0},{"not_picked":["Worldmountain_purple+1","SfantasyHide_purple","Realm_recovery_purpleEX"],"picked":"SKIP","floor":32.0}],"player_experience":123370,"relics_obtained":[{"floor":6.0,"key":"REME_PuzzleBoxRelic"},{"floor":8.0,"key":"Orichalcum"},{"floor":9.0,"key":"Art of War"},{"floor":13.0,"key":"Dota2Spire:CrimsonGuard"},{"floor":24.0,"key":"Darkstone Periapt"}],"event_choices":[{"damage_healed":0.0,"max_hp_gain":0.0,"max_hp_loss":0.0,"gold_gain":0.0,"event_name":"The Woman in Blue","player_choice":"Bought 0 Potions","floor":2.0,"gold_loss":0.0,"damage_taken":0.0},{"damage_healed":0.0,"max_hp_gain":0.0,"max_hp_loss":0.0,"gold_gain":0.0,"event_name":"Shining Light","player_choice":"Entered Light","floor":4.0,"gold_loss":0.0,"damage_taken":14.0,"cards_upgraded":["Observe_purple_1","AT_purpleEX"]},{"damage_healed":0.0,"max_hp_gain":0.0,"max_hp_loss":0.0,"gold_gain":0.0,"cards_transformed":["AT_purpleEX"],"event_name":"Transmorgrifier","player_choice":"Transformed","floor":19.0,"gold_loss":0.0,"damage_taken":0.0,"cards_obtained":["Boundary_DynamicStaticEquilibrium_purple"]}],"is_beta":false,"boss_relics":[{"not_picked":["Busted Crown","REME_LowDesire"],"picked":"Coffee Dripper"}],"items_purged_floors":[],"is_endless":false,"potions_floor_spawned":[11,14,16,18,22,24,29,30],"killed_by":"DemoMod:ResourcefulRat","ascension_level":3}}