{"host":"ev0u5pyx0moiq7pp","time":1612557633,"event":{"mods":["Act Like it!","BaseMod","CapriCore","Challenge The Spire","Colored Map","Colored Powertips","Custom Start","DeckTracker","Elementarium","Energized Spire","Hubris","Koishi","Minty Spire (QoL Compilation)","Quick Restart","Random Character Button","Shop Mod","StSLib","Synergy Search","The Bladedancer","The Bug Knight","The Hierophant","The Immortal","The Necromancer","The Runesmith"],"gold_per_floor":[17,28,47,64,64,64,75,88,88,88,106,137,149,166,166,166,166],"floor_reached":16,"language":"DEU","playtime":2022,"items_purged":[],"score":108,"play_id":"b68a3593-bb64-4866-a4ff-6734b07bb746","local_time":"20210205214033","is_ascension_mode":false,"campfire_choices":[{"floor":6,"key":"RECALL"},{"data":"blademaster:Quickstep","floor":10,"key":"SMITH"},{"floor":15,"key":"REST"}],"circlet_count":0,"master_deck":["blademaster:Strike","blademaster:Strike","blademaster:Strike","blademaster:Strike","blademaster:Defend","blademaster:Defend","blademaster:Defend","blademaster:Defend","blademaster:RagingBlow","blademaster:HighVoltage","blademaster:EnchantedCuirass","blademaster:FuriousStrike","blademaster:Vortex","blademaster:RollingTyphoon","blademaster:Quickstep+1","blademaster:FuriousStrike","blademaster:EyeOfTheStorm","blademaster:CombatPrep","blademaster:ChargingUp"],"relics":["blademaster:DancersAmulet","Vajra"],"acts_visited":["Exordium"],"potions_floor_usage":[7,12,16,16],"damage_taken":[{"damage":1,"enemies":"Cultist","floor":1,"turns":4},{"damage":0,"enemies":"2 Louse","floor":2,"turns":4},{"damage":2,"enemies":"Small Slimes","floor":3,"turns":4},{"damage":0,"enemies":"Red Slaver","floor":4,"turns":5},{"damage":0,"enemies":"Lots of Slimes","floor":7,"turns":1},{"damage":15,"enemies":"3 Louse","floor":8,"turns":7},{"damage":14,"enemies":"Looter","floor":11,"turns":4},{"damage":4,"enemies":"HollowMod:MossKnight","floor":12,"turns":9},{"damage":22,"enemies":"Exordium Thugs","floor":13,"turns":4},{"damage":0,"enemies":"Large Slime","floor":14,"turns":4},{"damage":53,"enemies":"Hexaghost","floor":16,"turns":16}],"seed_played":"8677172228767314868","potions_obtained":[{"floor":4,"key":"DuplicationPotion"},{"floor":8,"key":"ColorlessPotion"},{"floor":11,"key":"Dexterity Potion"},{"floor":13,"key":"GamblersBrew"}],"is_trial":false,"path_per_floor":["M","M","M","M","?","R","M","M","T","R","M","E","M","M","R","B"],"character_chosen":"THE_BLADEMASTER","items_purchased":[],"campfire_rested":1,"item_purchase_floors":[],"current_hp_per_floor":[74,74,72,72,72,72,72,57,57,57,43,39,17,17,39,0,0],"gold":166,"neow_bonus":"THREE_RARE_CARDS","is_daily":false,"chose_seed":false,"campfire_upgraded":1,"win_rate":0.0,"timestamp":1612557633,"path_taken":["M","?","M","M","?","R","M","M","T","R","M","E","?","M","R","BOSS"],"items_purchased_type":[],"build_version":"2020-12-22","purchased_purges":0,"victory":false,"max_hp_per_floor":[75,75,75,75,75,75,75,75,75,75,75,75,75,75,75,75,75],"card_choices":[{"not_picked":["blademaster:LightningDraw","blademaster:CloudOfSteel"],"picked":"blademaster:EnchantedCuirass","floor":0},{"not_picked":["blademaster:BladeCross","blademaster:AwakeningDefend","blademaster:FlockOfBlades"],"picked":"SKIP","floor":1},{"not_picked":["blademaster:CullingStrike","blademaster:Hailwind"],"picked":"blademaster:FuriousStrike","floor":2},{"not_picked":["blademaster:BrainBloom","blademaster:ThunderSlash"],"picked":"blademaster:Vortex","floor":3},{"not_picked":["blademaster:Momentum","blademaster:SharpBlades"],"picked":"blademaster:RollingTyphoon","floor":4},{"not_picked":["blademaster:Stormstrike","blademaster:Vortex"],"picked":"blademaster:Quickstep","floor":7},{"not_picked":["blademaster:AirSlash","blademaster:BladeMastery"],"picked":"blademaster:FuriousStrike","floor":8},{"not_picked":["blademaster:AirSlash","blademaster:KiBarrier"],"picked":"blademaster:EyeOfTheStorm","floor":11},{"not_picked":["blademaster:AspectOfWind","blademaster:Vortex"],"picked":"blademaster:CombatPrep","floor":12},{"not_picked":["blademaster:Gust","blademaster:ThunderingOpener"],"picked":"blademaster:ChargingUp","floor":13},{"not_picked":["blademaster:AwakeningDefend","blademaster:Quickness","blademaster:Safeguard"],"picked":"SKIP","floor":14}],"player_experience":566708,"relics_obtained":[{"floor":12,"key":"Vajra"},{"floor":12,"key":"blademaster:ComboEveryTurnPerk"}],"event_choices":[{"damage_healed":0,"gold_gain":0,"player_choice":"Bought 0 Potions","damage_taken":0,"max_hp_gain":0,"max_hp_loss":0,"event_name":"The Woman in Blue","floor":5,"gold_loss":0}],"is_beta":false,"boss_relics":[],"items_purged_floors":[],"is_endless":false,"potions_floor_spawned":[4,8,11,13],"killed_by":"Hexaghost","ascension_level":0}}