{"host":"21h5e52imz35vo8g","time":1612518334,"event":{"mods":["AchievementEnabler","BaseMod","Colored Map","Colored Powertips","Googly Eyes","Minty Spire (QoL Compilation)","Quick Restart","Rare Cards Sparkle","Replay The Spire","StSLib"],"gold_per_floor":[111,111,124,138,138,138,11,22,22,53,72,147,147,71,71,71,71],"floor_reached":16,"language":"ZHS","playtime":529,"items_purged":[],"score":135,"play_id":"93a0109c-8f0f-4023-b3a6-8a3d66bb1143","local_time":"20210205174534","is_ascension_mode":true,"campfire_choices":[{"data":"Armaments","floor":6,"key":"SMITH"}],"circlet_count":0,"master_deck":["Strike_R","Strike_R","Strike_R","Strike_R","Strike_R","Defend_R","Defend_R","Defend_R","Bash","Armaments+1","Feel No Pain","Wild Strike","Sever Soul","Feel No Pain+1","Perfected Strike","Fire Breathing+1"],"relics":["Burning Blood","NeowsBlessing","HornCleat","Shuriken"],"acts_visited":["Exordium"],"potions_floor_usage":[10,16,16],"damage_taken":[{"damage":0,"enemies":"Cultist","floor":1,"turns":1},{"damage":0,"enemies":"Small Slimes","floor":3,"turns":1},{"damage":0,"enemies":"2 Louse","floor":4,"turns":1},{"damage":22,"enemies":"Red Slaver","floor":8,"turns":5},{"damage":25,"enemies":"Lagavulin","floor":10,"turns":4},{"damage":8,"enemies":"Blue Slaver","floor":11,"turns":3},{"damage":30,"enemies":"Slime Boss","floor":16,"turns":3}],"seed_played":"3045651540854043958","potions_obtained":[{"floor":3,"key":"Elixir"},{"floor":5,"key":"Death Potion"},{"floor":5,"key":"PowerPotion"},{"floor":11,"key":"Energy Potion"}],"is_trial":false,"path_per_floor":["M","?","M","M","?","R","$","M","T","E","M","?","?","$","R_BF","B"],"character_chosen":"IRONCLAD","items_purchased":["Sever Soul","Feel No Pain+1","Fire Breathing"],"campfire_rested":0,"item_purchase_floors":[7,7,14],"current_hp_per_floor":[78,80,80,80,80,80,80,64,64,45,43,32,25,25,25,0,0],"gold":71,"neow_bonus":"THREE_ENEMY_KILL","is_daily":false,"chose_seed":false,"campfire_upgraded":1,"win_rate":0.0,"timestamp":1612518334,"path_taken":["M","?","M","?","?","R","$","M","T","E","?","?","?","?","R_BF","BOSS"],"items_purchased_type":["Card","Card","Card"],"build_version":"2020-12-22","purchased_purges":0,"victory":false,"max_hp_per_floor":[80,80,80,80,80,80,80,80,80,80,80,80,80,80,80,80,80],"card_choices":[{"not_picked":["Massacre","Perfected Strike"],"picked":"Armaments","floor":1},{"not_picked":["Sentinel","ReplayTheSpireMod:Corrosion Curse"],"picked":"Feel No Pain","floor":3},{"not_picked":["ReplayTheSpireMod:Strike From Hell","Iron Wave"],"picked":"Wild Strike","floor":4},{"not_picked":["Thunderclap","Wild Strike"],"picked":"Perfected Strike","floor":8},{"not_picked":["Cleave","Replay:Many Hands","Spot Weakness"],"picked":"SKIP","floor":10},{"not_picked":["Havoc","ReplayTheSpireMod:Limb From Limb","Whirlwind"],"picked":"SKIP","floor":11}],"player_experience":376405,"relics_obtained":[{"floor":9,"key":"HornCleat"},{"floor":10,"key":"Shuriken"}],"event_choices":[{"damage_healed":2,"gold_gain":0,"player_choice":"Full Heal","damage_taken":0,"max_hp_gain":0,"max_hp_loss":0,"event_name":"Wheel of Change","floor":2,"gold_loss":0},{"damage_healed":0,"gold_gain":0,"player_choice":"Got Potions","damage_taken":0,"max_hp_gain":0,"max_hp_loss":0,"event_name":"Lab","floor":5,"gold_loss":0},{"damage_healed":0,"gold_gain":75,"player_choice":"Gather Gold","damage_taken":11,"max_hp_gain":0,"max_hp_loss":0,"event_name":"World of Goop","floor":12,"gold_loss":0},{"cards_removed":["Defend_R"],"damage_healed":0,"gold_gain":0,"player_choice":"Card Removal","damage_taken":7,"max_hp_gain":0,"max_hp_loss":0,"event_name":"Golden Wing","floor":13,"gold_loss":0},{"damage_healed":0,"gold_gain":0,"player_choice":"Upgraded","damage_taken":0,"max_hp_gain":0,"max_hp_loss":0,"event_name":"Upgrade Shrine","floor":15,"gold_loss":0,"cards_upgraded":["Fire Breathing"]}],"is_beta":false,"boss_relics":[],"items_purged_floors":[],"is_endless":false,"potions_floor_spawned":[3,8,11],"killed_by":"Slime Boss","ascension_level":7}}