{"host":"jx3f6ezc0g3s9edc","time":1612553994,"event":{"mods":["AchievementEnabler","BaseMod","Bestiary","Colored Map","Highlight Path","Minty Spire (QoL Compilation)","StSLib"],"gold_per_floor":[117,134,134,151,163,163,35,35,59,59,71,71,103,113,113,216,216,234,254,97,112,112,112,125,125,125],"floor_reached":25,"language":"ENG","playtime":1662,"items_purged":["Strike_G"],"score":205,"play_id":"afbe503b-8bbe-408f-b6bc-a1520ec2d58f","local_time":"20210205143954","is_ascension_mode":false,"campfire_choices":[{"data":"Deadly Poison","floor":6.0,"key":"SMITH"},{"data":"Bane","floor":10.0,"key":"SMITH"},{"data":"Footwork","floor":12.0,"key":"SMITH"},{"data":"Envenom","floor":15.0,"key":"SMITH"},{"data":"A Thousand Cuts","floor":23,"key":"SMITH"}],"circlet_count":0,"master_deck":["Strike_G","Strike_G","Defend_G","Defend_G","Defend_G","Defend_G","Defend_G","Survivor","Neutralize","Footwork+1","Deadly Poison+1","Dash","Slice","Bane+1","Predator","Envenom+1","Cloak And Dagger","A Thousand Cuts+1","Acrobatics","Poisoned Stab"],"relics":["Ring of the Serpent","Bronze Scales","Centennial Puzzle","Potion Belt","Lantern"],"acts_visited":["Exordium","TheCity"],"potions_floor_usage":[19,19,21,21,25,25],"damage_taken":[{"damage":0.0,"enemies":"Small Slimes","floor":1.0,"turns":4.0},{"damage":0.0,"enemies":"Cultist","floor":2.0,"turns":5.0},{"damage":4.0,"enemies":"Jaw Worm","floor":4.0,"turns":3.0},{"damage":0.0,"enemies":"Exordium Thugs","floor":5.0,"turns":4.0},{"damage":1.0,"enemies":"Gremlin Gang","floor":11.0,"turns":4.0},{"damage":9.0,"enemies":"3 Sentries","floor":13.0,"turns":10.0},{"damage":0.0,"enemies":"Looter","floor":14.0,"turns":3.0},{"damage":8.0,"enemies":"Slime Boss","floor":16.0,"turns":7.0},{"damage":11.0,"enemies":"Spheric Guardian","floor":18.0,"turns":4.0},{"damage":19,"enemies":"2 Thieves","floor":19,"turns":5},{"damage":11,"enemies":"Snecko","floor":21,"turns":5},{"damage":17,"enemies":"Snake Plant","floor":24,"turns":3},{"damage":28,"enemies":"Gremlin Leader","floor":25,"turns":5}],"seed_played":"-3950835936525732074","potions_obtained":[{"floor":2.0,"key":"SkillPotion"},{"floor":4.0,"key":"SkillPotion"},{"floor":8.0,"key":"GhostInAJar"},{"floor":8.0,"key":"Swift Potion"},{"floor":13.0,"key":"SpeedPotion"},{"floor":16.0,"key":"Poison Potion"},{"floor":24,"key":"Regen Potion"}],"is_trial":false,"path_per_floor":["M","M","?","M","M","R","$","?","T","R","M","R","E","M","R","B",null,"M","M","$","M","?","R","M","E"],"character_chosen":"THE_SILENT","items_purchased":["Bane","Lantern"],"campfire_rested":0,"item_purchase_floors":[7,20],"current_hp_per_floor":[70,70,70,66,66,66,66,66,66,66,65,65,56,56,56,48,70,59,40,40,29,29,29,12,0,0],"gold":125,"neow_bonus":"RANDOM_COMMON_RELIC","is_daily":false,"chose_seed":false,"campfire_upgraded":5,"win_rate":0.0,"timestamp":1612553994,"path_taken":["M","M","?","M","M","R","?","?","T","R","?","R","E","?","R","BOSS","M","M","$","M","?","R","M","E"],"items_purchased_type":["Card","Relic"],"build_version":"2020-12-22","purchased_purges":1,"victory":false,"max_hp_per_floor":[70,70,70,70,70,70,70,70,70,70,70,70,70,70,70,70,70,70,70,70,70,70,70,70,70,70],"card_choices":[{"not_picked":["Dodge and Roll","Escape Plan"],"picked":"Footwork","floor":1.0},{"not_picked":["Dodge and Roll","Acrobatics"],"picked":"Deadly Poison","floor":2.0},{"not_picked":["Underhanded Strike","PiercingWail"],"picked":"Dash","floor":4.0},{"not_picked":["Escape Plan","Underhanded Strike"],"picked":"Slice","floor":5.0},{"not_picked":["Dagger Throw","Backflip"],"picked":"Predator","floor":11.0},{"not_picked":["Backflip","Deflect"],"picked":"Envenom","floor":13.0},{"not_picked":["Calculated Gamble","Acrobatics"],"picked":"Cloak And Dagger","floor":14.0},{"not_picked":["Bullet Time","Wraith Form v2"],"picked":"A Thousand Cuts","floor":16.0},{"not_picked":["Caltrops","Acrobatics","Eviscerate+1"],"picked":"SKIP","floor":18.0},{"not_picked":["Well Laid Plans","Escape Plan","Bane"],"picked":"SKIP","floor":19},{"not_picked":["Prepared","Underhanded Strike","Tactician+1"],"picked":"SKIP","floor":21},{"not_picked":["Deflect+1","Unload"],"picked":"Poisoned Stab","floor":24}],"player_experience":827230,"relics_obtained":[{"floor":9.0,"key":"Centennial Puzzle"},{"floor":13.0,"key":"Potion Belt"}],"event_choices":[{"cards_removed":["Strike_G"],"damage_healed":0.0,"max_hp_gain":0.0,"max_hp_loss":0.0,"gold_gain":0.0,"event_name":"Bonfire Elementals","player_choice":"Offered Basic","floor":3.0,"gold_loss":0.0,"damage_taken":0.0},{"damage_healed":0.0,"max_hp_gain":0.0,"max_hp_loss":0.0,"gold_gain":0.0,"event_name":"Lab","player_choice":"Got Potions","floor":8.0,"gold_loss":0.0,"damage_taken":0.0},{"damage_healed":0,"gold_gain":0,"cards_transformed":["Strike_G"],"player_choice":"Transformed","damage_taken":0,"max_hp_gain":0,"max_hp_loss":0,"event_name":"Transmorgrifier","floor":22,"gold_loss":0,"cards_obtained":["Acrobatics"]}],"is_beta":false,"boss_relics":[{"not_picked":["Fusion Hammer","Runic Dome"],"picked":"Ring of the Serpent"}],"items_purged_floors":[7],"is_endless":false,"potions_floor_spawned":[2,4,13,16,24],"killed_by":"Gremlin Leader","ascension_level":0}}