{"host":"xz7n3qy1zq36rzpg","time":1612512493,"event":{"mods":["BaseMod","Colored Map","Colored Powertips","Highlight Path","Minty Spire (QoL Compilation)","Quick Restart","Shop Mod"],"gold_per_floor":[114,129,144,144,144,144,174,174,199,229,229,244,259,284,284,284,284],"floor_reached":16,"language":"ENG","playtime":28381,"items_purged":[],"score":160,"play_id":"e2cf9a41-b326-4f3b-a993-37d5fc9bd63a","local_time":"20210205090813","daily_mods":["Specialized","ControlledChaos","Elite Swarm"],"is_ascension_mode":false,"campfire_choices":[{"data":"Eruption","floor":6,"key":"SMITH"},{"floor":8,"key":"REST"},{"floor":15,"key":"REST"}],"circlet_count":0,"master_deck":["Strike_P","Strike_P","Strike_P","Defend_P","Defend_P","Defend_P","Defend_P","Eruption+1","Vigilance","FlyingSleeves","FlyingSleeves","FlyingSleeves","FlyingSleeves","FlyingSleeves","CutThroughFate","TalkToTheHand"],"relics":["PureWater","Frozen Eye","Centennial Puzzle","Art of War","Omamori","Potion Belt"],"acts_visited":["Exordium"],"potions_floor_usage":[7,10],"damage_taken":[{"damage":0,"enemies":"2 Louse","floor":1,"turns":2},{"damage":5,"enemies":"Small Slimes","floor":2,"turns":3},{"damage":1,"enemies":"Cultist","floor":3,"turns":3},{"damage":35,"enemies":"3 Sentries","floor":7,"turns":6},{"damage":0,"enemies":"Gremlin Nob","floor":10,"turns":2},{"damage":15,"enemies":"Exordium Wildlife","floor":12,"turns":4},{"damage":8,"enemies":"Blue Slaver","floor":13,"turns":5},{"damage":100026,"enemies":"Hexaghost","floor":16,"turns":7}],"seed_played":"-8643747277835071688","potions_obtained":[{"floor":1,"key":"BottledMiracle"},{"floor":3,"key":"ColorlessPotion"},{"floor":7,"key":"AttackPotion"}],"is_trial":false,"path_per_floor":["M","M","M","$","?","R","E","R","T","E","?","M","M","T","R","B"],"character_chosen":"WATCHER","items_purchased":[],"campfire_rested":2,"item_purchase_floors":[],"current_hp_per_floor":[72,67,66,66,66,66,31,52,52,52,52,37,29,29,50,0,0],"gold":284,"neow_bonus":"","is_daily":true,"chose_seed":false,"campfire_upgraded":1,"win_rate":0.0,"timestamp":1612512493,"path_taken":["M","M","M","$","?","R","E","R","T","E","?","M","?","?","R","BOSS"],"items_purchased_type":[],"build_version":"2020-12-22","purchased_purges":0,"victory":false,"max_hp_per_floor":[72,72,72,72,72,72,72,72,72,72,72,72,72,72,72,72,72],"card_choices":[{"not_picked":["Sanctity","Conclude","BowlingBash"],"picked":"SKIP","floor":1},{"not_picked":["CrushJoints","Consecrate"],"picked":"CutThroughFate","floor":2},{"not_picked":["Study","Prostrate"],"picked":"TalkToTheHand","floor":3},{"not_picked":["Wish","DeusExMachina","Omniscience"],"picked":"SKIP","floor":7},{"not_picked":["MasterReality","Omniscience","Vault"],"picked":"SKIP","floor":10},{"not_picked":["ReachHeaven","BowlingBash","Consecrate"],"picked":"SKIP","floor":12},{"not_picked":["Vengeance","Study","Prostrate"],"picked":"SKIP","floor":13}],"player_experience":418538,"relics_obtained":[{"floor":7,"key":"Centennial Puzzle"},{"floor":9,"key":"Art of War"},{"floor":10,"key":"Omamori"},{"floor":14,"key":"Potion Belt"}],"event_choices":[{"damage_healed":0,"gold_gain":0,"player_choice":"Ignored","damage_taken":0,"max_hp_gain":0,"max_hp_loss":0,"event_name":"Liars Game","floor":5,"gold_loss":0},{"cards_removed":["Strike_P"],"damage_healed":0,"gold_gain":0,"player_choice":"Purged","damage_taken":0,"max_hp_gain":0,"max_hp_loss":0,"event_name":"Purifier","floor":11,"gold_loss":0}],"is_beta":false,"boss_relics":[],"items_purged_floors":[],"is_endless":false,"potions_floor_spawned":[1,3,7],"killed_by":"Hexaghost","ascension_level":0}}