{"host":"sian7qp8a9pc9xwd","time":1612520910,"event":{"mods":["BaseMod","Minty Spire (QoL Compilation)","StSLib","SuperFastMode"],"gold_per_floor":[117,69,69,69,21,21,49,62,62,83,83,13,30,50,50,153,153,167,10,29,40,340,340,370,30,53,53,53,68,100,111,111,208,208,208],"floor_reached":34,"language":"ENG","playtime":11756,"items_purged":[],"score":486,"play_id":"45d1c29c-4bc3-406f-b316-b03618a02505","local_time":"20210205052830","is_ascension_mode":true,"campfire_choices":[{"data":"Prostrate","floor":6,"key":"SMITH"},{"data":"Vigilance","floor":11,"key":"SMITH"},{"data":"Eruption","floor":15,"key":"SMITH"},{"data":"Defend_P","floor":23,"key":"SMITH"},{"floor":27,"key":"REST"},{"floor":32,"key":"REST"}],"circlet_count":0,"master_deck":["Eruption+1","Vigilance+1","Prostrate+1","Sanctity+1","Meditate+1","Pray+1","Alpha+1","Sanctity+1","ThirdEye+1","Evaluate+1"],"relics":["HolyWater","NeowsBlessing","Orichalcum","Toxic Egg 2","White Beast Statue","Damaru","Old Coin","Kunai","Torii","Happy Flower","Nloth\u0027s Gift","Turnip","Pandora\u0027s Box"],"acts_visited":["Exordium","TheCity"],"potions_floor_usage":[10,16,16,21,24,30,31,31],"damage_taken":[{"damage":0,"enemies":"2 Louse","floor":1,"turns":1},{"damage":0,"enemies":"Gremlin Nob","floor":7,"turns":1},{"damage":0,"enemies":"Small Slimes","floor":8,"turns":1},{"damage":10,"enemies":"The Mushroom Lair","floor":10,"turns":7},{"damage":2,"enemies":"Jaw Worm","floor":13,"turns":2},{"damage":1,"enemies":"2 Fungi Beasts","floor":14,"turns":4},{"damage":10,"enemies":"The Guardian","floor":16,"turns":9},{"damage":0,"enemies":"Chosen","floor":18,"turns":4},{"damage":7,"enemies":"3 Byrds","floor":20,"turns":3},{"damage":12,"enemies":"Shelled Parasite and Fungi","floor":21,"turns":4},{"damage":26,"enemies":"Book of Stabbing","floor":24,"turns":6},{"damage":14,"enemies":"Centurion and Healer","floor":29,"turns":4},{"damage":14,"enemies":"Gremlin Leader","floor":30,"turns":5},{"damage":9,"enemies":"Chosen and Byrds","floor":31,"turns":6},{"damage":0,"enemies":"Champ","floor":33,"turns":9}],"seed_played":"3169986846011139798","potions_obtained":[{"floor":7,"key":"Fire Potion"},{"floor":10,"key":"Ancient Potion"},{"floor":13,"key":"Swift Potion"},{"floor":16,"key":"SkillPotion"},{"floor":18,"key":"LiquidMemories"},{"floor":20,"key":"BlessingOfTheForge"},{"floor":21,"key":"PowerPotion"},{"floor":24,"key":"CultistPotion"},{"floor":29,"key":"LiquidMemories"},{"floor":30,"key":"FairyPotion"},{"floor":31,"key":"Fruit Juice"},{"floor":33,"key":"AttackPotion"}],"is_trial":false,"path_per_floor":["M","$","?","?","$","R","E","M","T","?","R","$","M","M","R","B",null,"M","$","M","M","?","R","E","$","T","R","?","M","E","M","R","B",null],"character_chosen":"WATCHER","items_purchased":["Prostrate","SkillPotion","Meditate+1","Damaru","Torii","ThirdEye+1"],"campfire_rested":2,"item_purchase_floors":[2,5,12,19,25,25],"current_hp_per_floor":[72,72,69,74,74,74,74,74,74,64,64,64,62,61,61,51,77,77,77,70,58,58,58,32,32,32,55,55,41,27,23,47,47,47,47],"gold":208,"neow_bonus":"THREE_ENEMY_KILL","is_daily":false,"chose_seed":false,"campfire_upgraded":4,"win_rate":0.0,"timestamp":1612520910,"path_taken":["M","$","?","?","?","R","E","M","T","?","R","?","M","M","R","BOSS","M","$","?","M","?","R","E","$","T","R","?","?","E","M","R","BOSS"],"items_purchased_type":["Card","Potion","Card","Relic","Relic","Card"],"build_version":"2020-12-22","purchased_purges":0,"victory":false,"max_hp_per_floor":[72,72,72,77,77,77,77,77,77,77,77,77,77,77,77,77,77,77,77,77,77,77,77,77,77,77,77,77,77,77,82,82,82,82,82],"card_choices":[{"not_picked":["ClearTheMind","FlyingSleeves","Consecrate"],"picked":"SKIP","floor":1},{"not_picked":["SashWhip","FlyingSleeves","Protect+1"],"picked":"SKIP","floor":7},{"not_picked":["Halt+1","BattleHymn"],"picked":"Sanctity+1","floor":8},{"not_picked":["PathToVictory+1","ClearTheMind+1"],"picked":"Pray+1","floor":13},{"not_picked":["ForeignInfluence+1","FlurryOfBlows","Halt+1"],"picked":"SKIP","floor":14},{"not_picked":["Blasphemy+1","Ragnarok"],"picked":"Alpha+1","floor":16},{"not_picked":["CrushJoints","LikeWater","FollowUp"],"picked":"SKIP","floor":18},{"not_picked":["CarveReality","WheelKick","Halt+1"],"picked":"SKIP","floor":20},{"not_picked":["PathToVictory+1","Pray+1"],"picked":"Sanctity+1","floor":21},{"not_picked":["Crescendo+1","ForeignInfluence+1","LessonLearned"],"picked":"SKIP","floor":24},{"not_picked":["Vengeance+1","CrushJoints","EmptyFist"],"picked":"SKIP","floor":29},{"not_picked":["EmptyMind+1","Swivel+1"],"picked":"Evaluate+1","floor":30},{"not_picked":["EmptyFist","Protect+1","Halt+1"],"picked":"SKIP","floor":31}],"player_experience":884833,"relics_obtained":[{"floor":7,"key":"Toxic Egg 2"},{"floor":9,"key":"White Beast Statue"},{"floor":10,"key":"Odd Mushroom"},{"floor":24,"key":"Kunai"},{"floor":26,"key":"Happy Flower"},{"floor":30,"key":"Turnip"}],"event_choices":[{"damage_healed":0,"gold_gain":0,"player_choice":"Success","damage_taken":3,"relics_obtained":["Orichalcum"],"max_hp_gain":0,"max_hp_loss":0,"event_name":"Scrap Ooze","floor":3,"gold_loss":0},{"damage_healed":0,"gold_gain":0,"player_choice":"Donut","damage_taken":0,"max_hp_gain":5,"max_hp_loss":0,"event_name":"Big Fish","floor":4,"gold_loss":0},{"damage_healed":0,"gold_gain":0,"player_choice":"Fought Mushrooms","damage_taken":0,"max_hp_gain":0,"max_hp_loss":0,"event_name":"Mushrooms","floor":10,"gold_loss":0},{"damage_healed":0,"gold_gain":0,"player_choice":"Opened","damage_taken":0,"relics_obtained":["Old Coin"],"max_hp_gain":0,"max_hp_loss":0,"event_name":"The Mausoleum","floor":22,"gold_loss":0},{"damage_healed":0,"gold_gain":0,"player_choice":"Traded Relic","damage_taken":0,"relics_obtained":["Nloth\u0027s Gift"],"max_hp_gain":0,"max_hp_loss":0,"event_name":"N\u0027loth","floor":28,"relics_lost":["Odd Mushroom"],"gold_loss":0}],"is_beta":false,"boss_relics":[{"not_picked":["Busted Crown","Astrolabe"],"picked":"HolyWater"},{"not_picked":["Coffee Dripper","VioletLotus"],"picked":"Pandora\u0027s Box"}],"items_purged_floors":[],"is_endless":false,"potions_floor_spawned":[7,10,13,14,16,18,20,21,24,29,30,31,33],"ascension_level":1}}