{"host":"2smcgt1ki1qcud40","time":1612528041,"event":{"mods":["BaseMod","Minty Spire (QoL Compilation)"],"gold_per_floor":[118,393,42,42,67,102,102,102,150,170,195,195,205,239,239,336,336,348,1,1,21,31,31,62,16,41,41,53,71,103,113,113,208,208,221,55,75,75,87,118,118,147,147,497,508,535,553,571,571,571,571,571,21,50,50],"floor_reached":56,"language":"ENG","playtime":4864,"items_purged":["Regret","Strike_B","Zap"],"score":1984,"play_id":"2f6e127b-bd58-4b30-bc2d-e04a9bdba255","local_time":"20210205132721","is_ascension_mode":true,"campfire_choices":[{"data":"Defragment","floor":7.0,"key":"SMITH"},{"data":"Creative AI","floor":12.0,"key":"SMITH"},{"data":"Dualcast","floor":15.0,"key":"SMITH"},{"floor":23.0,"key":"REST"},{"data":"Capacitor","floor":27.0,"key":"SMITH"},{"floor":32.0,"key":"REST"},{"floor":41.0,"key":"REST"},{"floor":49.0,"key":"RECALL"},{"floor":52,"key":"REST"}],"circlet_count":0,"master_deck":["AscendersBane","Strike_B","Strike_B","Defend_B","Defend_B+1","Defend_B","Defend_B","Dualcast+1","Compile Driver","Defragment+1","Cold Snap+1","Creative AI+1","Coolheaded+1","Force Field+1","Recycle+1","Fusion+1","Rainbow+1","Turbo+1","Conserve Battery+1","Consume+1","Reinforced Body+1","Double Energy+1","Capacitor+1","Stack+1","Coolheaded+1","Tempest+1","Aggregate+1","Skim+1","Steam Power+1","Enlightenment+1","Echo Form","Recycle+1","Parasite","Hologram+1","Discovery+1","Double Energy+1"],"relics":["Cracked Core","NeowsBlessing","Regal Pillow","DataDisk","Toxic Egg 2","Orichalcum","Art of War","SacredBark","Medical Kit","Ancient Tea Set","Potion Belt","Toy Ornithopter","Fusion Hammer","Emotion Chip","Peace Pipe","Singing Bowl","Old Coin","Nunchaku","Bronze Scales","Strawberry","StrikeDummy"],"acts_visited":["Exordium","TheCity","TheBeyond","TheEnding"],"potions_floor_usage":[54,55,55],"damage_taken":[{"damage":0.0,"enemies":"2 Louse","floor":1.0,"turns":1.0},{"damage":0.0,"enemies":"Lagavulin","floor":6.0,"turns":2.0},{"damage":0.0,"enemies":"Cultist","floor":10.0,"turns":1.0},{"damage":17.0,"enemies":"3 Sentries","floor":11.0,"turns":10.0},{"damage":6.0,"enemies":"Jaw Worm","floor":13.0,"turns":2.0},{"damage":0.0,"enemies":"Lagavulin","floor":14.0,"turns":8.0},{"damage":5.0,"enemies":"Slime Boss","floor":16.0,"turns":11.0},{"damage":31.0,"enemies":"3 Byrds","floor":18.0,"turns":7.0},{"damage":14.0,"enemies":"2 Thieves","floor":21.0,"turns":4.0},{"damage":14.0,"enemies":"Snake Plant","floor":22.0,"turns":7.0},{"damage":0.0,"enemies":"Book of Stabbing","floor":24.0,"turns":7.0},{"damage":6.0,"enemies":"3 Cultists","floor":28.0,"turns":6.0},{"damage":14.0,"enemies":"Centurion and Healer","floor":29.0,"turns":7.0},{"damage":13.0,"enemies":"Gremlin Leader","floor":30.0,"turns":8.0},{"damage":0.0,"enemies":"Snake Plant","floor":31.0,"turns":4.0},{"damage":3.0,"enemies":"Automaton","floor":33.0,"turns":10.0},{"damage":0.0,"enemies":"Orb Walker","floor":35.0,"turns":3.0},{"damage":13.0,"enemies":"3 Darklings","floor":37.0,"turns":6.0},{"damage":0.0,"enemies":"Maw","floor":39.0,"turns":6.0},{"damage":37.0,"enemies":"Reptomancer","floor":40.0,"turns":4.0},{"damage":27.0,"enemies":"Giant Head","floor":42.0,"turns":10.0},{"damage":0.0,"enemies":"Mind Bloom Boss Battle","floor":44.0,"turns":4.0},{"damage":1.0,"enemies":"4 Shapes","floor":45.0,"turns":4.0},{"damage":8.0,"enemies":"Nemesis","floor":46.0,"turns":7.0},{"damage":0.0,"enemies":"Writhing Mass","floor":47.0,"turns":7.0},{"damage":0.0,"enemies":"Spire Growth","floor":48.0,"turns":7.0},{"damage":5,"enemies":"Donu and Deca","floor":50,"turns":7},{"damage":16,"enemies":"Shield and Spear","floor":54,"turns":6},{"damage":57,"enemies":"The Heart","floor":55,"turns":9}],"seed_played":"7421955847021661947","potions_obtained":[{"floor":11.0,"key":"Block Potion"},{"floor":13.0,"key":"DuplicationPotion"},{"floor":21.0,"key":"PowerPotion"},{"floor":22.0,"key":"Dexterity Potion"},{"floor":28.0,"key":"DuplicationPotion"},{"floor":30.0,"key":"Fire Potion"},{"floor":35.0,"key":"ColorlessPotion"},{"floor":37.0,"key":"FocusPotion"},{"floor":45.0,"key":"Block Potion"},{"floor":48.0,"key":"Block Potion"}],"is_trial":false,"path_per_floor":["M","?","$","?","T","E","R","?","T","M","E","R","M","E","R","B",null,"M","$","?","M","M","R","E","$","T","R","M","M","E","M","R","B",null,"M","$","M","?","M","E","R","E","T","?","M","E","M","M","R","B",null,"R","$","E","B",null],"character_chosen":"DEFECT","items_purchased":["Defragment","Regal Pillow","Cold Snap","Conserve Battery+1","Consume+1","Medical Kit","Stack+1","Steam Power+1","Enlightenment+1","Bronze Scales","Strawberry","Swift Potion","Discovery+1"],"campfire_rested":4,"item_purchase_floors":[3,3,3,19,19,19,25,36,36,53,53,53,53],"current_hp_per_floor":[68,68,68,53,53,53,53,58,58,58,41,41,35,35,35,30,68,37,37,37,23,9,48,48,48,48,48,42,28,15,20,59,56,74,74,74,61,61,61,29,68,41,41,41,42,36,36,38,38,33,73,86,93,82,35],"gold":50,"neow_bonus":"THREE_ENEMY_KILL","is_daily":false,"chose_seed":false,"campfire_upgraded":4,"win_rate":0.0,"timestamp":1612528041,"path_taken":["M","?","?","?","?","E","R","?","T","M","E","R","M","E","R","BOSS","M","$","?","M","M","R","E","?","T","R","M","M","E","M","R","BOSS","M","$","M","?","M","E","R","E","T","?","M","E","M","M","R","BOSS","R","$","E","BOSS"],"items_purchased_type":["Card","Relic","Card","Card","Card","Relic","Card","Card","Card","Relic","Relic","Potion","Card"],"build_version":"2020-12-22","purchased_purges":3,"victory":true,"max_hp_per_floor":[75,75,75,75,75,75,75,80,80,80,80,80,80,80,80,80,80,80,80,80,80,80,80,80,80,80,80,80,80,80,80,80,80,80,80,80,80,80,80,80,80,80,80,80,82,84,84,86,86,86,86,86,93,93,93],"card_choices":[{"not_picked":["Stack","Scrape"],"picked":"Compile Driver","floor":1.0},{"not_picked":["Coolheaded+1","Compile Driver"],"picked":"Creative AI","floor":6.0},{"not_picked":["Fusion+1","Static Discharge"],"picked":"Coolheaded+1","floor":10.0},{"not_picked":["Ball Lightning","Steam+1"],"picked":"Force Field+1","floor":11.0},{"not_picked":["Sunder","Chill+1"],"picked":"Recycle+1","floor":13.0},{"not_picked":["Barrage","Redo+1"],"picked":"Fusion+1","floor":14.0},{"not_picked":["Meteor Strike","Thunder Strike"],"picked":"Rainbow+1","floor":16.0},{"not_picked":["Storm","Chaos+1"],"picked":"Turbo+1","floor":18.0},{"not_picked":["Beam Cell","Coolheaded+1"],"picked":"Reinforced Body+1","floor":21.0},{"not_picked":["Recycle+1","Beam Cell"],"picked":"Double Energy+1","floor":22.0},{"not_picked":["Thunder Strike","Loop"],"picked":"Capacitor","floor":24.0},{"not_picked":["Barrage+1","Gash"],"picked":"Coolheaded+1","floor":28.0},{"not_picked":["Beam Cell+1","Genetic Algorithm+1"],"picked":"Tempest+1","floor":29.0},{"not_picked":["Redo+1","Barrage","Darkness+1"],"picked":"SKIP","floor":30.0},{"not_picked":["Beam Cell","Barrage"],"picked":"Aggregate+1","floor":31.0},{"not_picked":["Creative AI","Rainbow+1"],"picked":"Core Surge","floor":33.0},{"not_picked":["FTL+1","Storm"],"picked":"Skim+1","floor":35.0},{"not_picked":["Gash","Storm","Loop"],"picked":"SKIP","floor":37.0},{"not_picked":["Heatsinks","Rebound+1","Coolheaded+1"],"picked":"SKIP","floor":39.0},{"not_picked":["Rebound+1","Leap+1"],"picked":"Echo Form","floor":40.0},{"not_picked":["Stack+1","Go for the Eyes","Darkness+1"],"picked":"SKIP","floor":42.0},{"not_picked":["Go for the Eyes","Hologram+1"],"picked":"Recycle+1","floor":44.0},{"not_picked":["Blizzard+1","Redo+1","Undo+1"],"picked":"Singing Bowl","floor":45.0},{"not_picked":["White Noise+1","Self Repair","Storm"],"picked":"Singing Bowl","floor":46.0},{"not_picked":["Genetic Algorithm+1","Force Field+1"],"picked":"Hologram+1","floor":47.0},{"not_picked":["Leap+1","Coolheaded+1","Hologram+1"],"picked":"Singing Bowl","floor":48.0},{"not_picked":["Sweeping Beam+1","Buffer"],"picked":"Double Energy+1","floor":54}],"player_experience":728135,"relics_obtained":[{"floor":5.0,"key":"DataDisk"},{"floor":6.0,"key":"Toxic Egg 2"},{"floor":11.0,"key":"Orichalcum"},{"floor":14.0,"key":"Art of War"},{"floor":24.0,"key":"Ancient Tea Set"},{"floor":26.0,"key":"Potion Belt"},{"floor":30.0,"key":"Toy Ornithopter"},{"floor":40.0,"key":"Emotion Chip"},{"floor":42.0,"key":"Peace Pipe"},{"floor":43.0,"key":"Singing Bowl"},{"floor":44.0,"key":"Old Coin"},{"floor":46.0,"key":"Nunchaku"},{"floor":54,"key":"StrikeDummy"}],"event_choices":[{"damage_healed":0.0,"max_hp_gain":0.0,"max_hp_loss":0.0,"gold_gain":275.0,"event_name":"Golden Shrine","player_choice":"Desecrate","floor":2.0,"gold_loss":0.0,"damage_taken":0.0,"cards_obtained":["Regret"]},{"damage_healed":0.0,"max_hp_gain":0.0,"max_hp_loss":0.0,"gold_gain":0.0,"event_name":"Shining Light","player_choice":"Entered Light","floor":4.0,"gold_loss":0.0,"damage_taken":15.0,"cards_upgraded":["Defend_B","Cold Snap"]},{"damage_healed":0.0,"max_hp_gain":5.0,"max_hp_loss":0.0,"gold_gain":0.0,"event_name":"Big Fish","player_choice":"Donut","floor":8.0,"gold_loss":0.0,"damage_taken":0.0},{"cards_removed":["Strike_B"],"damage_healed":0.0,"max_hp_gain":0.0,"max_hp_loss":0.0,"gold_gain":0.0,"event_name":"Bonfire Elementals","player_choice":"Offered Basic","floor":20.0,"gold_loss":0.0,"damage_taken":0.0},{"cards_removed":["Core Surge"],"damage_healed":0.0,"max_hp_gain":0.0,"max_hp_loss":0.0,"gold_gain":0.0,"event_name":"Falling","player_choice":"Removed Attack","floor":38.0,"gold_loss":0.0,"damage_taken":0.0},{"damage_healed":0.0,"max_hp_gain":0.0,"max_hp_loss":0.0,"gold_gain":0.0,"event_name":"MindBloom","player_choice":"Fight","floor":44.0,"gold_loss":0.0,"damage_taken":0.0}],"is_beta":false,"boss_relics":[{"not_picked":["Velvet Choker","Sozu"],"picked":"SacredBark"},{"not_picked":["Pandora\u0027s Box","Runic Pyramid"],"picked":"Fusion Hammer"}],"items_purged_floors":[3,19,53],"is_endless":false,"potions_floor_spawned":[11,13,16,21,22,28,30,35,37,45,47,48],"ascension_level":11}}