{"host":"lktusdb9orijgc6z","time":1612543305,"event":{"mods":["BaseMod","Bestiary","Colored Map","Colored Powertips","Minty Spire (QoL Compilation)","Permanent Neow","Quick Restart","Relic Stats","StSLib","everything is the same but u backflip on backflip","slay the spire mod where everything is the same but ironclad has a cowboy hat"],"gold_per_floor":[110,127,139,152,152,152,179,179,204,204,31,31,56,75,75,153,153,165,182,195,207,33,62,81,113,113,125,160,160,160,160,160,231,231,246,246,2,0,15,15,47,47,70,98,113,130,147,176,176,176,176],"floor_reached":50,"language":"ENG","playtime":2522,"items_purged":["Strike_R"],"score":1261,"play_id":"c67c5006-b3a4-467d-8051-2a8434d6296b","local_time":"20210205174145","is_ascension_mode":true,"campfire_choices":[{"data":"Bash","floor":6,"key":"SMITH"},{"data":"Anger","floor":8,"key":"SMITH"},{"data":"Anger","floor":10,"key":"SMITH"},{"data":"Fire Breathing","floor":15,"key":"SMITH"},{"floor":30,"key":"REST"},{"data":"Corruption","floor":32,"key":"SMITH"},{"data":"Dark Embrace","floor":40,"key":"SMITH"},{"data":"Feel No Pain","floor":42,"key":"SMITH"},{"floor":49,"key":"RECALL"}],"circlet_count":0,"master_deck":["AscendersBane","Strike_R","Defend_R","Defend_R","Bash+1","Impervious","Feel No Pain+1","Shrug It Off","Anger+1","Clothesline","Fire Breathing+1","Wild Strike+1","Impervious","Power Through","Feed","Reckless Charge+1","Cleave+1","Barricade+1","Evolve","Corruption+1","Dark Embrace+1","Shrug It Off","Wild Strike+1","Exhume","Ghostly Armor","Reckless Charge","Immolate","Body Slam+1","Shrug It Off"],"relics":["Burning Blood","Happy Flower","Dream Catcher","Red Skull","Astrolabe","Potion Belt","Centennial Puzzle","Whetstone","Kunai","Self Forming Clay","Sozu","Sundial","Red Mask","Bronze Scales","Bag of Marbles","Blue Candle"],"acts_visited":["Exordium","TheCity","TheBeyond"],"potions_floor_usage":[4,7,23,23,27,28,33],"damage_taken":[{"damage":19,"enemies":"Cultist","floor":1,"turns":6},{"damage":2,"enemies":"Small Slimes","floor":2,"turns":5},{"damage":9,"enemies":"Jaw Worm","floor":3,"turns":5},{"damage":0,"enemies":"Exordium Thugs","floor":4,"turns":7},{"damage":11,"enemies":"3 Sentries","floor":7,"turns":8},{"damage":28,"enemies":"Lagavulin","floor":13,"turns":7},{"damage":0,"enemies":"Looter","floor":14,"turns":2},{"damage":0,"enemies":"Slime Boss","floor":16,"turns":5},{"damage":12,"enemies":"Chosen","floor":18,"turns":7},{"damage":31,"enemies":"3 Byrds","floor":19,"turns":4},{"damage":7,"enemies":"3 Cultists","floor":20,"turns":6},{"damage":18,"enemies":"Cultist and Chosen","floor":21,"turns":5},{"damage":0,"enemies":"Gremlin Leader","floor":23,"turns":8},{"damage":4,"enemies":"Centurion and Healer","floor":24,"turns":6},{"damage":20,"enemies":"Book of Stabbing","floor":25,"turns":5},{"damage":4,"enemies":"Chosen and Byrds","floor":27,"turns":5},{"damage":26,"enemies":"Slavers","floor":28,"turns":6},{"damage":12,"enemies":"Colosseum Slavers","floor":29,"turns":5},{"damage":1,"enemies":"Automaton","floor":33,"turns":10},{"damage":22,"enemies":"Orb Walker","floor":35,"turns":5},{"damage":9,"enemies":"3 Shapes","floor":39,"turns":5},{"damage":0,"enemies":"Giant Head","floor":41,"turns":8},{"damage":0,"enemies":"Nemesis","floor":44,"turns":9},{"damage":20,"enemies":"Writhing Mass","floor":45,"turns":7},{"damage":0,"enemies":"3 Darklings","floor":46,"turns":6},{"damage":13,"enemies":"Maw","floor":47,"turns":6},{"damage":44,"enemies":"Reptomancer","floor":48,"turns":6},{"damage":29,"enemies":"Donu and Deca","floor":50,"turns":4}],"seed_played":"-8000814943812168632","potions_obtained":[{"floor":2,"key":"Block Potion"},{"floor":3,"key":"AttackPotion"},{"floor":4,"key":"Fire Potion"},{"floor":13,"key":"SteroidPotion"},{"floor":14,"key":"CultistPotion"},{"floor":23,"key":"LiquidMemories"},{"floor":25,"key":"GamblersBrew"},{"floor":27,"key":"Strength Potion"},{"floor":33,"key":"DuplicationPotion"}],"is_trial":false,"path_per_floor":["M","M","M","M","?","R","E","R","T","R","$","?","E","M","R","B",null,"M","M","M","M","$","E","M","E","T","M","E","?","R","?","R","B",null,"M","?","$","?","M","R","E","R","T","E","M","M","M","E","R","B"],"character_chosen":"IRONCLAD","items_purchased":["Fire Breathing","Wild Strike","Potion Belt","Shrug It Off","Sundial"],"campfire_rested":1,"item_purchase_floors":[11,11,22,22,37],"current_hp_per_floor":[55,59,56,62,55,55,50,50,50,50,50,50,28,34,34,40,61,58,33,35,26,26,35,40,29,29,31,14,8,34,34,34,39,77,61,61,61,61,61,61,67,67,67,73,62,71,64,26,26,0,0],"gold":176,"neow_bonus":"THREE_RARE_CARDS","is_daily":false,"chose_seed":false,"campfire_upgraded":7,"win_rate":0.0,"timestamp":1612543305,"path_taken":["M","M","?","M","?","R","E","R","T","R","$","?","E","M","R","BOSS","M","M","M","M","$","E","M","E","T","M","E","?","R","?","R","BOSS","M","?","$","?","M","R","E","R","T","E","M","M","M","E","R","BOSS"],"items_purchased_type":["Card","Card","Relic","Card","Relic"],"build_version":"2020-12-22","purchased_purges":1,"victory":false,"max_hp_per_floor":[68,68,68,68,68,68,68,68,68,68,68,68,68,68,68,68,68,71,71,74,77,77,80,83,86,86,86,89,89,89,89,89,89,89,89,89,89,89,92,92,92,92,92,92,95,98,98,98,98,98,98],"relic_stats":{"Happy Flower":[45],"counters":[28,168],"Self Forming Clay":[45],"Astrolabe":["Reckless Charge","Cleave","Barricade"],"Blue Candle":[1],"Whetstone":["Wild Strike","Wild Strike"],"Burning Blood":162,"Sozu":4,"Dream Catcher":1,"Centennial Puzzle":[36],"Sundial":[8],"Bronze Scales":[119],"Kunai":[32],"obtain_stats":[{"Potion Belt":22,"Happy Flower":7,"Self Forming Clay":28,"Astrolabe":17,"Blue Candle":48,"Whetstone":25,"Burning Blood":0,"Sozu":34,"Dream Catcher":9,"Centennial Puzzle":23,"Sundial":37,"Bronze Scales":41,"Red Mask":38,"Bag of Marbles":44,"Kunai":26,"Red Skull":13},{"Potion Belt":12,"Happy Flower":5,"Self Forming Clay":17,"Astrolabe":8,"Blue Candle":27,"Whetstone":15,"Burning Blood":0,"Sozu":19,"Dream Catcher":5,"Centennial Puzzle":13,"Sundial":20,"Bronze Scales":22,"Red Mask":20,"Bag of Marbles":23,"Kunai":15,"Red Skull":6},{"Potion Belt":67,"Happy Flower":31,"Self Forming Clay":97,"Astrolabe":45,"Blue Candle":164,"Whetstone":86,"Burning Blood":0,"Sozu":112,"Dream Catcher":31,"Centennial Puzzle":75,"Sundial":117,"Bronze Scales":130,"Red Mask":117,"Bag of Marbles":139,"Kunai":86,"Red Skull":38}]},"card_choices":[{"not_picked":["Double Tap","Limit Break"],"picked":"Impervious","floor":0},{"not_picked":["Iron Wave","Dual Wield"],"picked":"Feel No Pain","floor":1},{"not_picked":["Spot Weakness","Twin Strike"],"picked":"Shrug It Off","floor":2},{"not_picked":["Shrug It Off","Infernal Blade"],"picked":"Anger","floor":3},{"not_picked":["Shrug It Off","Armaments"],"picked":"Anger","floor":4},{"not_picked":["Power Through","Bloodletting"],"picked":"Clothesline","floor":7},{"not_picked":["Entrench","Clash","Searing Blow"],"picked":"SKIP","floor":13},{"not_picked":["Armaments","Second Wind"],"picked":"Power Through","floor":14},{"not_picked":["Exhume","Brutality"],"picked":"Feed","floor":16},{"not_picked":["Cleave","Flex","Armaments"],"picked":"SKIP","floor":18},{"not_picked":["Perfected Strike","Flex"],"picked":"Evolve","floor":19},{"not_picked":["Sword Boomerang","Cleave"],"picked":"Corruption","floor":20},{"not_picked":["Burning Pact","Sword Boomerang"],"picked":"Dark Embrace","floor":21},{"not_picked":["Hemokinesis","Warcry"],"picked":"Wild Strike","floor":23},{"not_picked":["Iron Wave","Flex","Rage"],"picked":"SKIP","floor":24},{"not_picked":["Wild Strike","Barricade","Dropkick+1"],"picked":"SKIP","floor":25},{"not_picked":["Wild Strike","Barricade","Dropkick+1"],"picked":"SKIP","floor":25},{"not_picked":["Spot Weakness","Clash","Pommel Strike"],"picked":"SKIP","floor":27},{"not_picked":["Headbutt","Twin Strike","Cleave+1"],"picked":"SKIP","floor":28},{"not_picked":["Juggernaut","Immolate"],"picked":"Exhume","floor":33},{"not_picked":["Cleave","Sword Boomerang+1"],"picked":"Ghostly Armor","floor":35},{"not_picked":["Iron Wave+1","Battle Trance"],"picked":"Reckless Charge","floor":39},{"not_picked":["Anger","Wild Strike"],"picked":"Immolate","floor":41},{"not_picked":["Havoc","Heavy Blade","Pommel Strike"],"picked":"SKIP","floor":44},{"not_picked":["Cleave","Barricade","Metallicize"],"picked":"SKIP","floor":45},{"not_picked":["True Grit","Flex+1"],"picked":"Body Slam+1","floor":46},{"not_picked":["Headbutt","Warcry","Thunderclap"],"picked":"SKIP","floor":47},{"not_picked":["Intimidate","Disarm+1"],"picked":"Shrug It Off","floor":48}],"player_experience":764553,"relics_obtained":[{"floor":7,"key":"Happy Flower"},{"floor":9,"key":"Dream Catcher"},{"floor":13,"key":"Red Skull"},{"floor":23,"key":"Centennial Puzzle"},{"floor":25,"key":"Whetstone"},{"floor":26,"key":"Kunai"},{"floor":28,"key":"Self Forming Clay"},{"floor":41,"key":"Bronze Scales"},{"floor":44,"key":"Bag of Marbles"},{"floor":48,"key":"Blue Candle"}],"event_choices":[{"cards_removed":["Strike_R"],"damage_healed":0,"gold_gain":0,"player_choice":"Card Removal","damage_taken":7,"max_hp_gain":0,"max_hp_loss":0,"event_name":"Golden Wing","floor":5,"gold_loss":0},{"damage_healed":0,"gold_gain":0,"cards_transformed":["Defend_R"],"player_choice":"Transformed","damage_taken":0,"max_hp_gain":0,"max_hp_loss":0,"event_name":"Transmorgrifier","floor":12,"gold_loss":0,"cards_obtained":["Impervious"]},{"damage_healed":0,"gold_gain":0,"player_choice":"Fight","damage_taken":0,"max_hp_gain":0,"max_hp_loss":0,"event_name":"Colosseum","floor":29,"gold_loss":0},{"damage_healed":0,"gold_gain":0,"player_choice":"Fled From Nobs","damage_taken":0,"max_hp_gain":0,"max_hp_loss":0,"event_name":"Colosseum","floor":29,"gold_loss":0},{"damage_healed":0,"gold_gain":0,"player_choice":"Ignored","damage_taken":0,"max_hp_gain":0,"max_hp_loss":0,"event_name":"Ghosts","floor":31,"gold_loss":0},{"cards_removed":["Anger"],"damage_healed":0,"gold_gain":0,"player_choice":"Removed Attack","damage_taken":0,"max_hp_gain":0,"max_hp_loss":0,"event_name":"Falling","floor":36,"gold_loss":0},{"damage_healed":0,"gold_gain":0,"player_choice":"Paid","damage_taken":0,"relics_obtained":["Red Mask"],"max_hp_gain":0,"max_hp_loss":0,"event_name":"Tomb of Lord Red Mask","floor":38,"gold_loss":2}],"is_beta":false,"boss_relics":[{"not_picked":["Black Blood","Velvet Choker"],"picked":"Astrolabe"},{"not_picked":["Runic Cube","Runic Pyramid"],"picked":"Sozu"}],"items_purged_floors":[11],"is_endless":false,"potions_floor_spawned":[2,3,4,13,14,23,25,27,33,44,46,47,48],"killed_by":"Donu and Deca","ascension_level":14}}