{"host":"65a95dzim48ko8ke","time":1612511334,"event":{"mods":["AchievementEnabler","Aspiration","BaseMod","Block Reminder","Colored Powertips","Conspire","Curses Come First","DeckTracker","Energized Spire","Halation","Hubris","Jedi Mod","Minty Spire (QoL Compilation)","MostiFishMod","Permanent Neow","Quick Restart","Rare Cards Sparkle","Relic Sorter","Reliquary","Replay The Spire","Spicy Shops","StSLib","Synergy Search","TestMod","Trackpad","Åy?ï®?îvÅzREMEMod"],"gold_per_floor":[113,113,113,113,128,153,153,3,3,3,35,48,66,99,99,198,198,210,210,32,32,52,85,105,105,132,163,163,163,193,193,193,291,291,307,307,307,20,31,64,64,98,98,130,149,0,27,39,39,39],"floor_reached":51,"language":"ENG","playtime":4523,"items_purged":["Regret","jedi:frostbite"],"score":1579,"play_id":"4b6751ab-400c-47dc-8b0e-2b0cb2552243","local_time":"20210205164854","is_ascension_mode":true,"campfire_choices":[{"data":"Iron Wave","floor":7.0,"key":"SMITH"},{"data":"Armaments","floor":15.0,"key":"SMITH"},{"data":"Feel No Pain","floor":25.0,"key":"SMITH"},{"floor":32.0,"key":"DIG"},{"data":"Inflame","floor":41.0,"key":"SMITH"},{"data":"Whirlwind","floor":49,"key":"SMITH"}],"circlet_count":0,"master_deck":["Strike_R","Strike_R","Strike_R","Strike_R","Strike_R","Defend_R","Defend_R","Defend_R","Bash","Thinking Ahead","Shockwave","Iron Wave+1","Defy Death","Metallicize","Armaments+1","Iron Wave","Feel No Pain+1","Immolate","Defy Death","jedi:cleanse","Shockwave","Flex","Carnage","Body Slam","Life Link+1","MostiFishMod:RainCloud","Rage","Inflame+1","Whirlwind+1","ReplayTheSpireMod:Limb From Limb","Spot Weakness","Defy Death+1","Feel No Pain+1","Flex","ReplayTheSpireMod:Strike From Hell+1","Replay:Undeath\u0027s Touch+1"],"relics":["Burning Blood","testmod-TestBox","DaveBox","aspiration:Nostalgia","Ring of the Snake","REME_HandOfSuture","hubris:Icosahedron","hubris:Spice","Mummified Hand","Strawberry","jedi:heavyjacket","testmod-IncinerationGenerator","Iron Hammer","Juzu Bracelet","Question Card","hubris:EvacipatedBox","trackpad:ByrdCharm","jedi:crownofsimplicity","jedi:cryingmask","testmod-BalancedPeriapt","ExusiaiGun","reliquary:TatteredRug","halation:SwordOfLegend","trackpad:DisasterInABottle","Red Mask","testmod-OneHitWonder"],"acts_visited":["Exordium","TheCity","TheBeyond"],"potions_floor_usage":[50,50],"damage_taken":[{"damage":2.0,"enemies":"2 Louse","floor":1.0,"turns":4.0},{"damage":14.0,"enemies":"Small Slimes","floor":5.0,"turns":4.0},{"damage":40.0,"enemies":"Gremlin Nob","floor":6.0,"turns":5.0},{"damage":8.0,"enemies":"3 Sentries","floor":11.0,"turns":6.0},{"damage":0.0,"enemies":"Jaw Worm","floor":12.0,"turns":3.0},{"damage":0.0,"enemies":"Exordium Wildlife","floor":13.0,"turns":6.0},{"damage":3.0,"enemies":"Gremlin Nob","floor":14.0,"turns":5.0},{"damage":3.0,"enemies":"The Guardian","floor":16.0,"turns":13.0},{"damage":0.0,"enemies":"Chosen","floor":18.0,"turns":4.0},{"damage":0.0,"enemies":"Spheric Guardian","floor":22.0,"turns":6.0},{"damage":0.0,"enemies":"Slavers","floor":23.0,"turns":3.0},{"damage":0.0,"enemies":"Cultist and Chosen","floor":24.0,"turns":4.0},{"damage":0.0,"enemies":"conspire:Head Lice","floor":27.0,"turns":7.0},{"damage":0.0,"enemies":"Gremlin Leader","floor":30.0,"turns":3.0},{"damage":4.0,"enemies":"Champ","floor":33.0,"turns":11.0},{"damage":0.0,"enemies":"Orb Walker","floor":35.0,"turns":1.0},{"damage":0.0,"enemies":"3 Shapes","floor":39.0,"turns":3.0},{"damage":0.0,"enemies":"Nemesis","floor":40.0,"turns":1.0},{"damage":0.0,"enemies":"Reptomancer","floor":42.0,"turns":2.0},{"damage":0.0,"enemies":"Nemesis","floor":44.0,"turns":1.0},{"damage":0.0,"enemies":"3 Darklings","floor":45.0,"turns":1.0},{"damage":0.0,"enemies":"R_Hoarder","floor":47.0,"turns":2.0},{"damage":0,"enemies":"Spire Growth","floor":48,"turns":1},{"damage":0,"enemies":"conspire:OrnateMirror","floor":50,"turns":3}],"seed_played":"-4489327776668879373","potions_obtained":[{"floor":5.0,"key":"Reflective Coating"},{"floor":12.0,"key":"jedi:mysterypotion"},{"floor":14.0,"key":"FearPotion"},{"floor":16.0,"key":"LiquidBronze"},{"floor":23.0,"key":"ColorlessPotion"},{"floor":27.0,"key":"REME_GoldPotion"},{"floor":39.0,"key":"FairyPotion"},{"floor":42.0,"key":"Languid Potion"},{"floor":45.0,"key":"CultistPotion"},{"floor":47,"key":"Milkshake"}],"is_trial":false,"path_per_floor":["M","?","?","?","M","E","R","$","T","$","E","M","M","E","R","B",null,"M","?","$","?","M","E","M","R","T","E","?","$","E","?","R","B",null,"M","?","?","$","M","E","R","E","T","E","M","?","E","M","R","B",null],"character_chosen":"IRONCLAD","items_purchased":["Cleave","jedi:cleanse","hubris:EvacipatedBox","trackpad:ByrdCharm","jedi:crownofsimplicity","Inflame","Whirlwind","ReplayTheSpireMod:Limb From Limb"],"campfire_rested":0,"item_purchase_floors":[8,20,29,29,29,38,38,38],"current_hp_per_floor":[76,69,69,77,69,35,35,35,43,43,48,54,60,63,63,66,94,100,100,100,100,95,95,95,95,87,87,87,35,41,41,41,43,76,82,82,82,82,87,79,79,85,85,87,87,87,87,87,87,87],"gold":39,"neow_bonus":"NOSTALGIA","is_daily":false,"chose_seed":false,"campfire_upgraded":5,"win_rate":0.0,"timestamp":1612511334,"path_taken":["M","?","?","?","M","E","R","$","T","?","E","M","?","E","R","BOSS","M","?","$","?","M","E","M","R","T","E","?","?","E","?","R","BOSS","BOSS","M","?","?","$","M","E","R","E","T","E","M","?","E","M","R","BOSS"],"items_purchased_type":["Card","Card","Relic","Relic","Relic","Card","Card","Card"],"build_version":"2020-12-22","purchased_purges":2,"victory":true,"max_hp_per_floor":[80,80,80,88,88,88,88,88,96,96,103,103,103,103,103,103,103,103,103,103,103,95,95,95,95,87,87,87,87,87,87,87,87,87,87,87,87,87,87,87,87,87,87,87,87,87,87,87,87,87],"card_choices":[{"not_picked":["Perfected Strike","Bloodletting"],"picked":"Shockwave","floor":1.0},{"not_picked":["Wild Strike","Sword Boomerang"],"picked":"Iron Wave","floor":5.0},{"not_picked":["Clothesline","conspire:Charge"],"picked":"Defy Death","floor":6.0},{"not_picked":["Hemokinesis","Anger"],"picked":"Metallicize","floor":11.0},{"not_picked":["Uppercut","True Grit"],"picked":"Armaments","floor":12.0},{"not_picked":["Heavy Blade","Armaments"],"picked":"Iron Wave","floor":13.0},{"not_picked":["REME_FearOfPain","Clash"],"picked":"Feel No Pain","floor":14.0},{"not_picked":["REME_Fury","MostiFishMod:TemporaryOutbreak"],"picked":"Immolate","floor":16.0},{"not_picked":["conspire:Charge","Shockwave"],"picked":"Defy Death","floor":18.0},{"not_picked":["Iron Wave","conspire:ExplosiveBarrier"],"picked":"hubris:SpiceAddiction","floor":22.0},{"not_picked":["Clothesline+1","Perfected Strike"],"picked":"Shockwave","floor":23.0},{"not_picked":["Sever Soul","Havoc+1","Sword Boomerang"],"picked":"Flex","floor":24.0},{"not_picked":["Burning Pact","jedi:fear","hubris:SpiceAddiction"],"picked":"Carnage","floor":27.0},{"not_picked":["Cleave","Hemokinesis+1","Sentinel"],"picked":"Life Link+1","floor":30.0},{"not_picked":["MostiFishMod:PerfectStrikeMKII","MostiFishMod:FlyOverUtopia","MostiFishMod:Mania"],"picked":"MostiFishMod:RainCloud","floor":33.0},{"not_picked":["Massacre+1","Wild Strike","conspire:Charge"],"picked":"Rage","floor":35.0},{"not_picked":["hubris:SpiceAddiction","ReplayTheSpireMod:Muscle Training","ReplayReversal+1"],"picked":"Spot Weakness","floor":39.0},{"not_picked":["Run Through","Warcry","Clothesline","Wild Strike+1"],"picked":"SKIP","floor":40.0},{"not_picked":["MostiFishMod:CullingBlade","Disarm","hubris:CleavingFinish+1"],"picked":"Defy Death+1","floor":42.0},{"not_picked":["Clothesline","hubris:SpiceAddiction","Cleave+1"],"picked":"Feel No Pain+1","floor":44.0},{"not_picked":["ReplayTheSpireMod:Strike From Hell","hubris:ReadiedAction+1","ReplayTheSpireMod:Muscle Training"],"picked":"Flex","floor":45.0},{"not_picked":["Disarm","REME_FearOfPain","MostiFishMod:ChineseTea"],"picked":"ReplayTheSpireMod:Strike From Hell+1","floor":47},{"not_picked":["Power Through","Clash+1","hubris:SpiceAddiction"],"picked":"Replay:Undeath\u0027s Touch+1","floor":48}],"player_experience":382838,"relics_obtained":[{"floor":6.0,"key":"Mummified Hand"},{"floor":9.0,"key":"hubris:Spice"},{"floor":11.0,"key":"Strawberry"},{"floor":14.0,"key":"jedi:heavyjacket"},{"floor":23.0,"key":"Question Card"},{"floor":26.0,"key":"hubris:Spice"},{"floor":31.0,"key":"jedi:cryingmask"},{"floor":32.0,"key":"testmod-BalancedPeriapt"},{"floor":40.0,"key":"hubris:Spice"},{"floor":42.0,"key":"reliquary:TatteredRug"},{"floor":43.0,"key":"halation:SwordOfLegend"},{"floor":44.0,"key":"trackpad:DisasterInABottle"},{"floor":47,"key":"testmod-OneHitWonder"}],"event_choices":[{"damage_healed":0.0,"max_hp_gain":0.0,"max_hp_loss":0.0,"gold_gain":0.0,"event_name":"Scrap Ooze","player_choice":"Success","floor":2.0,"gold_loss":0.0,"damage_taken":7.0,"relics_obtained":["REME_HandOfSuture"]},{"damage_healed":0.0,"max_hp_gain":0.0,"max_hp_loss":0.0,"gold_gain":0.0,"event_name":"Big Fish","player_choice":"Box","floor":4.0,"gold_loss":0.0,"damage_taken":0.0,"relics_obtained":["hubris:Spice"],"cards_obtained":["Regret"]},{"damage_healed":0.0,"max_hp_gain":0.0,"max_hp_loss":0.0,"gold_gain":0.0,"event_name":"Box For Yourself","player_choice":"Swap Relic","floor":21.0,"relics_lost":["REME_ComplimentaryCards"],"gold_loss":0.0,"damage_taken":0.0,"relics_obtained":["Juzu Bracelet"]},{"damage_healed":0.0,"max_hp_gain":0.0,"max_hp_loss":0.0,"gold_gain":0.0,"event_name":"The Library","player_choice":"Read","floor":28.0,"gold_loss":0.0,"damage_taken":0.0,"cards_obtained":["Body Slam"]},{"cards_removed":["Defend_R"],"damage_healed":0.0,"max_hp_gain":0.0,"max_hp_loss":0.0,"gold_gain":0.0,"event_name":"Bonfire Elementals","player_choice":"Offered Basic","floor":36.0,"gold_loss":0.0,"damage_taken":0.0},{"cards_removed":["Cleave"],"damage_healed":0.0,"max_hp_gain":0.0,"max_hp_loss":0.0,"gold_gain":0.0,"event_name":"Falling","player_choice":"Removed Attack","floor":37.0,"gold_loss":0.0,"damage_taken":0.0},{"damage_healed":0.0,"max_hp_gain":0.0,"max_hp_loss":0.0,"gold_gain":0.0,"event_name":"Tomb of Lord Red Mask","player_choice":"Paid","floor":46.0,"gold_loss":149.0,"damage_taken":0.0,"relics_obtained":["Red Mask"]}],"is_beta":false,"boss_relics":[{"not_picked":["aspiration:RunicSpoon","hubris:Spice"],"picked":"testmod-IncinerationGenerator"},{"not_picked":["hubris:Spice","hubris:Spice","halation:LoveArrow"],"picked":"ExusiaiGun"}],"items_purged_floors":[8,29],"is_endless":false,"potions_floor_spawned":[5,12,14,16,23,24,27,39,42,45,47],"ascension_level":9}}