{"host":"3y2rtlgteqp2nuo3","time":1612537358,"event":{"mods":["2.2 Compatiblity","AchievementEnabler","BaseMod","Colored Map","DeckTracker","Highlight Path","Keyboard Shortcuts","Minty Spire (QoL Compilation)","Permanent Neow","Quick Restart","StSLib","SuperFastMode","everything is the same but u backflip on backflip"],"gold_per_floor":[12,25,42,52,64,64,64,64,64,81,96,96,21,103,103,176,176,196,111,137,146,13,13,13,33,33,60,84,84,105,105,105],"floor_reached":31,"language":"KOR","playtime":664,"items_purged":["Strike_B","Scrape"],"score":427,"play_id":"547420ff-9127-4ef7-8b09-77bad1c33666","local_time":"20210206000238","is_ascension_mode":true,"campfire_choices":[{"data":"Coolheaded","floor":6.0,"key":"SMITH"},{"data":"Reinforced Body","floor":8.0,"key":"SMITH"},{"data":"Go for the Eyes","floor":12.0,"key":"SMITH"},{"data":"Dualcast","floor":15.0,"key":"SMITH"},{"data":"RitualDagger","floor":23,"key":"SMITH"},{"data":"Beam Cell","floor":29,"key":"SMITH"}],"circlet_count":0,"master_deck":["AscendersBane","Zap","Dualcast+1","Reinforced Body+1","Sweeping Beam","Cold Snap","Melter","Coolheaded+1","Compile Driver","Go for the Eyes+1","Echo Form","Hyperbeam","Barrage","Fusion","Rebound+1","Steam","RitualDagger+1","Glacier","Streamline","Beam Cell+1","All For One","Darkness"],"relics":["Cracked Core","Lantern","Symbiotic Virus","Pandora\u0027s Box","CeramicFish","Pantograph"],"acts_visited":["Exordium","TheCity"],"potions_floor_usage":[20],"damage_taken":[{"damage":1.0,"enemies":"Cultist","floor":1.0,"turns":3.0},{"damage":0.0,"enemies":"2 Louse","floor":2.0,"turns":2.0},{"damage":2.0,"enemies":"Jaw Worm","floor":3.0,"turns":3.0},{"damage":4.0,"enemies":"Looter","floor":4.0,"turns":4.0},{"damage":6.0,"enemies":"Blue Slaver","floor":5.0,"turns":3.0},{"damage":0.0,"enemies":"2 Fungi Beasts","floor":10.0,"turns":2.0},{"damage":2.0,"enemies":"Red Slaver","floor":11.0,"turns":4.0},{"damage":4.0,"enemies":"Slime Boss","floor":16.0,"turns":8.0},{"damage":0.0,"enemies":"Spheric Guardian","floor":18.0,"turns":4.0},{"damage":0,"enemies":"Chosen","floor":20,"turns":3},{"damage":12,"enemies":"3 Cultists","floor":25,"turns":3},{"damage":18,"enemies":"Snake Plant","floor":27,"turns":3},{"damage":1,"enemies":"Cultist and Chosen","floor":28,"turns":6},{"damage":10,"enemies":"Snecko","floor":30,"turns":3},{"damage":19,"enemies":"Slavers","floor":31,"turns":3}],"seed_played":"8267096950994916026","potions_obtained":[{"floor":1.0,"key":"BlessingOfTheForge"},{"floor":4.0,"key":"Fire Potion"},{"floor":30,"key":"PotionOfCapacity"}],"is_trial":false,"path_per_floor":["M","M","M","M","M","R","$","R","T","M","M","R","$","T","R","B",null,"M","?","M","?","$","R","?","M","T","M","M","R","M","E"],"character_chosen":"DEFECT","items_purchased":["Glacier"],"campfire_rested":0,"item_purchase_floors":[22],"current_hp_per_floor":[63,63,61,57,51,51,51,51,51,51,49,49,49,49,49,45,65,65,65,65,59,59,59,59,47,47,29,28,28,18,0,0],"gold":105,"neow_bonus":"REMOVE_TWO","is_daily":false,"chose_seed":false,"campfire_upgraded":6,"win_rate":0.0,"timestamp":1612537358,"path_taken":["M","M","M","M","M","R","?","R","T","M","M","R","$","?","R","BOSS","M","?","M","?","$","R","?","M","T","M","M","R","M","E"],"items_purchased_type":["Card"],"build_version":"2020-12-22","purchased_purges":2,"victory":false,"max_hp_per_floor":[71,71,71,71,71,71,71,71,71,71,71,71,71,71,71,71,71,71,71,71,71,71,71,71,71,71,71,71,71,71,71,71],"card_choices":[{"not_picked":["Undo","Steam"],"picked":"Reinforced Body","floor":1.0},{"not_picked":["Beam Cell","Melter"],"picked":"Sweeping Beam","floor":2.0},{"not_picked":["Hologram","Conserve Battery"],"picked":"Cold Snap","floor":3.0},{"not_picked":["Recycle","Leap"],"picked":"Melter","floor":4.0},{"not_picked":["Sweeping Beam","Leap"],"picked":"Coolheaded","floor":5.0},{"not_picked":["White Noise","Redo"],"picked":"Compile Driver","floor":10.0},{"not_picked":["Redo","Steam Power"],"picked":"Go for the Eyes","floor":11.0},{"not_picked":["Buffer","Hyperbeam"],"picked":"Echo Form","floor":16.0},{"not_picked":["Hologram","Compile Driver"],"picked":"Rebound+1","floor":18.0},{"not_picked":["Static Discharge","Aggregate"],"picked":"Steam","floor":20},{"not_picked":["Conserve Battery","Stack"],"picked":"Streamline","floor":25},{"not_picked":["Double Energy","Redo"],"picked":"Beam Cell","floor":27},{"not_picked":["Hologram","Steam"],"picked":"All For One","floor":28},{"not_picked":["Glacier","Sweeping Beam"],"picked":"Darkness","floor":30}],"player_experience":760600,"relics_obtained":[{"floor":9.0,"key":"Lantern"},{"floor":14.0,"key":"Symbiotic Virus"},{"floor":26,"key":"Pantograph"}],"event_choices":[{"damage_healed":0.0,"max_hp_gain":0.0,"max_hp_loss":0.0,"gold_gain":0.0,"event_name":"Addict","player_choice":"Obtained Relic","floor":19.0,"gold_loss":85.0,"damage_taken":0.0,"relics_obtained":["CeramicFish"]},{"damage_healed":0,"gold_gain":0,"player_choice":"Joined the Cult","damage_taken":6,"max_hp_gain":0,"max_hp_loss":0,"event_name":"Nest","floor":21,"gold_loss":0,"cards_obtained":["RitualDagger"]},{"cards_removed":["Rebound"],"damage_healed":0,"gold_gain":0,"player_choice":"Elegance","damage_taken":0,"max_hp_gain":0,"max_hp_loss":0,"event_name":"Back to Basics","floor":24,"gold_loss":0}],"is_beta":false,"boss_relics":[{"not_picked":["Tiny House","Snecko Eye"],"picked":"Pandora\u0027s Box"}],"items_purged_floors":[13,22],"is_endless":false,"potions_floor_spawned":[1,4,10,11,18,30],"killed_by":"Slavers","ascension_level":17}}