{"host":"rolltorest","time":1612569596,"event":{"mods":["BaseMod","Minty Spire (QoL Compilation)","Relic Stats","Slay the Relics Exporter","StSLib"],"gold_per_floor":[109,129,139,153,129,154,4,4,4,4,4,38,54,79,79,156,156,171,171,171,171,171],"floor_reached":21,"language":"ENG","playtime":584,"items_purged":[],"score":394,"play_id":"6d79a95f-5202-4b0a-a2e7-e2ecece857dc","local_time":"20210205155956","is_ascension_mode":true,"campfire_choices":[{"floor":8,"key":"REST"},{"floor":15,"key":"REST"}],"circlet_count":0,"master_deck":["AscendersBane","Strike_B+1","Strike_B+1","Strike_B+1","Strike_B+1","Defend_B+1","Defend_B+1","Defend_B+1","Defend_B+1","Zap","Dualcast","Cold Snap","BootSequence","Sunder","Streamline","Sweeping Beam","Static Discharge","Self Repair","Lockon","Pain","Darkness","Machine Learning","Barrage","Seek","Ball Lightning"],"relics":["Cursed Key","Centennial Puzzle","Darkstone Periapt","Unceasing Top","PreservedInsect","Art of War","Snecko Eye"],"acts_visited":["Exordium","TheCity"],"potions_floor_usage":[12,14,16,16],"damage_taken":[{"damage":1,"enemies":"Cultist","floor":1,"turns":4},{"damage":5,"enemies":"Jaw Worm","floor":2,"turns":4},{"damage":0,"enemies":"Small Slimes","floor":3,"turns":5},{"damage":0,"enemies":"Red Slaver","floor":4,"turns":3},{"damage":52,"enemies":"Gremlin Nob","floor":6,"turns":5},{"damage":14,"enemies":"Lagavulin","floor":12,"turns":6},{"damage":4,"enemies":"3 Louse","floor":13,"turns":2},{"damage":9,"enemies":"Gremlin Nob","floor":14,"turns":3},{"damage":21,"enemies":"Hexaghost","floor":16,"turns":7},{"damage":40,"enemies":"Shell Parasite","floor":18,"turns":4},{"damage":24,"enemies":"Masked Bandits","floor":21,"turns":3}],"seed_played":"-5251459575562684641","potions_obtained":[{"floor":1,"key":"Fruit Juice"},{"floor":3,"key":"Energy Potion"},{"floor":12,"key":"SneckoOil"},{"floor":14,"key":"Swift Potion"}],"is_trial":false,"path_per_floor":["M","M","M","M","$","E","$","R","T","?","?","E","M","E","R","B",null,"M","?","?","?"],"character_chosen":"DEFECT","items_purchased":["Sweeping Beam","Self Repair","Lockon"],"campfire_rested":2,"item_purchase_floors":[5,7,7],"current_hp_per_floor":[63,58,58,58,58,6,6,27,27,16,16,14,10,1,23,9,59,26,26,26,2,2],"gold":171,"neow_bonus":"BOSS_RELIC","is_daily":false,"chose_seed":false,"campfire_upgraded":0,"win_rate":0.0,"timestamp":1612569596,"path_taken":["M","M","M","?","$","E","$","R","T","?","?","E","?","E","R","BOSS","M","?","?","?"],"items_purchased_type":["Card","Card","Card"],"build_version":"2020-12-18","purchased_purges":0,"victory":false,"max_hp_per_floor":[71,71,71,71,71,71,71,71,71,71,71,76,76,76,76,76,76,76,76,76,76,76],"relic_stats":{"Darkstone Periapt":0,"Centennial Puzzle":[18],"counters":[11,46],"Snecko Eye":[12,16,15,10],"PreservedInsect":23,"Art of War":[1],"Cursed Key":1,"obtain_stats":[{"Darkstone Periapt":9,"Centennial Puzzle":6,"Snecko Eye":17,"PreservedInsect":12,"Art of War":14,"Cracked Core":0,"Cursed Key":0,"Unceasing Top":10},{"Darkstone Periapt":5,"Centennial Puzzle":5,"Snecko Eye":9,"PreservedInsect":6,"Art of War":8,"Cracked Core":0,"Cursed Key":0,"Unceasing Top":5},{"Darkstone Periapt":21,"Centennial Puzzle":21,"Snecko Eye":39,"PreservedInsect":27,"Art of War":32,"Cracked Core":0,"Cursed Key":0,"Unceasing Top":21}],"Unceasing Top":[0]},"card_choices":[{"not_picked":["Skim","Compile Driver"],"picked":"Cold Snap","floor":1},{"not_picked":["Scrape","Steam Power"],"picked":"BootSequence","floor":2},{"not_picked":["Rebound","Leap"],"picked":"Sunder","floor":3},{"not_picked":["Gash","Redo"],"picked":"Streamline","floor":4},{"not_picked":["Compile Driver","Leap"],"picked":"Static Discharge","floor":6},{"not_picked":["Leap","Compile Driver"],"picked":"Machine Learning","floor":12},{"not_picked":["Conserve Battery","Compile Driver","FTL"],"picked":"SKIP","floor":13},{"not_picked":["Conserve Battery","Force Field"],"picked":"Barrage","floor":14},{"not_picked":["Multi-Cast","Fission"],"picked":"Seek","floor":16},{"not_picked":["Reprogram","Gash"],"picked":"Ball Lightning","floor":18}],"player_experience":1879716,"relics_obtained":[{"floor":6,"key":"Centennial Puzzle"},{"floor":9,"key":"Darkstone Periapt"},{"floor":12,"key":"PreservedInsect"},{"floor":14,"key":"Art of War"}],"event_choices":[{"damage_healed":0,"gold_gain":0,"player_choice":"Success","damage_taken":11,"relics_obtained":["Unceasing Top"],"max_hp_gain":0,"max_hp_loss":0,"event_name":"Scrap Ooze","floor":10,"gold_loss":0},{"damage_healed":0,"gold_gain":0,"player_choice":"1 cards matched","damage_taken":0,"max_hp_gain":0,"max_hp_loss":0,"event_name":"Match and Keep!","floor":11,"gold_loss":0,"cards_obtained":["Darkness"]},{"damage_healed":0,"gold_gain":0,"player_choice":"Simplicity","damage_taken":0,"max_hp_gain":0,"max_hp_loss":0,"event_name":"Back to Basics","floor":19,"gold_loss":0,"cards_upgraded":["Strike_B","Strike_B","Strike_B","Strike_B","Defend_B","Defend_B","Defend_B","Defend_B"]},{"damage_healed":0,"gold_gain":0,"player_choice":"Ignored","damage_taken":0,"max_hp_gain":0,"max_hp_loss":0,"event_name":"The Mausoleum","floor":20,"gold_loss":0},{"damage_healed":0,"gold_gain":0,"player_choice":"Fought Bandits","damage_taken":0,"max_hp_gain":0,"max_hp_loss":0,"event_name":"Masked Bandits","floor":21,"gold_loss":0}],"is_beta":true,"boss_relics":[{"not_picked":["Coffee Dripper","Tiny House"],"picked":"Snecko Eye"}],"items_purged_floors":[],"is_endless":false,"potions_floor_spawned":[1,3,12,14],"killed_by":"Masked Bandits","ascension_level":20}}