{"host":"neeznpvpgo0qgfkd","time":1612552736,"event":{"mods":["AchievementEnabler","BaseMod","BetterRewards","Colored Map","Colored Powertips","Exacting","Minty Spire (QoL Compilation)","Permanent Neow","Quick Restart","Shop Mod"],"gold_per_floor":[128,303,323,39,114,140,160,214,214,226,226,243,269,320,320,438,438,451,253,253,110,133,165,155,189,189,215,233,233,259,292,292,390,390,408,435,485,504,504,530,530,530,582,613,639,669,706,734,746,758],"floor_reached":51,"language":"ENG","playtime":3791,"items_purged":["Doubt"],"score":1084,"play_id":"b9e11b6d-0b71-4912-b526-6a312858b353","local_time":"20210205141856","is_ascension_mode":true,"campfire_choices":[{"floor":15.0,"key":"REST"},{"data":"Echo Form","floor":32.0,"key":"SMITH"},{"floor":49,"key":"DIG"}],"circlet_count":0,"master_deck":["Zap","Dualcast","Melter","Sweeping Beam","Conserve Battery","White Noise","Reinforced Body","Capacitor","Leap+1","FTL","Echo Form+1","Darkness","Meteor Strike","Fission","Go for the Eyes","Lockon","Capacitor","Stack","Undo+1","Capacitor","Self Repair","Ball Lightning","Electrodynamics","Static Discharge","Self Repair","Redo","Darkness+1","Seek","Ball Lightning+1","Echo Form","Genetic Algorithm+1","Leap+1","Conserve Battery","Creative AI","Pain","Conserve Battery+1","Capacitor","Defragment+1"],"relics":["Cracked Core","Meat on the Bone","Gambling Chip","Incense Burner","Membership Card","Cables","MealTicket","Lizard Tail","Kunai","Strawberry","Mummified Hand","Pandora\u0027s Box","Question Card","Pear","Juzu Bracelet","DataDisk","Ice Cream","Ornamental Fan","Toy Ornithopter","Blood Vial","Inserter","Vajra","Shovel","Ancient Tea Set","WarpedTongs","War Paint","MawBank","Boot","Bag of Marbles"],"acts_visited":["Exordium","TheCity","TheBeyond"],"potions_floor_usage":[38,40,40,40,45,45,47],"damage_taken":[{"damage":2.0,"enemies":"Small Slimes","floor":1.0,"turns":2.0},{"damage":0.0,"enemies":"2 Louse","floor":3.0,"turns":1.0},{"damage":25.0,"enemies":"3 Sentries","floor":6.0,"turns":5.0},{"damage":0.0,"enemies":"Cultist","floor":7.0,"turns":3.0},{"damage":37.0,"enemies":"Lagavulin","floor":8.0,"turns":5.0},{"damage":9.0,"enemies":"3 Louse","floor":10.0,"turns":2.0},{"damage":0.0,"enemies":"Large Slime","floor":12.0,"turns":3.0},{"damage":4.0,"enemies":"Looter","floor":13.0,"turns":3.0},{"damage":34.0,"enemies":"3 Sentries","floor":14.0,"turns":6.0},{"damage":23.0,"enemies":"Slime Boss","floor":16.0,"turns":11.0},{"damage":13.0,"enemies":"Shell Parasite","floor":18.0,"turns":6.0},{"damage":5.0,"enemies":"Gremlin Leader","floor":23.0,"turns":6.0},{"damage":0.0,"enemies":"2 Thieves","floor":24.0,"turns":4.0},{"damage":23.0,"enemies":"Book of Stabbing","floor":25.0,"turns":5.0},{"damage":29.0,"enemies":"Slavers","floor":27.0,"turns":4.0},{"damage":12.0,"enemies":"Centurion and Healer","floor":28.0,"turns":2.0},{"damage":26.0,"enemies":"Book of Stabbing","floor":30.0,"turns":3.0},{"damage":16.0,"enemies":"Snake Plant","floor":31.0,"turns":3.0},{"damage":69.0,"enemies":"Automaton","floor":33.0,"turns":7.0},{"damage":15.0,"enemies":"3 Shapes","floor":35.0,"turns":2.0},{"damage":45.0,"enemies":"3 Darklings","floor":36.0,"turns":4.0},{"damage":1.0,"enemies":"Mind Bloom Boss Battle","floor":37.0,"turns":5.0},{"damage":14,"enemies":"Transient","floor":38,"turns":5},{"damage":27,"enemies":"Reptomancer","floor":40,"turns":5},{"damage":10,"enemies":"Nemesis","floor":44,"turns":7},{"damage":45,"enemies":"Writhing Mass","floor":45,"turns":6},{"damage":38,"enemies":"Sphere and 2 Shapes","floor":46,"turns":4},{"damage":38,"enemies":"Reptomancer","floor":47,"turns":5},{"damage":47,"enemies":"Transient","floor":48,"turns":5},{"damage":61,"enemies":"Donu and Deca","floor":50,"turns":6}],"seed_played":"4654199103875459607","potions_obtained":[{"floor":1.0,"key":"ColorlessPotion"},{"floor":10.0,"key":"FairyPotion"},{"floor":13.0,"key":"Fire Potion"},{"floor":14.0,"key":"Energy Potion"},{"floor":16.0,"key":"SpeedPotion"},{"floor":25.0,"key":"Strength Potion"},{"floor":27.0,"key":"EntropicBrew"},{"floor":36.0,"key":"Fire Potion"},{"floor":37.0,"key":"DuplicationPotion"},{"floor":44,"key":"DistilledChaos"},{"floor":44,"key":"Swift Potion"},{"floor":45,"key":"Explosive Potion"},{"floor":48,"key":"SpeedPotion"}],"is_trial":false,"path_per_floor":["M","?","M","$","?","E","M","E","T","M","?","M","M","E","R","B",null,"M","$","?","$","T","E","M","E","T","E","M","?","E","M","R","B",null,"M","M","?","M","?","E","?","?","T","E","M","M","E","M","R","B",null],"character_chosen":"DEFECT","items_purchased":["Meat on the Bone","Incense Burner","Melter","EntropicBrew","Membership Card","Cables","Capacitor","Question Card","Self Repair","Juzu Bracelet","Ball Lightning"],"campfire_rested":1,"item_purchase_floors":[0,0,0,0,4,4,19,19,21,21,21],"current_hp_per_floor":[73,73,73,73,62,49,49,24,24,27,16,28,36,14,38,27,82,69,82,92,92,92,92,92,76,76,61,56,86,74,67,67,53,92,84,60,68,75,75,72,72,72,72,92,84,55,46,34,34,53],"gold":770,"neow_bonus":"","is_daily":false,"chose_seed":false,"campfire_upgraded":1,"win_rate":0.0,"timestamp":1612552736,"path_taken":["M","?","M","$","?","E","M","E","T","M","?","M","M","E","R","BOSS","M","$","?","$","?","E","M","E","T","E","M","?","E","M","R","BOSS","M","M","?","M","?","E","?","?","T","E","M","M","E","M","R","BOSS"],"items_purchased_type":["Relic","Relic","Card","Potion","Relic","Relic","Card","Relic","Card","Relic","Card"],"build_version":"2020-12-22","purchased_purges":1,"victory":true,"max_hp_per_floor":[75,75,75,75,75,75,75,75,75,75,82,82,82,82,82,82,82,82,82,92,92,92,92,92,92,92,92,92,92,92,92,92,92,92,92,92,92,92,92,92,92,92,92,92,92,92,92,92,92,92],"card_choices":[{"not_picked":["Recycle","Compile Driver","Scrape"],"picked":"SKIP","floor":1.0},{"not_picked":["Beam Cell","Leap"],"picked":"Sweeping Beam","floor":3.0},{"not_picked":["Hologram","Sweeping Beam"],"picked":"Conserve Battery","floor":6.0},{"not_picked":["Go for the Eyes","Cold Snap","Chill"],"picked":"SKIP","floor":7.0},{"not_picked":["Aggregate","Reboot"],"picked":"White Noise","floor":8.0},{"not_picked":["Streamline","Lockon"],"picked":"Reinforced Body","floor":10.0},{"not_picked":["Turbo","Leap"],"picked":"Capacitor","floor":12.0},{"not_picked":["Turbo","Glacier"],"picked":"Leap","floor":13.0},{"not_picked":["Undo","Coolheaded"],"picked":"FTL","floor":14.0},{"not_picked":["Thunder Strike","Meteor Strike"],"picked":"Echo Form","floor":16.0},{"not_picked":["Streamline","Hologram"],"picked":"Ball Lightning","floor":18.0},{"not_picked":["Sweeping Beam","Scrape","Rip and Tear"],"picked":"Electrodynamics","floor":23.0},{"not_picked":["Rebound","Coolheaded+1","Steam Power"],"picked":"Static Discharge","floor":24.0},{"not_picked":["Barrage","Conserve Battery+1","Coolheaded"],"picked":"Self Repair","floor":25.0},{"not_picked":["Ball Lightning+1","Stack","Leap"],"picked":"Redo","floor":27.0},{"not_picked":["Sweeping Beam+1","Skim","Stack"],"picked":"Darkness+1","floor":28.0},{"not_picked":["Undo","Beam Cell","Redo"],"picked":"Seek","floor":30.0},{"not_picked":["Leap","Redo","Tempest+1"],"picked":"Ball Lightning+1","floor":31.0},{"not_picked":["All For One","Reboot","Thunder Strike"],"picked":"Echo Form","floor":33.0},{"not_picked":["FTL","Streamline","Leap"],"picked":"Genetic Algorithm+1","floor":35.0},{"not_picked":["Steam Power+1","Go for the Eyes","Heatsinks"],"picked":"Leap+1","floor":36.0},{"not_picked":["Barrage","Rebound+1","Turbo"],"picked":"Conserve Battery","floor":37.0},{"not_picked":["Redo","Leap","Go for the Eyes","Compile Driver+1"],"picked":"SKIP","floor":38},{"not_picked":["Storm","Leap","Compile Driver+1"],"picked":"Creative AI","floor":40},{"not_picked":["Steam","Aggregate+1","Undo","Chaos"],"picked":"SKIP","floor":44},{"not_picked":["Ball Lightning+1","Beam Cell","Stack"],"picked":"Conserve Battery+1","floor":45},{"not_picked":["Ball Lightning","Double Energy","Gash"],"picked":"Capacitor","floor":46},{"not_picked":["Blizzard+1","Coolheaded+1","Hello World"],"picked":"Defragment+1","floor":47},{"not_picked":["Blizzard","Sweeping Beam","Capacitor+1","Compile Driver+1"],"picked":"SKIP","floor":48}],"player_experience":1319012,"relics_obtained":[{"floor":6.0,"key":"MealTicket"},{"floor":8.0,"key":"Lizard Tail"},{"floor":9.0,"key":"Kunai"},{"floor":14.0,"key":"Mummified Hand"},{"floor":20.0,"key":"Pear"},{"floor":22.0,"key":"DataDisk"},{"floor":23.0,"key":"Ice Cream"},{"floor":25.0,"key":"Ornamental Fan"},{"floor":27.0,"key":"Toy Ornithopter"},{"floor":30.0,"key":"Blood Vial"},{"floor":35.0,"key":"Vajra"},{"floor":37.0,"key":"Shovel"},{"floor":40,"key":"Ancient Tea Set"},{"floor":43,"key":"War Paint"},{"floor":44,"key":"MawBank"},{"floor":47,"key":"Boot"},{"floor":49,"key":"Bag of Marbles"}],"event_choices":[{"damage_healed":0.0,"max_hp_gain":0.0,"max_hp_loss":0.0,"gold_gain":175.0,"event_name":"Liars Game","player_choice":"AGREE","floor":2.0,"gold_loss":0.0,"damage_taken":0.0,"cards_obtained":["Doubt"]},{"damage_healed":0.0,"max_hp_gain":0.0,"max_hp_loss":0.0,"gold_gain":75.0,"event_name":"World of Goop","player_choice":"Gather Gold","floor":5.0,"gold_loss":0.0,"damage_taken":11.0},{"damage_healed":0.0,"max_hp_gain":0.0,"max_hp_loss":0.0,"gold_gain":0.0,"event_name":"Scrap Ooze","player_choice":"Success","floor":11.0,"gold_loss":0.0,"damage_taken":18.0,"relics_obtained":["Strawberry"]},{"damage_healed":0.0,"max_hp_gain":0.0,"max_hp_loss":0.0,"gold_gain":0.0,"event_name":"Wheel of Change","player_choice":"Relic","floor":20.0,"gold_loss":0.0,"damage_taken":0.0},{"damage_healed":30.0,"max_hp_gain":0.0,"max_hp_loss":0.0,"gold_gain":0.0,"event_name":"The Library","player_choice":"Heal","floor":29.0,"gold_loss":0.0,"damage_taken":0.0},{"damage_healed":0.0,"max_hp_gain":0.0,"max_hp_loss":0.0,"gold_gain":0.0,"event_name":"MindBloom","player_choice":"Fight","floor":37.0,"gold_loss":0.0,"damage_taken":0.0},{"cards_removed":["Ball Lightning"],"damage_healed":0,"gold_gain":0,"player_choice":"Removed Attack","damage_taken":0,"max_hp_gain":0,"max_hp_loss":0,"event_name":"Falling","floor":39,"gold_loss":0},{"damage_healed":0,"gold_gain":0,"player_choice":"Rummage","damage_taken":0,"relics_obtained":["WarpedTongs"],"max_hp_gain":0,"max_hp_loss":0,"event_name":"Accursed Blacksmith","floor":41,"gold_loss":0,"cards_obtained":["Pain"]},{"damage_healed":0,"gold_gain":0,"player_choice":"Ignored","damage_taken":0,"max_hp_gain":0,"max_hp_loss":0,"event_name":"Tomb of Lord Red Mask","floor":42,"gold_loss":0}],"is_beta":false,"boss_relics":[{"not_picked":["Astrolabe","Fusion Hammer"],"picked":"Pandora\u0027s Box"},{"not_picked":["Snecko Eye","Nuclear Battery"],"picked":"Inserter"}],"items_purged_floors":[19],"is_endless":false,"potions_floor_spawned":[1,10,13,14,16,25,27,30,31,36,37,44,45,48],"ascension_level":3}}