{"host":"hqvh779b89tfrjxy","time":1612497066,"event":{"mods":["Act Like it!","BaseMod","Better Third Choice","Downfall","Elementarium","Filter the Spire","GifTheSpireLib","Minty Spire (QoL Compilation)","Replay The Spire","Spicy Shops","StSLib"],"gold_per_floor":[116,116,126,138,152,152,178,178,178,178,198,230,246,262,262,363,363,376,395,395,395],"floor_reached":20,"language":"ENG","playtime":797,"items_purged":[],"score":291,"play_id":"94a9493e-6fd2-4c5e-9037-35d9935b9ec3","local_time":"20210205045106","is_ascension_mode":true,"campfire_choices":[{"data":"Armaments","floor":6.0,"key":"SMITH"},{"data":"Searing Blow","floor":8.0,"key":"SMITH"},{"data":"Searing Blow+1","floor":10.0,"key":"SMITH"},{"data":"Searing Blow+2","floor":15.0,"key":"SMITH"}],"circlet_count":0,"master_deck":["AscendersBane","Strike_R","Strike_R","Defend_R","Defend_R","Defend_R","Defend_R","Bash","Dramatic Entrance","Searing Blow+3","Carnage","Shrug It Off","Armaments+1","Thunderclap","Immolate","Ghostly Armor","Berserk","Disarm","Twin Strike+1"],"relics":["Burning Blood","Replay:Towering Pillar of Hats","ReplayTheSpireMod:Shallot","Empty Cage"],"acts_visited":["Exordium","TheCity"],"potions_floor_usage":[19],"damage_taken":[{"damage":0.0,"enemies":"2 Louse","floor":1.0,"turns":2.0},{"damage":1.0,"enemies":"Cultist","floor":3.0,"turns":3.0},{"damage":12.0,"enemies":"Jaw Worm","floor":4.0,"turns":2.0},{"damage":16.0,"enemies":"Gremlin Gang","floor":5.0,"turns":5.0},{"damage":22.0,"enemies":"3 Sentries","floor":7.0,"turns":8.0},{"damage":3.0,"enemies":"Blue Slaver","floor":11.0,"turns":3.0},{"damage":2.0,"enemies":"Replay:BlueRogue","floor":12.0,"turns":7.0},{"damage":0.0,"enemies":"Looter","floor":13.0,"turns":2.0},{"damage":0.0,"enemies":"3 Louse","floor":14.0,"turns":1.0},{"damage":46.0,"enemies":"The Guardian","floor":16.0,"turns":10.0},{"damage":11,"enemies":"2 Thieves","floor":18,"turns":3},{"damage":36,"enemies":"Chosen","floor":19,"turns":5},{"damage":33,"enemies":"Shelled Parasite and Fungi","floor":20,"turns":4}],"seed_played":"-6694739442477587763","potions_obtained":[{"floor":1.0,"key":"FearPotion"},{"floor":4.0,"key":"SkillPotion"},{"floor":12.0,"key":"SpeedPotion"},{"floor":18,"key":"EssenceOfSteel"}],"is_trial":false,"path_per_floor":["M","?","M","M","M","R","E","R","T","R","M","E","M","M","R","B",null,"M","M","M"],"character_chosen":"IRONCLAD","items_purchased":[],"campfire_rested":0,"item_purchase_floors":[],"current_hp_per_floor":[78,78,80,74,64,64,48,48,48,48,51,55,61,67,67,27,67,62,32,0,0],"gold":395,"neow_bonus":"RANDOM_COLORLESS","is_daily":false,"chose_seed":false,"campfire_upgraded":4,"win_rate":0.0,"timestamp":1612497066,"path_taken":["M","?","M","M","M","R","E","R","T","R","M","E","M","?","R","BOSS","M","M","M"],"items_purchased_type":[],"build_version":"2020-12-22","purchased_purges":0,"victory":false,"max_hp_per_floor":[80,80,80,80,80,80,80,80,80,80,80,80,80,80,80,80,80,80,80,80,80],"card_choices":[{"not_picked":["Specialist","Madness"],"picked":"Dramatic Entrance","floor":0.0},{"not_picked":["Seeing Red","Heavy Blade"],"picked":"Searing Blow","floor":1.0},{"not_picked":["Headbutt","Shrug It Off"],"picked":"Carnage","floor":3.0},{"not_picked":["Clothesline","Spot Weakness"],"picked":"Shrug It Off","floor":4.0},{"not_picked":["Flex","Perfected Strike"],"picked":"Armaments","floor":5.0},{"not_picked":["ReplayReversal","Wild Strike"],"picked":"Thunderclap","floor":7.0},{"not_picked":["Defy Death","Heavy Blade","Abandon"],"picked":"SKIP","floor":11.0},{"not_picked":["Massacre","True Grit"],"picked":"Immolate","floor":12.0},{"not_picked":["Power Through","Perfected Strike","Bloodletting"],"picked":"SKIP","floor":13.0},{"not_picked":["Twin Strike","Dropkick"],"picked":"Ghostly Armor","floor":14.0},{"not_picked":["Juggernaut","Replay:Many Hands"],"picked":"Berserk","floor":16.0},{"not_picked":["Thunderclap","Wild Strike+1"],"picked":"Disarm","floor":18},{"not_picked":["Shrug It Off","Massacre"],"picked":"Twin Strike+1","floor":19}],"player_experience":220174,"relics_obtained":[{"floor":7.0,"key":"Replay:Towering Pillar of Hats"},{"floor":12.0,"key":"ReplayTheSpireMod:Shallot"}],"event_choices":[{"cards_removed":["Strike_R"],"damage_healed":0.0,"max_hp_gain":0.0,"max_hp_loss":0.0,"gold_gain":0.0,"event_name":"Bonfire Elementals","player_choice":"Offered Basic","floor":2.0,"gold_loss":0.0,"damage_taken":0.0}],"is_beta":false,"boss_relics":[{"not_picked":["Snecko Eye","Replay:Ancient Bell"],"picked":"Empty Cage"}],"items_purged_floors":[],"is_endless":false,"potions_floor_spawned":[1,4,12,14,18],"killed_by":"Shelled Parasite and Fungi","ascension_level":11}}