{"host":"z4nt7tdd4gjrinn7","time":1612539079,"event":{"mods":["100% Spire Juice","BaseMod","Minty Spire (QoL Compilation)","StS++","StSLib","The Hierophant"],"gold_per_floor":[113,113,188,36,36,65,97,109,121,153,165,177,189,215,227,339,351,383,395,407,419,451,463,492,504,542,554,577,589,526,555,567,679,691,720,747,403,413,413,413,413,413,413,430,450,450,450],"floor_reached":46,"language":"ENG","playtime":3192,"items_purged":[],"score":543,"play_id":"5b16b09b-554e-480b-b494-fafd8dac64ba","local_time":"20210205103119","is_ascension_mode":false,"campfire_choices":[{"data":"Sunder","floor":8,"key":"SMITH"},{"data":"Turbo","floor":11,"key":"SMITH"},{"data":"Loop","floor":15,"key":"SMITH"},{"floor":23,"key":"REST"},{"floor":25,"key":"REST"},{"data":"Electrodynamics","floor":27,"key":"SMITH"},{"floor":32,"key":"REST"},{"floor":40,"key":"REST"},{"floor":42,"key":"REST"}],"circlet_count":0,"master_deck":["Strike_B+1","Strike_B+1","Strike_B+1","Strike_B+1","Defend_B+1","Defend_B+1","Defend_B+1","Defend_B+1","Zap","Dualcast","Self Repair","Turbo+1","Sunder+1","Loop+1","Electrodynamics+1","Reboot","Fission","Buffer","Machine Learning","Seek","StSpp:Saturation","StSpp:CopyPaste","Biased Cognition","StSpp:Converter","Creative AI","Meteor Strike","Rainbow","Multi-Cast","Amplify","Hyperbeam","Core Surge","Electrodynamics","Thunder Strike","All For One","Echo Form","Streamline","Writhe","Stack+1","Loop+1","Capacitor","Self Repair+1","Buffer","Cold Snap+1","Double Energy","Defragment","Storm+1","Discovery","Double Energy","Parasite","Blizzard","Redo+1"],"relics":["Cracked Core","NeowsBlessing","Lee\u0027s Waffle","MawBank","Turnip","StSpp:XCola","StSpp:CrystalBall","Gambling Chip","Bronze Scales","Black Star","Mango","Oddly Smooth Stone"],"acts_visited":["Exordium","TheCity","TheBeyond"],"potions_floor_usage":[16,22,33,33,44,45,45],"damage_taken":[{"damage":0,"enemies":"Jaw Worm","floor":1,"turns":1},{"damage":0,"enemies":"Gremlin Nob","floor":6,"turns":1},{"damage":0,"enemies":"2 Louse","floor":7,"turns":1},{"damage":0,"enemies":"Small Slimes","floor":10,"turns":2},{"damage":7,"enemies":"3 Louse","floor":14,"turns":3},{"damage":70,"enemies":"Hexaghost","floor":16,"turns":9},{"damage":10,"enemies":"Chosen","floor":18,"turns":3},{"damage":0,"enemies":"Spheric Guardian","floor":22,"turns":1},{"damage":40,"enemies":"Centurion and Healer","floor":24,"turns":6},{"damage":10,"enemies":"3 Cultists","floor":28,"turns":3},{"damage":22,"enemies":"Shelled Parasite and Fungi","floor":31,"turns":4},{"damage":30,"enemies":"Champ","floor":33,"turns":9},{"damage":10,"enemies":"Orb Walker","floor":35,"turns":3},{"damage":38,"enemies":"3 Darklings","floor":36,"turns":3},{"damage":44,"enemies":"Maw","floor":38,"turns":10},{"damage":31,"enemies":"Writhing Mass","floor":44,"turns":6},{"damage":46,"enemies":"Transient","floor":45,"turns":5},{"damage":30,"enemies":"Spire Growth","floor":46,"turns":2}],"seed_played":"522597422507128116","potions_obtained":[{"floor":1,"key":"DistilledChaos"},{"floor":16,"key":"SteroidPotion"},{"floor":18,"key":"DistilledChaos"},{"floor":24,"key":"PotionOfCapacity"},{"floor":31,"key":"SkillPotion"},{"floor":36,"key":"SteroidPotion"},{"floor":38,"key":"Fire Potion"}],"is_trial":false,"path_per_floor":["M","?","?","$","?","E","M","R","T","M","R","?","?","M","R","B",null,"M","?","?","$","M","R","M","R","T","R","M","$","?","M","R","B",null,"M","M","$","M","?","R","?","R","T","M","M","M"],"character_chosen":"DEFECT","items_purchased":["Lee\u0027s Waffle","Mango","Defragment"],"campfire_rested":5,"item_purchase_floors":[4,37,37],"current_hp_per_floor":[75,80,69,87,87,87,87,87,87,87,87,87,87,87,87,24,87,77,77,77,77,77,87,61,87,87,87,77,77,77,62,87,57,87,77,39,53,29,29,59,59,89,89,58,29,0,0],"gold":450,"neow_bonus":"THREE_ENEMY_KILL","is_daily":false,"chose_seed":false,"campfire_upgraded":4,"win_rate":0.0,"timestamp":1612539079,"path_taken":["M","?","?","$","?","E","M","R","T","?","R","?","?","?","R","BOSS","M","?","?","$","?","R","M","R","T","R","M","?","?","M","R","BOSS","M","M","$","M","?","R","?","R","T","M","?","M"],"items_purchased_type":["Relic","Relic","Card"],"build_version":"2020-12-22","purchased_purges":0,"victory":false,"max_hp_per_floor":[75,80,80,87,87,87,87,87,87,87,87,87,87,87,87,87,87,87,87,87,87,87,87,87,87,87,87,87,87,87,87,87,87,87,87,87,101,101,101,101,101,101,101,101,101,101,101],"card_choices":[{"not_picked":["Hologram","Gash"],"picked":"Self Repair","floor":1},{"not_picked":["Beam Cell","Undo"],"picked":"Turbo","floor":6},{"not_picked":["Recycle","All For One"],"picked":"Sunder","floor":7},{"not_picked":["Leap","Rebound"],"picked":"Go for the Eyes","floor":10},{"not_picked":["Lockon","Conserve Battery"],"picked":"Loop","floor":14},{"not_picked":["Amplify","Buffer"],"picked":"Electrodynamics","floor":16},{"not_picked":["Beam Cell","Redo"],"picked":"Streamline","floor":18},{"not_picked":["Ball Lightning+1","Steam"],"picked":"Stack+1","floor":22},{"not_picked":["Redo","Undo"],"picked":"Loop+1","floor":24},{"not_picked":["Reprogram","Sweeping Beam"],"picked":"Capacitor","floor":28},{"not_picked":["Amplify","Barrage+1"],"picked":"Self Repair+1","floor":31},{"not_picked":["Rainbow","Seek"],"picked":"Buffer","floor":33},{"not_picked":["Compile Driver","Tempest+1"],"picked":"Cold Snap+1","floor":35},{"not_picked":["Stack+1","StSpp:MemoryLeak"],"picked":"Double Energy","floor":36},{"not_picked":["Barrage","Sweeping Beam"],"picked":"Storm+1","floor":38},{"not_picked":["The Bomb","StSpp:MakeshiftWeapon"],"picked":"Discovery","floor":39},{"not_picked":["Skim+1","Streamline"],"picked":"Blizzard","floor":44},{"not_picked":["Rebound","Streamline"],"picked":"Redo+1","floor":45}],"player_experience":177796,"relics_obtained":[{"floor":6,"key":"MawBank"},{"floor":9,"key":"Turnip"},{"floor":26,"key":"Bronze Scales"},{"floor":43,"key":"Oddly Smooth Stone"}],"event_choices":[{"damage_healed":0,"gold_gain":0,"player_choice":"Donut","damage_taken":0,"max_hp_gain":5,"max_hp_loss":0,"event_name":"Big Fish","floor":2,"gold_loss":0},{"damage_healed":0,"gold_gain":75,"player_choice":"Gather Gold","damage_taken":11,"max_hp_gain":0,"max_hp_loss":0,"event_name":"World of Goop","floor":3,"gold_loss":0},{"damage_healed":0,"gold_gain":0,"player_choice":"Leave","damage_taken":0,"max_hp_gain":0,"max_hp_loss":0,"event_name":"The Cleric","floor":5,"gold_loss":0},{"damage_healed":0,"gold_gain":0,"player_choice":"Ignored","damage_taken":0,"max_hp_gain":0,"max_hp_loss":0,"event_name":"Shining Light","floor":12,"gold_loss":0},{"cards_removed":["Go for the Eyes"],"damage_healed":0,"gold_gain":0,"player_choice":"Gave Card","damage_taken":0,"relics_obtained":["StSpp:XCola"],"max_hp_gain":0,"max_hp_loss":0,"event_name":"WeMeetAgain","floor":13,"gold_loss":0},{"damage_healed":0,"gold_gain":0,"player_choice":"Simplicity","damage_taken":0,"max_hp_gain":0,"max_hp_loss":0,"event_name":"Back to Basics","floor":19,"gold_loss":0,"cards_upgraded":["Strike_B","Strike_B","Strike_B","Strike_B","Defend_B","Defend_B","Defend_B","Defend_B"]},{"damage_healed":0,"gold_gain":0,"player_choice":"Opened","damage_taken":0,"relics_obtained":["Gambling Chip"],"max_hp_gain":0,"max_hp_loss":0,"event_name":"The Mausoleum","floor":20,"gold_loss":0,"cards_obtained":["Writhe"]},{"cards_removed":["StSpp:MemoryLeak"],"damage_healed":0,"gold_gain":0,"player_choice":"Gave Gold","damage_taken":0,"max_hp_gain":0,"max_hp_loss":0,"event_name":"Beggar","floor":30,"gold_loss":75},{"damage_healed":0,"gold_gain":0,"player_choice":"Memory 1","damage_taken":0,"max_hp_gain":0,"max_hp_loss":0,"event_name":"SensoryStone","floor":39,"gold_loss":0},{"damage_healed":0,"gold_gain":0,"player_choice":"Copied","damage_taken":0,"max_hp_gain":0,"max_hp_loss":0,"event_name":"Duplicator","floor":41,"gold_loss":0,"cards_obtained":["Double Energy"]}],"is_beta":false,"boss_relics":[{"not_picked":["Runic Pyramid","Ectoplasm"],"picked":"StSpp:CrystalBall"},{"not_picked":["Pandora\u0027s Box","Nuclear Battery"],"picked":"Black Star"}],"items_purged_floors":[],"is_endless":false,"potions_floor_spawned":[1,16,18,24,31,36,38],"killed_by":"Spire Growth","ascension_level":0}}