{"host":"1v3mnj67s3trvm6y","time":1612501893,"event":{"mods":["BaseMod","Challenge The Spire","Downfall","Minty Spire (QoL Compilation)","StSLib"],"gold_per_floor":[99,110,121,121,135,148,148,179,199,199,199,109,127,12,26,125,125,125,142,142,156,168,183,237,337,38,38,54,54,54,54],"floor_reached":29,"language":"ENG","playtime":2194,"items_purged":["bronze:Strike","bronze:Strike","bronze:Strike"],"score":229,"play_id":"7c6f04c0-c9c3-4ed5-8be8-2b1ccf715a80","local_time":"20210205141133","is_ascension_mode":false,"campfire_choices":[{"data":"bronze:Replicate","floor":1,"key":"SMITH"},{"floor":10,"key":"REST"},{"data":"bronze:Terminator","floor":18,"key":"SMITH"}],"circlet_count":0,"master_deck":["bronze:Defend","bronze:Defend","bronze:Defend","bronze:Defend","bronze:Goto+1","bronze:Turbo","bronze:WhirlingStrike","bronze:Branch","bronze:Terminator+1","bronze:InfiniteLoop","bronze:Separator","bronze:Boost","bronze:MaxOutput","bronze:Return","bronze:Constructor","bronze:Goto","bronze:Refactor+1","bronze:FunctionCard","bronze:FineTuning+1","bronze:DelayedGuard","Regret","bronze:Iterate","bronze:Allocate+1","bronze:TinkerersToolbox","bronze:BronzeOrb+1"],"relics":["bronze:BronzeCore","Strawberry","Question Card","Cursed Key","Unceasing Top","Slimebound:PreparedRelic","Membership Card"],"acts_visited":["Exordium","TheCity"],"potions_floor_usage":[29],"damage_taken":[{"damage":1,"enemies":"Cultist","floor":2,"turns":3},{"damage":5,"enemies":"Small Slimes","floor":3,"turns":3},{"damage":1,"enemies":"Jaw Worm","floor":5,"turns":4},{"damage":1,"enemies":"2 Fungi Beasts","floor":6,"turns":2},{"damage":18,"enemies":"3 Sentries","floor":8,"turns":4},{"damage":5,"enemies":"Gremlin Gang","floor":9,"turns":2},{"damage":2,"enemies":"downfall:FleeingMerchant","floor":12,"turns":4},{"damage":0,"enemies":"Exordium Wildlife","floor":13,"turns":4},{"damage":2,"enemies":"downfall:FleeingMerchant","floor":14,"turns":4},{"damage":3,"enemies":"2 Fungi Beasts","floor":15,"turns":3},{"damage":3,"enemies":"WA_ARCHETYPE_RETAIN","floor":16,"turns":6},{"damage":5,"enemies":"Shell Parasite","floor":19,"turns":4},{"damage":0,"enemies":"Chosen","floor":21,"turns":3},{"damage":0,"enemies":"Centurion and Healer","floor":22,"turns":6},{"damage":0,"enemies":"Chosen and Byrds","floor":23,"turns":4},{"damage":42,"enemies":"IC_STATUS_ARCHETYPE","floor":25,"turns":9},{"damage":11,"enemies":"downfall:FleeingMerchant","floor":26,"turns":4},{"damage":10,"enemies":"Snecko","floor":28,"turns":3},{"damage":9,"enemies":"3 Cultists","floor":29,"turns":3}],"seed_played":"4014962914737848289","potions_obtained":[{"floor":8,"key":"ColorlessPotion"},{"floor":9,"key":"FearPotion"},{"floor":13,"key":"AttackPotion"},{"floor":16,"key":"Fire Potion"}],"is_trial":false,"path_per_floor":["R","M","M","?","M","M","T","E","M","R","?","$","M","$","M","B",null,"R","M","?","M","M","M","T","?","$","?","M","M"],"character_chosen":"THE_AUTOMATON","items_purchased":["Membership Card","bronze:TinkerersToolbox"],"campfire_rested":1,"item_purchase_floors":[26,26],"current_hp_per_floor":[70,69,64,64,63,62,69,51,46,69,69,67,67,65,62,59,77,77,72,72,72,72,72,72,30,19,19,9,0,0,0],"gold":54,"neow_bonus":"UPGRADE_CARD","is_daily":false,"chose_seed":false,"campfire_upgraded":2,"win_rate":0.0,"timestamp":1612501893,"path_taken":["R","M","M","?","M","M","T","E","M","R","?","$","?","$","M","BOSS","R","M","?","M","?","M","T","?","$","?","M","M"],"items_purchased_type":["Relic","Card"],"build_version":"2020-12-22","purchased_purges":3,"victory":false,"max_hp_per_floor":[70,70,70,70,70,70,77,77,77,77,77,77,77,77,77,77,77,77,77,77,77,77,77,77,77,77,77,77,77,77,77],"card_choices":[{"not_picked":["bronze:Frontload","bronze:Optimize"],"picked":"bronze:Turbo","floor":2},{"not_picked":["bronze:Shield","bronze:Deprecate"],"picked":"bronze:WhirlingStrike","floor":3},{"not_picked":["bronze:OilSpill","bronze:Safeguard"],"picked":"bronze:Branch","floor":5},{"not_picked":["bronze:OilSpill","bronze:Iterate"],"picked":"bronze:Terminator","floor":6},{"not_picked":["bronze:Invalidate","bronze:Separator"],"picked":"bronze:InfiniteLoop","floor":8},{"not_picked":["bronze:Shield","bronze:BugBarrage","bronze:OilSpill"],"picked":"bronze:Separator","floor":9},{"not_picked":["bronze:Constructor","bronze:CloningBeam","bronze:HyperBeam"],"picked":"bronze:Boost","floor":12},{"not_picked":["bronze:InfiniteBeams","bronze:DelayedSlice","bronze:ForceShield"],"picked":"bronze:MaxOutput","floor":13},{"not_picked":["bronze:Frontload","bronze:BugBarrage","bronze:Overload"],"picked":"bronze:Return","floor":14},{"not_picked":["bronze:NullPointer","bronze:Shield","bronze:MaxOutput"],"picked":"bronze:Constructor","floor":15},{"not_picked":["bronze:RecursiveStrike","bronze:HyperBeam","bronze:SpaghettiCode"],"picked":"bronze:Hardcode","floor":16},{"not_picked":["bronze:Shield","bronze:Branch","bronze:Constructor"],"picked":"bronze:BronzeArmor","floor":19},{"not_picked":["bronze:BuggyMess","bronze:Terminator","bronze:FollowUp"],"picked":"bronze:Refactor+1","floor":21},{"not_picked":["bronze:WhirlingStrike","bronze:Terminator","bronze:OilSpill+1"],"picked":"bronze:FineTuning+1","floor":22},{"not_picked":["bronze:Overload","bronze:CutThrough","bronze:InfiniteBeams+1"],"picked":"bronze:DelayedGuard","floor":23},{"not_picked":["bronze:ClassDefault","bronze:CutThrough+1","bronze:ChildClass"],"picked":"bronze:Iterate","floor":25},{"not_picked":["bronze:Fortify","bronze:Separator+1","bronze:BronzeOrb"],"picked":"bronze:Allocate+1","floor":26},{"not_picked":["bronze:Safeguard+1","bronze:InfiniteBeams","bronze:Backtrace"],"picked":"bronze:BronzeOrb+1","floor":28}],"player_experience":1659882,"relics_obtained":[{"floor":7,"key":"Strawberry"},{"floor":8,"key":"Question Card"},{"floor":25,"key":"Unceasing Top"},{"floor":25,"key":"Slimebound:PreparedRelic"}],"event_choices":[],"is_beta":false,"boss_relics":[{"not_picked":["Pandora\u0027s Box","Busted Crown"],"picked":"Cursed Key"}],"items_purged_floors":[12,14,26],"is_endless":false,"potions_floor_spawned":[8,9,13,15,16,19,23,28],"killed_by":"3 Cultists","ascension_level":0}}