{"host":"g4s2zlagidtu703b","time":1612495466,"event":{"mods":["BaseMod","Colored Map","Colored Powertips","Lobotomy","Minty Spire (QoL Compilation)","StSLib"],"gold_per_floor":[117,133,148,159,146,146,158,171,171,171,171,191,205,223,223,326,326,339,279,291,308,322,322,322,322],"floor_reached":24,"language":"ENG","playtime":2902,"items_purged":[],"score":198,"play_id":"34d39500-cfdd-4077-86e4-c3f6e98b5475","local_time":"20210205012426","is_ascension_mode":false,"campfire_choices":[{"data":"Footwork","floor":6,"key":"SMITH"},{"data":"Neutralize","floor":10,"key":"SMITH"},{"floor":15,"key":"REST"},{"floor":23,"key":"REST"}],"circlet_count":0,"master_deck":["Strike_G","Strike_G","Strike_G","Strike_G","Defend_G","Defend_G","Survivor","Neutralize+1","Wellcheers","Bloodbath","Footwork+1","BigBadWolf","PiercingWail","Dagger Spray","Adrenaline","Escape Plan","OSAHOGD","OldLady","Calculated Gamble","SilentOrchestra","Well Laid Plans+1"],"relics":["Ring of the Snake","CogitoBucket","HellTrain","Gremlin Horn","Calling Bell","Orichalcum","Eternal Feather","Incense Burner","BackwardClock"],"acts_visited":["Exordium","TheCity"],"potions_floor_usage":[16,24,24,24,24,24],"damage_taken":[{"damage":0.0,"enemies":"Small Slimes","floor":1.0,"turns":4.0},{"damage":0,"enemies":"Jaw Worm","floor":2,"turns":4},{"damage":1,"enemies":"Cultist","floor":3,"turns":6},{"damage":11,"enemies":"Large Slime","floor":4,"turns":13},{"damage":13,"enemies":"Exordium Thugs","floor":5,"turns":9},{"damage":12,"enemies":"Lots of Slimes","floor":7,"turns":5},{"damage":2,"enemies":"Looter","floor":8,"turns":5},{"damage":0,"enemies":"2 Fungi Beasts","floor":12,"turns":4},{"damage":12,"enemies":"Large Slime","floor":13,"turns":12},{"damage":8,"enemies":"Looter","floor":14,"turns":4},{"damage":83,"enemies":"Hexaghost","floor":16,"turns":12},{"damage":39,"enemies":"Shell Parasite","floor":18,"turns":9},{"damage":0,"enemies":"2 Thieves","floor":19,"turns":4},{"damage":22,"enemies":"Centurion and Healer","floor":20,"turns":12},{"damage":18,"enemies":"Shelled Parasite and Fungi","floor":21,"turns":9},{"damage":5,"enemies":"Snecko","floor":22,"turns":8},{"damage":101,"enemies":"Snake Plant","floor":24,"turns":18}],"seed_played":"8878109945194763444","potions_obtained":[{"floor":3,"key":"FairyPotion"},{"floor":8,"key":"Fire Potion"},{"floor":13,"key":"Energy Potion"},{"floor":16,"key":"EntropicBrew"},{"floor":20,"key":"SpeedPotion"},{"floor":21,"key":"BlessingOfTheForge"},{"floor":22,"key":"Explosive Potion"}],"is_trial":false,"path_per_floor":["M","M","M","M","M","R","M","M","T","R","?","M","M","M","R","B",null,"M","M","M","M","M","R","M"],"character_chosen":"THE_SILENT","items_purchased":[],"campfire_rested":2,"item_purchase_floors":[],"current_hp_per_floor":[70,70,70,60,57,57,45,49,49,49,49,50,46,39,60,6,70,40,47,36,25,28,61,0,0],"gold":322,"neow_bonus":"","is_daily":false,"chose_seed":false,"campfire_upgraded":2,"win_rate":0.0,"timestamp":1612495466,"path_taken":["M","M","M","M","M","R","M","M","T","R","?","M","M","?","R","BOSS","M","M","M","M","M","R","M"],"items_purchased_type":[],"build_version":"2020-12-22","purchased_purges":0,"victory":false,"max_hp_per_floor":[70,70,70,70,70,70,70,70,70,70,70,70,70,70,70,70,70,70,70,70,70,70,70,70,70],"card_choices":[{"not_picked":["Flying Knee","Blade Dance"],"picked":"Acrobatics","floor":1},{"not_picked":["ShyLook","VoidDream"],"picked":"Wellcheers","floor":2},{"not_picked":["Expertise","Bouncing Flask"],"picked":"Tactician","floor":2},{"not_picked":["PunishingBird","OSAHOGD"],"picked":"Bloodbath","floor":3},{"not_picked":["Accuracy","Riddle With Holes"],"picked":"Footwork","floor":3},{"not_picked":["Well Laid Plans","Caltrops","Terror"],"picked":"SKIP","floor":4},{"not_picked":["Scorched","Murderer"],"picked":"BigBadWolf","floor":5},{"not_picked":["Outmaneuver","Sucker Punch","Dagger Throw"],"picked":"SKIP","floor":5},{"not_picked":["Blade Dance","Deadly Poison"],"picked":"PiercingWail","floor":7},{"not_picked":["MeatLantern","FieryBird"],"picked":"UniverseFragment","floor":8},{"not_picked":["Acrobatics","Deflect"],"picked":"All Out Attack","floor":8},{"not_picked":["Footwork","Dagger Spray","Venomology"],"picked":"SKIP","floor":12},{"not_picked":["Deadly Poison","Predator"],"picked":"Dagger Spray","floor":13},{"not_picked":["Eviscerate","Blade Dance","Choke"],"picked":"SKIP","floor":14},{"not_picked":["Unload","Wraith Form v2"],"picked":"Adrenaline","floor":16},{"not_picked":["PiercingWail","Quick Slash"],"picked":"Escape Plan","floor":18},{"not_picked":["Scorched","ShyLook"],"picked":"OSAHOGD","floor":19},{"not_picked":["Masterful Stab","Night Terror","Outmaneuver"],"picked":"SKIP","floor":19},{"not_picked":["CrumblingArmor","FairyFestival"],"picked":"OldLady","floor":20},{"not_picked":["Predator+1","Terror"],"picked":"Calculated Gamble","floor":20},{"not_picked":["Murderer","ShyLook"],"picked":"SilentOrchestra","floor":21},{"not_picked":["Dagger Throw","Poisoned Stab","Distraction+1"],"picked":"SKIP","floor":21},{"not_picked":["Backflip","Flechettes"],"picked":"Well Laid Plans+1","floor":22}],"player_experience":157841,"relics_obtained":[{"floor":9,"key":"Gremlin Horn"},{"floor":17,"key":"Orichalcum"},{"floor":17,"key":"Eternal Feather"},{"floor":17,"key":"Incense Burner"}],"event_choices":[{"cards_removed":["Defend_G"],"damage_healed":0,"gold_gain":0,"player_choice":"Purged","damage_taken":0,"max_hp_gain":0,"max_hp_loss":0,"event_name":"Purifier","floor":11,"gold_loss":0}],"is_beta":false,"boss_relics":[{"not_picked":["Tiny House","Pandora\u0027s Box"],"picked":"Calling Bell"}],"items_purged_floors":[],"is_endless":false,"potions_floor_spawned":[3,8,13,16,20,21,22],"killed_by":"Snake Plant","ascension_level":0}}