{"host":"1ecbliur7lfoj0sl","time":1612499959,"event":{"mods":["BaseMod","Minty Spire (QoL Compilation)","StSLib","The Animator","Waifu the Spire"],"gold_per_floor":[119,119,149,174,193,193,246,246,271,281,281,299,356,356,356,356,356],"floor_reached":16,"language":"ZHS","playtime":1023,"items_purged":[],"score":105,"play_id":"af867022-8d6c-4b29-bc2e-316d73588dd5","local_time":"20210205123919","is_ascension_mode":true,"campfire_choices":[{"data":"animator:Aisha","floor":6.0,"key":"SMITH"},{"data":"animator:DolaSchwi","floor":8.0,"key":"SMITH"},{"data":"animator:KyokoSakura","floor":11.0,"key":"SMITH"},{"floor":15,"key":"REST"}],"circlet_count":0,"master_deck":["animator:Strike_NoGameNoLife","animator:Defend_NoGameNoLife","animator:Strike","animator:Strike","animator:Strike","animator:Defend","animator:Defend","animator:DolaSchwi+1","animator:Gilgamesh+4","animator:Emonzaemon","animator:Aisha+1","animator:Assassin","animator:Aisha","animator:KyokoSakura+1","animator:Tatsumaki","animator:Albedo","animator:Magilou"],"relics":["animator:LivingPicture","animator:TheMissingPiece","animator:PurgingStone","Shuriken","Thread and Needle","Ancient Tea Set","Odd Mushroom"],"acts_visited":["Exordium"],"potions_floor_usage":[],"damage_taken":[{"damage":3.0,"enemies":"Small Slimes","floor":1.0,"turns":5.0},{"damage":1.0,"enemies":"2 Louse","floor":3.0,"turns":2.0},{"damage":1.0,"enemies":"Cultist","floor":5.0,"turns":3.0},{"damage":37.0,"enemies":"3 Sentries","floor":7.0,"turns":9.0},{"damage":1.0,"enemies":"Looter","floor":10.0,"turns":2.0},{"damage":0.0,"enemies":"3 Louse","floor":12.0,"turns":2.0},{"damage":10.0,"enemies":"The Mushroom Lair","floor":13.0,"turns":4.0},{"damage":28,"enemies":"The Guardian","floor":16,"turns":6}],"seed_played":"-5297990207072537962","potions_obtained":[{"floor":3.0,"key":"SneckoOil"},{"floor":7.0,"key":"LiquidBronze"}],"is_trial":false,"path_per_floor":["M","?","M","?","M","R","E","R","T","M","R","M","?","?","R","B"],"character_chosen":"THE_ANIMATOR","items_purchased":[],"campfire_rested":1,"item_purchase_floors":[],"current_hp_per_floor":[63,56,55,55,54,54,17,17,17,16,16,16,6,6,25,0,0],"gold":356,"neow_bonus":"ONE_RANDOM_RARE_CARD","is_daily":false,"chose_seed":false,"campfire_upgraded":3,"win_rate":0.0,"timestamp":1612499959,"path_taken":["M","?","M","?","M","R","E","R","T","M","R","?","?","?","R","BOSS"],"items_purchased_type":[],"build_version":"2020-12-22","purchased_purges":0,"victory":false,"max_hp_per_floor":[66,66,66,66,66,66,66,66,66,66,66,66,66,66,66,66,66],"card_choices":[{"not_picked":["animator:Viivi","animator:Jibril"],"picked":"animator:Emonzaemon","floor":1.0},{"not_picked":["animator:SilverFang","animator:TukaLunaMarceau"],"picked":"animator:Aisha","floor":3.0},{"not_picked":["animator:Konayuki","animator:MumenRider"],"picked":"animator:Assassin","floor":5.0},{"not_picked":["animator:Raven","animator:Ara"],"picked":"animator:Aisha","floor":7.0},{"not_picked":["animator:MumenRider","animator:Hitei"],"picked":"animator:KyokoSakura","floor":10.0},{"not_picked":["animator:PandorasActor","animator:Fredrika","animator:Ara"],"picked":"SKIP","floor":12.0},{"not_picked":["animator:Assassin","animator:SuzuneAmano"],"picked":"animator:Tatsumaki","floor":13.0}],"player_experience":10560,"relics_obtained":[{"floor":7.0,"key":"Thread and Needle"},{"floor":9.0,"key":"Ancient Tea Set"},{"floor":13.0,"key":"Odd Mushroom"}],"event_choices":[{"cards_removed":["animator:Defend"],"damage_healed":0.0,"max_hp_gain":0.0,"max_hp_loss":0.0,"gold_gain":0.0,"event_name":"Golden Wing","player_choice":"Card Removal","floor":2.0,"gold_loss":0.0,"damage_taken":7.0},{"cards_removed":["animator:DolaCouronne"],"damage_healed":0.0,"max_hp_gain":0.0,"max_hp_loss":0.0,"gold_gain":0.0,"event_name":"WeMeetAgain","player_choice":"Gave Card","floor":4.0,"gold_loss":0.0,"damage_taken":0.0,"relics_obtained":["Shuriken"]},{"damage_healed":0.0,"max_hp_gain":0.0,"max_hp_loss":0.0,"gold_gain":0.0,"event_name":"Mushrooms","player_choice":"Fought Mushrooms","floor":13.0,"gold_loss":0.0,"damage_taken":0.0},{"damage_healed":0,"gold_gain":0,"player_choice":"2 cards matched","damage_taken":0,"max_hp_gain":0,"max_hp_loss":0,"event_name":"Match and Keep!","floor":14,"gold_loss":0,"cards_obtained":["animator:Albedo","animator:Magilou"]}],"is_beta":false,"boss_relics":[],"items_purged_floors":[],"is_endless":false,"potions_floor_spawned":[3,7],"killed_by":"The Guardian","ascension_level":1}}