{"host":"l8n3qytufxtuz5eu","time":1612492897,"event":{"mods":["BaseMod","Colored Map","Minty Spire (QoL Compilation)","Relic Stats"],"gold_per_floor":[16,16,191,466,69,102,102,135,135,135,135],"floor_reached":10,"language":"ENG","playtime":379,"items_purged":["Regret"],"score":108,"play_id":"ee36f722-9551-4a13-a228-3ad49a19f37c","local_time":"20210204184137","is_ascension_mode":true,"campfire_choices":[{"data":"Corpse Explosion","floor":7,"key":"SMITH"}],"circlet_count":0,"master_deck":["AscendersBane","Strike_G","Strike_G","Strike_G","Strike_G","Defend_G","Defend_G","Defend_G","Defend_G","Defend_G","Survivor","Neutralize","Corpse Explosion+1","Blade Dance","Riddle With Holes","Doubt","Noxious Fumes","Outmaneuver","Cloak And Dagger+1"],"relics":["Ring of the Snake","Ornamental Fan","Mummified Hand","Toxic Egg 2","Letter Opener"],"acts_visited":["Exordium"],"potions_floor_usage":[6,8],"damage_taken":[{"damage":8,"enemies":"Small Slimes","floor":1,"turns":3},{"damage":32,"enemies":"3 Sentries","floor":6,"turns":6},{"damage":29,"enemies":"Lagavulin","floor":8,"turns":6},{"damage":11,"enemies":"3 Sentries","floor":10,"turns":4}],"seed_played":"-4492193381915325104","potions_obtained":[{"floor":1,"key":"PowerPotion"},{"floor":6,"key":"Regen Potion"}],"is_trial":false,"path_per_floor":["M","?","?","?","$","E","R","E","T","E"],"character_chosen":"THE_SILENT","items_purchased":["Ornamental Fan","Noxious Fumes"],"campfire_rested":0,"item_purchase_floors":[5,5],"current_hp_per_floor":[55,55,55,55,55,23,23,8,8,0,0],"gold":135,"neow_bonus":"THREE_RARE_CARDS","is_daily":false,"chose_seed":false,"campfire_upgraded":1,"win_rate":0.0,"timestamp":1612492897,"path_taken":["M","?","?","?","$","E","R","E","T","E"],"items_purchased_type":["Relic","Card"],"build_version":"2020-12-22","purchased_purges":1,"victory":false,"max_hp_per_floor":[70,70,70,70,70,70,70,70,70,70,70],"relic_stats":{"counters":[4,19],"Ornamental Fan":[28],"Mummified Hand":[2],"Letter Opener":[45],"obtain_stats":[{"Ornamental Fan":5,"Mummified Hand":6,"Letter Opener":9,"Toxic Egg 2":8,"Ring of the Snake":0},{"Ornamental Fan":1,"Mummified Hand":2,"Letter Opener":3,"Toxic Egg 2":3,"Ring of the Snake":0},{"Ornamental Fan":3,"Mummified Hand":9,"Letter Opener":15,"Toxic Egg 2":15,"Ring of the Snake":0}],"Ring of the Snake":[8]},"card_choices":[{"not_picked":["Envenom","Adrenaline"],"picked":"Corpse Explosion","floor":0},{"not_picked":["Infinite Blades","Prepared"],"picked":"Blade Dance","floor":1},{"not_picked":["Choke","Bane"],"picked":"Outmaneuver","floor":6},{"not_picked":["Deflect+1","Blade Dance+1"],"picked":"Cloak And Dagger+1","floor":8}],"player_experience":1471384,"relics_obtained":[{"floor":6,"key":"Mummified Hand"},{"floor":8,"key":"Toxic Egg 2"},{"floor":9,"key":"Letter Opener"}],"event_choices":[{"damage_healed":0,"gold_gain":0,"cards_transformed":["Strike_G"],"player_choice":"Change","damage_taken":0,"max_hp_gain":0,"max_hp_loss":0,"event_name":"Living Wall","floor":2,"gold_loss":0,"cards_obtained":["Riddle With Holes"]},{"damage_healed":0,"gold_gain":175,"player_choice":"AGREE","damage_taken":0,"max_hp_gain":0,"max_hp_loss":0,"event_name":"Liars Game","floor":3,"gold_loss":0,"cards_obtained":["Doubt"]},{"damage_healed":0,"gold_gain":275,"player_choice":"Desecrate","damage_taken":0,"max_hp_gain":0,"max_hp_loss":0,"event_name":"Golden Shrine","floor":4,"gold_loss":0,"cards_obtained":["Regret"]}],"is_beta":false,"boss_relics":[],"items_purged_floors":[5],"is_endless":false,"potions_floor_spawned":[1,6],"killed_by":"3 Sentries","ascension_level":10}}