{"host":"rmt60uil2jppa14k","time":1612566539,"event":{"mods":["AchievementEnabler","BaseMod","Highlight Path","Minty Spire (QoL Compilation)","Quick Restart","StSLib"],"gold_per_floor":[113,213,8,25,25,25,25,25,77,97,112,132,145,145,145,241,241,227,44,44,44,44,44,64,64,64,78,78,78],"floor_reached":28,"language":"ENG","playtime":860,"items_purged":[],"score":208,"play_id":"09393a72-10c8-4070-8654-45d43091efc1","local_time":"20210205230859","is_ascension_mode":false,"campfire_choices":[{"data":"Perfected Strike","floor":6,"key":"SMITH"},{"data":"Inflame","floor":8,"key":"SMITH"},{"floor":15,"key":"REST"},{"data":"The Bomb","floor":23,"key":"SMITH"},{"floor":25,"key":"REST"}],"circlet_count":0,"master_deck":["Strike_R","Strike_R","Strike_R","Strike_R","Strike_R","Defend_R","Defend_R","Defend_R","Defend_R","Bash","Inflame+1","Thunderclap","Perfected Strike+1","Pommel Strike","Iron Wave","Spot Weakness+1","Dual Wield","Barricade","Perfected Strike+1","The Bomb+1","Shrug It Off+1","Cleave"],"relics":["Burning Blood","NeowsBlessing","Pen Nib","FaceOfCleric","Red Skull","MutagenicStrength","Matryoshka"],"acts_visited":["Exordium","TheCity"],"potions_floor_usage":[16,18,27],"damage_taken":[{"damage":0,"enemies":"Small Slimes","floor":1,"turns":1},{"damage":0,"enemies":"Cultist","floor":4,"turns":1},{"damage":0,"enemies":"2 Louse","floor":10,"turns":1},{"damage":29,"enemies":"Lots of Slimes","floor":11,"turns":4},{"damage":12,"enemies":"3 Louse","floor":12,"turns":3},{"damage":9,"enemies":"2 Fungi Beasts","floor":13,"turns":3},{"damage":45,"enemies":"Slime Boss","floor":16,"turns":11},{"damage":17,"enemies":"2 Thieves","floor":18,"turns":4},{"damage":19,"enemies":"Spheric Guardian","floor":24,"turns":4},{"damage":37,"enemies":"Chosen and Byrds","floor":27,"turns":5},{"damage":59,"enemies":"Book of Stabbing","floor":28,"turns":5}],"seed_played":"-2706443759489482604","potions_obtained":[{"floor":1,"key":"Weak Potion"},{"floor":4,"key":"Weak Potion"},{"floor":24,"key":"LiquidBronze"}],"is_trial":false,"path_per_floor":["M","?","$","M","$","R","?","R","T","M","M","M","M","?","R","B",null,"M","$","?","$","?","R","M","R","T","M","E"],"character_chosen":"IRONCLAD","items_purchased":["Pen Nib","Thunderclap","The Bomb"],"campfire_rested":2,"item_purchase_floors":[3,3,19],"current_hp_per_floor":[80,80,80,80,80,80,80,80,80,81,59,54,52,52,77,39,85,75,75,75,75,75,75,63,87,87,57,0,0],"gold":78,"neow_bonus":"THREE_ENEMY_KILL","is_daily":false,"chose_seed":false,"campfire_upgraded":3,"win_rate":0.0,"timestamp":1612566539,"path_taken":["M","?","?","M","$","R","?","R","T","M","M","M","?","?","R","BOSS","M","?","?","$","?","R","M","R","T","M","E"],"items_purchased_type":["Relic","Card","Card"],"build_version":"2020-12-22","purchased_purges":0,"victory":false,"max_hp_per_floor":[80,80,80,80,80,80,80,80,80,81,82,83,84,84,84,85,85,86,86,86,86,86,86,87,87,87,88,88,88],"card_choices":[{"not_picked":["Clothesline","Havoc"],"picked":"Inflame","floor":1},{"not_picked":["Evolve","Dropkick"],"picked":"Perfected Strike","floor":4},{"not_picked":["Dual Wield","Inflame"],"picked":"Pommel Strike","floor":10},{"not_picked":["Headbutt","Evolve"],"picked":"Iron Wave","floor":11},{"not_picked":["Iron Wave","Body Slam"],"picked":"Spot Weakness","floor":12},{"not_picked":["Battle Trance","Body Slam"],"picked":"Dual Wield","floor":13},{"not_picked":["Offering","Juggernaut"],"picked":"Barricade","floor":16},{"not_picked":["Dark Embrace","Sword Boomerang"],"picked":"Perfected Strike+1","floor":18},{"not_picked":["Twin Strike","Wild Strike"],"picked":"Shrug It Off+1","floor":24},{"not_picked":["Battle Trance","Warcry"],"picked":"Cleave","floor":27}],"player_experience":137882,"relics_obtained":[{"floor":9,"key":"Red Skull"},{"floor":26,"key":"Matryoshka"}],"event_choices":[{"damage_healed":0,"gold_gain":100,"player_choice":"Pray","damage_taken":0,"max_hp_gain":0,"max_hp_loss":0,"event_name":"Golden Shrine","floor":2,"gold_loss":0},{"damage_healed":0,"gold_gain":0,"player_choice":"Trade","damage_taken":0,"relics_obtained":["FaceOfCleric"],"max_hp_gain":0,"max_hp_loss":0,"event_name":"FaceTrader","floor":7,"gold_loss":0},{"damage_healed":0,"gold_gain":0,"player_choice":"Forge","damage_taken":0,"max_hp_gain":0,"max_hp_loss":0,"event_name":"Accursed Blacksmith","floor":14,"gold_loss":0,"cards_upgraded":["Spot Weakness"]},{"damage_healed":0,"gold_gain":0,"player_choice":"Inject Mutagens","damage_taken":0,"relics_obtained":["MutagenicStrength"],"max_hp_gain":0,"max_hp_loss":0,"event_name":"Drug Dealer","floor":20,"gold_loss":0}],"is_beta":false,"boss_relics":[{"not_picked":["Runic Dome","Empty Cage","Velvet Choker"]}],"items_purged_floors":[],"is_endless":false,"potions_floor_spawned":[1,4,24],"killed_by":"Book of Stabbing","ascension_level":0}}