{"host":"7vlopc64487frs6y","time":1612527455,"event":{"mods":["Arknights","Aspiration","BaseMod","BetterRewards","Colored Map","Decade(Õı–°√˜)","Downfall","Good Game Mod","Highlight Path","Minty Spire (QoL Compilation)","Quick Restart","Reimu£®≤©¿ˆ¡È√Œ£©","Remilia£®¿Ÿ√◊¿Ú—«£©","Replay The Spire","Shop Mod","StSLib","TestMod","Unceasing Turn Reminder","Youmu£®ªÍ∆«—˝√Œ£©"],"gold_per_floor":[114,133,145,165,180,212,212,224,224,274,286,286],"floor_reached":11,"language":"ZHS","playtime":711,"items_purged":[],"score":77,"play_id":"088ef3b7-a97a-4dda-a455-d523a95b12ba","local_time":"20210205201735","is_ascension_mode":false,"campfire_choices":[{"data":"HakureiPhantom:ReiMu","floor":7.0,"key":"SMITH"}],"circlet_count":0,"master_deck":["Strike_Lin:ReiMu","Strike_Lin:ReiMu","Strike_Lin:ReiMu","Strike_Lin:ReiMu","Defend_Lin:ReiMu","Defend_Lin:ReiMu","Defend_Lin:ReiMu","Defend_Lin:ReiMu","NB:ReiMu","Stagnation:ReiMu","After Image","YinYangSange:ReiMu","Revelation:ReiMu","HakureiPhantom:ReiMu+1","Crusade:ReiMu","Sickly"],"relics":["FlyPower:ReiMu","testmod-TestBox","REME:ComplimentaryCards","testmod-BatchProcessingSystem","NeowsBlessing","Shuriken","Akabeko","Ring of Greed","Ring of Peace","MawBank","The Courier"],"acts_visited":["Exordium"],"potions_floor_usage":[11],"damage_taken":[{"damage":0.0,"enemies":"Small Slimes","floor":1.0,"turns":1.0},{"damage":0.0,"enemies":"Jaw Worm","floor":2.0,"turns":1.0},{"damage":0.0,"enemies":"Cultist","floor":3.0,"turns":1.0},{"damage":2.0,"enemies":"Large Slime","floor":4.0,"turns":9.0},{"damage":0.0,"enemies":"3 Louse","floor":5.0,"turns":7.0},{"damage":41.0,"enemies":"Gremlin Nob","floor":6.0,"turns":6.0},{"damage":0.0,"enemies":"Blue Slaver","floor":8.0,"turns":3.0},{"damage":23,"enemies":"Lagavulin","floor":11,"turns":9}],"seed_played":"-3070327706635479338","potions_obtained":[{"floor":4.0,"key":"DistilledChaos"},{"floor":6.0,"key":"LiquidBronze"},{"floor":8.0,"key":"Reflective Coating"}],"is_trial":false,"path_per_floor":["M","M","M","M","M","E","R","M","T","?","E"],"character_chosen":"REIMU","items_purchased":[],"campfire_rested":0,"item_purchase_floors":[],"current_hp_per_floor":[65,65,65,63,63,22,22,22,22,22,0,0],"gold":286,"neow_bonus":"THREE_ENEMY_KILL","is_daily":false,"chose_seed":false,"campfire_upgraded":1,"win_rate":0.0,"timestamp":1612527455,"path_taken":["M","M","M","M","M","E","R","M","T","?","E"],"items_purchased_type":[],"build_version":"2020-12-22","purchased_purges":0,"victory":false,"max_hp_per_floor":[65,65,65,65,65,65,65,65,65,65,65,65],"card_choices":[{"not_picked":["SpringWay:ReiMu","Amulet:ReiMu"],"picked":"YinYangSange:ReiMu","floor":1.0},{"not_picked":["ShadowOfCrow2:ReiMu","FantasyBorder:ReiMu","Dreaming2:ReiMu"],"picked":"SKIP","floor":2.0},{"not_picked":["PhosphorusFlame:ReiMu","OrbThrow:ReiMu"],"picked":"Revelation:ReiMu","floor":3.0},{"not_picked":["AlertArray:ReiMu","SubAcupoint:ReiMu","SubcavityInstant:ReiMu"],"picked":"SKIP","floor":4.0},{"not_picked":["OrbThrow:ReiMu","SubAcupoint:ReiMu","TightArray:ReiMu"],"picked":"SKIP","floor":5.0},{"not_picked":["AirStrike:ReiMu","OrbThrow:ReiMu"],"picked":"HakureiPhantom:ReiMu","floor":6.0},{"not_picked":["Intuition:ReiMu","Meditation:ReiMu"],"picked":"Crusade:ReiMu","floor":8.0}],"player_experience":707952,"relics_obtained":[{"floor":6.0,"key":"Shuriken"},{"floor":9.0,"key":"Akabeko"},{"floor":10,"key":"Ring of Greed"},{"floor":10,"key":"Ring of Peace"},{"floor":10,"key":"MawBank"},{"floor":10,"key":"The Courier"}],"event_choices":[],"is_beta":false,"boss_relics":[],"items_purged_floors":[],"is_endless":false,"potions_floor_spawned":[4,6,8],"killed_by":"Lagavulin","ascension_level":0}}