{"host":"bnpj5ln693dhfj4y","time":1612555493,"event":{"mods":["AchievementEnabler","BaseMod","Colored Map","Colored Powertips","DeckTracker","Minty Spire (QoL Compilation)","Weighted Paths"],"gold_per_floor":[119,130,143,143,160,160,172,204,204,204,534,534,565,580,580,683,683,700,700,716,815,833,864,75,75,75,75,94,127,127,155,155,258,258,268,279,329,329,341,341,369,369,369,27,27,27,37,68,68,68,68],"floor_reached":50,"language":"ENG","playtime":5116,"items_purged":["Defend_R"],"score":779,"play_id":"f6884465-c917-4310-aa46-9f371d6bdbb3","local_time":"20210205210453","is_ascension_mode":true,"campfire_choices":[{"data":"Body Slam","floor":6,"key":"SMITH"},{"data":"Rampage","floor":10,"key":"SMITH"},{"data":"Disarm","floor":12,"key":"SMITH"},{"data":"Battle Trance","floor":15,"key":"SMITH"},{"data":"Apotheosis","floor":25,"key":"SMITH"},{"data":"Limit Break","floor":27,"key":"SMITH"},{"floor":30,"key":"REST"},{"floor":32,"key":"REST"},{"floor":40,"key":"REST"},{"floor":42,"key":"REST"},{"floor":45,"key":"RECALL"},{"floor":49,"key":"REST"}],"circlet_count":0,"master_deck":["Strike_R+1","Defend_R","Bash","Body Slam+1","Pommel Strike+1","Rampage+1","Shrug It Off","Impervious","Battle Trance+1","Disarm+1","Heavy Blade","Clothesline","Limit Break+1","Cleave","Spot Weakness","Whirlwind","Evolve+1","Apotheosis+1","Inflame+1","Rage","Iron Wave","Bludgeon","Demon Form+1","Carnage+1","Searing Blow+1","Inflame+1","Shockwave+1","Pommel Strike+1","Disarm+1","Fire Breathing+1","Inflame+1"],"relics":["Burning Blood","Happy Flower","Gremlin Horn","Thread and Needle","Old Coin","Ornamental Fan","Philosopher\u0027s Stone","The Courier","Frozen Egg 2","Kunai","Whetstone","Letter Opener","Question Card","Astrolabe","FossilizedHelix","Toxic Egg 2","Blue Candle","Potion Belt","PreservedInsect","Shuriken"],"acts_visited":["TheCity","TheBeyond"],"potions_floor_usage":[3,11,23,23,29,31,48,50,50,50,50],"damage_taken":[{"damage":1,"enemies":"Cultist","floor":1,"turns":3},{"damage":0,"enemies":"Small Slimes","floor":2,"turns":3},{"damage":8,"enemies":"2 Louse","floor":3,"turns":2},{"damage":10,"enemies":"Exordium Wildlife","floor":5,"turns":6},{"damage":6,"enemies":"3 Louse","floor":7,"turns":3},{"damage":27,"enemies":"3 Sentries","floor":8,"turns":9},{"damage":4,"enemies":"Gremlin Nob","floor":11,"turns":3},{"damage":16,"enemies":"Lagavulin","floor":13,"turns":9},{"damage":0,"enemies":"2 Fungi Beasts","floor":14,"turns":3},{"damage":5,"enemies":"Hexaghost","floor":16,"turns":12},{"damage":7,"enemies":"Spheric Guardian","floor":18,"turns":4},{"damage":15,"enemies":"2 Thieves","floor":20,"turns":4},{"damage":1,"enemies":"Snake Plant","floor":22,"turns":3},{"damage":16,"enemies":"Slavers","floor":23,"turns":6},{"damage":13,"enemies":"Snecko","floor":28,"turns":5},{"damage":16,"enemies":"Gremlin Leader","floor":29,"turns":5},{"damage":25,"enemies":"Book of Stabbing","floor":31,"turns":5},{"damage":29,"enemies":"Champ","floor":33,"turns":11},{"damage":43,"enemies":"3 Darklings","floor":35,"turns":4},{"damage":8,"enemies":"3 Shapes","floor":36,"turns":4},{"damage":0,"enemies":"Mind Bloom Boss Battle","floor":37,"turns":6},{"damage":0,"enemies":"Sphere and 2 Shapes","floor":39,"turns":3},{"damage":19,"enemies":"Reptomancer","floor":41,"turns":6},{"damage":3,"enemies":"4 Shapes","floor":47,"turns":4},{"damage":39,"enemies":"Giant Head","floor":48,"turns":7},{"damage":88,"enemies":"Donu and Deca","floor":50,"turns":5}],"seed_played":"3759181945873039304","potions_obtained":[{"floor":2,"key":"Fire Potion"},{"floor":5,"key":"DuplicationPotion"},{"floor":14,"key":"Dexterity Potion"},{"floor":16,"key":"PowerPotion"},{"floor":18,"key":"Block Potion"},{"floor":28,"key":"Energy Potion"},{"floor":29,"key":"BlessingOfTheForge"},{"floor":31,"key":"Dexterity Potion"},{"floor":41,"key":"Block Potion"},{"floor":47,"key":"Block Potion"},{"floor":48,"key":"Regen Potion"}],"is_trial":false,"path_per_floor":["M","M","M","?","M","R","M","E","T","R","E","R","E","M","R","B",null,"M","?","M","?","M","E","$","R","T","R","M","E","R","E","R","B",null,"M","M","?","?","M","R","E","R","T","$","R","?","M","E","R","B"],"character_chosen":"IRONCLAD","items_purchased":["Frozen Egg 2","Evolve+1","Apotheosis","Kunai","Whetstone","Disarm+1","Potion Belt","PreservedInsect","PowerPotion"],"campfire_rested":5,"item_purchase_floors":[24,24,24,24,24,44,44,44,44],"current_hp_per_floor":[80,80,78,75,71,71,71,50,50,50,52,52,42,48,48,49,72,71,71,62,62,67,57,57,57,57,57,50,40,64,45,69,46,72,35,33,39,39,45,69,56,80,80,80,80,80,80,47,71,0,0],"gold":68,"neow_bonus":"REMOVE_CARD","is_daily":false,"chose_seed":false,"campfire_upgraded":6,"win_rate":0.0,"timestamp":1612555493,"path_taken":["M","M","?","?","M","R","M","E","T","R","E","R","E","M","R","BOSS","M","?","M","?","M","E","?","R","T","R","M","E","R","E","R","BOSS","M","M","?","?","M","R","E","R","T","$","R","?","M","E","R","BOSS"],"items_purchased_type":["Relic","Card","Card","Relic","Relic","Card","Relic","Relic","Potion"],"build_version":"2020-12-22","purchased_purges":1,"victory":false,"max_hp_per_floor":[80,80,80,80,80,80,80,80,80,80,80,80,80,80,80,80,80,80,80,80,80,80,80,80,80,80,80,80,80,80,80,80,80,80,80,80,80,80,80,80,80,80,80,80,80,80,80,80,80,80,80],"card_choices":[{"not_picked":["Battle Trance","Heavy Blade"],"picked":"Body Slam","floor":1},{"not_picked":["Sword Boomerang","Twin Strike"],"picked":"Pommel Strike","floor":2},{"not_picked":["Anger","Burning Pact"],"picked":"Rampage","floor":3},{"not_picked":["Pummel","Havoc"],"picked":"Shrug It Off","floor":5},{"not_picked":["Heavy Blade","Havoc"],"picked":"Impervious","floor":7},{"not_picked":["Headbutt","Sword Boomerang"],"picked":"Battle Trance","floor":8},{"not_picked":["Impervious","Power Through"],"picked":"Disarm","floor":11},{"not_picked":["Evolve","Sever Soul"],"picked":"Heavy Blade","floor":13},{"not_picked":["Sword Boomerang","Feel No Pain","Clothesline"],"picked":"SKIP","floor":14},{"not_picked":["Sword Boomerang","Feel No Pain"],"picked":"Clothesline","floor":14},{"not_picked":["Fiend Fire","Corruption"],"picked":"Limit Break","floor":16},{"not_picked":["Clash","Wild Strike+1"],"picked":"Cleave","floor":18},{"not_picked":["Sword Boomerang+1","Reckless Charge+1","Heavy Blade"],"picked":"SKIP","floor":20},{"not_picked":["Sever Soul+1","True Grit"],"picked":"Spot Weakness","floor":22},{"not_picked":["Hemokinesis","Headbutt"],"picked":"Whirlwind","floor":23},{"not_picked":["Sentinel","Anger"],"picked":"Inflame+1","floor":28},{"not_picked":["Whirlwind","Sword Boomerang+1"],"picked":"Rage","floor":29},{"not_picked":["Disarm","Fiend Fire"],"picked":"Iron Wave","floor":31},{"not_picked":["Limit Break","Berserk+1","Barricade+1"],"picked":"Bludgeon","floor":33},{"not_picked":["Perfected Strike+1","Dual Wield+1","Ghostly Armor+1"],"picked":"Inflame+1","floor":35},{"not_picked":["Thunderclap+1","Bloodletting+1","Uppercut"],"picked":"Shockwave+1","floor":36},{"not_picked":["Wild Strike","Sentinel+1","Cleave"],"picked":"Pommel Strike+1","floor":37},{"not_picked":["Ghostly Armor","Perfected Strike","Iron Wave+1","Thunderclap+1"],"picked":"SKIP","floor":39},{"not_picked":["Clash+1","Shrug It Off+1","Sword Boomerang+1","Iron Wave+1"],"picked":"SKIP","floor":41},{"not_picked":["Seeing Red+1","Wild Strike","Dark Embrace+1"],"picked":"Fire Breathing+1","floor":47},{"not_picked":["True Grit+1","Pommel Strike+1","Thunderclap"],"picked":"Inflame+1","floor":48}],"player_experience":330302,"relics_obtained":[{"floor":8,"key":"Gremlin Horn"},{"floor":9,"key":"Thread and Needle"},{"floor":11,"key":"Old Coin"},{"floor":13,"key":"Ornamental Fan"},{"floor":23,"key":"The Courier"},{"floor":29,"key":"Letter Opener"},{"floor":31,"key":"Question Card"},{"floor":37,"key":"FossilizedHelix"},{"floor":41,"key":"Toxic Egg 2"},{"floor":43,"key":"Blue Candle"},{"floor":48,"key":"Shuriken"}],"event_choices":[{"damage_healed":0,"gold_gain":0,"player_choice":"Success","damage_taken":3,"relics_obtained":["Happy Flower"],"max_hp_gain":0,"max_hp_loss":0,"event_name":"Scrap Ooze","floor":4,"gold_loss":0},{"cards_removed":["Strike_R"],"damage_healed":0,"gold_gain":0,"player_choice":"Elegance","damage_taken":0,"max_hp_gain":0,"max_hp_loss":0,"event_name":"Back to Basics","floor":19,"gold_loss":0},{"damage_healed":0,"gold_gain":99,"player_choice":"Stole From Cult","damage_taken":0,"max_hp_gain":0,"max_hp_loss":0,"event_name":"Nest","floor":21,"gold_loss":0},{"damage_healed":0,"gold_gain":0,"player_choice":"Fight","damage_taken":0,"max_hp_gain":0,"max_hp_loss":0,"event_name":"MindBloom","floor":37,"gold_loss":0},{"damage_healed":0,"gold_gain":0,"player_choice":"Ignored","damage_taken":0,"max_hp_gain":0,"max_hp_loss":0,"event_name":"Tomb of Lord Red Mask","floor":38,"gold_loss":0},{"cards_removed":["Defend_R"],"damage_healed":0,"gold_gain":0,"player_choice":"Offered Basic","damage_taken":0,"max_hp_gain":0,"max_hp_loss":0,"event_name":"Bonfire Elementals","floor":46,"gold_loss":0}],"is_beta":false,"boss_relics":[{"not_picked":["SacredBark","Runic Cube"],"picked":"Philosopher\u0027s Stone"},{"not_picked":["Fusion Hammer","Empty Cage"],"picked":"Astrolabe"}],"items_purged_floors":[24],"is_endless":false,"potions_floor_spawned":[2,5,14,16,18,28,29,31,41,47,48],"killed_by":"Donu and Deca","ascension_level":5}}