{"host":"l8n3qytufxtuz5eu","time":1612491973,"event":{"mods":["BaseMod","Colored Map","Minty Spire (QoL Compilation)","Relic Stats"],"gold_per_floor":[117,130,130,43,63,63,91,91,91,91,118,132,132,57,57,154,154,165,165,165,264,264,264],"floor_reached":22,"language":"ENG","playtime":1120,"items_purged":[],"score":285,"play_id":"b5c80598-d1ff-4d0c-a6b6-11dfb8d8725a","local_time":"20210204182613","is_ascension_mode":true,"campfire_choices":[{"data":"Well Laid Plans","floor":6,"key":"SMITH"},{"data":"Outmaneuver","floor":8,"key":"SMITH"},{"data":"Footwork","floor":10,"key":"SMITH"},{"data":"Escape Plan","floor":13,"key":"SMITH"},{"data":"Caltrops","floor":15,"key":"SMITH"}],"circlet_count":0,"master_deck":["AscendersBane","Strike_G","Strike_G","Strike_G","Strike_G","Strike_G","Defend_G","Defend_G","Defend_G","Defend_G","Defend_G","Survivor","Neutralize","Grand Finale","Backflip","Quick Slash","Tools of the Trade","Footwork+1","Well Laid Plans+1","Acrobatics","Outmaneuver+1","Backflip","Escape Plan+1","Dodge and Roll","Caltrops+1","Night Terror"],"relics":["Ring of the Snake","Darkstone Periapt","Anchor","Strawberry","Black Star"],"acts_visited":["TheCity"],"potions_floor_usage":[16,22],"damage_taken":[{"damage":6.0,"enemies":"Small Slimes","floor":1.0,"turns":5.0},{"damage":5.0,"enemies":"Cultist","floor":2.0,"turns":5.0},{"damage":5,"enemies":"Jaw Worm","floor":5,"turns":3},{"damage":21,"enemies":"Lagavulin","floor":7,"turns":9},{"damage":10,"enemies":"3 Sentries","floor":11,"turns":5},{"damage":6,"enemies":"3 Louse","floor":12,"turns":3},{"damage":15,"enemies":"Slime Boss","floor":16,"turns":6},{"damage":21,"enemies":"Spheric Guardian","floor":18,"turns":8},{"damage":34,"enemies":"Masked Bandits","floor":22,"turns":3}],"seed_played":"-3200873202946026863","potions_obtained":[{"floor":7,"key":"DistilledChaos"},{"floor":11,"key":"CunningPotion"}],"is_trial":false,"path_per_floor":["M","M","?","$","M","R","E","R","T","R","E","M","R","$","R","B",null,"M","?","?","?","?"],"character_chosen":"THE_SILENT","items_purchased":["Well Laid Plans","Acrobatics","Caltrops"],"campfire_rested":0,"item_purchase_floors":[4,4,14],"current_hp_per_floor":[57,52,52,52,47,47,26,26,26,26,23,17,17,17,17,2,58,37,23,23,23,0,0],"gold":264,"neow_bonus":"ONE_RANDOM_RARE_CARD","is_daily":false,"chose_seed":false,"campfire_upgraded":5,"win_rate":0.0,"timestamp":1612491973,"path_taken":["M","M","?","$","?","R","E","R","T","R","E","M","R","$","R","BOSS","M","?","?","?","?"],"items_purchased_type":["Card","Card","Card"],"build_version":"2020-12-22","purchased_purges":0,"victory":false,"max_hp_per_floor":[70,70,70,70,70,70,70,70,70,70,77,77,77,77,77,77,77,77,82,82,82,82,82],"relic_stats":{"Darkstone Periapt":0,"counters":[9,47],"Black Star":0,"obtain_stats":[{"Darkstone Periapt":7,"Anchor":9,"Strawberry":11,"Black Star":17,"Ring of the Snake":0},{"Darkstone Periapt":4,"Anchor":4,"Strawberry":5,"Black Star":7,"Ring of the Snake":0},{"Darkstone Periapt":22,"Anchor":22,"Strawberry":27,"Black Star":36,"Ring of the Snake":0}],"Ring of the Snake":[18]},"card_choices":[{"not_picked":["PiercingWail","Predator"],"picked":"Backflip","floor":1.0},{"not_picked":["Poisoned Stab","Underhanded Strike"],"picked":"Quick Slash","floor":2.0},{"not_picked":["Eviscerate","Riddle With Holes"],"picked":"Outmaneuver","floor":5},{"not_picked":["Predator","Heel Hook"],"picked":"Backflip","floor":7},{"not_picked":["Expertise","Setup"],"picked":"Escape Plan","floor":11},{"not_picked":["Cloak And Dagger","Flying Knee"],"picked":"Dodge and Roll","floor":12},{"not_picked":["Grand Finale","Tools of the Trade"],"picked":"Night Terror","floor":16},{"not_picked":["Underhanded Strike+1","Poisoned Stab","Slice"],"picked":"SKIP","floor":18}],"player_experience":1470264,"relics_obtained":[{"floor":7,"key":"Darkstone Periapt"},{"floor":9,"key":"Anchor"},{"floor":11,"key":"Strawberry"}],"event_choices":[{"damage_healed":0,"gold_gain":0,"player_choice":"2 cards matched","damage_taken":0,"max_hp_gain":0,"max_hp_loss":0,"event_name":"Match and Keep!","floor":3,"gold_loss":0,"cards_obtained":["Tools of the Trade","Footwork"]},{"damage_healed":0,"gold_gain":0,"player_choice":"Shed Blood","damage_taken":19,"max_hp_gain":5,"max_hp_loss":0,"event_name":"Forgotten Altar","floor":19,"gold_loss":0},{"damage_healed":0,"gold_gain":0,"player_choice":"Ignored","damage_taken":0,"max_hp_gain":0,"max_hp_loss":0,"event_name":"Vampires","floor":20,"gold_loss":0},{"damage_healed":0,"gold_gain":99,"player_choice":"Stole From Cult","damage_taken":0,"max_hp_gain":0,"max_hp_loss":0,"event_name":"Nest","floor":21,"gold_loss":0},{"damage_healed":0,"gold_gain":0,"player_choice":"Fought Bandits","damage_taken":0,"max_hp_gain":0,"max_hp_loss":0,"event_name":"Masked Bandits","floor":22,"gold_loss":0}],"is_beta":false,"boss_relics":[{"not_picked":["WristBlade","Calling Bell"],"picked":"Black Star"}],"items_purged_floors":[],"is_endless":false,"potions_floor_spawned":[7,11],"killed_by":"Masked Bandits","ascension_level":10}}