{"host":"uv5ws9rdk87e8i5k","time":1612487419,"event":{"mods":["AchievementEnabler","BaseMod","Colored Map","Minty Spire (QoL Compilation)","Permanent Neow","Quick Restart","StSLib","SuperFastMode","The Necromancer"],"gold_per_floor":[114,127,127,138,151,178,178],"floor_reached":6,"language":"ENG","playtime":160,"items_purged":[],"score":53,"play_id":"6efa8f9f-8453-4007-816b-8db059843ced","local_time":"20210204191019","is_ascension_mode":true,"campfire_choices":[],"circlet_count":0,"master_deck":["Strike_R","Strike_R","Strike_R","Strike_R","Strike_R","Defend_R","Defend_R+1","Defend_R","Defend_R","Bash","Cleave","Warcry+1","Shockwave","Headbutt","Heavy Blade"],"relics":["Burning Blood","Bag of Marbles"],"acts_visited":["Exordium"],"potions_floor_usage":[6],"damage_taken":[{"damage":12,"enemies":"Small Slimes","floor":1,"turns":3},{"damage":9,"enemies":"Jaw Worm","floor":2,"turns":3},{"damage":3,"enemies":"2 Louse","floor":4,"turns":3},{"damage":33,"enemies":"Lots of Slimes","floor":5,"turns":5},{"damage":19,"enemies":"3 Sentries","floor":6,"turns":8}],"seed_played":"-8614111378003583877","potions_obtained":[{"floor":2,"key":"SmokeBomb"},{"floor":5,"key":"Regen Potion"}],"is_trial":false,"path_per_floor":["M","M","?","M","M","E"],"character_chosen":"IRONCLAD","items_purchased":[],"campfire_rested":0,"item_purchase_floors":[],"current_hp_per_floor":[74,71,55,58,31,33,33],"gold":178,"neow_bonus":"THREE_CARDS","is_daily":false,"chose_seed":false,"campfire_upgraded":0,"win_rate":0.0,"timestamp":1612487419,"path_taken":["M","M","?","M","M","E"],"items_purchased_type":[],"build_version":"2020-12-22","purchased_purges":0,"victory":false,"max_hp_per_floor":[80,80,80,80,80,80,80],"card_choices":[{"not_picked":["Shrug It Off","Thunderclap"],"picked":"Cleave","floor":0},{"not_picked":["Heavy Blade","Rampage"],"picked":"Warcry","floor":1},{"not_picked":["Intimidate","Flex"],"picked":"Shockwave","floor":2},{"not_picked":["Ghostly Armor","Flex"],"picked":"Headbutt","floor":4},{"not_picked":["Rupture","Heavy Blade","Feel No Pain"],"picked":"SKIP","floor":5},{"not_picked":["Twin Strike","Sentinel"],"picked":"Heavy Blade","floor":6}],"player_experience":230613,"relics_obtained":[{"floor":6,"key":"Bag of Marbles"}],"event_choices":[{"damage_healed":0,"gold_gain":0,"player_choice":"Entered Light","damage_taken":16,"max_hp_gain":0,"max_hp_loss":0,"event_name":"Shining Light","floor":3,"gold_loss":0,"cards_upgraded":["Defend_R","Warcry"]}],"is_beta":false,"boss_relics":[],"items_purged_floors":[],"is_endless":false,"potions_floor_spawned":[2,5],"killed_by":"3 Sentries","ascension_level":2}}