{"host":"630px4nyj50z5id8","time":1612516933,"event":{"mods":["BaseMod","Colored Powertips","Downfall","Minty Spire (QoL Compilation)","Quick Restart","Replay The Spire","StSLib","Waifu the Spire"],"gold_per_floor":[156,208,10,24,24,24,104,104,159,159,159,184,184,184,184,227,227,304,304,345,206,220,220,220,254,254,284,284,299,299,299,341,197,197,293,293,311,329,46,61,73,73,73,115,115,169,194,194,217,78,78,103],"floor_reached":53,"language":"ZHS","playtime":2766,"items_purged":["Strike_R","Strike_G","Strike_G","Parasite"],"score":1684,"play_id":"49348a14-4fc9-433e-953d-647a928fe2c3","local_time":"20210205172213","is_ascension_mode":true,"campfire_choices":[{"data":"Apotheosis","floor":8.0,"key":"SMITH"},{"floor":10.0,"key":"REST"},{"data":"Panache","floor":13.0,"key":"SMITH"},{"floor":15.0,"key":"REST"},{"floor":17.0,"key":"REST"},{"floor":26.0,"key":"REST"},{"floor":31,"key":"REST"},{"floor":34,"key":"REST"},{"floor":42,"key":"REST"},{"data":"Specialist","floor":51,"key":"SMITH"}],"circlet_count":0,"master_deck":["AscendersBane","Defend_G","Defend_G","Defend_G","Defend_G","Defend_G","Survivor","Neutralize","bronze:Defend","HandOfGreed","Deflect","Blade Dance","Apotheosis+1","Panache+1","Swift Strike","Acrobatics","Calculated Gamble","Cloak And Dagger","Escape Plan","Unload","Adrenaline","CurseOfTheBell","Deflect","Escape Plan","Reflex+1","ReplayTheSpireMod:Shiv Toss","Caltrops","Well Laid Plans+1","Envenom","Prepared","Storm of Steel","PiercingWail+1","Footwork","Acrobatics","Blur","Replay:Bag of Tricks+1","Reflex+1","ReplayTheSpireMod:Scrap Shanks+1","Terror","Draining Mist","Phantasmal Killer","ReplayTheSpireMod:The Works","Cloak And Dagger","Specialist+1"],"relics":["Ring of the Snake","ReplayTheSpireMod:ShopPack","Bottled Lightning","Replay:Kaleidoscope","Snack Pack","Replay:Baseball","Calling Bell","ReplayTheSpireMod:Lightbulb","Iron Hammer","Prayer Wheel","Potion Belt","Regal Pillow","Mummified Hand","Replay:Drink Me","Membership Card","Pet Ghost","ReplayTheSpireMod:TigerMarble","Turnip","Snake Skull"],"acts_visited":["Exordium","TheCity","TheBeyond"],"potions_floor_usage":[27,27,27,35,46,52,52],"damage_taken":[{"damage":6.0,"enemies":"Small Slimes","floor":1.0,"turns":5.0},{"damage":0.0,"enemies":"2 Louse","floor":2.0,"turns":4.0},{"damage":4.0,"enemies":"Jaw Worm","floor":4.0,"turns":2.0},{"damage":3.0,"enemies":"Lots of Slimes","floor":7.0,"turns":7.0},{"damage":22.0,"enemies":"Gremlin Nob","floor":9.0,"turns":3.0},{"damage":2.0,"enemies":"3 Sentries","floor":12.0,"turns":4.0},{"damage":0.0,"enemies":"Blue Slaver","floor":16.0,"turns":3.0},{"damage":14.0,"enemies":"Hexaghost","floor":18.0,"turns":12.0},{"damage":14.0,"enemies":"2 Thieves","floor":20.0,"turns":4.0},{"damage":0.0,"enemies":"Spheric Guardian","floor":22.0,"turns":3.0},{"damage":0.0,"enemies":"Replay:Snechameleon","floor":25.0,"turns":4.0},{"damage":0,"enemies":"Slavers","floor":27,"turns":2},{"damage":33,"enemies":"Snecko","floor":29,"turns":6},{"damage":11,"enemies":"Snake Plant","floor":32,"turns":3},{"damage":0,"enemies":"Automaton","floor":35,"turns":8},{"damage":0,"enemies":"Orb Walker","floor":37,"turns":3},{"damage":0,"enemies":"3 Darklings","floor":38,"turns":4},{"damage":16,"enemies":"Writhing Mass","floor":40,"turns":5},{"damage":15,"enemies":"Spire Growth","floor":41,"turns":5},{"damage":0,"enemies":"Maw","floor":44,"turns":5},{"damage":0,"enemies":"Giant Head","floor":46,"turns":5},{"damage":0,"enemies":"Mind Bloom Boss Battle","floor":47,"turns":2},{"damage":0,"enemies":"Awakened One","floor":52,"turns":6}],"seed_played":"4850261060507252406","potions_obtained":[{"floor":7.0,"key":"Toxic Potion"},{"floor":12.0,"key":"AttackPotion"},{"floor":16.0,"key":"LiquidMemories"},{"floor":18.0,"key":"GamblersBrew"},{"floor":25.0,"key":"Toxic Potion"},{"floor":29,"key":"Guardian:BlockOnCardUsePotion"},{"floor":35,"key":"CultistPotion"},{"floor":38,"key":"champ:CounterPotion"},{"floor":40,"key":"GamblersBrew"},{"floor":44,"key":"Energy Potion"}],"is_trial":false,"path_per_floor":["M","M","$","M","PTL","PTL","M","R","E","R","T","E","R","?","R","M","R","B",null,"M","$","M","?","?","E","R","E","T","M","?","R","M","$","R","B",null,"M","M","$","M","M","R","$","M","T","E","?","?","T","$","R","B",null],"character_chosen":"THE_SILENT","items_purchased":["ReplayTheSpireMod:ShopPack","Acrobatics","Reflex+1","Prepared","Membership Card","Replay:Bag of Tricks+1","Cloak And Dagger","Specialist"],"campfire_rested":7,"item_purchase_floors":[3,3,21,33,39,39,50,50],"current_hp_per_floor":[53,53,53,49,49,49,46,46,24,43,43,41,41,6,25,29,48,38,59,49,49,55,55,55,59,66,66,66,35,35,66,55,55,66,66,50,50,50,50,36,27,50,50,50,50,50,50,50,50,47,47,47],"gold":103,"neow_bonus":"RANDOM_COLORLESS_2","is_daily":false,"chose_seed":false,"campfire_upgraded":3,"win_rate":0.0,"timestamp":1612516933,"path_taken":["M","M","$","M","PTL","PTL","M","R","E","R","T","E","R","?","R","M","R","BOSS","M","$","M","?","?","E","R","E","T","M","?","R","M","$","R","BOSS","M","M","$","M","M","R","$","?","T","E","?","?","?","$","R","BOSS"],"items_purchased_type":["Relic","Card","Card","Card","Relic","Card","Card","Card"],"build_version":"2020-12-22","purchased_purges":4,"victory":true,"max_hp_per_floor":[66,66,66,66,66,66,66,66,66,66,66,66,66,66,66,66,66,66,66,66,66,66,66,66,66,66,66,66,66,66,66,66,66,66,66,50,50,50,50,50,50,50,50,50,50,50,50,50,50,47,47,47],"card_choices":[{"not_picked":["Secret Technique","Poisoned Strike"],"picked":"HandOfGreed","floor":0.0},{"not_picked":["Slice","PiercingWail"],"picked":"Deflect","floor":1.0},{"not_picked":["Bane","Hidden Blade"],"picked":"Blade Dance","floor":2.0},{"not_picked":["Mayhem","ReplayTheSpireMod:Necrogeddon"],"picked":"Apotheosis","floor":3.0},{"not_picked":["Mind Blast","Dramatic Entrance"],"picked":"Panache","floor":3.0},{"not_picked":["Madness","PanicButton"],"picked":"Swift Strike","floor":3.0},{"not_picked":["Hidden Blade","PiercingWail"],"picked":"Calculated Gamble","floor":4.0},{"not_picked":["Backflip","Underhanded Strike","Dodge and Roll"],"picked":"SKIP","floor":7.0},{"not_picked":["Sucker Punch","Predator"],"picked":"Cloak And Dagger","floor":9.0},{"not_picked":["Cloak And Dagger","Well Laid Plans"],"picked":"Escape Plan","floor":12.0},{"not_picked":["PiercingWail","Escape Plan"],"picked":"Unload","floor":16.0},{"not_picked":["Atom Bomb","Glass Knife"],"picked":"Adrenaline","floor":18.0},{"not_picked":["Outmaneuver","Leg Sweep"],"picked":"Deflect","floor":20.0},{"not_picked":["Dodge and Roll","Dagger Throw"],"picked":"Escape Plan","floor":20.0},{"not_picked":["Endless Agony","Deflect"],"picked":"ReplayTheSpireMod:Shiv Toss","floor":22.0},{"not_picked":["Deadly Poison","Dagger Spray"],"picked":"Caltrops","floor":22.0},{"not_picked":["Night Terror","Deadly Poison"],"picked":"Well Laid Plans","floor":25.0},{"not_picked":["Deflect","Predator"],"picked":"Envenom","floor":27},{"not_picked":["Finisher","Bane","ReplayTheSpireMod:Exploit Weakness"],"picked":"SKIP","floor":29},{"not_picked":["Underhanded Strike","Slice","Blade Dance"],"picked":"SKIP","floor":29},{"not_picked":["Dodge and Roll","Eviscerate","Dagger Throw"],"picked":"SKIP","floor":32},{"not_picked":["Flying Knee","Dagger Spray","Leg Sweep"],"picked":"SKIP","floor":32},{"not_picked":["Malaise","Burst"],"picked":"Storm of Steel","floor":35},{"not_picked":["Slice","Sucker Punch"],"picked":"PiercingWail+1","floor":37},{"not_picked":["Well Laid Plans","Hidden Blade+1"],"picked":"Footwork","floor":37},{"not_picked":["Quick Slash","Hidden Blade"],"picked":"Acrobatics","floor":38},{"not_picked":["Catalyst","Toxin Wave+1"],"picked":"Blur","floor":38},{"not_picked":["Slice+1","Acrobatics"],"picked":"Reflex+1","floor":40},{"not_picked":["Backflip","Deadly Poison+1","Sucker Punch"],"picked":"SKIP","floor":40},{"not_picked":["Backflip","Poisoned Stab+1"],"picked":"ReplayTheSpireMod:Scrap Shanks+1","floor":41},{"not_picked":["Riddle With Holes","Poisoned Stab"],"picked":"Terror","floor":41},{"not_picked":["Deflect+1","Poisoned Stab"],"picked":"Draining Mist","floor":44},{"not_picked":["Skewer","Blade Dance","ReplayTheSpireMod:Tripwire"],"picked":"SKIP","floor":44},{"not_picked":["ReplayTheSpireMod:Tripwire","PiercingWail+1"],"picked":"Phantasmal Killer","floor":46},{"not_picked":["Poisoned Stab","Flying Knee+1"],"picked":"ReplayTheSpireMod:The Works","floor":47}],"player_experience":376672,"relics_obtained":[{"floor":9.0,"key":"Bottled Lightning"},{"floor":11.0,"key":"Replay:Kaleidoscope"},{"floor":12.0,"key":"Snack Pack"},{"floor":19.0,"key":"ReplayTheSpireMod:Lightbulb"},{"floor":19.0,"key":"Iron Hammer"},{"floor":19.0,"key":"Prayer Wheel"},{"floor":25.0,"key":"Potion Belt"},{"floor":27,"key":"Regal Pillow"},{"floor":28,"key":"Mummified Hand"},{"floor":45,"key":"Pet Ghost"},{"floor":46,"key":"ReplayTheSpireMod:TigerMarble"},{"floor":47,"key":"Turnip"},{"floor":49,"key":"Snake Skull"}],"event_choices":[{"damage_healed":0.0,"max_hp_gain":0.0,"max_hp_loss":0.0,"gold_gain":0.0,"event_name":"Scrap Ooze","player_choice":"Success","floor":14.0,"gold_loss":0.0,"damage_taken":35.0,"relics_obtained":["Replay:Baseball"]},{"damage_healed":0.0,"max_hp_gain":0.0,"max_hp_loss":0.0,"gold_gain":0.0,"event_name":"The Mausoleum","player_choice":"Ignored","floor":24.0,"gold_loss":0.0,"damage_taken":0.0},{"damage_healed":0,"gold_gain":0,"player_choice":"Upgraded","damage_taken":0,"max_hp_gain":0,"max_hp_loss":0,"event_name":"Upgrade Shrine","floor":30,"gold_loss":0,"cards_upgraded":["Well Laid Plans"]},{"damage_healed":0,"gold_gain":0,"player_choice":"Fight","damage_taken":0,"max_hp_gain":0,"max_hp_loss":0,"event_name":"MindBloom","floor":47,"gold_loss":0},{"cards_removed":["Prepared"],"damage_healed":0,"gold_gain":0,"player_choice":"Removed Skill","damage_taken":0,"max_hp_gain":0,"max_hp_loss":0,"event_name":"Falling","floor":48,"gold_loss":0}],"is_beta":false,"boss_relics":[{"not_picked":["Snecko Eye","Snecko Scales"],"picked":"Calling Bell"},{"not_picked":["Abe\u0027s Treasure","Busted Crown"],"picked":"Replay:Drink Me"}],"items_purged_floors":[21,33,39,50],"is_endless":false,"potions_floor_spawned":[7,12,16,18,25,29,35,38,40,44],"ascension_level":17}}