{"host":"f3zi5bw4of71qj4o","time":1612543059,"event":{"mods":["BaseMod","DeckTracker","Highlight Path","Minty Spire (QoL Compilation)","Relic Stats","StSLib","SuperFastMode"],"gold_per_floor":[119,119,119,119,394,429,448,448,448,463,463,503,524,567,567,660,660,680,693,713,713,27,65,65,78,78,94,94,94],"floor_reached":28,"language":"ENG","playtime":3757,"items_purged":["Regret"],"score":616,"play_id":"57e4ef2b-d635-433e-b0f5-6c5d3cb19087","local_time":"20210205173739","is_ascension_mode":true,"campfire_choices":[{"data":"Sweeping Beam","floor":8,"key":"SMITH"},{"floor":11,"key":"REST"},{"data":"Fission","floor":15,"key":"SMITH"},{"data":"Double Energy","floor":24,"key":"SMITH"}],"circlet_count":0,"master_deck":["AscendersBane","Strike_B","Strike_B","Strike_B","Defend_B","Defend_B","Defend_B","Defend_B","Zap","Dualcast","Ball Lightning","Sweeping Beam+1","Ball Lightning","Double Energy+1","Fission+1","Auto Shields","Biased Cognition","Coolheaded","Conserve Battery","Beam Cell+1","Echo Form","Electrodynamics","Storm","Storm","Blizzard+1"],"relics":["Cracked Core","NeowsBlessing","Golden Idol","Mercury Hourglass","InkBottle","HornCleat","Blue Candle","Nuclear Battery","Singing Bowl","Bag of Marbles","Bottled Flame"],"acts_visited":["Exordium","TheCity"],"potions_floor_usage":[12,18],"damage_taken":[{"damage":0,"enemies":"Small Slimes","floor":1,"turns":1},{"damage":0,"enemies":"Gremlin Nob","floor":6,"turns":1},{"damage":0,"enemies":"Cultist","floor":7,"turns":1},{"damage":4,"enemies":"Jaw Worm","floor":10,"turns":2},{"damage":29,"enemies":"Lagavulin","floor":12,"turns":4},{"damage":5,"enemies":"Gremlin Gang","floor":13,"turns":3},{"damage":2,"enemies":"Gremlin Nob","floor":14,"turns":3},{"damage":12,"enemies":"The Guardian","floor":16,"turns":10},{"damage":1,"enemies":"3 Byrds","floor":18,"turns":3},{"damage":2,"enemies":"2 Thieves","floor":19,"turns":3},{"damage":1,"enemies":"Snecko","floor":20,"turns":5},{"damage":26,"enemies":"Book of Stabbing","floor":23,"turns":4},{"damage":19,"enemies":"Snake Plant","floor":25,"turns":2},{"damage":0,"enemies":"Centurion and Healer","floor":27,"turns":3},{"damage":11,"enemies":"Gremlin Leader","floor":28,"turns":1}],"seed_played":"-8140922481045989335","potions_obtained":[{"floor":1,"key":"SkillPotion"},{"floor":13,"key":"SteroidPotion"},{"floor":14,"key":"Block Potion"},{"floor":23,"key":"LiquidBronze"}],"is_trial":false,"path_per_floor":["M","?","?","?","?","E","M","R","T","M","R","E","M","E","R","B",null,"M","M","M","?","$","E","R","M","T","M","E"],"character_chosen":"DEFECT","items_purchased":["Electrodynamics","Singing Bowl","Bag of Marbles"],"campfire_rested":1,"item_purchase_floors":[22,22,22],"current_hp_per_floor":[64,57,33,38,38,38,38,38,38,34,56,27,22,20,20,8,59,58,56,55,55,55,29,29,10,10,10,0,0],"gold":94,"neow_bonus":"THREE_ENEMY_KILL","is_daily":false,"chose_seed":false,"campfire_upgraded":3,"win_rate":0.0,"timestamp":1612543059,"path_taken":["M","?","?","?","?","E","?","R","T","M","R","E","M","E","R","BOSS","M","M","M","?","$","E","R","M","T","M","E"],"items_purchased_type":["Card","Relic","Relic"],"build_version":"2020-12-22","purchased_purges":1,"victory":false,"max_hp_per_floor":[71,71,71,76,76,76,76,76,76,76,76,76,76,76,76,76,76,76,76,76,76,76,76,76,76,76,76,76,76],"relic_stats":{"Singing Bowl":0,"counters":[15,46],"Golden Idol":79,"Blue Candle":[4],"obtain_stats":[{"Bottled Flame":23,"HornCleat":12,"NeowsBlessing":0,"Singing Bowl":22,"Golden Idol":3,"Blue Candle":14,"Bag of Marbles":22,"Cracked Core":0,"InkBottle":9,"Mercury Hourglass":6,"Nuclear Battery":17},{"Bottled Flame":12,"HornCleat":5,"NeowsBlessing":0,"Singing Bowl":11,"Golden Idol":1,"Blue Candle":7,"Bag of Marbles":11,"Cracked Core":0,"InkBottle":3,"Mercury Hourglass":2,"Nuclear Battery":8},{"Bottled Flame":40,"HornCleat":9,"NeowsBlessing":0,"Singing Bowl":36,"Golden Idol":1,"Blue Candle":15,"Bag of Marbles":36,"Cracked Core":0,"InkBottle":3,"Mercury Hourglass":2,"Nuclear Battery":25}],"InkBottle":[18],"Mercury Hourglass":[161]},"card_choices":[{"not_picked":["Heatsinks","Consume"],"picked":"Ball Lightning","floor":1},{"not_picked":["Chaos","Leap"],"picked":"Sweeping Beam","floor":6},{"not_picked":["Steam","Sweeping Beam"],"picked":"Ball Lightning","floor":7},{"not_picked":["Turbo","Ball Lightning","Blizzard"],"picked":"SKIP","floor":10},{"not_picked":["Turbo","Ball Lightning"],"picked":"Double Energy","floor":12},{"not_picked":["Compile Driver","Gash"],"picked":"Fission","floor":13},{"not_picked":["BootSequence","Darkness"],"picked":"Auto Shields","floor":14},{"not_picked":["Reboot","Thunder Strike"],"picked":"Biased Cognition","floor":16},{"not_picked":["Scrape","Skim"],"picked":"Coolheaded","floor":18},{"not_picked":["Scrape","Redo"],"picked":"Conserve Battery","floor":19},{"not_picked":["Sweeping Beam","Steam"],"picked":"Beam Cell+1","floor":20},{"not_picked":["Turbo","Cold Snap"],"picked":"Storm","floor":23},{"not_picked":["Conserve Battery","Streamline+1"],"picked":"Storm","floor":25},{"not_picked":["Hyperbeam","Beam Cell"],"picked":"Blizzard+1","floor":27}],"player_experience":2574924,"relics_obtained":[{"floor":6,"key":"Mercury Hourglass"},{"floor":9,"key":"InkBottle"},{"floor":12,"key":"HornCleat"},{"floor":14,"key":"Blue Candle"},{"floor":23,"key":"Bottled Flame"}],"event_choices":[{"cards_removed":["Strike_B"],"damage_healed":0,"gold_gain":0,"player_choice":"Card Removal","damage_taken":7,"max_hp_gain":0,"max_hp_loss":0,"event_name":"Golden Wing","floor":2,"gold_loss":0},{"damage_healed":0,"gold_gain":0,"player_choice":"Take Damage","damage_taken":24,"relics_obtained":["Golden Idol"],"max_hp_gain":0,"max_hp_loss":0,"event_name":"Golden Idol","floor":3,"gold_loss":0},{"damage_healed":0,"gold_gain":0,"player_choice":"Donut","damage_taken":0,"max_hp_gain":5,"max_hp_loss":0,"event_name":"Big Fish","floor":4,"gold_loss":0},{"damage_healed":0,"gold_gain":275,"player_choice":"Desecrate","damage_taken":0,"max_hp_gain":0,"max_hp_loss":0,"event_name":"Golden Shrine","floor":5,"gold_loss":0,"cards_obtained":["Regret"]},{"damage_healed":0,"gold_gain":0,"player_choice":"Read","damage_taken":0,"max_hp_gain":0,"max_hp_loss":0,"event_name":"The Library","floor":21,"gold_loss":0,"cards_obtained":["Echo Form"]}],"is_beta":false,"boss_relics":[{"not_picked":["Empty Cage","Ectoplasm"],"picked":"Nuclear Battery"}],"items_purged_floors":[22],"is_endless":false,"potions_floor_spawned":[1,13,14,16,23],"killed_by":"Gremlin Leader","ascension_level":20}}