{"host":"0rxdudjy6rylha1k","time":1612563888,"event":{"mods":["Aspiration","BaseMod","Colored Map","Colored Powertips","Downfall","Highlight Path","Hubris","Minty Spire (QoL Compilation)","StSLib"],"gold_per_floor":[99,99,119,119,132,32,32,17,17,50,66,78,104,118,131,232,232,32,47,59,59,79,89,114,128,128,158,175,195,195,231,249,361,388,388,415,443,455,455,475,501,513,513,549,549,549,549,592,605,605,605,640,17,17,17,17,17,17],"floor_reached":56,"language":"ENG","playtime":13925,"items_purged":[],"score":828,"play_id":"c1bebc25-f01c-42c9-a871-0fc394d267cb","local_time":"20210205152448","is_ascension_mode":true,"campfire_choices":[{"floor":1.0,"key":"RECALL"},{"data":"bronze:Boost","floor":6.0,"key":"SMITH"},{"data":"bronze:Fortify","floor":9.0,"key":"SMITH"},{"data":"bronze:Verify","floor":18.0,"key":"SMITH"},{"floor":26.0,"key":"REST"},{"floor":30.0,"key":"REST"},{"floor":35.0,"key":"DIG"},{"floor":43,"key":"REST"},{"floor":46,"key":"DIG"},{"floor":54,"key":"REST"}],"circlet_count":0,"master_deck":["bronze:Defend","bronze:Defend","bronze:Defend","bronze:Defend","bronze:Replicate","bronze:Goto","bronze:Boost+1","bronze:Fortify+1","bronze:ForceShield","bronze:Terminator","bronze:Verify+1","bronze:Shell+1","bronze:ChosenStrike+1","bronze:Allocate","bronze:ChildClass+1","bronze:Return","bronze:Repair","bronze:DelayedSlice","bronze:Mutator","bronze:ForceShield+1","bronze:MaxOutput+1","bronze:Flail+1","bronze:OilSpill+1","bronze:Flail","bronze:BurnOut","bronze:BugBarrage+1","bronze:Shield+1","bronze:Shield"],"relics":["aspiration:SecretTechniqueScroll","hubris:Icosahedron","downfall:HeartBlessingRed","bronze:SilverBullet","champ:DeflectingBracers","hubris:Backtick","Shovel","downfall:HeartBlessingGreen","downfall:HeartBlessingBlue","Potion Belt","CeramicFish","Astrolabe","Oddly Smooth Stone","aspiration:ChemicalBlood","Whetstone","hexamod:Sixitude","Blood Vial","bronze:ProtectiveGoggles","Toolbox","hexamod:BolsterEngine","hubris:ToyBattleship"],"acts_visited":["Exordium","TheCity","TheBeyond","TheEnding"],"potions_floor_usage":[38,42,43,44,48,50,50,50,52,52,52,55,55,56,56],"damage_taken":[{"damage":0.0,"enemies":"2 Louse","floor":3.0,"turns":2.0},{"damage":0.0,"enemies":"Cultist","floor":5.0,"turns":4.0},{"damage":0.0,"enemies":"downfall:FleeingMerchant","floor":8.0,"turns":4.0},{"damage":3.0,"enemies":"3 Sentries","floor":10.0,"turns":6.0},{"damage":0.0,"enemies":"Jaw Worm","floor":11.0,"turns":4.0},{"damage":0.0,"enemies":"Red Slaver","floor":12.0,"turns":4.0},{"damage":0.0,"enemies":"Gremlin Nob","floor":13.0,"turns":3.0},{"damage":2.0,"enemies":"Blue Slaver","floor":14.0,"turns":3.0},{"damage":7.0,"enemies":"Exordium Thugs","floor":15.0,"turns":4.0},{"damage":5.0,"enemies":"SI_SHIV_ARCHETYPE","floor":16.0,"turns":5.0},{"damage":5.0,"enemies":"Spheric Guardian","floor":19.0,"turns":4.0},{"damage":15.0,"enemies":"Snake Plant","floor":20.0,"turns":4.0},{"damage":3.0,"enemies":"Centurion and Healer","floor":22.0,"turns":4.0},{"damage":2.0,"enemies":"Cultist and Chosen","floor":23.0,"turns":6.0},{"damage":13.0,"enemies":"Snake Plant","floor":25.0,"turns":5.0},{"damage":10.0,"enemies":"Book of Stabbing","floor":27.0,"turns":5.0},{"damage":7.0,"enemies":"Shelled Parasite and Fungi","floor":28.0,"turns":4.0},{"damage":0.0,"enemies":"3 Cultists","floor":29.0,"turns":4.0},{"damage":20.0,"enemies":"Gremlin Leader","floor":31.0,"turns":5.0},{"damage":0.0,"enemies":"Snake Plant","floor":32.0,"turns":4.0},{"damage":20.0,"enemies":"WA_ARCHETYPE_CALM","floor":33.0,"turns":7.0},{"damage":9.0,"enemies":"3 Darklings","floor":36.0,"turns":5.0},{"damage":0.0,"enemies":"3 Shapes","floor":37.0,"turns":4.0},{"damage":0,"enemies":"3 Darklings","floor":38,"turns":2},{"damage":36,"enemies":"Transient","floor":40,"turns":5},{"damage":4,"enemies":"Jaw Worm Horde","floor":42,"turns":3},{"damage":34,"enemies":"Nemesis","floor":44,"turns":7},{"damage":15,"enemies":"Reptomancer","floor":48,"turns":4},{"damage":0,"enemies":"Maw","floor":49,"turns":6},{"damage":48,"enemies":"IC_BLOCK_ARCHETYPE","floor":50,"turns":8},{"damage":50,"enemies":"downfall:CharBossMerchant","floor":52,"turns":7},{"damage":3,"enemies":"downfall:NeowBoss","floor":55,"turns":12},{"damage":99,"enemies":"downfall:NeowBossFinal","floor":56,"turns":11}],"seed_played":"-9193346596082598948","potions_obtained":[{"floor":3.0,"key":"bronze:BurnAndBuffPotion"},{"floor":11.0,"key":"FearPotion"},{"floor":13.0,"key":"hexamod:SoulburnPotion"},{"floor":14.0,"key":"Weak Potion"},{"floor":15.0,"key":"Block Potion"},{"floor":20.0,"key":"bronze:CleanCodePotion"},{"floor":23.0,"key":"SpeedPotion"},{"floor":27.0,"key":"CultistPotion"},{"floor":32.0,"key":"EssenceOfSteel"},{"floor":33.0,"key":"Regen Potion"},{"floor":38,"key":"Fruit Juice"},{"floor":44,"key":"GamblersBrew"},{"floor":48,"key":"bronze:BurnAndBuffPotion"}],"is_trial":false,"path_per_floor":["R","?","M","?","M","R","T","$","R","E","M","M","E","M","M","B",null,"R","M","M","?","M","M","T","M","R","E","M","M","R","E","M","B",null,"R","M","M","M","?","M","T","M","R","E","?","R","?","E","M","B",null,"E","$","R","B","B"],"character_chosen":"THE_AUTOMATON","items_purchased":["Toolbox","hexamod:BolsterEngine","hubris:ToyBattleship","LiquidBronze","FearPotion","bronze:Shield"],"campfire_rested":4,"item_purchase_floors":[53,53,53,53,53,53],"current_hp_per_floor":[70,70,70,70,70,70,70,70,70,67,67,67,67,65,58,53,70,80,75,60,60,57,55,55,42,66,56,49,49,73,60,67,54,80,80,71,71,76,68,39,39,42,72,60,60,60,60,52,61,22,85,42,42,67,73,0,0,0],"gold":17,"neow_bonus":"BOSS_RELIC","is_daily":false,"chose_seed":false,"campfire_upgraded":3,"win_rate":0.0,"timestamp":1612563888,"path_taken":["R","?","M","?","M","R","T","$","R","E","M","?","E","M","M","BOSS","R","M","M","?","M","M","T","M","R","E","M","?","R","E","M","BOSS","R","M","M","M","?","?","T","M","R","E","?","R","?","E","M","BOSS","E","$","R","BOSS","BOSS"],"items_purchased_type":["Relic","Relic","Relic","Potion","Potion","Card"],"build_version":"2020-12-22","purchased_purges":0,"victory":false,"max_hp_per_floor":[70,70,70,70,70,70,70,70,70,70,70,70,70,70,70,70,70,80,80,80,80,80,80,80,80,80,80,80,80,80,80,80,80,80,80,80,80,80,80,80,80,80,85,85,85,85,85,85,85,85,85,85,85,85,85,85,85,85],"card_choices":[{"not_picked":["bronze:Fortify","bronze:Iterate"],"picked":"bronze:Boost","floor":3.0},{"not_picked":["bronze:Deprecate","bronze:Branch"],"picked":"bronze:Fortify","floor":5.0},{"not_picked":["bronze:NullPointer","bronze:Safeguard"],"picked":"bronze:ForceShield","floor":8.0},{"not_picked":["bronze:Boost","bronze:Backtrace"],"picked":"bronze:Terminator","floor":10.0},{"not_picked":["bronze:Branch","bronze:Fortify","bronze:BuggyMess"],"picked":"SKIP","floor":11.0},{"not_picked":["bronze:Branch","bronze:Overload","bronze:Shield"],"picked":"SKIP","floor":12.0},{"not_picked":["bronze:Iterate","bronze:WhirlingStrike"],"picked":"bronze:Verify","floor":13.0},{"not_picked":["bronze:Backtrace","bronze:Iterate"],"picked":"bronze:Shell","floor":14.0},{"not_picked":["bronze:Overheat","bronze:Constructor"],"picked":"bronze:ChosenStrike","floor":15.0},{"not_picked":["bronze:FineTuning","bronze:BugBarrage"],"picked":"bronze:OilSpill","floor":19.0},{"not_picked":["bronze:Separator+1","bronze:FineTuning+1","bronze:Branch"],"picked":"SKIP","floor":20.0},{"not_picked":["bronze:CloningBeam","bronze:GetLatest"],"picked":"bronze:Allocate","floor":22.0},{"not_picked":["bronze:BitShift","bronze:Overload","bronze:FineTuning"],"picked":"SKIP","floor":23.0},{"not_picked":["bronze:CleanCode","bronze:Safeguard"],"picked":"bronze:ChildClass+1","floor":25.0},{"not_picked":["bronze:DarkDash","bronze:DelayedGuard"],"picked":"bronze:Return","floor":27.0},{"not_picked":["bronze:MaxOutput","bronze:WhirlingStrike","bronze:Constructor+1"],"picked":"SKIP","floor":28.0},{"not_picked":["bronze:WildBeam+1","bronze:BuggyMess+1"],"picked":"bronze:Repair","floor":29.0},{"not_picked":["bronze:Fortify","bronze:Branch"],"picked":"bronze:DelayedSlice","floor":31.0},{"not_picked":["bronze:TinkerersToolbox","bronze:Iterate+1","bronze:BitShift"],"picked":"SKIP","floor":32.0},{"not_picked":["bronze:BurnOut","bronze:Assembly"],"picked":"bronze:Mutator","floor":33.0},{"not_picked":["bronze:ChosenStrike","bronze:BuggyMess+1"],"picked":"bronze:Flail+1","floor":36.0},{"not_picked":["bronze:Boost+1","bronze:Branch+1"],"picked":"bronze:OilSpill","floor":37.0},{"not_picked":["bronze:BuggyMess+1","bronze:Constructor+1","bronze:Terminator"],"picked":"SKIP","floor":38},{"not_picked":["bronze:Constructor+1","bronze:SpaghettiCode"],"picked":"bronze:Flail","floor":40},{"not_picked":["bronze:OilSpill+1","bronze:Overheat","bronze:Iterate+1"],"picked":"SKIP","floor":42},{"not_picked":["bronze:Constructor+1","bronze:Overload+1"],"picked":"bronze:BurnOut","floor":44},{"not_picked":["bronze:WhirlingStrike","bronze:Flail"],"picked":"bronze:BugBarrage+1","floor":48},{"not_picked":["bronze:WhirlingStrike+1","bronze:DigitalCarnage+1","bronze:NullPointer+1"],"picked":"SKIP","floor":49},{"not_picked":["bronze:ChildClass","bronze:Turbo+1"],"picked":"bronze:Shield+1","floor":52}],"player_experience":2819221,"relics_obtained":[{"floor":10.0,"key":"bronze:SilverBullet"},{"floor":13.0,"key":"champ:DeflectingBracers"},{"floor":27.0,"key":"Potion Belt"},{"floor":31.0,"key":"CeramicFish"},{"floor":35.0,"key":"Oddly Smooth Stone"},{"floor":41,"key":"aspiration:ChemicalBlood"},{"floor":44,"key":"Whetstone"},{"floor":46,"key":"hexamod:Sixitude"},{"floor":48,"key":"Blood Vial"},{"floor":52,"key":"bronze:ProtectiveGoggles"}],"event_choices":[{"cards_removed":["bronze:Strike"],"damage_healed":0.0,"max_hp_gain":0.0,"max_hp_loss":0.0,"gold_gain":0.0,"event_name":"Bonfire Elementals","player_choice":"Offered Basic","floor":4.0,"gold_loss":0.0,"damage_taken":0.0},{"cards_removed":["bronze:OilSpill"],"damage_healed":0,"gold_gain":0,"player_choice":"Removed Attack","damage_taken":0,"max_hp_gain":0,"max_hp_loss":0,"event_name":"Falling","floor":45,"gold_loss":0}],"is_beta":false,"boss_relics":[{"not_picked":["hubris:HollowSoul","Philosopher\u0027s Stone"],"picked":"hubris:Backtick"},{"not_picked":["hubris:TerracottaHorce","hubris:BlackHole"],"picked":"Astrolabe"}],"items_purged_floors":[],"is_endless":false,"potions_floor_spawned":[3,11,13,14,15,20,23,27,32,33,38,44,48],"killed_by":"downfall:NeowBossFinal","ascension_level":1}}