{"host":"4nqeo0vu1vuav7gg","time":1612568297,"event":{"mods":["AchievementEnabler","BaseMod","Block Reminder","Colored Map","Colored Powertips","Highlight Path","Minty Spire (QoL Compilation)","Quick Restart","Rare Cards Sparkle","Relic Relevance Reorder","StSLib"],"gold_per_floor":[119,132,147,147,297,330,330,11,36,50,62,132,112,140,140,140,140],"floor_reached":16,"language":"ENG","playtime":611,"items_purged":["Doubt"],"score":220,"play_id":"8561d22f-a6a5-4835-ab07-d5dc9ab26785","local_time":"20210206003817","is_ascension_mode":true,"campfire_choices":[{"floor":7.0,"key":"REST"},{"floor":15.0,"key":"REST"}],"circlet_count":0,"master_deck":["AscendersBane","Strike_B","Strike_B","Strike_B","Strike_B","Defend_B","Defend_B","Defend_B","Defend_B","Zap","Dualcast","Undo","Sunder","Self Repair+1","Tempest","Defragment","Ball Lightning"],"relics":["Cracked Core","Oddly Smooth Stone","DataDisk","Regal Pillow","Omamori","Boot"],"acts_visited":["Exordium"],"potions_floor_usage":[],"damage_taken":[{"damage":6.0,"enemies":"Jaw Worm","floor":1.0,"turns":4.0},{"damage":6.0,"enemies":"2 Louse","floor":2.0,"turns":2.0},{"damage":6.0,"enemies":"Small Slimes","floor":3.0,"turns":4.0},{"damage":22.0,"enemies":"3 Sentries","floor":6.0,"turns":9.0},{"damage":27.0,"enemies":"2 Fungi Beasts","floor":10.0,"turns":4.0},{"damage":28.0,"enemies":"Exordium Thugs","floor":11.0,"turns":5.0},{"damage":16.0,"enemies":"Lagavulin","floor":14.0,"turns":5.0},{"damage":56,"enemies":"Slime Boss","floor":16,"turns":5}],"seed_played":"8075517993066627527","potions_obtained":[{"floor":1.0,"key":"CultistPotion"},{"floor":6.0,"key":"SkillPotion"},{"floor":11.0,"key":"EssenceOfSteel"}],"is_trial":false,"path_per_floor":["M","M","M","?","?","E","R","$","T","M","M","?","?","E","R","B"],"character_chosen":"DEFECT","items_purchased":["Regal Pillow","Defragment"],"campfire_rested":2,"item_purchase_floors":[8,8],"current_hp_per_floor":[58,52,46,46,46,34,55,55,55,38,20,20,20,4,40,0,0],"gold":140,"neow_bonus":"RANDOM_COMMON_RELIC","is_daily":false,"chose_seed":false,"campfire_upgraded":0,"win_rate":0.0,"timestamp":1612568297,"path_taken":["M","M","M","?","?","E","R","$","T","M","M","?","?","E","R","BOSS"],"items_purchased_type":["Relic","Card"],"build_version":"2020-12-22","purchased_purges":1,"victory":false,"max_hp_per_floor":[71,71,71,71,71,71,71,71,71,71,71,71,71,71,71,71,71],"card_choices":[{"not_picked":["Sweeping Beam","Turbo"],"picked":"Undo","floor":1.0},{"not_picked":["Go for the Eyes","Coolheaded"],"picked":"Sunder","floor":2.0},{"not_picked":["Compile Driver","Go for the Eyes"],"picked":"Self Repair","floor":3.0},{"not_picked":["Go for the Eyes","Sweeping Beam"],"picked":"Tempest","floor":6.0},{"not_picked":["Steam","Stack","Skim"],"picked":"SKIP","floor":10.0},{"not_picked":["Blizzard","Hologram","Rebound"],"picked":"SKIP","floor":11.0},{"not_picked":["Creative AI","Redo"],"picked":"Ball Lightning","floor":14.0}],"player_experience":1092977,"relics_obtained":[{"floor":6.0,"key":"Boot"},{"floor":9.0,"key":"Omamori"},{"floor":14.0,"key":"DataDisk"}],"event_choices":[{"damage_healed":0.0,"max_hp_gain":0.0,"max_hp_loss":0.0,"gold_gain":0.0,"event_name":"Living Wall","player_choice":"Grow","floor":4.0,"gold_loss":0.0,"damage_taken":0.0,"cards_upgraded":["Self Repair"]},{"damage_healed":0.0,"max_hp_gain":0.0,"max_hp_loss":0.0,"gold_gain":150.0,"event_name":"Liars Game","player_choice":"AGREE","floor":5.0,"gold_loss":0.0,"damage_taken":0.0,"cards_obtained":["Doubt"]},{"damage_healed":0.0,"max_hp_gain":0.0,"max_hp_loss":0.0,"gold_gain":70.0,"event_name":"Golden Wing","player_choice":"Gained Gold","floor":12.0,"gold_loss":0.0,"damage_taken":0.0},{"damage_healed":0.0,"max_hp_gain":0.0,"max_hp_loss":0.0,"gold_gain":0.0,"event_name":"The Woman in Blue","player_choice":"Bought 1 Potion","floor":13.0,"gold_loss":0.0,"damage_taken":0.0}],"is_beta":false,"boss_relics":[],"items_purged_floors":[8],"is_endless":false,"potions_floor_spawned":[1,6,11],"killed_by":"Slime Boss","ascension_level":20}}