{"host":"rtczl7o4e2em2rmi","time":1612563785,"event":{"mods":["AchievementEnabler","BaseMod","Bestiary","Block Reminder","Filter the Spire","Minty Spire (QoL Compilation)","Permanent Neow","Relic Filter","Relic Stats","StSLib"],"gold_per_floor":[115,135,135,146,165,198,198,198,198,209,235,251,81,100,100,199,199,213,213,225,1,13,13,48,48,48,48,63,63,83,112,112,207,207,223,276,292,55,103,131,131,142,142,156,170,189,189,189,189,189],"floor_reached":51,"language":"ZHS","playtime":2826,"items_purged":[],"score":860,"play_id":"096118a3-d2af-4f26-83b4-b6e02b4a6197","local_time":"20210205172305","is_ascension_mode":true,"campfire_choices":[{"floor":8.0,"key":"REST"},{"data":"Mayhem","floor":15.0,"key":"SMITH"},{"floor":23.0,"key":"REST"},{"floor":25.0,"key":"RECALL"},{"floor":27.0,"key":"REST"},{"floor":32.0,"key":"REST"},{"floor":41.0,"key":"REST"},{"floor":49,"key":"REST"}],"circlet_count":0,"master_deck":["Strike_R","Strike_R","Strike_R","Strike_R","Strike_R","Defend_R","Defend_R","Defend_R","Defend_R","Bash+1","Sword Boomerang+1","Cleave","Spot Weakness","Iron Wave","Offering","Warcry","Clothesline","Battle Trance","Mayhem+1","Corruption","Feed","Combust","Infernal Blade","Immolate","Seeing Red+1","Shrug It Off","Blood for Blood+1","Mayhem+1","Berserk","Ghostly Armor","Reaper","True Grit+1","Reckless Charge+1","Shrug It Off+1","Panache","Mind Blast","Armaments","Clumsy","Shrug It Off+1","Clash","Limit Break","Disarm","Headbutt","Magnetism","Trip","Discovery"],"relics":["Burning Blood","TungstenRod","Self Forming Clay","Tiny Chest","Strawberry","Fusion Hammer","Nilry\u0027s Codex","Membership Card","Ornamental Fan","Centennial Puzzle","Gremlin Horn","Cursed Key","Lantern","Lizard Tail","Kunai","Toy Ornithopter"],"acts_visited":["Exordium","TheCity","TheBeyond"],"potions_floor_usage":[48,50,50],"damage_taken":[{"damage":5.0,"enemies":"Cultist","floor":1.0,"turns":3.0},{"damage":6.0,"enemies":"2 Louse","floor":2.0,"turns":2.0},{"damage":0.0,"enemies":"Small Slimes","floor":4.0,"turns":2.0},{"damage":10.0,"enemies":"Exordium Thugs","floor":5.0,"turns":3.0},{"damage":30.0,"enemies":"Gremlin Nob","floor":6.0,"turns":4.0},{"damage":1.0,"enemies":"3 Louse","floor":10.0,"turns":3.0},{"damage":11.0,"enemies":"3 Sentries","floor":11.0,"turns":6.0},{"damage":12.0,"enemies":"Looter","floor":12.0,"turns":2.0},{"damage":4.0,"enemies":"Blue Slaver","floor":14.0,"turns":4.0},{"damage":30.0,"enemies":"Hexaghost","floor":16.0,"turns":8.0},{"damage":12.0,"enemies":"Shell Parasite","floor":18.0,"turns":4.0},{"damage":9.0,"enemies":"3 Byrds","floor":20.0,"turns":4.0},{"damage":10.0,"enemies":"Snecko","floor":22.0,"turns":4.0},{"damage":8.0,"enemies":"Gremlin Leader","floor":24.0,"turns":5.0},{"damage":5.0,"enemies":"3 Cultists","floor":28.0,"turns":3.0},{"damage":16.0,"enemies":"Snake Plant","floor":30.0,"turns":3.0},{"damage":46.0,"enemies":"Slavers","floor":31.0,"turns":4.0},{"damage":56.0,"enemies":"Automaton","floor":33.0,"turns":8.0},{"damage":8.0,"enemies":"Orb Walker","floor":35.0,"turns":4.0},{"damage":29.0,"enemies":"2 Orb Walkers","floor":36.0,"turns":4.0},{"damage":3.0,"enemies":"3 Shapes","floor":37.0,"turns":2.0},{"damage":12.0,"enemies":"Giant Head","floor":40.0,"turns":5.0},{"damage":8.0,"enemies":"3 Darklings","floor":42.0,"turns":4.0},{"damage":21.0,"enemies":"Transient","floor":44.0,"turns":5.0},{"damage":2.0,"enemies":"Jaw Worm Horde","floor":45.0,"turns":3.0},{"damage":33.0,"enemies":"Spire Growth","floor":46.0,"turns":4.0},{"damage":0,"enemies":"Writhing Mass","floor":48,"turns":1},{"damage":102,"enemies":"Donu and Deca","floor":50,"turns":8}],"seed_played":"-6225836114529320971","potions_obtained":[{"floor":5.0,"key":"Strength Potion"},{"floor":11.0,"key":"SmokeBomb"},{"floor":14.0,"key":"SpeedPotion"},{"floor":16.0,"key":"Block Potion"},{"floor":31.0,"key":"LiquidMemories"}],"is_trial":false,"path_per_floor":["M","M","?","M","M","E","?","R","T","M","E","M","$","M","R","B",null,"M","?","M","$","M","R","E","R","T","R","M","?","M","E","R","B",null,"M","?","M","$","T","E","R","M","T","M","M","M","?","M","R","B",null],"character_chosen":"IRONCLAD","items_purchased":["Mayhem","Membership Card","Immolate","Lizard Tail","Panache","Mind Blast","Armaments"],"campfire_rested":6,"item_purchase_floors":[13,21,21,38,38,38,38],"current_hp_per_floor":[80,80,85,85,81,57,41,66,66,71,73,67,67,69,69,45,92,89,77,77,77,73,98,96,96,96,98,101,101,91,54,85,35,104,104,81,94,94,94,88,104,102,102,87,104,77,68,79,107,25],"gold":189,"neow_bonus":"RANDOM_COMMON_RELIC","is_daily":false,"chose_seed":false,"campfire_upgraded":1,"win_rate":0.0,"timestamp":1612563785,"path_taken":["M","M","?","M","M","E","?","R","T","M","E","M","$","M","R","BOSS","M","?","M","$","M","R","E","R","T","R","M","?","M","E","R","BOSS","M","?","M","$","?","E","R","M","T","?","M","M","?","M","R","BOSS"],"items_purchased_type":["Card","Relic","Card","Relic","Card","Card","Card"],"build_version":"2020-12-22","purchased_purges":0,"victory":true,"max_hp_per_floor":[80,80,85,85,85,85,85,85,85,85,92,92,92,92,92,92,92,95,95,98,98,98,98,98,98,98,98,101,101,101,104,104,104,104,104,104,104,104,104,104,104,104,104,104,107,107,107,107,107,107],"relic_stats":{"Gremlin Horn":[6,10],"counters":[28,112],"Self Forming Clay":[171],"Cursed Key":1,"Burning Blood":156,"Centennial Puzzle":[39],"Lizard Tail":0,"Ornamental Fan":[132],"Tiny Chest":1,"Kunai":[17],"obtain_stats":[{"Lantern":36,"Gremlin Horn":31,"Self Forming Clay":6,"Nilry\u0027s Codex":19,"Cursed Key":34,"Burning Blood":0,"Centennial Puzzle":26,"Lizard Tail":38,"Ornamental Fan":24,"Strawberry":11,"Tiny Chest":9,"Fusion Hammer":17,"Membership Card":21,"Kunai":39,"TungstenRod":0,"Toy Ornithopter":40},{"Lantern":20,"Gremlin Horn":17,"Self Forming Clay":5,"Nilry\u0027s Codex":11,"Cursed Key":18,"Burning Blood":0,"Centennial Puzzle":14,"Lizard Tail":21,"Ornamental Fan":14,"Strawberry":7,"Tiny Chest":5,"Fusion Hammer":10,"Membership Card":12,"Kunai":21,"TungstenRod":0,"Toy Ornithopter":22},{"Lantern":80,"Gremlin Horn":64,"Self Forming Clay":14,"Nilry\u0027s Codex":41,"Cursed Key":72,"Burning Blood":0,"Centennial Puzzle":54,"Lizard Tail":82,"Ornamental Fan":54,"Strawberry":23,"Tiny Chest":14,"Fusion Hammer":37,"Membership Card":45,"Kunai":82,"TungstenRod":0,"Toy Ornithopter":87}],"TungstenRod":107,"Toy Ornithopter":10},"card_choices":[{"not_picked":["Wild Strike","Anger"],"picked":"Sword Boomerang","floor":1.0},{"not_picked":["Wild Strike","Clothesline"],"picked":"Cleave","floor":2.0},{"not_picked":["Warcry","Havoc"],"picked":"Spot Weakness","floor":4.0},{"not_picked":["Perfected Strike","Anger"],"picked":"Iron Wave","floor":5.0},{"not_picked":["Dark Embrace","Searing Blow"],"picked":"Offering","floor":6.0},{"not_picked":["Shrug It Off","Armaments"],"picked":"Warcry","floor":10.0},{"not_picked":["Body Slam","Perfected Strike"],"picked":"Clothesline","floor":11.0},{"not_picked":["Rage","Blood for Blood"],"picked":"Battle Trance","floor":12.0},{"not_picked":["Heavy Blade","Pommel Strike"],"picked":"Corruption","floor":14.0},{"not_picked":["Limit Break","Bludgeon"],"picked":"Feed","floor":16.0},{"not_picked":["Armaments","Intimidate"],"picked":"Combust","floor":18.0},{"not_picked":["Body Slam","Pommel Strike"],"picked":"Infernal Blade","floor":20.0},{"not_picked":["Cleave","Pommel Strike"],"picked":"Seeing Red+1","floor":22.0},{"not_picked":["Flex+1","Reckless Charge+1"],"picked":"Shrug It Off","floor":24.0},{"not_picked":["Pummel","Rampage"],"picked":"Blood for Blood+1","floor":28.0},{"not_picked":["Dropkick","Clash"],"picked":"Berserk","floor":30.0},{"not_picked":["Seeing Red+1","Dual Wield+1"],"picked":"Ghostly Armor","floor":31.0},{"not_picked":["Offering","Barricade"],"picked":"Reaper","floor":33.0},{"not_picked":["Perfected Strike","Headbutt+1"],"picked":"True Grit+1","floor":35.0},{"not_picked":["Body Slam","Heavy Blade"],"picked":"Reckless Charge+1","floor":36.0},{"not_picked":["Warcry","Thunderclap+1"],"picked":"Shrug It Off+1","floor":37.0},{"not_picked":["Armaments","Twin Strike"],"picked":"Shrug It Off+1","floor":40.0},{"not_picked":["Body Slam","Wild Strike"],"picked":"Clash","floor":42.0},{"not_picked":["Fire Breathing","Flex"],"picked":"Limit Break","floor":44.0},{"not_picked":["Twin Strike","Clash"],"picked":"Disarm","floor":45.0},{"not_picked":["Clothesline","Perfected Strike+1"],"picked":"Headbutt","floor":46.0},{"not_picked":["Deep Breath","Discovery"],"picked":"Magnetism","floor":47.0},{"not_picked":["Purity","Chrysalis"],"picked":"Trip","floor":47.0},{"not_picked":["Deep Breath","Chrysalis"],"picked":"Discovery","floor":47.0}],"player_experience":544786,"relics_obtained":[{"floor":6.0,"key":"Self Forming Clay"},{"floor":9.0,"key":"Tiny Chest"},{"floor":11.0,"key":"Strawberry"},{"floor":19.0,"key":"Nilry\u0027s Codex"},{"floor":24.0,"key":"Ornamental Fan"},{"floor":26.0,"key":"Centennial Puzzle"},{"floor":31.0,"key":"Gremlin Horn"},{"floor":36.0,"key":"Lantern"},{"floor":39.0,"key":"Kunai"},{"floor":40.0,"key":"Toy Ornithopter"}],"event_choices":[{"damage_healed":0.0,"max_hp_gain":5.0,"max_hp_loss":0.0,"gold_gain":0.0,"event_name":"Big Fish","player_choice":"Donut","floor":3.0,"gold_loss":0.0,"damage_taken":0.0},{"damage_healed":0.0,"max_hp_gain":0.0,"max_hp_loss":0.0,"gold_gain":0.0,"event_name":"Shining Light","player_choice":"Entered Light","floor":7.0,"gold_loss":0.0,"damage_taken":17.0,"cards_upgraded":["Bash","Sword Boomerang"]},{"damage_healed":0.0,"max_hp_gain":0.0,"max_hp_loss":0.0,"gold_gain":0.0,"event_name":"Cursed Tome","player_choice":"Obtained Book","floor":19.0,"gold_loss":0.0,"damage_taken":16.0},{"damage_healed":0.0,"max_hp_gain":0.0,"max_hp_loss":0.0,"gold_gain":0.0,"event_name":"Duplicator","player_choice":"Copied","floor":29.0,"gold_loss":0.0,"damage_taken":0.0,"cards_obtained":["Mayhem"]},{"damage_healed":0.0,"max_hp_gain":0.0,"max_hp_loss":0.0,"gold_gain":0.0,"event_name":"Mysterious Sphere","player_choice":"Fight","floor":36.0,"gold_loss":0.0,"damage_taken":0.0},{"damage_healed":0.0,"max_hp_gain":0.0,"max_hp_loss":0.0,"gold_gain":0.0,"event_name":"SensoryStone","player_choice":"Memory 3","floor":47.0,"gold_loss":0.0,"damage_taken":10.0}],"is_beta":false,"boss_relics":[{"not_picked":["Philosopher\u0027s Stone","SacredBark"],"picked":"Fusion Hammer"},{"not_picked":["Pandora\u0027s Box","Astrolabe"],"picked":"Cursed Key"}],"items_purged_floors":[],"is_endless":false,"potions_floor_spawned":[5,11,14,16,24,31,37,40,44],"ascension_level":3}}