{"host":"uv5ws9rdk87e8i5k","time":1612551216,"event":{"mods":["AchievementEnabler","BaseMod","Colored Map","Minty Spire (QoL Compilation)","Permanent Neow","Quick Restart","StSLib","SuperFastMode","The Necromancer"],"gold_per_floor":[109,34,48,65,82,82,107,107,107,132,142,142,142,155,155,257,257,257],"floor_reached":17,"language":"ENG","playtime":288,"items_purged":["Regret"],"score":259,"play_id":"955a483e-5740-4dcd-ac9b-5cb5f8c43bb7","local_time":"20210205125336","is_ascension_mode":true,"campfire_choices":[{"data":"Die Die Die","floor":6,"key":"SMITH"},{"data":"Crippling Poison","floor":8,"key":"SMITH"},{"floor":15,"key":"REST"}],"circlet_count":0,"master_deck":["AscendersBane","Strike_G","Strike_G","Strike_G","Strike_G","Strike_G","Defend_G","Defend_G","Defend_G","Defend_G","Defend_G","Survivor","Neutralize","Die Die Die+1","Deadly Poison","Crippling Poison+1","Deadly Poison","Corpse Explosion+1","Deadly Poison","Poisoned Stab","Corpse Explosion"],"relics":["Ring of the Snake","Ninja Scroll","Darkstone Periapt","Peace Pipe","Bottled Flame","Snecko Eye"],"acts_visited":["Exordium","TheCity"],"potions_floor_usage":[7,7,16],"damage_taken":[{"damage":2,"enemies":"Cultist","floor":1,"turns":5},{"damage":0,"enemies":"Jaw Worm","floor":3,"turns":4},{"damage":0,"enemies":"2 Louse","floor":4,"turns":2},{"damage":11,"enemies":"Looter","floor":5,"turns":4},{"damage":12,"enemies":"Lagavulin","floor":7,"turns":7},{"damage":23,"enemies":"Gremlin Nob","floor":10,"turns":4},{"damage":0,"enemies":"Exordium Thugs","floor":11,"turns":3},{"damage":0,"enemies":"3 Louse","floor":14,"turns":1},{"damage":24,"enemies":"Hexaghost","floor":16,"turns":8}],"seed_played":"6511539981495601274","potions_obtained":[{"floor":1,"key":"BlessingOfTheForge"},{"floor":5,"key":"CultistPotion"},{"floor":14,"key":"Weak Potion"},{"floor":16,"key":"Poison Potion"}],"is_trial":false,"path_per_floor":["M","$","M","M","M","R","E","R","T","E","M","T","?","M","R","B",null],"character_chosen":"THE_SILENT","items_purchased":[],"campfire_rested":1,"item_purchase_floors":[],"current_hp_per_floor":[61,61,61,61,50,50,38,38,38,15,15,15,15,15,36,12,56,56],"gold":257,"neow_bonus":"THREE_RARE_CARDS","is_daily":false,"chose_seed":false,"campfire_upgraded":2,"win_rate":0.0,"timestamp":1612551216,"path_taken":["M","$","M","M","M","R","E","R","T","E","M","?","?","M","R","BOSS"],"items_purchased_type":[],"build_version":"2020-12-22","purchased_purges":1,"victory":false,"max_hp_per_floor":[70,70,70,70,70,70,70,70,70,70,70,70,70,70,70,70,70,70],"card_choices":[{"not_picked":["Grand Finale","Night Terror"],"picked":"Die Die Die","floor":0},{"not_picked":["Acrobatics","Calculated Gamble"],"picked":"Deadly Poison","floor":1},{"not_picked":["Sucker Punch","Blade Dance","Dodge and Roll"],"picked":"SKIP","floor":3},{"not_picked":["Blur","Outmaneuver"],"picked":"Crippling Poison","floor":4},{"not_picked":["Blade Dance","Cloak And Dagger","Accuracy"],"picked":"SKIP","floor":5},{"not_picked":["Quick Slash","Backflip"],"picked":"Deadly Poison","floor":7},{"not_picked":["Slice","Die Die Die"],"picked":"Corpse Explosion","floor":10},{"not_picked":["All Out Attack","Blade Dance"],"picked":"Deadly Poison","floor":11},{"not_picked":["Setup","Outmaneuver"],"picked":"Poisoned Stab","floor":14},{"not_picked":["Storm of Steel","Burst"],"picked":"Corpse Explosion","floor":16}],"player_experience":237669,"relics_obtained":[{"floor":7,"key":"Ninja Scroll"},{"floor":9,"key":"Darkstone Periapt"},{"floor":10,"key":"Peace Pipe"},{"floor":12,"key":"Bottled Flame"}],"event_choices":[{"damage_healed":0,"gold_gain":0,"player_choice":"Grow","damage_taken":0,"max_hp_gain":0,"max_hp_loss":0,"event_name":"Living Wall","floor":13,"gold_loss":0,"cards_upgraded":["Corpse Explosion"]}],"is_beta":false,"boss_relics":[{"not_picked":["Empty Cage","Black Star"],"picked":"Snecko Eye"}],"items_purged_floors":[2],"is_endless":false,"potions_floor_spawned":[1,5,14,16],"ascension_level":11}}