{"host":"v86vpwf004p2esb7","time":1612515985,"event":{"mods":["AchievementEnabler","BaseMod","BetterRewards","Colored Powertips","Minty Spire (QoL Compilation)","Quick Restart","StSLib","Transform Curses"],"gold_per_floor":[119,137,102,120,137,170,170,170,170,170,170,170],"floor_reached":11,"language":"ENG","playtime":492,"items_purged":[],"score":80,"play_id":"a9eb676b-c0a4-4d8d-a0ff-74f45046b100","local_time":"20210205010625","is_ascension_mode":true,"campfire_choices":[{"data":"Cloak And Dagger","floor":10,"key":"SMITH"}],"circlet_count":0,"master_deck":["Strike_G","Strike_G","Strike_G+1","Strike_G","Strike_G","Defend_G","Defend_G","Defend_G","Defend_G","Defend_G","Survivor","Neutralize","Blade Dance","Accuracy+1","Deflect","Noxious Fumes","Dagger Spray","Endless Agony","Blur","Burst","Cloak And Dagger+1","Distraction","Slice"],"relics":["Ring of the Snake","Membership Card","Prayer Wheel","Tough Bandages"],"acts_visited":["Exordium"],"potions_floor_usage":[11,11],"damage_taken":[{"damage":5,"enemies":"Small Slimes","floor":1,"turns":3},{"damage":0,"enemies":"2 Louse","floor":2,"turns":3},{"damage":4,"enemies":"Jaw Worm","floor":4,"turns":3},{"damage":12,"enemies":"Exordium Wildlife","floor":5,"turns":7},{"damage":13,"enemies":"3 Sentries","floor":6,"turns":8},{"damage":27,"enemies":"Lagavulin","floor":11,"turns":5}],"seed_played":"1950346689984599801","potions_obtained":[{"floor":2,"key":"SneckoOil"},{"floor":4,"key":"PowerPotion"}],"is_trial":false,"path_per_floor":["M","M","?","M","M","E","?","?","T","R","E"],"character_chosen":"THE_SILENT","items_purchased":["Membership Card","Blade Dance","Accuracy"],"campfire_rested":0,"item_purchase_floors":[0,0,0],"current_hp_per_floor":[52,52,69,65,53,40,40,26,26,26,0,0],"gold":170,"neow_bonus":"","is_daily":false,"chose_seed":false,"campfire_upgraded":1,"win_rate":0.0,"timestamp":1612515985,"path_taken":["M","M","?","M","M","E","?","?","T","R","E"],"items_purchased_type":["Relic","Card","Card"],"build_version":"2020-12-22","purchased_purges":0,"victory":false,"max_hp_per_floor":[70,70,70,70,70,70,70,70,70,70,70,70],"card_choices":[{"not_picked":["Reflex","Slice"],"picked":"Deflect","floor":1},{"not_picked":["Slice","Outmaneuver"],"picked":"Noxious Fumes","floor":1},{"not_picked":["Flechettes","Catalyst"],"picked":"Dagger Spray","floor":2},{"not_picked":["Backflip","Deflect"],"picked":"Endless Agony","floor":2},{"not_picked":["Dagger Throw","Concentrate"],"picked":"Blur","floor":4},{"not_picked":["Setup","Crippling Poison"],"picked":"Burst","floor":4},{"not_picked":["PiercingWail","Blade Dance"],"picked":"Cloak And Dagger","floor":5},{"not_picked":["Sucker Punch","PiercingWail"],"picked":"Distraction","floor":5},{"not_picked":["Underhanded Strike","All Out Attack"],"picked":"Slice","floor":6}],"player_experience":264125,"relics_obtained":[{"floor":6,"key":"Tough Bandages"}],"event_choices":[{"damage_healed":17,"gold_gain":0,"player_choice":"Healed","damage_taken":0,"max_hp_gain":0,"max_hp_loss":0,"event_name":"The Cleric","floor":3,"gold_loss":35},{"damage_healed":0,"gold_gain":0,"player_choice":"Ignored","damage_taken":0,"max_hp_gain":0,"max_hp_loss":0,"event_name":"Golden Wing","floor":7,"gold_loss":0},{"damage_healed":0,"gold_gain":0,"player_choice":"Entered Light","damage_taken":14,"max_hp_gain":0,"max_hp_loss":0,"event_name":"Shining Light","floor":8,"gold_loss":0,"cards_upgraded":["Accuracy","Strike_G"]}],"is_beta":false,"boss_relics":[],"items_purged_floors":[],"is_endless":false,"potions_floor_spawned":[2,4],"killed_by":"Lagavulin","ascension_level":2}}