{"host":"3y2rtlgteqp2nuo3","time":1612522822,"event":{"mods":["2.2 Compatiblity","AchievementEnabler","BaseMod","Colored Map","DeckTracker","Highlight Path","Keyboard Shortcuts","Minty Spire (QoL Compilation)","Permanent Neow","Quick Restart","StSLib","SuperFastMode","everything is the same but u backflip on backflip"],"gold_per_floor":[117,134,153,153,177,177,213,97,121,121,144,163,163,176,176,267,267,290,290,304,304,327,327,342,342,422,205,205,205],"floor_reached":28,"language":"KOR","playtime":602,"items_purged":["Strike_G","Strike_G"],"score":411,"play_id":"6e877ea8-3d4b-48fe-b357-861ffc9b2473","local_time":"20210205200022","is_ascension_mode":true,"campfire_choices":[{"data":"Bouncing Flask","floor":6.0,"key":"SMITH"},{"floor":10.0,"key":"REST"},{"floor":13.0,"key":"REST"},{"data":"Noxious Fumes","floor":15.0,"key":"SMITH"},{"floor":23.0,"key":"REST"},{"floor":25.0,"key":"REST"}],"circlet_count":0,"master_deck":["AscendersBane","Strike_G","Defend_G","Defend_G","Defend_G","Defend_G","Defend_G","Survivor","Neutralize","Venomology","Underhanded Strike","Flying Knee","Bouncing Flask+1","Noxious Fumes+1","Blade Dance","Escape Plan","Die Die Die","Crippling Poison","Backflip","Dagger Spray","Expertise","Well Laid Plans"],"relics":["Ring of the Snake","Golden Idol","Snake Skull","Art of War","Philosopher\u0027s Stone","Gremlin Horn","Membership Card"],"acts_visited":["Exordium","TheCity"],"potions_floor_usage":[28,28],"damage_taken":[{"damage":0.0,"enemies":"2 Louse","floor":1.0,"turns":4.0},{"damage":0.0,"enemies":"Small Slimes","floor":2.0,"turns":5.0},{"damage":4.0,"enemies":"Jaw Worm","floor":3.0,"turns":4.0},{"damage":4.0,"enemies":"Blue Slaver","floor":5.0,"turns":4.0},{"damage":29.0,"enemies":"3 Sentries","floor":7.0,"turns":7.0},{"damage":12.0,"enemies":"Looter","floor":11.0,"turns":3.0},{"damage":12.0,"enemies":"Gremlin Gang","floor":12.0,"turns":4.0},{"damage":5.0,"enemies":"Exordium Thugs","floor":14.0,"turns":3.0},{"damage":25.0,"enemies":"The Guardian","floor":16.0,"turns":7.0},{"damage":19.0,"enemies":"Shell Parasite","floor":18.0,"turns":3.0},{"damage":0.0,"enemies":"Spheric Guardian","floor":20.0,"turns":3.0},{"damage":17.0,"enemies":"Cultist and Chosen","floor":22.0,"turns":5.0},{"damage":18.0,"enemies":"Snake Plant","floor":24.0,"turns":3.0},{"damage":43,"enemies":"Chosen and Byrds","floor":28,"turns":3}],"seed_played":"-3121467289984346048","potions_obtained":[{"floor":7.0,"key":"LiquidBronze"},{"floor":12.0,"key":"AttackPotion"},{"floor":14.0,"key":"Swift Potion"},{"floor":20.0,"key":"EssenceOfSteel"},{"floor":24.0,"key":"ColorlessPotion"}],"is_trial":false,"path_per_floor":["M","M","M","?","M","R","E","$","T","R","M","M","R","M","R","B",null,"M","?","M","?","M","R","M","R","T","$","M"],"character_chosen":"THE_SILENT","items_purchased":["Noxious Fumes","Membership Card"],"campfire_rested":4,"item_purchase_floors":[8,27],"current_hp_per_floor":[59,59,55,55,51,51,22,22,22,40,28,16,34,29,29,4,46,27,27,27,27,10,28,10,28,28,28,0,0],"gold":205,"neow_bonus":"ONE_RANDOM_RARE_CARD","is_daily":false,"chose_seed":false,"campfire_upgraded":2,"win_rate":0.0,"timestamp":1612522822,"path_taken":["M","M","M","?","M","R","E","$","T","R","M","M","R","M","R","BOSS","M","?","M","?","M","R","M","R","T","$","M"],"items_purchased_type":["Card","Relic"],"build_version":"2020-12-22","purchased_purges":2,"victory":false,"max_hp_per_floor":[66,66,66,60,60,60,60,60,60,60,60,60,60,60,60,60,60,60,60,60,60,60,60,60,60,60,60,60,60],"card_choices":[{"not_picked":["PiercingWail","Flying Knee"],"picked":"Underhanded Strike","floor":1.0},{"not_picked":["PiercingWail","Outmaneuver"],"picked":"Flying Knee","floor":2.0},{"not_picked":["Dagger Throw","Bane"],"picked":"Bouncing Flask","floor":3.0},{"not_picked":["Sucker Punch","Endless Agony","Caltrops"],"picked":"SKIP","floor":5.0},{"not_picked":["Accuracy","Tactician","Endless Agony"],"picked":"SKIP","floor":7.0},{"not_picked":["Prepared","Slice","PiercingWail"],"picked":"SKIP","floor":11.0},{"not_picked":["Acrobatics","Predator"],"picked":"Blade Dance","floor":12.0},{"not_picked":["Quick Slash","Deflect"],"picked":"Escape Plan","floor":14.0},{"not_picked":["Grand Finale","Venomology"],"picked":"Die Die Die","floor":16.0},{"not_picked":["Reflex","Bane"],"picked":"Crippling Poison","floor":18.0},{"not_picked":["Blade Dance","Quick Slash+1"],"picked":"Backflip","floor":20.0},{"not_picked":["Quick Slash","Dodge and Roll"],"picked":"Well Laid Plans","floor":22.0},{"not_picked":["PiercingWail","Dagger Spray","Blade Dance"],"picked":"SKIP","floor":24.0}],"player_experience":755958,"relics_obtained":[{"floor":7.0,"key":"Snake Skull"},{"floor":9.0,"key":"Art of War"},{"floor":26.0,"key":"Gremlin Horn"}],"event_choices":[{"damage_healed":0.0,"max_hp_gain":0.0,"max_hp_loss":6.0,"gold_gain":0.0,"event_name":"Golden Idol","player_choice":"Lose Max HP","floor":4.0,"gold_loss":0.0,"damage_taken":0.0,"relics_obtained":["Golden Idol"]},{"damage_healed":0.0,"max_hp_gain":0.0,"max_hp_loss":0.0,"gold_gain":0.0,"event_name":"Ghosts","player_choice":"Ignored","floor":19.0,"gold_loss":0.0,"damage_taken":0.0},{"damage_healed":0.0,"max_hp_gain":0.0,"max_hp_loss":0.0,"gold_gain":0.0,"cards_transformed":["Strike_G","Strike_G"],"event_name":"Drug Dealer","player_choice":"Became Test Subject","floor":21.0,"gold_loss":0.0,"damage_taken":0.0,"cards_obtained":["Dagger Spray","Expertise"]}],"is_beta":false,"boss_relics":[{"not_picked":["Ectoplasm","WristBlade"],"picked":"Philosopher\u0027s Stone"}],"items_purged_floors":[8,27],"is_endless":false,"potions_floor_spawned":[5,7,11,12,14,20,24],"killed_by":"Chosen and Byrds","ascension_level":17}}