{"host":"6r762osam2bvfm66","time":1612532563,"event":{"mods":["BaseMod","Colored Map","Minty Spire (QoL Compilation)"],"gold_per_floor":[110,126,139,214,225,236,236,266,289,316,316,316,316],"floor_reached":12,"language":"ENG","playtime":381,"items_purged":[],"score":104,"play_id":"7c10c708-db59-4820-834c-c1b16b5b574f","local_time":"20210205074243","is_ascension_mode":true,"campfire_choices":[{"data":"Rampage","floor":7,"key":"SMITH"},{"data":"Fiend Fire","floor":11,"key":"SMITH"}],"circlet_count":0,"master_deck":["Strike_R","Strike_R","Strike_R","Strike_R","Strike_R","Defend_R","Defend_R","Defend_R","Defend_R","Bash","Heavy Blade","Clothesline","Fiend Fire+1","Rampage+1","Thunderclap","Offering"],"relics":["Burning Blood","Bird Faced Urn","Juzu Bracelet","Bronze Scales"],"acts_visited":["Exordium"],"potions_floor_usage":[10],"damage_taken":[{"damage":1,"enemies":"Small Slimes","floor":1,"turns":4},{"damage":2,"enemies":"Jaw Worm","floor":2,"turns":3},{"damage":5,"enemies":"2 Louse","floor":3,"turns":3},{"damage":4,"enemies":"Red Slaver","floor":5,"turns":4},{"damage":19,"enemies":"Exordium Wildlife","floor":6,"turns":6},{"damage":25,"enemies":"Lagavulin","floor":10,"turns":5},{"damage":31,"enemies":"3 Sentries","floor":12,"turns":3}],"seed_played":"-7169336004303499626","potions_obtained":[{"floor":2,"key":"EssenceOfSteel"},{"floor":5,"key":"SkillPotion"}],"is_trial":false,"path_per_floor":["M","M","M","?","M","M","R","?","T","E","R","E"],"character_chosen":"IRONCLAD","items_purchased":[],"campfire_rested":0,"item_purchase_floors":[],"current_hp_per_floor":[72,72,72,61,63,50,50,50,50,31,31,0,0],"gold":316,"neow_bonus":"ONE_RARE_RELIC","is_daily":false,"chose_seed":false,"campfire_upgraded":2,"win_rate":0.0,"timestamp":1612532563,"path_taken":["M","M","M","?","M","M","R","?","T","E","R","E"],"items_purchased_type":[],"build_version":"2020-12-22","purchased_purges":0,"victory":false,"max_hp_per_floor":[72,72,72,72,72,72,72,72,72,72,72,72,72],"card_choices":[{"not_picked":["Warcry","Twin Strike"],"picked":"Heavy Blade","floor":1},{"not_picked":["Havoc","Perfected Strike"],"picked":"Clothesline","floor":2},{"not_picked":["Rage","Searing Blow"],"picked":"Fiend Fire","floor":3},{"not_picked":["Pommel Strike","Twin Strike"],"picked":"Rampage","floor":5},{"not_picked":["Clothesline","Twin Strike"],"picked":"Thunderclap","floor":6},{"not_picked":["Iron Wave","Perfected Strike"],"picked":"Offering","floor":10}],"player_experience":51419,"relics_obtained":[{"floor":9,"key":"Juzu Bracelet"},{"floor":10,"key":"Bronze Scales"}],"event_choices":[{"damage_healed":0,"gold_gain":75,"player_choice":"Gather Gold","damage_taken":11,"max_hp_gain":0,"max_hp_loss":0,"event_name":"World of Goop","floor":4,"gold_loss":0},{"damage_healed":0,"gold_gain":30,"player_choice":"Searched \u00271\u0027 times","damage_taken":0,"max_hp_gain":0,"max_hp_loss":0,"event_name":"Dead Adventurer","floor":8,"gold_loss":0}],"is_beta":false,"boss_relics":[],"items_purged_floors":[],"is_endless":false,"potions_floor_spawned":[2,5],"killed_by":"3 Sentries","ascension_level":6}}