{"host":"aapp7ew3jk5k1bvd","time":1612540595,"event":{"mods":["AchievementEnabler","BaseMod","Colored Map","Minty Spire (QoL Compilation)","Permanent Neow","StSLib","SuperFastMode"],"gold_per_floor":[119,12,112,33,33,60,60,75,75,102,27,38,38,49,49,144,144,154,64,82,33,49,49,49,49,95,95,115,126,145,186,186,298,298,309,328,76,94,109,143,143,143,213,231,231,259,331,159,159,159],"floor_reached":51,"language":"KOR","playtime":1807,"items_purged":["Strike_G","Parasite"],"score":1138,"play_id":"15a8cf61-a479-407b-8d6c-f62893aa71fe","local_time":"20210206005635","is_ascension_mode":true,"campfire_choices":[{"data":"Accuracy","floor":7.0,"key":"SMITH"},{"data":"Footwork","floor":13.0,"key":"SMITH"},{"floor":15.0,"key":"REST"},{"data":"Envenom","floor":23.0,"key":"SMITH"},{"data":"Accuracy","floor":25.0,"key":"SMITH"},{"floor":32,"key":"REST"},{"floor":42,"key":"REST"},{"data":"Adrenaline","floor":45,"key":"SMITH"},{"data":"Infinite Blades","floor":49,"key":"SMITH"}],"circlet_count":0,"master_deck":["AscendersBane","Survivor","Neutralize","Leg Sweep","Accuracy+1","Blade Dance","Footwork+1","Blade Dance","Envenom+1","Accuracy+1","Glass Knife+1","Burst","Cloak And Dagger+1","Dash+1","Blade Dance","Adrenaline+1","After Image","Infinite Blades+1","Madness","Madness","Infinite Blades"],"relics":["Ring of the Snake","MealTicket","Matryoshka","Molten Egg 2","Pandora\u0027s Box","War Paint","Thread and Needle","Orichalcum","Happy Flower","CeramicFish","Empty Cage","Bottled Tornado","HornCleat","Paper Crane","Shuriken"],"acts_visited":["Exordium","TheCity","TheBeyond"],"potions_floor_usage":[31,50,50],"damage_taken":[{"damage":7.0,"enemies":"Jaw Worm","floor":1.0,"turns":8.0},{"damage":18.0,"enemies":"Lagavulin","floor":6.0,"turns":8.0},{"damage":0.0,"enemies":"Cultist","floor":8.0,"turns":4.0},{"damage":17.0,"enemies":"3 Sentries","floor":10.0,"turns":11.0},{"damage":0.0,"enemies":"Small Slimes","floor":12.0,"turns":3.0},{"damage":4.0,"enemies":"Exordium Wildlife","floor":14.0,"turns":8.0},{"damage":6.0,"enemies":"Slime Boss","floor":16.0,"turns":10.0},{"damage":11.0,"enemies":"2 Thieves","floor":18.0,"turns":3.0},{"damage":8.0,"enemies":"Chosen","floor":20.0,"turns":4.0},{"damage":3.0,"enemies":"Centurion and Healer","floor":22.0,"turns":5.0},{"damage":2.0,"enemies":"3 Cultists","floor":28.0,"turns":4.0},{"damage":8.0,"enemies":"Shelled Parasite and Fungi","floor":29.0,"turns":4.0},{"damage":0.0,"enemies":"Centurion and Healer","floor":30.0,"turns":3.0},{"damage":21,"enemies":"Slavers","floor":31,"turns":7},{"damage":3,"enemies":"Collector","floor":33,"turns":5},{"damage":0,"enemies":"Orb Walker","floor":35,"turns":2},{"damage":1,"enemies":"3 Darklings","floor":36,"turns":4},{"damage":18,"enemies":"Transient","floor":39,"turns":5},{"damage":0,"enemies":"Giant Head","floor":40,"turns":5},{"damage":0,"enemies":"Maw","floor":44,"turns":5},{"damage":8,"enemies":"Writhing Mass","floor":46,"turns":6},{"damage":12,"enemies":"Awakened One","floor":50,"turns":8}],"seed_played":"-296030880488132527","potions_obtained":[{"floor":1.0,"key":"SteroidPotion"},{"floor":12.0,"key":"SpeedPotion"},{"floor":14.0,"key":"Energy Potion"},{"floor":22.0,"key":"Weak Potion"},{"floor":30.0,"key":"PowerPotion"},{"floor":33,"key":"ColorlessPotion"},{"floor":39,"key":"Strength Potion"},{"floor":46,"key":"DistilledChaos"}],"is_trial":false,"path_per_floor":["M","$","?","$","?","E","R","M","T","E","$","M","R","M","R","B",null,"M","?","M","$","M","R","T","R","T","?","M","M","M","E","R","B",null,"M","M","$","?","M","E","?","R","T","M","R","M","T","$","R","B",null],"character_chosen":"THE_SILENT","items_purchased":["Accuracy","Blade Dance","Footwork","Blade Dance","Bottled Tornado","Infinite Blades"],"campfire_rested":3,"item_purchase_floors":[2,2,4,21,37,48],"current_hp_per_floor":[56,56,56,56,61,43,43,43,43,26,41,41,41,37,59,53,70,59,59,51,66,63,63,63,63,63,63,61,53,53,32,54,51,69,69,68,75,66,48,48,48,70,70,70,70,62,62,72,72,60],"gold":159,"neow_bonus":"TRANSFORM_CARD","is_daily":false,"chose_seed":false,"campfire_upgraded":6,"win_rate":0.0,"timestamp":1612540595,"path_taken":["M","$","?","?","?","E","R","?","T","E","$","M","R","M","R","BOSS","M","?","M","$","?","R","?","R","T","?","M","M","?","E","R","BOSS","M","M","$","?","M","E","?","R","T","M","R","?","?","?","R","BOSS"],"items_purchased_type":["Card","Card","Card","Card","Relic","Card"],"build_version":"2020-12-22","purchased_purges":2,"victory":true,"max_hp_per_floor":[70,70,70,70,75,75,75,75,75,75,75,75,75,75,75,75,75,75,75,75,75,75,75,75,75,75,75,75,75,75,75,75,75,75,75,75,75,75,75,75,75,75,75,75,75,75,75,72,72,72],"card_choices":[{"not_picked":["Catalyst","Predator","Flying Knee"],"picked":"SKIP","floor":1.0},{"not_picked":["Acrobatics","Predator","Choke"],"picked":"SKIP","floor":6.0},{"not_picked":["Noxious Fumes","Leg Sweep","Underhanded Strike"],"picked":"SKIP","floor":8.0},{"not_picked":["Predator+1","Masterful Stab+1","Riddle With Holes+1"],"picked":"SKIP","floor":10.0},{"not_picked":["PiercingWail","Deadly Poison","Riddle With Holes+1"],"picked":"SKIP","floor":12.0},{"not_picked":["Underhanded Strike+1","Prepared"],"picked":"Blade Dance","floor":14.0},{"not_picked":["Tools of the Trade","Malaise"],"picked":"Envenom","floor":16.0},{"not_picked":["Underhanded Strike+1","Quick Slash+1","Slice+1"],"picked":"SKIP","floor":18.0},{"not_picked":["Flying Knee+1","Deflect+1"],"picked":"Dash+1","floor":20.0},{"not_picked":["Flying Knee+1","Flechettes+1","Burst"],"picked":"SKIP","floor":22.0},{"not_picked":["Slice+1","Catalyst","Bane+1"],"picked":"SKIP","floor":28.0},{"not_picked":["Riddle With Holes+1","Bane+1","Prepared"],"picked":"SKIP","floor":29.0},{"not_picked":["Backflip","Slice+1","Riddle With Holes+1"],"picked":"SKIP","floor":30.0},{"not_picked":["Backflip","Deadly Poison"],"picked":"Adrenaline","floor":31},{"not_picked":["Glass Knife+1","Burst"],"picked":"After Image","floor":33},{"not_picked":["Dodge and Roll+1","Leg Sweep+1","Backflip"],"picked":"SKIP","floor":35},{"not_picked":["Bouncing Flask","Dagger Throw+1"],"picked":"Infinite Blades","floor":36},{"not_picked":["Dagger Throw+1","Tactician","Heel Hook+1"],"picked":"SKIP","floor":39},{"not_picked":["Flying Knee+1","Unload+1","Quick Slash+1"],"picked":"SKIP","floor":40},{"not_picked":["Bane+1","Calculated Gamble","Backflip"],"picked":"SKIP","floor":44},{"not_picked":["Concentrate","Slice+1","Bane+1"],"picked":"SKIP","floor":46}],"player_experience":1326100,"relics_obtained":[{"floor":6.0,"key":"MealTicket"},{"floor":9.0,"key":"Matryoshka"},{"floor":10.0,"key":"Molten Egg 2"},{"floor":24.0,"key":"War Paint"},{"floor":24.0,"key":"Thread and Needle"},{"floor":26.0,"key":"Orichalcum"},{"floor":26.0,"key":"Happy Flower"},{"floor":31,"key":"CeramicFish"},{"floor":40,"key":"HornCleat"},{"floor":43,"key":"Paper Crane"},{"floor":47,"key":"Shuriken"}],"event_choices":[{"damage_healed":0.0,"max_hp_gain":0.0,"max_hp_loss":0.0,"gold_gain":100.0,"event_name":"Wheel of Change","player_choice":"Gold","floor":3.0,"gold_loss":0.0,"damage_taken":0.0},{"damage_healed":0.0,"max_hp_gain":5.0,"max_hp_loss":0.0,"gold_gain":0.0,"event_name":"Big Fish","player_choice":"Donut","floor":5.0,"gold_loss":0.0,"damage_taken":0.0},{"cards_removed":["Wraith Form v2"],"damage_healed":0.0,"max_hp_gain":0.0,"max_hp_loss":0.0,"gold_gain":0.0,"event_name":"Designer","player_choice":"Upgrade and Remove","floor":19.0,"gold_loss":90.0,"damage_taken":0.0,"cards_upgraded":["Cloak And Dagger"]},{"cards_removed":["Tools of the Trade"],"damage_healed":0.0,"max_hp_gain":0.0,"max_hp_loss":0.0,"gold_gain":0.0,"event_name":"Wheel of Change","player_choice":"Card Removal","floor":27.0,"gold_loss":0.0,"damage_taken":0.0},{"damage_healed":0,"gold_gain":0,"player_choice":"Embrace Madness","damage_taken":9,"max_hp_gain":0,"max_hp_loss":0,"event_name":"Winding Halls","floor":38,"gold_loss":0,"cards_obtained":["Madness","Madness"]},{"damage_healed":0,"gold_gain":0,"player_choice":"Bought 0 Potions","damage_taken":0,"max_hp_gain":0,"max_hp_loss":0,"event_name":"The Woman in Blue","floor":41,"gold_loss":0}],"is_beta":false,"boss_relics":[{"not_picked":["SacredBark","Busted Crown"],"picked":"Pandora\u0027s Box"},{"not_picked":["Astrolabe","Runic Pyramid"],"picked":"Empty Cage"}],"items_purged_floors":[11,48],"is_endless":false,"potions_floor_spawned":[1,12,14,22,29,30,33,39,40,46],"ascension_level":12}}