{"host":"osk2oboccoevp2u5","time":1612490790,"event":{"mods":["AchievementEnabler","Alarm Clock","BaseMod","Colored Powertips","Disable Question Mark Monsters","Displayed Cursed Tome","Key Reminder","Koishi","Minty Spire (QoL Compilation)","Potion Indicator Mod","Quick Restart","Rare Cards Sparkle","Reorder Act Four","StSLib","Useless Jewels Mod"],"gold_per_floor":[115,127,127,202,212,242,242,257,257,257,284,63,78,98,98,188,188,213,231,244,254,254,254,267,21,75,86,101,0,13,13,13,13,13],"floor_reached":33,"language":"ENG","playtime":3423,"items_purged":["Koishi:BasicStrike","Koishi:BasicStrike"],"score":289,"play_id":"93f67e4b-7329-43c3-8fdd-5df2906099c1","local_time":"20210204220630","is_ascension_mode":true,"campfire_choices":[{"floor":7.0,"key":"REST"},{"floor":15.0,"key":"REST"},{"floor":23.0,"key":"REST"},{"floor":32,"key":"REST"}],"circlet_count":0,"master_deck":["Koishi:BasicStrike","Koishi:BasicDefend","Koishi:BasicDefend","Koishi:BasicDefend","Koishi:BasicDefend","Koishi:Provoke+1","Koishi:HauntingSlash","Koishi:Possession+1","Koishi:ImGoingToCallYouNow","Koishi:TremblingHands","Koishi:StingingMind","Koishi:JumpScare","Koishi:ParalyzingFear","Koishi:TraumaticStroke","Koishi:SpiritedAway","Koishi:ImGoingToCallYouNow","Koishi:MindNumbingTerror+1","Koishi:BloodcurdlingScream","Koishi:ReflexRadar"],"relics":["Koishi:ImaginaryFriend","Shuriken","Ice Cream","Dead Branch","Sling","Black Star","Oddly Smooth Stone"],"acts_visited":["Exordium","TheCity"],"potions_floor_usage":[30,33,33,33],"damage_taken":[{"damage":3.0,"enemies":"2 Louse","floor":1.0,"turns":3.0},{"damage":0.0,"enemies":"Jaw Worm","floor":2.0,"turns":6.0},{"damage":3.0,"enemies":"Cultist","floor":5.0,"turns":5.0},{"damage":30.0,"enemies":"Gremlin Nob","floor":6.0,"turns":5.0},{"damage":4.0,"enemies":"Blue Slaver","floor":8.0,"turns":5.0},{"damage":16.0,"enemies":"Lagavulin","floor":11.0,"turns":8.0},{"damage":19.0,"enemies":"3 Louse","floor":13.0,"turns":3.0},{"damage":25.0,"enemies":"Exordium Wildlife","floor":14.0,"turns":7.0},{"damage":7.0,"enemies":"Hexaghost","floor":16.0,"turns":12.0},{"damage":20.0,"enemies":"2 Thieves","floor":18.0,"turns":3.0},{"damage":13.0,"enemies":"Chosen","floor":19.0,"turns":7.0},{"damage":4.0,"enemies":"Centurion and Healer","floor":20.0,"turns":6.0},{"damage":35.0,"enemies":"Snake Plant","floor":21.0,"turns":6.0},{"damage":16.0,"enemies":"Snecko","floor":24.0,"turns":8.0},{"damage":53.0,"enemies":"Shelled Parasite and Fungi","floor":27.0,"turns":10.0},{"damage":57.0,"enemies":"Cultist and Chosen","floor":28.0,"turns":9.0},{"damage":23,"enemies":"3 Cultists","floor":30,"turns":7},{"damage":33,"enemies":"Collector","floor":33,"turns":5}],"seed_played":"-904669876807413051","potions_obtained":[{"floor":1.0,"key":"BlessingOfTheForge"},{"floor":8.0,"key":"DistilledChaos"},{"floor":14.0,"key":"FairyPotion"},{"floor":18.0,"key":"Energy Potion"},{"floor":21.0,"key":"LiquidBronze"},{"floor":28.0,"key":"CultistPotion"},{"floor":30,"key":"ColorlessPotion"}],"is_trial":false,"path_per_floor":["M","M","?","?","M","E","R","M","T","?","E","$","M","M","R","B",null,"M","M","M","M","?","R","M","$","T","M","M","?","M","?","R","B"],"character_chosen":"KOISHI","items_purchased":["Sling","CultistPotion","Koishi:ReflexRadar"],"campfire_rested":4,"item_purchase_floors":[12,25,25],"current_hp_per_floor":[65,66,53,42,50,26,45,49,49,54,64,64,51,36,57,71,71,63,58,68,46,46,67,61,61,61,44,26,26,12,12,33,0,0],"gold":13,"neow_bonus":"TEN_PERCENT_HP_BONUS","is_daily":false,"chose_seed":false,"campfire_upgraded":0,"win_rate":0.0,"timestamp":1612490790,"path_taken":["M","M","?","?","M","E","R","M","T","?","E","?","M","M","R","BOSS","M","M","M","M","?","R","M","$","T","M","?","?","M","?","R","BOSS"],"items_purchased_type":["Relic","Potion","Card"],"build_version":"2020-12-22","purchased_purges":2,"victory":false,"max_hp_per_floor":[66,66,66,66,66,66,66,66,66,71,71,71,71,71,71,71,71,71,71,71,71,71,71,71,71,71,71,71,71,71,71,71,71,71],"card_choices":[{"not_picked":["Koishi:Whimsy","Koishi:HeartfeltFancy"],"picked":"Koishi:Possession","floor":1.0},{"not_picked":["Koishi:PhantomStrike","Koishi:HeartfeltFancy"],"picked":"Koishi:ImGoingToCallYouNow","floor":2.0},{"not_picked":["Koishi:PhantomStrike","Koishi:Vanish"],"picked":"Koishi:TremblingHands","floor":5.0},{"not_picked":["Koishi:Vanish","Koishi:UnconsciousUrges"],"picked":"Koishi:StingingMind","floor":6.0},{"not_picked":["Koishi:UnconsciousUprising","Koishi:UnansweredLove"],"picked":"Koishi:JumpScare","floor":8.0},{"not_picked":["Koishi:Catatonia","Koishi:TraumaticStroke"],"picked":"Koishi:ParalyzingFear","floor":11.0},{"not_picked":["Koishi:FleetingPhantom","Koishi:UnconsciousUrges"],"picked":"Koishi:TraumaticStroke","floor":13.0},{"not_picked":["Koishi:FreudianInstinct","Koishi:SubterraneanRose"],"picked":"Koishi:SpiritedAway","floor":14.0},{"not_picked":["Koishi:SuperEgo","Koishi:MindStellarRelief"],"picked":"Koishi:ImGoingToCallYouNow","floor":16.0},{"not_picked":["Koishi:SubterraneanRose","Koishi:PhantomStrike"],"picked":"Koishi:MindNumbingTerror+1","floor":18.0},{"not_picked":["Koishi:UnseenTerror","Koishi:FidgetySnatcher+1","Koishi:DNAsFlaw+1"],"picked":"SKIP","floor":19.0},{"not_picked":["Koishi:ReflexRadar","Koishi:YoukaiPolygraph","Koishi:CatchAndRose+1"],"picked":"SKIP","floor":20.0},{"not_picked":["Koishi:PhantomBarrier+1","Koishi:CatchAndRose","Koishi:ParalyzingFear+1"],"picked":"SKIP","floor":21.0},{"not_picked":["Koishi:StingingMind","Koishi:UnconsciousUrges"],"picked":"Koishi:BloodcurdlingScream","floor":24.0},{"not_picked":["Koishi:FadingMemory","Koishi:PhantomStrike","Koishi:Jaunt"],"picked":"SKIP","floor":27.0},{"not_picked":["Koishi:BloodcurdlingScream+1","Koishi:JumpScare+1","Koishi:CatchAndRose+1"],"picked":"SKIP","floor":28.0},{"not_picked":["Koishi:PhantomBarrier+1","Koishi:RorschachInDanmaku+1","Koishi:TraumaticStroke+1"],"picked":"SKIP","floor":30}],"player_experience":955788,"relics_obtained":[{"floor":6.0,"key":"Shuriken"},{"floor":9.0,"key":"Ice Cream"},{"floor":11.0,"key":"Dead Branch"},{"floor":26.0,"key":"Oddly Smooth Stone"}],"event_choices":[{"damage_healed":0.0,"max_hp_gain":0.0,"max_hp_loss":0.0,"gold_gain":0.0,"event_name":"Shining Light","player_choice":"Entered Light","floor":3.0,"gold_loss":0.0,"damage_taken":13.0,"cards_upgraded":["Koishi:Possession","Koishi:Provoke"]},{"damage_healed":0.0,"max_hp_gain":0.0,"max_hp_loss":0.0,"gold_gain":75.0,"event_name":"World of Goop","player_choice":"Gather Gold","floor":4.0,"gold_loss":0.0,"damage_taken":11.0},{"damage_healed":0.0,"max_hp_gain":5.0,"max_hp_loss":0.0,"gold_gain":0.0,"event_name":"Big Fish","player_choice":"Donut","floor":10.0,"gold_loss":0.0,"damage_taken":0.0},{"cards_removed":["Koishi:BasicStrike"],"damage_healed":0.0,"max_hp_gain":0.0,"max_hp_loss":0.0,"gold_gain":0.0,"event_name":"Purifier","player_choice":"Purged","floor":22.0,"gold_loss":0.0,"damage_taken":0.0},{"damage_healed":0.0,"max_hp_gain":0.0,"max_hp_loss":0.0,"gold_gain":0.0,"event_name":"Masked Bandits","player_choice":"Paid Fearfully","floor":29.0,"gold_loss":101.0,"damage_taken":0.0},{"damage_healed":0,"gold_gain":0,"player_choice":"Ignored","damage_taken":0,"max_hp_gain":0,"max_hp_loss":0,"event_name":"Vampires","floor":31,"gold_loss":0}],"is_beta":false,"boss_relics":[{"not_picked":["Cursed Key","Runic Pyramid"],"picked":"Black Star"}],"items_purged_floors":[12,25],"is_endless":false,"potions_floor_spawned":[1,8,14,18,21,27,28,30],"killed_by":"Collector","ascension_level":2}}