{"host":"hpn0uxah5qjr7pa6","time":1612509563,"event":{"mods":["Act Like it!","Aspiration","BaseMod","Better Third Choice","BetterRewards","Challenge The Spire","Colored Powertips","Conspire","DeckTracker","Downfall","Energized Spire","Hallownest","Hermit","Highlight Path","Hubris","Infinite Spire","Minty Spire (QoL Compilation)","Permanent Neow","Quick Restart","Rare Cards Sparkle","Replay The Spire","Spicy Shops","StSLib","The Bug Knight","The Jungle"],"gold_per_floor":[113,113,132,149,115,115,140,140,140,160,160,187,187,187,187,291,391,408,408,158,172,172,172,184,184,207,207,207,223,237,253,253,355,355,370,387,387,387,399,426,442,442,466,484,509,520,536,232,232,232,232,232],"floor_reached":50,"language":"ENG","playtime":2466,"items_purged":[],"score":639,"play_id":"2409c014-4fef-4ed7-a7fe-08f8573461ce","local_time":"20210204231923","daily_mods":["SealedDeck"],"is_ascension_mode":false,"campfire_choices":[{"data":"bronze:ChosenStrike","floor":6,"key":"SMITH"},{"floor":11,"key":"REST"},{"floor":13,"key":"REST"},{"data":"bronze:ChosenStrike","floor":15,"key":"SMITH"},{"data":"Bandage Up","floor":23,"key":"SMITH"},{"data":"bronze:ChosenStrike","floor":27,"key":"SMITH"},{"data":"hubris:Fate","floor":32,"key":"SMITH"},{"data":"bronze:DigitalCarnage","floor":42,"key":"SMITH"},{"data":"bronze:DigitalCarnage","floor":49,"key":"SMITH"}],"circlet_count":0,"master_deck":["bronze:Constructor","bronze:DigitalCarnage","bronze:Repair","bronze:OilSpill","bronze:FollowUp","bronze:OilSpill","bronze:DelayedSlice","bronze:OilSpill","bronze:DigitalCarnage+1","bronze:ChosenStrike+1","bronze:ChosenStrike+1","bronze:Branch","bronze:DigitalCarnage+1","hubris:Fate+1","bronze:DelayedSlice","bronze:ChosenStrike+1","Bandage Up+1","bronze:Branch","bronze:OilSpill","bronze:Branch","bronze:ChosenStrike+1","bronze:DelayedSlice+1"],"relics":["bronze:BronzeCore","InkBottle","conspire:GlowingRock","Lantern","Replay:Wanted Poster","ClockworkSouvenir","infinitespire:PuzzleCube","Akabeko","ChewingGum","bronze:MakeshiftBattery","FossilizedHelix","Dream Catcher","Replay:Towering Pillar of Hats","Toolbox","Orichalcum"],"acts_visited":["Exordium","TheCity","Hallownest:KingdomsEdge"],"potions_floor_usage":[16,16,33,39,40,45,46],"damage_taken":[{"damage":0.0,"enemies":"Small Slimes","floor":1.0,"turns":1.0},{"damage":0.0,"enemies":"2 Louse","floor":3.0,"turns":1.0},{"damage":0,"enemies":"Jaw Worm","floor":4,"turns":2},{"damage":10,"enemies":"3 Sentries","floor":7,"turns":4},{"damage":0,"enemies":"Exordium Wildlife","floor":10,"turns":2},{"damage":0,"enemies":"Gremlin Nob","floor":12,"turns":2},{"damage":13,"enemies":"Hexaghost","floor":16,"turns":5},{"damage":0,"enemies":"Chosen","floor":18,"turns":1},{"damage":10,"enemies":"conspire:FuzzyDice","floor":21,"turns":3},{"damage":9,"enemies":"Centurion and Healer","floor":24,"turns":3},{"damage":0,"enemies":"conspire:HollyBat","floor":29,"turns":6},{"damage":0,"enemies":"3 Cultists","floor":30,"turns":3},{"damage":3,"enemies":"Shelled Parasite and Fungi","floor":31,"turns":3},{"damage":9,"enemies":"conspire:MysteriousRune","floor":33,"turns":4},{"damage":8,"enemies":"Hallownest:Shield_Heavy","floor":35,"turns":3},{"damage":0,"enemies":"Hallownest:3_Siblings","floor":36,"turns":1},{"damage":18,"enemies":"Hallownest:monsterPrimalAspid","floor":39,"turns":2},{"damage":0,"enemies":"Hallownest:eliteCollector","floor":40,"turns":4},{"damage":0,"enemies":"Hallownest:Xero_Hu_Marmu","floor":41,"turns":4},{"damage":0,"enemies":"Hallownest:2_Wandering_and_1_Horned","floor":44,"turns":4},{"damage":0,"enemies":"Hallownest:StalkingDevout","floor":45,"turns":2},{"damage":0,"enemies":"Hallownest:Slobbering_and_Violent","floor":46,"turns":3},{"damage":7,"enemies":"Hallownest:monsterPrimalAspid","floor":47,"turns":2},{"damage":86,"enemies":"Hallownest:BossHollowKnight","floor":50,"turns":4}],"seed_played":"6568255729411247781","potions_obtained":[{"floor":4,"key":"Cursed Concoction"},{"floor":7,"key":"DuplicationPotion"},{"floor":12,"key":"champ:CounterPotion"},{"floor":16,"key":"Milkshake"},{"floor":30,"key":"Dexterity Potion"},{"floor":31,"key":"Adrenaline Potion"},{"floor":36,"key":"Explosive Potion"},{"floor":40,"key":"PowerPotion"},{"floor":45,"key":"Energy Potion"}],"is_trial":true,"path_per_floor":["M","?","M","M","$","R","E","?","T","M","R","E","R","$","R","B",null,"M","?","$","M","AVR","R","M","?","T","R","T","M","M","M","R","B",null,"M","M","?","AVR","M","E","M","R","T","M","E","M","M","$","R","B"],"character_chosen":"THE_AUTOMATON","items_purchased":["bronze:DigitalCarnage","ClockworkSouvenir","Bandage Up","Toolbox","Orichalcum"],"campfire_rested":2,"item_purchase_floors":[5,20,20,48,48],"current_hp_per_floor":[70,70,70,70,70,70,60,43,43,43,64,64,70,70,70,57,70,70,70,70,64,64,64,68,68,68,68,68,70,70,70,70,61,70,70,70,70,70,59,70,70,70,70,70,70,70,70,70,70,0,0,0],"gold":232,"neow_bonus":"","is_daily":false,"chose_seed":false,"campfire_upgraded":7,"win_rate":0.0,"timestamp":1612509563,"path_taken":["M","?","M","M","$","R","E","?","T","M","R","E","R","$","R","BOSS","M","?","$","M","AVR","R","M","?","T","R","?","M","?","M","R","BOSS","M","M","?","AVR","M","E","M","R","T","M","E","M","M","$","R","BOSS"],"items_purchased_type":["Card","Relic","Card","Relic","Relic"],"build_version":"2020-12-22","purchased_purges":0,"victory":false,"max_hp_per_floor":[70,70,70,70,70,70,70,70,70,70,70,70,70,70,70,70,70,70,70,70,70,70,70,70,70,70,70,70,70,70,70,70,70,70,70,70,70,70,70,70,70,70,70,70,70,70,70,70,70,70,70,70],"card_choices":[{"not_picked":["bronze:WildBeam","bronze:BitShift","bronze:BugBarrage"],"picked":"SKIP","floor":1.0},{"not_picked":["bronze:Shell","bronze:BugBarrage"],"picked":"bronze:ChosenStrike","floor":3.0},{"not_picked":["bronze:Invalidate","bronze:DelayedSlice"],"picked":"bronze:Branch","floor":4},{"not_picked":["bronze:Deprecate","bronze:Shield","bronze:ItsAFeature"],"picked":"SKIP","floor":7},{"not_picked":["ReplayTheSpireMod:Haul","infinitespire:Oblivion"],"picked":"hubris:Fate","floor":8},{"not_picked":["bronze:Boost","bronze:NullPointer"],"picked":"bronze:DelayedSlice","floor":10},{"not_picked":["bronze:Shield","bronze:BuggyMess"],"picked":"bronze:ChosenStrike","floor":12},{"not_picked":["bronze:BitShift+1","bronze:ForLoop","bronze:Allocate"],"picked":"SKIP","floor":18},{"not_picked":["bronze:BitShift+1","bronze:ForLoop","bronze:Allocate"],"picked":"SKIP","floor":18},{"not_picked":["bronze:DarkDash","bronze:Frontload+1","bronze:CutThrough+1"],"picked":"SKIP","floor":21},{"not_picked":["bronze:Flail","bronze:DigitalCarnage"],"picked":"bronze:Branch","floor":24},{"not_picked":["bronze:BitShift","bronze:DigitalCarnage"],"picked":"bronze:OilSpill","floor":29},{"not_picked":["bronze:BuggyMess","bronze:Invalidate"],"picked":"bronze:Branch","floor":30},{"not_picked":["bronze:WildBeam+1","bronze:CutThrough","bronze:InfiniteLoop"],"picked":"SKIP","floor":31},{"not_picked":["bronze:FineTuning+1","bronze:Shield+1","bronze:FollowUp"],"picked":"SKIP","floor":35},{"not_picked":["bronze:Invalidate+1","bronze:NullPointer+1","bronze:Safeguard"],"picked":"SKIP","floor":36},{"not_picked":["bronze:FollowUp+1","bronze:DelayedSlice","bronze:Frontload+1"],"picked":"SKIP","floor":39},{"not_picked":["bronze:Safeguard+1","bronze:Frontload"],"picked":"bronze:ChosenStrike+1","floor":40},{"not_picked":["bronze:Optimize+1","bronze:BugBarrage","bronze:Iterate"],"picked":"SKIP","floor":41},{"not_picked":["bronze:Turbo","bronze:DelayedSlice","bronze:Shield"],"picked":"SKIP","floor":44},{"not_picked":["bronze:Backtrace","bronze:BronzeArmor+1","bronze:Iterate+1"],"picked":"SKIP","floor":45},{"not_picked":["bronze:Deprecate","bronze:Assembly","bronze:Constructor+1"],"picked":"SKIP","floor":46},{"not_picked":["bronze:FollowUp","bronze:Frontload"],"picked":"bronze:DelayedSlice+1","floor":47}],"player_experience":192052,"relics_obtained":[{"floor":7,"key":"InkBottle"},{"floor":9,"key":"conspire:GlowingRock"},{"floor":12,"key":"Lantern"},{"floor":26,"key":"Akabeko"},{"floor":40,"key":"FossilizedHelix"},{"floor":43,"key":"Dream Catcher"},{"floor":45,"key":"Replay:Towering Pillar of Hats"}],"event_choices":[],"is_beta":false,"boss_relics":[{"not_picked":["ReplayTheSpireMod:SealedPack","Empty Cage"],"picked":"Replay:Wanted Poster"},{"not_picked":["aspiration:IroncladSkillbook","Black Star"],"picked":"ChewingGum"}],"items_purged_floors":[],"is_endless":false,"potions_floor_spawned":[4,7,12,16,30,31,36,40,45],"killed_by":"Hallownest:BossHollowKnight","ascension_level":0}}