{"host":"2e5gbsni44p3458r","time":1612517176,"event":{"mods":["BaseMod","Colored Map","Downfall","Hermit","Minty Spire (QoL Compilation)","Replay The Spire","StSLib","The Cursed"],"gold_per_floor":[99,99,99,60,77,77,77,105,105,90,90,190,216,233,243,341,341,241,261,261,261],"floor_reached":19,"language":"ENG","playtime":1188,"items_purged":[],"score":228,"play_id":"9601e963-15e1-456e-b493-5a4e9b035187","local_time":"20210205182616","is_ascension_mode":true,"campfire_choices":[{"floor":1.0,"key":"DIG"},{"floor":6.0,"key":"RECALL"},{"floor":9.0,"key":"DIG"},{"data":"sneckomod:UnlimitedRolls","floor":18,"key":"SMITH"}],"circlet_count":0,"master_deck":["sneckomod:Defend","sneckomod:Defend","sneckomod:Defend","sneckomod:TailWhip","sneckomod:SnekBite","sneckomod:Unknown","sneckomod:Unknown","sneckomod:UnknownClassRED","sneckomod:UnknownClassGUARDIAN","sneckomod:UnknownDraw","sneckomod:WideSting+1","sneckomod:Memorize","sneckomod:UnknownClassDEFAULT_GRAY_COLOR","sneckomod:SoulDraw+1","sneckomod:UnknownStrength","sneckomod:ImprovisedGuard","sneckomod:UnknownUncommonPower","sneckomod:SnakeSap","sneckomod:UnknownVulnerable","sneckomod:UnknownClassRED","sneckomod:UnknownClassTHE_BRONZE_AUTOMATON","sneckomod:UnlimitedRolls+1","Pot Of Greed","Pot Of Greed","Shame","Replay:Hysterical Blindness","Pot Of Greed","ReplayTheSpireMod:Splinters","sneckomod:SoulRoll+1","sneckomod:UnknownX"],"relics":["sneckomod:SneckoSoul","downfall:HeartsMalice","White Beast Statue","Shovel","Pen Nib","Prayer Wheel","Eternal Feather","Replay:Ancient Bell","Grinning Jar","Shuriken","Incense Burner","downfall:HeartBlessingRed"],"acts_visited":["Exordium","TheCity"],"potions_floor_usage":[19],"damage_taken":[{"damage":0.0,"enemies":"Cultist","floor":2.0,"turns":1.0},{"damage":0.0,"enemies":"Jaw Worm","floor":3.0,"turns":1.0},{"damage":0.0,"enemies":"downfall:FleeingMerchant","floor":4.0,"turns":1.0},{"damage":3.0,"enemies":"Small Slimes","floor":5.0,"turns":2.0},{"damage":22.0,"enemies":"Gremlin Nob","floor":8.0,"turns":4.0},{"damage":0.0,"enemies":"downfall:FleeingMerchant","floor":10.0,"turns":4.0},{"damage":7.0,"enemies":"downfall:Heads","floor":12.0,"turns":4.0},{"damage":13.0,"enemies":"3 Sentries","floor":13.0,"turns":4.0},{"damage":0.0,"enemies":"Exordium Wildlife","floor":14.0,"turns":1.0},{"damage":17.0,"enemies":"Large Slime","floor":15.0,"turns":7.0},{"damage":21.0,"enemies":"WA_ARCHETYPE_RETAIN","floor":16.0,"turns":8.0},{"damage":28,"enemies":"Shell Parasite","floor":19,"turns":5}],"seed_played":"1579274374102618057","potions_obtained":[{"floor":2.0,"key":"Toxic Potion"},{"floor":3.0,"key":"BlessingOfTheForge"},{"floor":4.0,"key":"Dexterity Potion"},{"floor":5.0,"key":"DuplicationPotion"},{"floor":8.0,"key":"sneckomod:DiceRollPotion"},{"floor":12.0,"key":"Weak Potion"},{"floor":13.0,"key":"SneckoOil"},{"floor":14.0,"key":"Weak Potion"},{"floor":15.0,"key":"LifebloodPotion"},{"floor":16.0,"key":"Adrenaline Potion"},{"floor":19,"key":"FearPotion"}],"is_trial":false,"path_per_floor":["R_BF","M","M","$","M","R","T","E","R","$","?","?","E","M","M","B",null,"R","M"],"character_chosen":"THE_SNECKO","items_purchased":["sneckomod:WideSting+1"],"campfire_rested":0,"item_purchase_floors":[4],"current_hp_per_floor":[90,90,90,90,87,87,87,65,65,65,65,58,45,45,28,7,90,90,62,62,62],"gold":261,"neow_bonus":"THREE_ENEMY_KILL","is_daily":false,"chose_seed":false,"campfire_upgraded":1,"win_rate":0.0,"timestamp":1612517176,"path_taken":["R_BF","M","M","?","?","R","T","E","R","$","?","?","E","M","M","BOSS","R","M"],"items_purchased_type":["Card"],"build_version":"2020-12-22","purchased_purges":0,"victory":false,"max_hp_per_floor":[90,90,90,90,90,90,90,90,90,90,90,90,90,90,90,90,90,90,90,90,90],"card_choices":[{"not_picked":["sneckomod:QuickBite","sneckomod:UnknownClassTHE_CHAMP_GRAY"],"picked":"sneckomod:UnknownClassRED","floor":2.0},{"not_picked":["sneckomod:UnknownClassSLIMEBOUND","sneckomod:SnekBeam"],"picked":"sneckomod:UnknownClassGUARDIAN","floor":3.0},{"not_picked":["sneckomod:UnknownColorless","sneckomod:UnknownCommonAttack"],"picked":"sneckomod:UnknownDraw","floor":4.0},{"not_picked":["sneckomod:IronFang","sneckomod:UnknownClassGREEN"],"picked":"sneckomod:Memorize","floor":5.0},{"not_picked":["sneckomod:UnknownClassTHE_CURSED_PURPLE","sneckomod:SnekBeam"],"picked":"sneckomod:UnknownClassDEFAULT_GRAY_COLOR","floor":8.0},{"not_picked":["sneckomod:UnknownClassRED","sneckomod:QuickBite"],"picked":"sneckomod:SoulDraw","floor":10.0},{"not_picked":["sneckomod:UnknownVulnerable","sneckomod:QuickBite"],"picked":"sneckomod:UnknownStrength","floor":12.0},{"not_picked":["sneckomod:UnknownCommonSkill","sneckomod:Nope"],"picked":"sneckomod:UnknownUncommonPower","floor":13.0},{"not_picked":["sneckomod:ImprovisedAttack","sneckomod:UnknownClassDEFAULT_GRAY_COLOR"],"picked":"sneckomod:SnakeSap","floor":14.0},{"not_picked":["sneckomod:Nope","sneckomod:ImprovisedGuard"],"picked":"sneckomod:UnknownVulnerable","floor":14.0},{"not_picked":["sneckomod:UnknownCommonSkill","sneckomod:Nope"],"picked":"sneckomod:UnknownClassRED","floor":15.0},{"not_picked":["sneckomod:RainOfDice","sneckomod:DiceCrush"],"picked":"sneckomod:UnknownClassTHE_BRONZE_AUTOMATON","floor":15.0},{"not_picked":["sneckomod:SoulExchange","sneckomod:Transmogrify"],"picked":"sneckomod:UnlimitedRolls","floor":16.0},{"not_picked":["ReplayTheSpireMod:Restless Dread","Looming Evil"],"picked":"Shame","floor":17},{"not_picked":["Normality","ReplayTheSpireMod:Splinters"],"picked":"Replay:Hysterical Blindness","floor":17},{"not_picked":["downfall:Bewildered","downfall:Aged"],"picked":"ReplayTheSpireMod:Splinters","floor":17},{"not_picked":["sneckomod:Memorize+1","sneckomod:UnknownCommonSkill"],"picked":"sneckomod:SoulRoll+1","floor":19},{"not_picked":["sneckomod:Unknown1Cost","sneckomod:UnknownDraw"],"picked":"sneckomod:UnknownX","floor":19}],"player_experience":806803,"relics_obtained":[{"floor":1.0,"key":"White Beast Statue"},{"floor":7.0,"key":"Shovel"},{"floor":8.0,"key":"Pen Nib"},{"floor":9.0,"key":"Prayer Wheel"},{"floor":13.0,"key":"Eternal Feather"}],"event_choices":[{"cards_removed":["sneckomod:Strike"],"damage_healed":0.0,"max_hp_gain":0.0,"max_hp_loss":0.0,"gold_gain":0.0,"event_name":"The Cleric","player_choice":"Card Removal","floor":11.0,"gold_loss":0.0,"damage_taken":0.0}],"is_beta":false,"boss_relics":[{"not_picked":["Tiny House","Velvet Choker"],"picked":"Replay:Ancient Bell"},{"not_picked":["MealTicket","sneckomod:SneckoCommon"],"picked":"Grinning Jar"},{"not_picked":["Chameleon Ring","Replay:Bottled Snecko"],"picked":"Shuriken"},{"not_picked":["Gambling Chip","Replay:Multitool"],"picked":"Incense Burner"}],"items_purged_floors":[],"is_endless":false,"potions_floor_spawned":[2,3,4,5,8,10,12,13,14,15,16,19],"killed_by":"Shell Parasite","ascension_level":3}}