{"host":"hm3ikmf8oxbtqms2","time":1612547734,"event":{"mods":["BaseMod","Best Route Mod","Bestiary","Better Vampires","Block Reminder","Colored Map","Colored Powertips","Curses Come First","Dark Map","DeckTracker","Displayed Cursed Tome","Highlight Path","Minty Spire (QoL Compilation)","Quick Restart","StSLib"],"gold_per_floor":[218,293,293,8,20,50,63,63,134,146,162,127,27,54,54,150,150,170,170,170,22,32,32,58,74,100,100,134,151,251,271,271,370,370,388,7,7,22,35,65,65,78,123,123,123,1,12,12,12,12,12],"floor_reached":50,"language":"ENG","playtime":5060,"items_purged":[],"score":699,"play_id":"a2b0e7e9-aeb5-4d49-b20e-c369a798eafa","local_time":"20210205125534","is_ascension_mode":true,"campfire_choices":[{"data":"Neutralize","floor":8.0,"key":"SMITH"},{"data":"Sucker Punch","floor":15.0,"key":"SMITH"},{"data":"Unload","floor":23.0,"key":"SMITH"},{"data":"Bane","floor":27.0,"key":"SMITH"},{"data":"Riddle With Holes","floor":32.0,"key":"SMITH"},{"data":"Dagger Spray","floor":41,"key":"SMITH"},{"data":"Finisher","floor":44,"key":"SMITH"},{"data":"After Image","floor":49,"key":"SMITH"}],"circlet_count":0,"master_deck":["Defend_G","Defend_G","Defend_G","Defend_G","Defend_G","Survivor","Neutralize+1","Sucker Punch+1","Finisher","Deadly Poison+1","Setup+1","Bane+1","Backflip+1","Riddle With Holes+1","Terror+1","Dagger Spray+1","Unload+1","Catalyst+1","Bite","Bite","Bite","Bite","Bite","Backflip+1","Footwork+1","Catalyst+1","Backflip+1","Blur+1","Outmaneuver+1","Poisoned Stab+1","Blade Dance+1","Blade Dance+1","Deadly Poison+1","Madness+1","Madness+1","Distraction+1","Cloak And Dagger+1","Cloak And Dagger+1","Bane+1","After Image+1"],"relics":["Ring of the Snake","Toxic Egg 2","Nunchaku","Bottled Flame","Eternal Feather","Runic Pyramid","Boot","Lantern","Blood Vial","The Courier","Lizard Tail","Shuriken","Black Star","Vajra","Sling","MealTicket","Thread and Needle","Happy Flower","Snake Skull"],"acts_visited":["Exordium","TheCity","TheBeyond"],"potions_floor_usage":[40,40,50,50,50],"damage_taken":[{"damage":0.0,"enemies":"Cultist","floor":1.0,"turns":4.0},{"damage":7.0,"enemies":"Jaw Worm","floor":5.0,"turns":6.0},{"damage":27.0,"enemies":"3 Sentries","floor":6.0,"turns":7.0},{"damage":0.0,"enemies":"Small Slimes","floor":7.0,"turns":3.0},{"damage":3.0,"enemies":"2 Fungi Beasts","floor":10.0,"turns":3.0},{"damage":0.0,"enemies":"Looter","floor":11.0,"turns":3.0},{"damage":10.0,"enemies":"Lagavulin","floor":14.0,"turns":3.0},{"damage":25.0,"enemies":"Hexaghost","floor":16.0,"turns":8.0},{"damage":33.0,"enemies":"2 Thieves","floor":18.0,"turns":3.0},{"damage":3.0,"enemies":"Chosen","floor":22.0,"turns":3.0},{"damage":40.0,"enemies":"Slavers","floor":24.0,"turns":5.0},{"damage":27.0,"enemies":"Centurion and Healer","floor":25.0,"turns":8.0},{"damage":2.0,"enemies":"Book of Stabbing","floor":28.0,"turns":2.0},{"damage":7.0,"enemies":"Cultist and Chosen","floor":29.0,"turns":5.0},{"damage":27.0,"enemies":"Colosseum Slavers","floor":30.0,"turns":6.0},{"damage":29.0,"enemies":"Colosseum Nobs","floor":30.0,"turns":3.0},{"damage":0.0,"enemies":"Snecko","floor":31.0,"turns":2.0},{"damage":88.0,"enemies":"Collector","floor":33.0,"turns":9.0},{"damage":57,"enemies":"3 Darklings","floor":35,"turns":9},{"damage":0,"enemies":"Orb Walker","floor":38,"turns":1},{"damage":8,"enemies":"Spire Growth","floor":39,"turns":3},{"damage":1,"enemies":"Nemesis","floor":40,"turns":5},{"damage":7,"enemies":"Jaw Worm Horde","floor":42,"turns":4},{"damage":0,"enemies":"Writhing Mass","floor":47,"turns":5},{"damage":58,"enemies":"Awakened One","floor":50,"turns":5}],"seed_played":"1246588324899065582","potions_obtained":[{"floor":1.0,"key":"SteroidPotion"},{"floor":7.0,"key":"Explosive Potion"},{"floor":10.0,"key":"Fire Potion"},{"floor":14.0,"key":"BlessingOfTheForge"},{"floor":16.0,"key":"Strength Potion"},{"floor":18.0,"key":"Fruit Juice"},{"floor":24.0,"key":"LiquidBronze"},{"floor":30.0,"key":"PowerPotion"},{"floor":39,"key":"LiquidBronze"},{"floor":40,"key":"SkillPotion"},{"floor":47,"key":"SteroidPotion"}],"is_trial":false,"path_per_floor":["M","?","?","$","M","E","M","R","T","M","M","?","$","E","R","B",null,"M","?","?","$","M","R","E","M","T","R","E","M","?","M","R","B",null,"M","$","?","M","M","E","R","M","T","R","?","$","M","$","R","B"],"character_chosen":"THE_SILENT","items_purchased":["Toxic Egg 2","Finisher","Terror+1","Dagger Spray","Boot","Blade Dance+1","Blade Dance+1","Deadly Poison+1","Vajra","Sling","Energy Potion","Snake Skull"],"campfire_rested":0,"item_purchase_floors":[4,4,13,13,21,36,36,36,36,36,36,46],"current_hp_per_floor":[70,59,59,59,52,25,25,25,25,22,22,39,39,29,41,16,70,37,37,37,37,44,49,19,15,15,30,32,37,5,13,31,3,54,11,11,4,8,8,17,38,39,39,54,54,54,54,54,54,0,0],"gold":12,"neow_bonus":"HUNDRED_GOLD","is_daily":false,"chose_seed":false,"campfire_upgraded":8,"win_rate":0.0,"timestamp":1612547734,"path_taken":["M","?","?","$","M","E","M","R","T","M","M","?","$","E","R","BOSS","M","?","?","?","M","R","E","?","T","R","E","M","?","M","R","BOSS","M","$","?","M","M","E","R","M","T","R","?","$","M","$","R","BOSS"],"items_purchased_type":["Relic","Card","Card","Card","Relic","Card","Card","Card","Relic","Relic","Potion","Relic"],"build_version":"2020-12-22","purchased_purges":0,"victory":false,"max_hp_per_floor":[70,70,70,70,70,70,70,70,70,70,70,70,70,70,70,70,70,70,49,49,49,49,49,49,54,54,54,54,54,54,54,54,54,54,54,54,54,54,54,54,54,54,54,54,54,54,54,54,54,54,54],"card_choices":[{"not_picked":["Escape Plan","Bane"],"picked":"Sucker Punch","floor":1.0},{"not_picked":["Concentrate+1","PiercingWail+1"],"picked":"Deadly Poison+1","floor":5.0},{"not_picked":["Masterful Stab","Reflex+1"],"picked":"Setup+1","floor":6.0},{"not_picked":["Well Laid Plans","Sucker Punch"],"picked":"Bane","floor":7.0},{"not_picked":["Riddle With Holes","Sucker Punch"],"picked":"Backflip+1","floor":10.0},{"not_picked":["Cloak And Dagger+1","Finisher"],"picked":"Riddle With Holes","floor":11.0},{"not_picked":["Bane","Dagger Spray"],"picked":"Finisher","floor":14.0},{"not_picked":["Wraith Form v2","Tools of the Trade"],"picked":"Unload","floor":16.0},{"not_picked":["Deadly Poison+1","PiercingWail+1"],"picked":"Catalyst+1","floor":18.0},{"not_picked":["Setup+1","Dagger Spray"],"picked":"Backflip+1","floor":22.0},{"not_picked":["Flechettes+1","Underhanded Strike+1"],"picked":"Footwork+1","floor":24.0},{"not_picked":["Heel Hook","Terror+1"],"picked":"Catalyst+1","floor":25.0},{"not_picked":["Quick Slash","Choke"],"picked":"Backflip+1","floor":28.0},{"not_picked":["Leg Sweep+1","Tactician+1","Prepared+1"],"picked":"SKIP","floor":29.0},{"not_picked":["Blade Dance+1","Cloak And Dagger+1"],"picked":"Blur+1","floor":30.0},{"not_picked":["PiercingWail+1","Endless Agony"],"picked":"Outmaneuver+1","floor":31.0},{"not_picked":["Slice+1","Terror+1"],"picked":"Poisoned Stab+1","floor":35},{"not_picked":["Dagger Throw+1","Choke+1"],"picked":"Distraction+1","floor":38},{"not_picked":["Dodge and Roll+1","Dagger Spray"],"picked":"Cloak And Dagger+1","floor":39},{"not_picked":["Backflip+1","Prepared+1"],"picked":"Cloak And Dagger+1","floor":40},{"not_picked":["Underhanded Strike+1","PiercingWail+1"],"picked":"Bane+1","floor":42},{"not_picked":["Tactician+1","Deadly Poison+1"],"picked":"After Image","floor":47}],"player_experience":295485,"relics_obtained":[{"floor":6.0,"key":"Nunchaku"},{"floor":9.0,"key":"Bottled Flame"},{"floor":14.0,"key":"Eternal Feather"},{"floor":24.0,"key":"Lantern"},{"floor":26.0,"key":"Blood Vial"},{"floor":28.0,"key":"The Courier"},{"floor":30.0,"key":"Lizard Tail"},{"floor":30.0,"key":"Shuriken"},{"floor":40,"key":"MealTicket"},{"floor":40,"key":"Thread and Needle"},{"floor":43,"key":"Happy Flower"}],"event_choices":[{"damage_healed":0.0,"max_hp_gain":0.0,"max_hp_loss":0.0,"gold_gain":75.0,"event_name":"World of Goop","player_choice":"Gather Gold","floor":2.0,"gold_loss":0.0,"damage_taken":11.0},{"damage_healed":0.0,"max_hp_gain":0.0,"max_hp_loss":0.0,"gold_gain":0.0,"event_name":"Golden Wing","player_choice":"Ignored","floor":3.0,"gold_loss":0.0,"damage_taken":0.0},{"damage_healed":17.0,"max_hp_gain":0.0,"max_hp_loss":0.0,"gold_gain":0.0,"event_name":"The Cleric","player_choice":"Healed","floor":12.0,"gold_loss":35.0,"damage_taken":0.0},{"damage_healed":0.0,"max_hp_gain":0.0,"max_hp_loss":21.0,"gold_gain":0.0,"event_name":"Vampires","player_choice":"Became a vampire","floor":19.0,"gold_loss":0.0,"damage_taken":0.0,"cards_obtained":["Bite","Bite","Bite","Bite","Bite"]},{"damage_healed":0.0,"max_hp_gain":0.0,"max_hp_loss":0.0,"gold_gain":0.0,"event_name":"Beggar","player_choice":"Ignored","floor":20.0,"gold_loss":0.0,"damage_taken":0.0},{"damage_healed":0.0,"max_hp_gain":0.0,"max_hp_loss":0.0,"gold_gain":0.0,"event_name":"Colosseum","player_choice":"Fight","floor":30.0,"gold_loss":0.0,"damage_taken":0.0},{"damage_healed":0.0,"max_hp_gain":0.0,"max_hp_loss":0.0,"gold_gain":0.0,"event_name":"Colosseum","player_choice":"Fought Nobs","floor":30.0,"gold_loss":0.0,"damage_taken":0.0},{"damage_healed":0,"gold_gain":0,"player_choice":"Embrace Madness","damage_taken":7,"max_hp_gain":0,"max_hp_loss":0,"event_name":"Winding Halls","floor":37,"gold_loss":0,"cards_obtained":["Madness","Madness"]},{"cards_removed":["Finisher"],"damage_healed":0,"gold_gain":0,"player_choice":"Removed Attack","damage_taken":0,"max_hp_gain":0,"max_hp_loss":0,"event_name":"Falling","floor":45,"gold_loss":0}],"is_beta":false,"boss_relics":[{"not_picked":["Cursed Key","Coffee Dripper"],"picked":"Runic Pyramid"},{"not_picked":["Ring of the Serpent","Runic Dome"],"picked":"Black Star"}],"items_purged_floors":[],"is_endless":false,"potions_floor_spawned":[1,7,10,14,16,18,22,24,30,39,40,47],"killed_by":"Awakened One","ascension_level":4}}