{"host":"04x9isxu4s2lvye3","time":1612495378,"event":{"mods":["BaseMod","Colored Powertips","Highlight Path","Minty Spire (QoL Compilation)"],"gold_per_floor":[214,214,230,250,200,200,230,230,230,230,258,258,258,9,9,9,9],"floor_reached":16,"language":"ENG","playtime":814,"items_purged":[],"score":127,"play_id":"ce3fd704-832c-4186-9ecd-731fdf2b4ed9","local_time":"20210204222258","is_ascension_mode":true,"campfire_choices":[{"data":"Sucker Punch","floor":6,"key":"SMITH"},{"floor":8,"key":"REST"},{"data":"Dagger Spray","floor":10,"key":"SMITH"},{"floor":15,"key":"REST"}],"circlet_count":0,"master_deck":["Strike_G","Strike_G","Strike_G","Defend_G","Defend_G","Defend_G","Defend_G","Defend_G","Survivor","Neutralize","Sucker Punch+1","Bullet Time","Dagger Spray+1","Blur","Dodge and Roll","Acrobatics"],"relics":["Ring of the Snake","Mercury Hourglass","Blue Candle","Question Card","Toy Ornithopter","Sundial"],"acts_visited":["Exordium"],"potions_floor_usage":[],"damage_taken":[{"damage":0,"enemies":"2 Louse","floor":1,"turns":3},{"damage":3,"enemies":"Cultist","floor":3,"turns":5},{"damage":6,"enemies":"Jaw Worm","floor":4,"turns":5},{"damage":29,"enemies":"3 Sentries","floor":7,"turns":10},{"damage":28,"enemies":"Lagavulin","floor":11,"turns":11},{"damage":68,"enemies":"Hexaghost","floor":16,"turns":17}],"seed_played":"2064332585645167685","potions_obtained":[{"floor":7,"key":"FairyPotion"}],"is_trial":false,"path_per_floor":["M","?","M","M","?","R","E","R","T","R","E","?","T","$","R","B"],"character_chosen":"THE_SILENT","items_purchased":["Sundial"],"campfire_rested":2,"item_purchase_floors":[14],"current_hp_per_floor":[70,70,67,61,61,61,32,53,53,53,25,48,48,48,69,1,1],"gold":9,"neow_bonus":"HUNDRED_GOLD","is_daily":false,"chose_seed":false,"campfire_upgraded":2,"win_rate":0.0,"timestamp":1612495378,"path_taken":["M","?","?","M","?","R","E","R","T","R","E","?","?","$","R","BOSS"],"items_purchased_type":["Relic"],"build_version":"2020-12-22","purchased_purges":0,"victory":false,"max_hp_per_floor":[70,70,70,70,70,70,70,70,70,70,70,70,70,70,70,70,70],"card_choices":[{"not_picked":["Deflect","Acrobatics"],"picked":"Sucker Punch","floor":1},{"not_picked":["Slice","Quick Slash"],"picked":"Dagger Spray","floor":3},{"not_picked":["Phantasmal Killer","Cloak And Dagger"],"picked":"Blur","floor":4},{"not_picked":["Well Laid Plans","Acrobatics"],"picked":"Dodge and Roll","floor":7},{"not_picked":["Deflect","Flying Knee"],"picked":"Acrobatics","floor":11}],"player_experience":235891,"relics_obtained":[{"floor":7,"key":"Mercury Hourglass"},{"floor":9,"key":"Blue Candle"},{"floor":11,"key":"Question Card"},{"floor":13,"key":"Toy Ornithopter"}],"event_choices":[{"damage_healed":0,"gold_gain":0,"cards_transformed":["Strike_G"],"player_choice":"Transformed","damage_taken":0,"max_hp_gain":0,"max_hp_loss":0,"event_name":"Transmorgrifier","floor":2,"gold_loss":0,"cards_obtained":["Bullet Time"]},{"cards_removed":["Strike_G"],"damage_healed":0,"gold_gain":0,"player_choice":"Card Removal","damage_taken":0,"max_hp_gain":0,"max_hp_loss":0,"event_name":"The Cleric","floor":5,"gold_loss":50},{"damage_healed":23,"gold_gain":0,"player_choice":"Banana","damage_taken":0,"max_hp_gain":0,"max_hp_loss":0,"event_name":"Big Fish","floor":12,"gold_loss":0}],"is_beta":false,"boss_relics":[],"items_purged_floors":[],"is_endless":false,"potions_floor_spawned":[7],"killed_by":"Hexaghost","ascension_level":4}}