{"host":"yans4pr1zf0lm9bx","time":1612554754,"event":{"mods":["AchievementEnabler","BaseMod","Downfall","Minty Spire (QoL Compilation)","StSLib","SuperFastMode","slay the spire mod where everything is the same but ironclad has a cowboy hat"],"gold_per_floor":[99,114,114,114,0,30,30,48,75,75,75,75,75,75,88,189,189,189,208,241,241,241,141,209,243,263,9,9,27,27,38,54,156,156,56,66,116,134,134,189,212,212,112,97,112,132,132,141,160,160,160,187,38,38,38,38],"floor_reached":57,"language":"ENG","playtime":5734,"items_purged":["sneckomod:Strike","Parasite"],"score":1351,"play_id":"3e61ba27-ddf1-460e-89a5-48646de347b0","local_time":"20210205145234","is_ascension_mode":false,"campfire_choices":[{"data":"sneckomod:Unknown","floor":1,"key":"SMITH"},{"floor":11,"key":"REST"},{"floor":13,"key":"REST"},{"data":"sneckomod:MorePower","floor":18,"key":"SMITH"},{"data":"sneckomod:Nope","floor":23,"key":"SMITH"},{"floor":35,"key":"RECALL"},{"floor":43,"key":"DIG"},{"floor":47,"key":"REST"},{"floor":54,"key":"DIG"}],"circlet_count":0,"master_deck":["sneckomod:Defend","sneckomod:Defend","sneckomod:TailWhip","sneckomod:SnekBite","sneckomod:Unknown+1","sneckomod:Unknown","sneckomod:UnknownX","sneckomod:UnknownDraw","sneckomod:SoulDraw","sneckomod:Nope+1","sneckomod:UnknownRareSkill","sneckomod:UnknownExhaust","sneckomod:SoulDraw","sneckomod:SlitherStrike","sneckomod:MorePower+1","sneckomod:Unknown3Cost+1","sneckomod:SlitherStrike","sneckomod:UnknownUncommonPower+1","sneckomod:UnknownRareSkill","sneckomod:UnknownRarePower+1","sneckomod:UnknownDraw","sneckomod:DiceBlock","sneckomod:Unknown0Cost+1","sneckomod:DiceCrush","sneckomod:Restock+1","sneckomod:UnknownDexterity+1","sneckomod:SoulRoll","Guardian:Gem_Cyan","sneckomod:UnknownBoss+1","sneckomod:UnknownDraw+1","sneckomod:Unknown0Cost+1","sneckomod:UnlimitedRolls","sneckomod:Unknown0Cost+1","sneckomod:MorePower","sneckomod:UnknownUncommonSkill+1","sneckomod:UnknownExhaust+1","sneckomod:SoulRoll+1","sneckomod:UnknownCommonSkill+1","sneckomod:Nope+1","sneckomod:UnknownRarePower+1","sneckomod:UnknownRareSkill+1","sneckomod:DiceCrush+1","sneckomod:UnknownX+1","sneckomod:SoulDraw","expansioncontent:AwakenDeath","sneckomod:UnknownExhaust+1","sneckomod:UnknownRareSkill+1","sneckomod:Rotation+1","sneckomod:DiceCrush+1","sneckomod:UnknownDraw+1","sneckomod:UnknownDraw+1","sneckomod:DiceBoulder+1","sneckomod:UnknownStrike+1","sneckomod:Unknown2Cost+1","sneckomod:UnknownCommonSkill+1","Chrysalis","sneckomod:Nope","sneckomod:UnknownBlock+1","sneckomod:Unknown3Cost+1","sneckomod:IronFang+1","sneckomod:SoulRoll+1","sneckomod:Unknown1Cost+1","sneckomod:SlitherStrike"],"relics":["Philosopher\u0027s Stone","hexamod:CandleOfCauterizing","bronze:DecasWashers","downfall:ShatteredFragment","bronze:MakeshiftBattery","Red Mask","Question Card","downfall:HeartBlessingGreen","Eternal Feather","Peace Pipe","Fusion Hammer","downfall:HeartBlessingBlue","Lizard Tail","Shovel","Bronze Scales","downfall:HeartBlessingRed","Pen Nib","Calipers","InkBottle"],"acts_visited":["Exordium","TheCity","TheBeyond","TheEnding"],"potions_floor_usage":[9,19,20,29,33,33,36,49,55,56,56],"damage_taken":[{"damage":5,"enemies":"Cultist","floor":2,"turns":3},{"damage":5,"enemies":"downfall:FleeingMerchant","floor":5,"turns":4},{"damage":22,"enemies":"3 Sentries","floor":6,"turns":12},{"damage":0,"enemies":"Jaw Worm","floor":8,"turns":3},{"damage":39,"enemies":"Gremlin Nob","floor":9,"turns":4},{"damage":4,"enemies":"2 Louse","floor":15,"turns":2},{"damage":39,"enemies":"DF_ARCHETYPE_STREAMLINE","floor":16,"turns":5},{"damage":18,"enemies":"3 Byrds","floor":19,"turns":3},{"damage":10,"enemies":"Masked Bandits","floor":20,"turns":3},{"damage":7,"enemies":"Slavers","floor":25,"turns":6},{"damage":0,"enemies":"Chosen","floor":26,"turns":3},{"damage":0,"enemies":"downfall:FleeingMerchant","floor":27,"turns":4},{"damage":11,"enemies":"Snecko","floor":29,"turns":3},{"damage":5,"enemies":"Centurion and Healer","floor":31,"turns":3},{"damage":0,"enemies":"Cultist and Chosen","floor":32,"turns":6},{"damage":29,"enemies":"IC_MUSHROOM_ARCHETYPE","floor":33,"turns":7},{"damage":21,"enemies":"3 Shapes","floor":36,"turns":4},{"damage":0,"enemies":"3 Shapes","floor":37,"turns":4},{"damage":26,"enemies":"3 Darklings","floor":38,"turns":7},{"damage":29,"enemies":"2 Orb Walkers","floor":40,"turns":5},{"damage":0,"enemies":"downfall:FleeingMerchant","floor":44,"turns":4},{"damage":0,"enemies":"Jaw Worm Horde","floor":45,"turns":2},{"damage":12,"enemies":"Writhing Mass","floor":46,"turns":5},{"damage":8,"enemies":"downfall:FleeingMerchant","floor":48,"turns":2},{"damage":24,"enemies":"Transient","floor":49,"turns":5},{"damage":29,"enemies":"SI_POISON_ARCHETYPE","floor":50,"turns":8},{"damage":0,"enemies":"downfall:CharBossMerchant","floor":52,"turns":6},{"damage":28,"enemies":"downfall:NeowBoss","floor":55,"turns":12},{"damage":15,"enemies":"downfall:NeowBossFinal","floor":56,"turns":6}],"seed_played":"-2350211045791728370","potions_obtained":[{"floor":8,"key":"DistilledChaos"},{"floor":16,"key":"Block Potion"},{"floor":20,"key":"EntropicBrew"},{"floor":25,"key":"sneckomod:CheatPotion"},{"floor":28,"key":"Swift Potion"},{"floor":31,"key":"Guardian:BlockOnCardUsePotion"},{"floor":32,"key":"Swift Potion"},{"floor":45,"key":"bronze:BurnAndBuffPotion"},{"floor":46,"key":"Regen Potion"},{"floor":49,"key":"Explosive Potion"}],"is_trial":false,"path_per_floor":["R","M","?","?","$","E","T","M","E","?","R","?","R","?","M","B",null,"R","M","?","?","?","R","T","E","M","$","?","M","?","M","M","B",null,"R","M","?","M","?","?","T","?","R","$","M","M","R","$","M","B",null,"E","$","R","B","B",null],"character_chosen":"THE_SNECKO","items_purchased":["sneckomod:SoulDraw","sneckomod:Nope","sneckomod:Restock","Chrysalis","sneckomod:Nope","sneckomod:SlitherStrike","LiquidMemories"],"campfire_rested":3,"item_purchase_floors":[5,5,27,48,48,53,53],"current_hp_per_floor":[90,90,90,90,85,63,63,63,24,3,30,30,57,57,53,14,90,90,72,62,62,62,62,62,55,55,55,55,44,44,39,39,10,90,100,79,79,53,53,24,24,24,51,51,51,39,99,96,81,57,97,97,97,97,69,64],"gold":38,"neow_bonus":"BOSS_RELIC","is_daily":false,"chose_seed":false,"campfire_upgraded":3,"win_rate":0.0,"timestamp":1612554754,"path_taken":["R","M","?","?","$","E","T","M","E","?","R","?","R","?","M","BOSS","R","M","?","?","?","R","T","E","?","$","?","?","?","M","M","BOSS","R","?","?","M","?","?","T","?","R","$","M","M","R","$","M","BOSS","E","$","R","BOSS","BOSS"],"items_purchased_type":["Card","Card","Card","Card","Card","Card","Potion"],"build_version":"2020-12-22","purchased_purges":2,"victory":true,"max_hp_per_floor":[90,90,90,90,90,90,90,90,90,90,90,90,90,90,90,90,90,90,90,90,90,90,90,90,90,90,90,90,90,90,90,90,90,90,100,100,100,100,100,100,100,100,100,100,100,100,100,97,97,97,97,97,97,97,97,97],"card_choices":[{"not_picked":["sneckomod:SoulRoll","sneckomod:RainOfDice"],"picked":"sneckomod:UnknownX","floor":2},{"not_picked":["sneckomod:RainOfDice","sneckomod:ImprovisedAttack"],"picked":"sneckomod:UnknownDraw","floor":5},{"not_picked":["sneckomod:UnknownStrength","sneckomod:Unknown1Cost"],"picked":"sneckomod:UnknownRareSkill","floor":6},{"not_picked":["sneckomod:RainOfDice","sneckomod:IronFang"],"picked":"sneckomod:UnknownExhaust","floor":8},{"not_picked":["sneckomod:UnknownCommonAttack","sneckomod:Unknown2Cost"],"picked":"sneckomod:SoulDraw","floor":9},{"not_picked":["sneckomod:UnknownCommonAttack","sneckomod:RainOfDice"],"picked":"sneckomod:SlitherStrike","floor":15},{"not_picked":["sneckomod:UnknownBoss","sneckomod:SerpentMind"],"picked":"sneckomod:MorePower","floor":16},{"not_picked":["sneckomod:UnknownDexterity+1","sneckomod:UnknownCommonSkill+1"],"picked":"sneckomod:Unknown3Cost+1","floor":19},{"not_picked":["sneckomod:DiceCrush+1","sneckomod:Unknown1Cost"],"picked":"sneckomod:SlitherStrike","floor":19},{"not_picked":["sneckomod:UnknownUncommonAttack+1","sneckomod:Unknown2Cost+1"],"picked":"sneckomod:UnknownUncommonPower+1","floor":20},{"not_picked":["sneckomod:DiceBlock","sneckomod:UnknownCommonSkill"],"picked":"sneckomod:UnknownRareSkill","floor":20},{"not_picked":["sneckomod:UnknownColorless+1","sneckomod:UnknownBoss+1"],"picked":"sneckomod:UnknownRarePower+1","floor":25},{"not_picked":["sneckomod:UnknownCommonSkill","sneckomod:RainOfDice","sneckomod:SnekBeam"],"picked":"sneckomod:UnknownDraw","floor":25},{"not_picked":["sneckomod:QuickBite+1","sneckomod:SoulDraw+1","sneckomod:RainOfDice"],"picked":"sneckomod:DiceBlock","floor":26},{"not_picked":["sneckomod:UnknownWeak+1","sneckomod:UnknownClassGUARDIAN+1"],"picked":"sneckomod:Unknown0Cost+1","floor":27},{"not_picked":["sneckomod:SerpentIdol","sneckomod:DiceBlock+1","sneckomod:UnknownClassGUARDIAN+1"],"picked":"sneckomod:DiceCrush","floor":27},{"not_picked":["sneckomod:UnknownClassGUARDIAN+1","sneckomod:UnknownBoss+1"],"picked":"sneckomod:UnknownDexterity+1","floor":29},{"not_picked":["sneckomod:IronFang","sneckomod:SoulDraw","sneckomod:UnknownDraw"],"picked":"sneckomod:SoulRoll","floor":29},{"not_picked":["Guardian:Gem_Red","Guardian:Gem_Green"],"picked":"Guardian:Gem_Cyan","floor":31},{"not_picked":["sneckomod:UnknownDexterity+1","sneckomod:UnknownCommonSkill+1"],"picked":"sneckomod:UnknownBoss+1","floor":31},{"not_picked":["sneckomod:SoulRoll","sneckomod:UnknownColorless","sneckomod:CheapStock"],"picked":"sneckomod:UnknownDraw+1","floor":31},{"not_picked":["sneckomod:UnknownClassSLIMEBOUND+1","sneckomod:UnknownBoss+1"],"picked":"sneckomod:Unknown0Cost+1","floor":32},{"not_picked":["sneckomod:SoulCleanse+1","sneckomod:SerpentIdol","sneckomod:UnknownDraw"],"picked":"sneckomod:UnlimitedRolls","floor":32},{"not_picked":["sneckomod:UnknownStrike+1","sneckomod:Unknown3Cost+1"],"picked":"sneckomod:Unknown0Cost+1","floor":33},{"not_picked":["sneckomod:UnknownBoss","sneckomod:DangerNoodle","sneckomod:UnknownRareSkill"],"picked":"sneckomod:MorePower","floor":33},{"not_picked":["sneckomod:UnknownClassTHE_CHAMP_GRAY+1","sneckomod:UnknownUncommonAttack+1"],"picked":"sneckomod:UnknownUncommonSkill+1","floor":36},{"not_picked":["sneckomod:UnknownUncommonPower+1","sneckomod:UnknownClassGUARDIAN+1"],"picked":"sneckomod:UnknownExhaust+1","floor":36},{"not_picked":["sneckomod:UnknownStrength+1","sneckomod:QuickMove","sneckomod:ImprovisedAttack"],"picked":"sneckomod:SoulRoll+1","floor":36},{"not_picked":["sneckomod:UnknownDexterity+1","sneckomod:UnknownClassGUARDIAN+1"],"picked":"sneckomod:UnknownCommonSkill+1","floor":37},{"not_picked":["sneckomod:ImprovisedAttack+1","sneckomod:SoulDraw","sneckomod:UnknownClassGUARDIAN+1"],"picked":"sneckomod:Nope+1","floor":37},{"not_picked":["sneckomod:Unknown3Cost+1","sneckomod:UnknownUncommonSkill+1"],"picked":"sneckomod:UnknownRarePower+1","floor":38},{"not_picked":["sneckomod:UnknownUncommonPower+1","sneckomod:UnknownDexterity+1"],"picked":"sneckomod:UnknownRareSkill+1","floor":38},{"not_picked":["sneckomod:CheapStock+1","sneckomod:UnknownUncommonPower","sneckomod:Memorize"],"picked":"sneckomod:DiceCrush+1","floor":38},{"not_picked":["sneckomod:UnknownCommonAttack+1","sneckomod:UnknownBlock+1"],"picked":"sneckomod:UnknownX+1","floor":40},{"not_picked":["sneckomod:DiceBlock+1","sneckomod:QuickBite","sneckomod:UnknownClassGUARDIAN+1"],"picked":"sneckomod:SoulDraw","floor":40},{"not_picked":["expansioncontent:GuardianWhirl","expansioncontent:PolyBeam"],"picked":"expansioncontent:AwakenDeath","floor":42},{"not_picked":["sneckomod:UnknownBoss+1","sneckomod:UnknownStrength+1"],"picked":"sneckomod:UnknownExhaust+1","floor":44},{"not_picked":["sneckomod:UnknownStrike+1","sneckomod:UnknownUncommonAttack+1"],"picked":"sneckomod:UnknownRareSkill+1","floor":44},{"not_picked":["sneckomod:UnknownBlock","sneckomod:UnknownStrike+1","sneckomod:Unknown1Cost+1"],"picked":"sneckomod:Rotation+1","floor":44},{"not_picked":["sneckomod:UnknownCommonSkill","sneckomod:UnknownDexterity+1","sneckomod:SoulRoll"],"picked":"sneckomod:DiceCrush+1","floor":45},{"not_picked":["sneckomod:Unknown3Cost+1","sneckomod:Unknown0Cost+1"],"picked":"sneckomod:UnknownDraw+1","floor":46},{"not_picked":["sneckomod:UnknownClassTHE_CHAMP_GRAY+1","sneckomod:Unknown3Cost+1"],"picked":"sneckomod:UnknownDraw+1","floor":46},{"not_picked":["sneckomod:IronFang+1","sneckomod:UnknownX+1","sneckomod:UnknownVulnerable+1"],"picked":"sneckomod:DiceBoulder+1","floor":46},{"not_picked":["sneckomod:UnknownStrength+1","sneckomod:UnknownClassTHE_CHAMP_GRAY+1"],"picked":"sneckomod:UnknownStrike+1","floor":48},{"not_picked":["sneckomod:UnknownCommonSkill+1","sneckomod:UnknownCommonAttack+1"],"picked":"sneckomod:Unknown2Cost+1","floor":48},{"not_picked":["sneckomod:SoulCleanse","sneckomod:MasterEye","sneckomod:QuickMove"],"picked":"sneckomod:UnknownCommonSkill+1","floor":48},{"not_picked":["sneckomod:Unknown1Cost+1","sneckomod:UnknownUncommonAttack+1"],"picked":"sneckomod:UnknownBlock+1","floor":49},{"not_picked":["sneckomod:UnknownVulnerable+1","sneckomod:UnknownBlock+1"],"picked":"sneckomod:Unknown3Cost+1","floor":49},{"not_picked":["sneckomod:QuickMove+1","sneckomod:SoulDraw","sneckomod:UnendingSupply"],"picked":"sneckomod:IronFang+1","floor":49},{"not_picked":["sneckomod:UnknownCommonAttack","sneckomod:UnknownVulnerable+1","sneckomod:IronFang+1"],"picked":"sneckomod:SoulRoll+1","floor":52},{"not_picked":["sneckomod:UnknownStrike+1","sneckomod:UnknownClassGUARDIAN+1"],"picked":"sneckomod:Unknown1Cost+1","floor":52}],"player_experience":356655,"relics_obtained":[{"floor":6,"key":"hexamod:CandleOfCauterizing"},{"floor":9,"key":"bronze:DecasWashers"},{"floor":20,"key":"Red Mask"},{"floor":24,"key":"Eternal Feather"},{"floor":25,"key":"Peace Pipe"},{"floor":37,"key":"Lizard Tail"},{"floor":40,"key":"Shovel"},{"floor":41,"key":"Bronze Scales"},{"floor":43,"key":"Pen Nib"},{"floor":52,"key":"Calipers"},{"floor":54,"key":"InkBottle"}],"event_choices":[{"cards_removed":["sneckomod:Strike"],"damage_healed":0,"gold_gain":0,"player_choice":"Card Removal","damage_taken":0,"max_hp_gain":0,"max_hp_loss":0,"event_name":"The Cleric","floor":12,"gold_loss":0},{"damage_healed":0,"gold_gain":0,"player_choice":"Fought Bandits","damage_taken":0,"max_hp_gain":0,"max_hp_loss":0,"event_name":"Masked Bandits","floor":20,"gold_loss":0},{"damage_healed":0,"gold_gain":0,"player_choice":"Got Potions","damage_taken":0,"max_hp_gain":0,"max_hp_loss":0,"event_name":"Lab","floor":28,"gold_loss":0},{"cards_removed":["sneckomod:Defend"],"damage_healed":0,"gold_gain":0,"player_choice":"Removed Skill","damage_taken":0,"max_hp_gain":0,"max_hp_loss":0,"event_name":"Falling","floor":39,"gold_loss":0},{"damage_healed":0,"gold_gain":0,"player_choice":"Fight","damage_taken":0,"max_hp_gain":0,"max_hp_loss":0,"event_name":"Mysterious Sphere","floor":40,"gold_loss":0}],"is_beta":false,"boss_relics":[{"not_picked":["Busted Crown","Sozu"],"picked":"bronze:MakeshiftBattery"},{"not_picked":["Runic Pyramid","Pandora\u0027s Box"],"picked":"Fusion Hammer"}],"items_purged_floors":[27,48],"is_endless":false,"potions_floor_spawned":[8,16,20,25,31,32,45,46,49],"ascension_level":0}}