{"host":"vyrim7c8c6ucsmzk","time":1612489051,"event":{"mods":["BaseMod","Colored Map","Downfall","Minty Spire (QoL Compilation)","StSLib"],"gold_per_floor":[99,110,120,140,50,81,108,108,108,125,159,144,44,144,160,258,258,258,243,262,174,185,85,110,110,10,38,53,53,122,122,138,241,241,241,260,280,280,50,50,97,109,121,164,176,205,217,244,270,282,294,306,306,306],"floor_reached":52,"language":"ENG","playtime":5474,"items_purged":["Slimebound:Strike_Slimebound","Slimebound:Strike_Slimebound"],"score":735,"play_id":"900bbcc1-d12c-4a03-b083-7d78e32cb41e","local_time":"20210204203731","is_ascension_mode":false,"campfire_choices":[{"data":"Slimebound:PrepareCrush","floor":1.0,"key":"SMITH"},{"data":"Slimebound:LeadByExample","floor":13.0,"key":"SMITH"},{"floor":18.0,"key":"RECALL"},{"floor":23.0,"key":"REST"},{"data":"Slimebound:Prepare","floor":26.0,"key":"SMITH"},{"data":"Slimebound:SlimeBarrage","floor":29,"key":"SMITH"},{"data":"Slimebound:MassRepurpose","floor":35,"key":"SMITH"},{"data":"Slimebound:Split","floor":42,"key":"SMITH"},{"floor":45,"key":"REST"}],"circlet_count":0,"master_deck":["Slimebound:Strike_Slimebound+1","Slimebound:Tackle+1","Slimebound:Defend_Slimebound","Slimebound:Defend_Slimebound","Slimebound:Defend_Slimebound","Slimebound:Defend_Slimebound","Slimebound:Split+1","Slimebound:CorrosiveSpit","Slimebound:PrepareCrush+1","Slimebound:SplitBruiser","Slimebound:MegaLick+1","Slimebound:Prepare+1","Slimebound:SplitLeeching","Slimebound:LeadByExample+1","downfall:Malfunctioning","Slimebound:SplitAcid","Slimebound:FinishingTackle+1","Slimebound:MassFeed","Slimebound:GoopSpray+1","Slimebound:LivingWall","Slimebound:SlimeBarrage+1","Slimebound:LivingWall","Slimebound:MassRepurpose+1","Slimebound:Prepare+1","expansioncontent:InvincibleStrength","expansioncontent:AwakenDeath","expansioncontent:LastStand"],"relics":["Slimebound:AbsorbEndCombatUpgraded","Anchor","Regal Pillow","StoneCalendar","downfall:HeartBlessingGreen","White Beast Statue","downfall:HeartBlessingRed","downfall:HeartBlessingBlue","Bag of Marbles","Medical Kit","Busted Crown","Blue Candle","Lee\u0027s Waffle","MawBank","Smiling Mask"],"acts_visited":["Exordium","TheCity","TheBeyond","TheEnding"],"potions_floor_usage":[30,32,33,33,36,36,40,46,48,49,50,50,52],"damage_taken":[{"damage":3.0,"enemies":"2 Louse","floor":2.0,"turns":3.0},{"damage":3.0,"enemies":"Small Slimes","floor":3.0,"turns":2.0},{"damage":4.0,"enemies":"Cultist","floor":4.0,"turns":3.0},{"damage":5.0,"enemies":"downfall:FleeingMerchant","floor":5.0,"turns":4.0},{"damage":4.0,"enemies":"Gremlin Nob","floor":6.0,"turns":3.0},{"damage":0.0,"enemies":"Large Slime","floor":10.0,"turns":5.0},{"damage":15.0,"enemies":"Lagavulin","floor":11.0,"turns":6.0},{"damage":2.0,"enemies":"downfall:FleeingMerchant","floor":12.0,"turns":4.0},{"damage":16.0,"enemies":"downfall:LadyInBlue","floor":14.0,"turns":9.0},{"damage":5.0,"enemies":"2 Fungi Beasts","floor":15.0,"turns":3.0},{"damage":20.0,"enemies":"WA_ARCHETYPE_RETAIN","floor":16.0,"turns":7.0},{"damage":3.0,"enemies":"downfall:FleeingMerchant","floor":19.0,"turns":4.0},{"damage":0.0,"enemies":"Chosen","floor":20.0,"turns":3.0},{"damage":16.0,"enemies":"downfall:FleeingMerchant","floor":21.0,"turns":4.0},{"damage":18.0,"enemies":"Shell Parasite","floor":22.0,"turns":3.0},{"damage":13.0,"enemies":"Slavers","floor":27.0,"turns":5.0},{"damage":22,"enemies":"Cultist and Chosen","floor":28,"turns":6},{"damage":7,"enemies":"downfall:FleeingMerchant","floor":30,"turns":3},{"damage":0,"enemies":"Chosen and Byrds","floor":32,"turns":4},{"damage":43,"enemies":"SI_MIRROR_ARCHETYPE","floor":33,"turns":12},{"damage":14,"enemies":"3 Darklings","floor":36,"turns":5},{"damage":1,"enemies":"Orb Walker","floor":37,"turns":3},{"damage":0,"enemies":"Transient","floor":40,"turns":1},{"damage":52,"enemies":"Giant Head","floor":44,"turns":8},{"damage":4,"enemies":"4 Shapes","floor":46,"turns":6},{"damage":28,"enemies":"Jaw Worm Horde","floor":48,"turns":4},{"damage":3,"enemies":"Maw","floor":49,"turns":7},{"damage":90,"enemies":"DF_ARCHETYPE_ORBS","floor":50,"turns":9},{"damage":202,"enemies":"downfall:CharBossMerchant","floor":52,"turns":10}],"seed_played":"105241511845276673","potions_obtained":[{"floor":2.0,"key":"EssenceOfSteel"},{"floor":3.0,"key":"FairyPotion"},{"floor":6.0,"key":"SneckoOil"},{"floor":10.0,"key":"SpeedPotion"},{"floor":14.0,"key":"Guardian:BlockOnCardUsePotion"},{"floor":14.0,"key":"SneckoOil"},{"floor":15.0,"key":"champ:CounterPotion"},{"floor":16.0,"key":"EntropicBrew"},{"floor":19.0,"key":"hexamod:SoulburnPotion"},{"floor":20.0,"key":"Ancient Potion"},{"floor":21.0,"key":"Strength Potion"},{"floor":22.0,"key":"Slimebound:ThreeZeroPotion"},{"floor":27.0,"key":"Strength Potion"},{"floor":28,"key":"EssenceOfSteel"},{"floor":30,"key":"Explosive Potion"},{"floor":32,"key":"GamblersBrew"},{"floor":33,"key":"Energy Potion"},{"floor":36,"key":"SmokeBomb"},{"floor":37,"key":"bronze:BurnAndBuffPotion"},{"floor":44,"key":"GamblersBrew"},{"floor":46,"key":"PowerPotion"},{"floor":48,"key":"FearPotion"},{"floor":49,"key":"SkillPotion"}],"is_trial":false,"path_per_floor":["R","M","M","M","$","E","T","?","?","M","E","$","R","?","M","B",null,"R","$","M","$","M","R","T","?","R","E","M","R","$","?","M","B",null,"R","M","M","?","$","M","T","R","?","E","R","M","?","M","M","B",null,"E"],"character_chosen":"SLIMEBOUND","items_purchased":["Slimebound:MassFeed","Medical Kit","Slimebound:LivingWall","Lee\u0027s Waffle","Guardian:BlockOnCardUsePotion"],"campfire_rested":2,"item_purchase_floors":[21,30,30,39,39],"current_hp_per_floor":[65,64,63,63,64,61,61,61,61,65,52,54,54,42,37,21,65,65,65,68,55,43,71,71,71,81,87,71,71,70,70,73,45,93,93,89,91,86,103,103,103,103,103,66,103,106,96,86,92,8,112,0,0,0],"gold":306,"neow_bonus":"ONE_RANDOM_RARE_CARD","is_daily":false,"chose_seed":false,"campfire_upgraded":6,"win_rate":0.0,"timestamp":1612489051,"path_taken":["R","M","M","M","$","E","T","?","?","M","E","$","R","?","M","BOSS","R","?","M","$","M","R","T","?","R","E","M","R","$","?","M","BOSS","R","M","M","?","$","M","T","R","?","E","R","M","?","M","M","BOSS","E"],"items_purchased_type":["Card","Relic","Card","Relic","Potion"],"build_version":"2020-12-22","purchased_purges":2,"victory":false,"max_hp_per_floor":[65,65,65,65,65,65,65,65,65,65,65,65,65,65,65,65,65,65,65,68,68,71,71,71,71,81,87,90,90,93,93,93,93,93,93,96,96,96,103,103,103,103,103,103,103,106,106,112,112,112,112,112,112,112],"card_choices":[{"not_picked":["Slimebound:Gluttony","Slimebound:RainOfGoop"],"picked":"Slimebound:SplitBruiser","floor":2.0},{"not_picked":["Slimebound:Dissolve","Slimebound:FormOfPuddle"],"picked":"Slimebound:MegaLick","floor":3.0},{"not_picked":["Slimebound:GoopTackle","Slimebound:DisruptingSlam"],"picked":"Slimebound:Prepare","floor":4.0},{"not_picked":["Slimebound:GoopTackle","Slimebound:DisruptingSlam"],"picked":"Slimebound:SplitLeeching","floor":5.0},{"not_picked":["Slimebound:FirmFortitude","Slimebound:RejuvenatingLick"],"picked":"Slimebound:LeadByExample","floor":6.0},{"not_picked":["Slimebound:GoopTackle","Slimebound:SplitLeeching","Slimebound:SplitMire"],"picked":"SKIP","floor":10.0},{"not_picked":["Slimebound:ProtectTheBoss","Slimebound:RejuvenatingLick","Slimebound:ComboTackle"],"picked":"SKIP","floor":11.0},{"not_picked":["Slimebound:LeechingTouch","Slimebound:Grow","Slimebound:SplitMire"],"picked":"SKIP","floor":12.0},{"not_picked":["Slimebound:Prepare","Slimebound:Chomp"],"picked":"Slimebound:SplitAcid","floor":14.0},{"not_picked":["Slimebound:LeechingTouch","Slimebound:DouseInSlime","Slimebound:BestDefense"],"picked":"SKIP","floor":15.0},{"not_picked":["Slimebound:MassRepurpose","Slimebound:SelfFormingGoo"],"picked":"Slimebound:MassFeed","floor":16.0},{"not_picked":["Slimebound:Grow","Slimebound:LeechingTouch","Slimebound:RejuvenatingLick"],"picked":"SKIP","floor":19.0},{"not_picked":["Slimebound:SplitMire","Slimebound:Chomp"],"picked":"Slimebound:FinishingTackle+1","floor":20.0},{"not_picked":["Slimebound:Equalize","Slimebound:ComboTackle","Slimebound:FormOfPuddle"],"picked":"SKIP","floor":21.0},{"not_picked":["Slimebound:PrepareCrush","Slimebound:ItLooksTasty"],"picked":"Slimebound:GoopSpray+1","floor":22.0},{"not_picked":["Slimebound:Schlurp","Slimebound:Dissolve+1"],"picked":"Slimebound:LivingWall","floor":27.0},{"not_picked":["Slimebound:GoopSpray+1","Slimebound:ItLooksTasty"],"picked":"Slimebound:SlimeBarrage","floor":28},{"not_picked":["Slimebound:SplitLeeching+1","Slimebound:RejuvenatingLick","Slimebound:DouseInSlime"],"picked":"SKIP","floor":30},{"not_picked":["Slimebound:PressTheAttack","Slimebound:TongueLash+1","Slimebound:ComboTackle"],"picked":"SKIP","floor":32},{"not_picked":["Slimebound:SelfFormingGoo","Slimebound:RallyTheTroops"],"picked":"Slimebound:MassRepurpose","floor":33},{"not_picked":["Slimebound:TongueLash+1"],"picked":"SKIP","floor":36},{"not_picked":[],"picked":"Slimebound:Prepare+1","floor":37},{"not_picked":["Slimebound:LeechingTouch+1"],"picked":"SKIP","floor":44},{"not_picked":["Slimebound:Equalize+1"],"picked":"SKIP","floor":46},{"not_picked":["expansioncontent:Hexaburn","expansioncontent:GuardianWhirl"],"picked":"expansioncontent:InvincibleStrength","floor":47},{"not_picked":["expansioncontent:YouAreMine","expansioncontent:Hexaburn"],"picked":"expansioncontent:AwakenDeath","floor":47},{"not_picked":["expansioncontent:AwakenDeath","expansioncontent:Chronoboost"],"picked":"expansioncontent:LastStand","floor":47},{"not_picked":["Slimebound:GoopTackle"],"picked":"SKIP","floor":48},{"not_picked":["Slimebound:HauntingLick"],"picked":"SKIP","floor":49}],"player_experience":1340771,"relics_obtained":[{"floor":6.0,"key":"Anchor"},{"floor":7.0,"key":"Regal Pillow"},{"floor":11.0,"key":"StoneCalendar"},{"floor":14.0,"key":"White Beast Statue"},{"floor":27.0,"key":"Bag of Marbles"},{"floor":41,"key":"MawBank"},{"floor":44,"key":"Smiling Mask"}],"event_choices":[{"cards_removed":["Slimebound:MassFeed"],"damage_healed":0,"gold_gain":0,"player_choice":"Removed Attack","damage_taken":0,"max_hp_gain":0,"max_hp_loss":0,"event_name":"Falling","floor":43,"gold_loss":0}],"is_beta":false,"boss_relics":[{"not_picked":["SlaversCollar","Empty Cage"],"picked":"Slimebound:AbsorbEndCombatUpgraded"},{"not_picked":["Snecko Eye","Astrolabe"],"picked":"Busted Crown"}],"items_purged_floors":[5,30],"is_endless":false,"potions_floor_spawned":[2,3,6,10,15,16,19,20,21,22,27,28,30,32,33,36,37,40,44,46,48,49],"killed_by":"downfall:CharBossMerchant","ascension_level":0}}