{"host":"8u7tvcybuv0u72fd","time":1612500957,"event":{"mods":["BaseMod","BetterRewards","Colored Map","Colored Powertips","Minty Spire (QoL Compilation)","Quick Restart","Shop Mod"],"gold_per_floor":[114,128,303,1,18,18,32,32,32,32,60,60,94,112,112,216,216,234,224,224,224,224,224,253,253,253,178,197,197,215,314,314,419,419,434,434,434,434,85,85,112,112,112,122,141,64,64,78,78,78,78],"floor_reached":50,"language":"ENG","playtime":2081,"items_purged":["Berserk"],"score":496,"play_id":"e196a3c5-23a5-4856-9e1b-5a5e9cd415dc","local_time":"20210204235557","is_ascension_mode":false,"campfire_choices":[{"data":"Barricade","floor":8.0,"key":"SMITH"},{"floor":10.0,"key":"REST"},{"data":"Bash","floor":15.0,"key":"SMITH"},{"data":"Shrug It Off","floor":23.0,"key":"SMITH"},{"data":"Dramatic Entrance","floor":25.0,"key":"SMITH"},{"data":"Iron Wave","floor":29.0,"key":"SMITH"},{"floor":32.0,"key":"REST"},{"data":"Double Tap","floor":40,"key":"SMITH"},{"data":"Finesse","floor":42,"key":"SMITH"},{"floor":47,"key":"RECALL"},{"data":"Defend_R","floor":49,"key":"SMITH"}],"circlet_count":0,"master_deck":["Strike_R","Strike_R","Strike_R","Strike_R","Defend_R+1","Defend_R","Defend_R","Defend_R+1","Bash+1","Barricade+1","Iron Wave+1","Seeing Red+1","Headbutt","Shrug It Off+1","Necronomicurse","Dramatic Entrance+1","Rage+1","Double Tap+1","Finesse+1","Thunderclap+1"],"relics":["Burning Blood","Sling","Pantograph","Boot","TheAbacus","Ginger","Akabeko","Sundial","Toy Ornithopter","Velvet Choker","Necronomicon","Regal Pillow","Lantern","SacredBark","Champion Belt","Bronze Scales"],"acts_visited":["Exordium","TheCity","TheBeyond"],"potions_floor_usage":[],"damage_taken":[{"damage":0.0,"enemies":"Small Slimes","floor":1.0,"turns":5.0},{"damage":4.0,"enemies":"Jaw Worm","floor":2.0,"turns":4.0},{"damage":0.0,"enemies":"2 Louse","floor":5.0,"turns":3.0},{"damage":24.0,"enemies":"Exordium Thugs","floor":7.0,"turns":6.0},{"damage":13.0,"enemies":"Gremlin Nob","floor":11.0,"turns":5.0},{"damage":13.0,"enemies":"3 Sentries","floor":13.0,"turns":9.0},{"damage":0.0,"enemies":"Large Slime","floor":14.0,"turns":5.0},{"damage":51.0,"enemies":"Hexaghost","floor":16.0,"turns":12.0},{"damage":20.0,"enemies":"Spheric Guardian","floor":18.0,"turns":6.0},{"damage":22.0,"enemies":"2 Thieves","floor":19.0,"turns":4.0},{"damage":31.0,"enemies":"Book of Stabbing","floor":24.0,"turns":6.0},{"damage":16.0,"enemies":"Snake Plant","floor":28.0,"turns":4.0},{"damage":0.0,"enemies":"Centurion and Healer","floor":30.0,"turns":5.0},{"damage":14.0,"enemies":"Collector","floor":33.0,"turns":19.0},{"damage":4.0,"enemies":"3 Shapes","floor":35.0,"turns":3.0},{"damage":18,"enemies":"Nemesis","floor":41,"turns":7},{"damage":20,"enemies":"Orb Walker","floor":44,"turns":3},{"damage":0,"enemies":"Maw","floor":45,"turns":8},{"damage":18,"enemies":"3 Darklings","floor":48,"turns":6},{"damage":65,"enemies":"Donu and Deca","floor":50,"turns":7}],"seed_played":"7415942248930107780","potions_obtained":[{"floor":5.0,"key":"Weak Potion"},{"floor":7.0,"key":"Regen Potion"},{"floor":11.0,"key":"LiquidBronze"},{"floor":13.0,"key":"PowerPotion"},{"floor":19.0,"key":"Block Potion"},{"floor":24.0,"key":"SneckoOil"},{"floor":35.0,"key":"Strength Potion"}],"is_trial":false,"path_per_floor":["M","M","?","$","M","?","M","R","T","R","E","?","E","M","R","B",null,"M","M","?","?","?","R","E","R","T","$","M","R","M","?","R","B",null,"M","?","?","?","$","R","E","R","T","M","M","$","R","M","R","B"],"character_chosen":"IRONCLAD","items_purchased":["Sling","Pantograph","Boot","Barricade","TheAbacus","Ginger","Champion Belt","Fire Potion","LiquidBronze"],"campfire_rested":2,"item_purchase_floors":[0,0,0,0,0,4,39,39,46],"current_hp_per_floor":[50,52,52,52,58,42,24,24,24,48,55,48,41,47,47,32,80,66,50,76,60,60,60,35,35,35,35,25,25,31,31,70,72,80,80,80,80,80,80,80,68,68,68,54,60,60,60,48,48,8,8],"gold":78,"neow_bonus":"","is_daily":false,"chose_seed":false,"campfire_upgraded":8,"win_rate":0.0,"timestamp":1612500957,"path_taken":["M","M","?","$","M","?","M","R","T","R","E","?","E","M","R","BOSS","M","M","?","?","?","R","E","R","T","$","M","R","?","?","R","BOSS","M","?","?","?","$","R","E","R","T","M","M","$","R","?","R","BOSS"],"items_purchased_type":["Relic","Relic","Relic","Card","Relic","Relic","Relic","Potion","Potion"],"build_version":"2020-12-22","purchased_purges":1,"victory":false,"max_hp_per_floor":[80,80,80,80,80,80,80,80,80,80,80,80,80,80,80,80,80,80,80,80,80,80,80,80,80,80,80,80,80,80,80,80,80,80,80,80,80,80,80,80,80,80,80,80,80,80,80,80,80,80,80],"card_choices":[{"not_picked":["Armaments","Thunderclap"],"picked":"Iron Wave","floor":1.0},{"not_picked":["Wild Strike","Fire Breathing"],"picked":"Seeing Red","floor":2.0},{"not_picked":["Havoc","Bloodletting"],"picked":"Headbutt","floor":5.0},{"not_picked":["Ghostly Armor","Havoc","Carnage"],"picked":"SKIP","floor":7.0},{"not_picked":["Inflame","Bloodletting","True Grit"],"picked":"SKIP","floor":11.0},{"not_picked":["Perfected Strike","Combust","Iron Wave"],"picked":"SKIP","floor":13.0},{"not_picked":["Clothesline","Spot Weakness"],"picked":"Shrug It Off","floor":14.0},{"not_picked":["Brutality","Exhume"],"picked":"Berserk","floor":16.0},{"not_picked":["Seeing Red","Twin Strike+1","Combust"],"picked":"SKIP","floor":18.0},{"not_picked":["Sword Boomerang","Iron Wave","Evolve"],"picked":"SKIP","floor":19.0},{"not_picked":["Perfected Strike+1","Evolve","Dark Embrace"],"picked":"SKIP","floor":24.0},{"not_picked":["Iron Wave","True Grit"],"picked":"Rage+1","floor":28.0},{"not_picked":["Whirlwind","Cleave","Clash"],"picked":"SKIP","floor":30.0},{"not_picked":["Corruption","Fiend Fire"],"picked":"Double Tap","floor":33.0},{"not_picked":["Evolve+1","Shrug It Off","Carnage+1"],"picked":"SKIP","floor":35.0},{"not_picked":["Discovery","Thinking Ahead"],"picked":"Finesse","floor":36.0},{"not_picked":["Armaments","Havoc"],"picked":"Thunderclap+1","floor":41},{"not_picked":["Clash+1","Wild Strike","True Grit"],"picked":"SKIP","floor":44},{"not_picked":["Shrug It Off+1","Perfected Strike+1","Cleave+1"],"picked":"SKIP","floor":45},{"not_picked":["Headbutt","Shrug It Off+1","Searing Blow+1"],"picked":"SKIP","floor":48}],"player_experience":1500145,"relics_obtained":[{"floor":9.0,"key":"Akabeko"},{"floor":11.0,"key":"Sundial"},{"floor":13.0,"key":"Toy Ornithopter"},{"floor":21.0,"key":"Necronomicon"},{"floor":24.0,"key":"Regal Pillow"},{"floor":26.0,"key":"Lantern"},{"floor":41,"key":"Bronze Scales"}],"event_choices":[{"damage_healed":0.0,"max_hp_gain":0.0,"max_hp_loss":0.0,"gold_gain":175.0,"event_name":"Liars Game","player_choice":"AGREE","floor":3.0,"gold_loss":0.0,"damage_taken":0.0,"cards_obtained":["Doubt"]},{"damage_healed":0.0,"max_hp_gain":0.0,"max_hp_loss":0.0,"gold_gain":0.0,"event_name":"Shining Light","player_choice":"Entered Light","floor":6.0,"gold_loss":0.0,"damage_taken":16.0,"cards_upgraded":["Defend_R","Seeing Red"]},{"cards_removed":["Doubt"],"damage_healed":0.0,"max_hp_gain":0.0,"max_hp_loss":0.0,"gold_gain":0.0,"event_name":"Golden Wing","player_choice":"Card Removal","floor":12.0,"gold_loss":0.0,"damage_taken":7.0},{"damage_healed":26.0,"max_hp_gain":0.0,"max_hp_loss":0.0,"gold_gain":0.0,"event_name":"The Library","player_choice":"Heal","floor":20.0,"gold_loss":0.0,"damage_taken":0.0},{"damage_healed":0.0,"max_hp_gain":0.0,"max_hp_loss":0.0,"gold_gain":0.0,"event_name":"Cursed Tome","player_choice":"Obtained Book","floor":21.0,"gold_loss":0.0,"damage_taken":16.0},{"damage_healed":0.0,"max_hp_gain":0.0,"max_hp_loss":0.0,"gold_gain":0.0,"event_name":"Match and Keep!","player_choice":"1 cards matched","floor":22.0,"gold_loss":0.0,"damage_taken":0.0,"cards_obtained":["Dramatic Entrance"]},{"damage_healed":0.0,"max_hp_gain":0.0,"max_hp_loss":0.0,"gold_gain":99.0,"event_name":"Nest","player_choice":"Stole From Cult","floor":31.0,"gold_loss":0.0,"damage_taken":0.0},{"damage_healed":0.0,"max_hp_gain":0.0,"max_hp_loss":0.0,"gold_gain":0.0,"event_name":"SensoryStone","player_choice":"Memory 1","floor":36.0,"gold_loss":0.0,"damage_taken":0.0},{"cards_removed":["Strike_R"],"damage_healed":0.0,"max_hp_gain":0.0,"max_hp_loss":0.0,"gold_gain":0.0,"event_name":"Falling","player_choice":"Removed Attack","floor":37.0,"gold_loss":0.0,"damage_taken":0.0},{"damage_healed":0,"gold_gain":0,"player_choice":"Ignored","damage_taken":0,"max_hp_gain":0,"max_hp_loss":0,"event_name":"Mysterious Sphere","floor":38,"gold_loss":0}],"is_beta":false,"boss_relics":[{"not_picked":["Philosopher\u0027s Stone","Tiny House"],"picked":"Velvet Choker"},{"not_picked":["Mark of Pain","Black Star"],"picked":"SacredBark"}],"items_purged_floors":[27],"is_endless":false,"potions_floor_spawned":[5,7,11,13,19,24,35,44,45],"killed_by":"Donu and Deca","ascension_level":0}}