{"host":"uv5ws9rdk87e8i5k","time":1612486348,"event":{"mods":["AchievementEnabler","BaseMod","Colored Map","Minty Spire (QoL Compilation)","Permanent Neow","Quick Restart","StSLib","SuperFastMode","The Necromancer"],"gold_per_floor":[113,124,138,151,167,167,177,211,211,48,59,86,99,21,21,126,126,145,145,163,181,181,215,235,261,284,313,313,331,344,371,371,469,469,489,508,519,533,544,575,606,633,633,20,54,54,72,92,92,92],"floor_reached":51,"language":"ENG","playtime":1305,"items_purged":["Writhe"],"score":1013,"play_id":"b1a9cc51-08cf-42ea-8c84-2a5824aa50e1","local_time":"20210204185228","is_ascension_mode":true,"campfire_choices":[{"data":"Immolate","floor":6.0,"key":"SMITH"},{"data":"Spot Weakness","floor":15.0,"key":"SMITH"},{"data":"Demon Form","floor":32.0,"key":"SMITH"},{"data":"Demon Form","floor":46,"key":"SMITH"},{"data":"Limit Break","floor":49,"key":"SMITH"}],"circlet_count":0,"master_deck":["Strike_R","Strike_R+1","Strike_R","Strike_R","Strike_R","Defend_R","Defend_R+1","Defend_R","Defend_R+1","Bash","Immolate+1","Seeing Red","Rage","Battle Trance","Shrug It Off","Inflame","Spot Weakness+1","Heavy Blade+1","Double Tap","Reaper","Seeing Red","Inflame","Demon Form+1","Ghostly Armor+1","Demon Form+1","Heavy Blade","Pommel Strike","Limit Break+1","Pummel","Pommel Strike+1","Pommel Strike+1","Offering","Pummel","Impervious"],"relics":["Burning Blood","Charon\u0027s Ashes","White Beast Statue","Whetstone","SlaversCollar","MutagenicStrength","Bottled Flame","Orichalcum","WingedGreaves","War Paint","Tiny Chest","Paper Frog","Cursed Key","Ancient Tea Set","Shovel","Letter Opener","Gremlin Horn","Anchor","PreservedInsect","Frozen Eye","Strawberry"],"acts_visited":["Exordium","TheCity","TheBeyond"],"potions_floor_usage":[40,41,42,45,50],"damage_taken":[{"damage":1.0,"enemies":"Cultist","floor":1.0,"turns":3.0},{"damage":6.0,"enemies":"Jaw Worm","floor":2.0,"turns":3.0},{"damage":2.0,"enemies":"Small Slimes","floor":3.0,"turns":3.0},{"damage":0.0,"enemies":"3 Louse","floor":4.0,"turns":1.0},{"damage":5.0,"enemies":"Exordium Wildlife","floor":5.0,"turns":2.0},{"damage":0.0,"enemies":"Looter","floor":7.0,"turns":1.0},{"damage":9.0,"enemies":"Gremlin Nob","floor":8.0,"turns":3.0},{"damage":4.0,"enemies":"Blue Slaver","floor":11.0,"turns":3.0},{"damage":9.0,"enemies":"3 Sentries","floor":12.0,"turns":3.0},{"damage":0.0,"enemies":"3 Louse","floor":13.0,"turns":1.0},{"damage":26.0,"enemies":"The Guardian","floor":16.0,"turns":6.0},{"damage":15.0,"enemies":"3 Byrds","floor":18.0,"turns":4.0},{"damage":39.0,"enemies":"Shell Parasite","floor":20.0,"turns":5.0},{"damage":19.0,"enemies":"Centurion and Healer","floor":21.0,"turns":5.0},{"damage":0.0,"enemies":"Gremlin Leader","floor":23.0,"turns":4.0},{"damage":14.0,"enemies":"Shelled Parasite and Fungi","floor":24.0,"turns":6.0},{"damage":10.0,"enemies":"Slavers","floor":25.0,"turns":4.0},{"damage":26.0,"enemies":"Book of Stabbing","floor":27.0,"turns":4.0},{"damage":4.0,"enemies":"Chosen and Byrds","floor":29.0,"turns":4.0},{"damage":15.0,"enemies":"Cultist and Chosen","floor":30.0,"turns":5.0},{"damage":0.0,"enemies":"Gremlin Leader","floor":31.0,"turns":4.0},{"damage":25.0,"enemies":"Champ","floor":33.0,"turns":8.0},{"damage":0.0,"enemies":"3 Shapes","floor":35.0,"turns":2.0},{"damage":9.0,"enemies":"Orb Walker","floor":36.0,"turns":2.0},{"damage":14.0,"enemies":"Transient","floor":37.0,"turns":5.0},{"damage":25.0,"enemies":"Jaw Worm Horde","floor":38.0,"turns":4.0},{"damage":33.0,"enemies":"Sphere and 2 Shapes","floor":39.0,"turns":4.0},{"damage":47,"enemies":"Nemesis","floor":40,"turns":5},{"damage":0,"enemies":"Giant Head","floor":41,"turns":4},{"damage":24,"enemies":"Reptomancer","floor":42,"turns":4},{"damage":23,"enemies":"Nemesis","floor":45,"turns":3},{"damage":0,"enemies":"3 Darklings","floor":47,"turns":2},{"damage":35,"enemies":"Maw","floor":48,"turns":6},{"damage":84,"enemies":"Awakened One","floor":50,"turns":7}],"seed_played":"6278539958377223232","potions_obtained":[{"floor":1.0,"key":"Explosive Potion"},{"floor":3.0,"key":"Explosive Potion"},{"floor":7.0,"key":"FairyPotion"},{"floor":8.0,"key":"ColorlessPotion"},{"floor":12.0,"key":"PowerPotion"},{"floor":13.0,"key":"Energy Potion"},{"floor":16.0,"key":"Energy Potion"},{"floor":21.0,"key":"BloodPotion"},{"floor":23.0,"key":"Weak Potion"},{"floor":24.0,"key":"SpeedPotion"},{"floor":25.0,"key":"SkillPotion"},{"floor":27.0,"key":"Strength Potion"},{"floor":30.0,"key":"Energy Potion"},{"floor":31.0,"key":"Ancient Potion"},{"floor":33.0,"key":"DistilledChaos"},{"floor":35.0,"key":"SkillPotion"},{"floor":36.0,"key":"Weak Potion"},{"floor":37.0,"key":"FairyPotion"},{"floor":38.0,"key":"AttackPotion"},{"floor":39.0,"key":"FearPotion"},{"floor":40,"key":"DistilledChaos"},{"floor":41,"key":"DuplicationPotion"},{"floor":42,"key":"FearPotion"},{"floor":45,"key":"ElixirPotion"},{"floor":48,"key":"Regen Potion"}],"is_trial":false,"path_per_floor":["M","M","M","M","M","R","M","E","T","$","M","E","M","$","R","B",null,"M","?","M","M","T","E","M","E","T","E","?","M","M","E","R","B",null,"M","M","M","M","M","E","E","E","T","$","E","R","M","M","R","B",null],"character_chosen":"IRONCLAD","items_purchased":["Inflame","Spot Weakness","Heavy Blade","Inflame","Anchor","PreservedInsect","Frozen Eye","Pummel"],"campfire_rested":0,"item_purchase_floors":[10,10,10,14,44,44,44,44],"current_hp_per_floor":[80,80,80,80,80,80,80,77,77,77,79,76,80,80,80,60,80,71,71,41,40,40,52,51,80,80,60,60,62,53,80,80,80,80,80,77,69,75,48,75,80,80,80,80,70,70,76,47,47,32],"gold":92,"neow_bonus":"ONE_RANDOM_RARE_CARD","is_daily":false,"chose_seed":false,"campfire_upgraded":5,"win_rate":0.0,"timestamp":1612486348,"path_taken":["M","M","M","M","M","R","M","E","T","$","?","E","M","$","R","BOSS","M","?","M","M","?","E","M","E","T","E","?","?","M","E","R","BOSS","M","M","M","M","M","E","E","E","T","$","E","R","?","M","R","BOSS"],"items_purchased_type":["Card","Card","Card","Card","Relic","Relic","Relic","Card"],"build_version":"2020-12-22","purchased_purges":1,"victory":true,"max_hp_per_floor":[80,80,80,80,80,80,80,80,80,80,80,80,80,80,80,80,80,80,80,80,80,80,80,80,80,80,80,80,80,80,80,80,80,80,80,80,80,80,80,80,80,80,80,80,87,87,87,87,87,87],"card_choices":[{"not_picked":["Combust","Iron Wave","Heavy Blade"],"picked":"SKIP","floor":1.0},{"not_picked":["Clothesline","Flex"],"picked":"Seeing Red","floor":2.0},{"not_picked":["True Grit","Body Slam"],"picked":"Rage","floor":3.0},{"not_picked":["Sword Boomerang","Headbutt"],"picked":"Battle Trance","floor":4.0},{"not_picked":["True Grit","Intimidate","Perfected Strike"],"picked":"SKIP","floor":5.0},{"not_picked":["Body Slam","Carnage","Rampage"],"picked":"SKIP","floor":7.0},{"not_picked":["True Grit","Feel No Pain"],"picked":"Shrug It Off","floor":8.0},{"not_picked":["Headbutt","Clash"],"picked":"Double Tap","floor":11.0},{"not_picked":["Wild Strike","Thunderclap"],"picked":"Reaper","floor":12.0},{"not_picked":["Body Slam","Flame Barrier"],"picked":"Seeing Red","floor":13.0},{"not_picked":["Reaper","Berserk"],"picked":"Demon Form","floor":16.0},{"not_picked":["Sword Boomerang","Havoc","Burning Pact"],"picked":"SKIP","floor":18.0},{"not_picked":["Anger","Searing Blow","Entrench"],"picked":"SKIP","floor":20.0},{"not_picked":["Headbutt","Iron Wave"],"picked":"Ghostly Armor+1","floor":21.0},{"not_picked":["Power Through+1","Seeing Red","Sever Soul"],"picked":"SKIP","floor":23.0},{"not_picked":["Thunderclap","Wild Strike","Flex"],"picked":"SKIP","floor":24.0},{"not_picked":["Reckless Charge","Body Slam","Sword Boomerang"],"picked":"SKIP","floor":25.0},{"not_picked":["Searing Blow+1","Cleave","Rupture"],"picked":"SKIP","floor":27.0},{"not_picked":["Thunderclap","Shrug It Off"],"picked":"Heavy Blade","floor":29.0},{"not_picked":["Seeing Red","Blood for Blood"],"picked":"Pommel Strike","floor":30.0},{"not_picked":["Dark Embrace","Armaments","Blood for Blood"],"picked":"SKIP","floor":31.0},{"not_picked":["Bludgeon","Brutality"],"picked":"Limit Break","floor":33.0},{"not_picked":["Sever Soul","Armaments+1"],"picked":"Pummel","floor":35.0},{"not_picked":["Carnage+1","Sever Soul+1"],"picked":"Pommel Strike+1","floor":36.0},{"not_picked":["Warcry","Flex+1","Armaments"],"picked":"SKIP","floor":37.0},{"not_picked":["Sever Soul","Armaments+1"],"picked":"Pommel Strike+1","floor":38.0},{"not_picked":["Clash","Perfected Strike+1","Thunderclap"],"picked":"SKIP","floor":39.0},{"not_picked":["Headbutt+1","Clash"],"picked":"Offering","floor":40},{"not_picked":["Seeing Red","Shrug It Off+1","Fiend Fire"],"picked":"SKIP","floor":41},{"not_picked":["True Grit","Twin Strike+1","Rage+1"],"picked":"SKIP","floor":42},{"not_picked":["Sword Boomerang+1","Disarm+1"],"picked":"Impervious","floor":45},{"not_picked":["Headbutt+1","Pommel Strike","Blood for Blood"],"picked":"SKIP","floor":47},{"not_picked":["Seeing Red","Spot Weakness","Armaments+1"],"picked":"SKIP","floor":48}],"player_experience":229299,"relics_obtained":[{"floor":8.0,"key":"Charon\u0027s Ashes"},{"floor":9.0,"key":"White Beast Statue"},{"floor":12.0,"key":"Whetstone"},{"floor":22.0,"key":"Bottled Flame"},{"floor":23.0,"key":"Orichalcum"},{"floor":25.0,"key":"WingedGreaves"},{"floor":26.0,"key":"War Paint"},{"floor":27.0,"key":"Tiny Chest"},{"floor":31.0,"key":"Paper Frog"},{"floor":40,"key":"Ancient Tea Set"},{"floor":41,"key":"Shovel"},{"floor":42,"key":"Letter Opener"},{"floor":43,"key":"Gremlin Horn"},{"floor":45,"key":"Strawberry"}],"event_choices":[{"damage_healed":0.0,"max_hp_gain":0.0,"max_hp_loss":0.0,"gold_gain":0.0,"event_name":"Drug Dealer","player_choice":"Inject Mutagens","floor":19.0,"gold_loss":0.0,"damage_taken":0.0,"relics_obtained":["MutagenicStrength"]},{"damage_healed":0.0,"max_hp_gain":0.0,"max_hp_loss":0.0,"gold_gain":0.0,"event_name":"Duplicator","player_choice":"Copied","floor":28.0,"gold_loss":0.0,"damage_taken":0.0,"cards_obtained":["Demon Form"]}],"is_beta":false,"boss_relics":[{"not_picked":["Astrolabe","Runic Cube"],"picked":"SlaversCollar"},{"not_picked":["Empty Cage","Coffee Dripper"],"picked":"Cursed Key"}],"items_purged_floors":[44],"is_endless":false,"potions_floor_spawned":[1,3,7,8,11,12,13,16,18,20,21,23,24,25,27,29,30,31,33,35,36,37,38,39,40,41,42,45,47,48],"ascension_level":1}}