{"host":"kmq7aw60w430zvtx","time":1612518238,"event":{"mods":["BaseMod","Downfall","GifTheSpireLib","Hermit","Hubris","Minty Spire (QoL Compilation)","Reliquary","Replay The Spire","StSLib","The Construct","The Cursed","The Hierophant","The Jungle","The Necromancer","The Runesmith"],"gold_per_floor":[111,111,111,36,47,72,147,163,163,178,178,191,191,218,218,315,315,335,47,47,58,71,105,105,117,117,117,131,166,166,244,244,345,345,360,360,360,410,420,420,449,460,460,460,460],"floor_reached":44,"language":"ENG","playtime":1969,"items_purged":["downfall:Haunted"],"score":775,"play_id":"5638d616-16a2-462d-958f-33082835683c","local_time":"20210205104358","is_ascension_mode":true,"campfire_choices":[{"floor":11,"key":"REST"},{"floor":13,"key":"RECALL"},{"floor":15,"key":"REST"},{"floor":30,"key":"REST"},{"floor":32,"key":"REST"},{"data":"Envenom","floor":40,"key":"SMITH"}],"circlet_count":0,"master_deck":["Strike_G","Strike_G","Strike_G","Strike_G","Strike_G","Defend_G","Defend_G","Defend_G","Defend_G","Defend_G","Survivor","Neutralize","Blade Dance","downfall:Haunted","TheCursedMod:Dregs","Poison Darts","Accuracy","Prepared","ReplayTheSpireMod:The Works","Hidden Blade","Escape Plan","Blade Dance","Phantasmal Killer","Prepared","Reflex","Distraction","PiercingWail","Hidden Blade","Masterful Stab","Dagger Throw","ReplayTheSpireMod:Scrap Shanks+1","ReplayTheSpireMod:Splinters","ReplayTheSpireMod:Speed Training+1","Envenom+1","Blur","ReplayTheSpireMod:Trickstab","Acrobatics+1","Dash","Quick Slash+1","hubris:TrickCloak+1"],"relics":["Ring of the Serpent","reliquary:WeakTea","Du-Vu Doll","Sundial","Ninja Scroll","Durian","HoveringKite","Kunai","hubris:Towel","Replay:Bottled Flurry","hubris:Spice","reliquary:RadioactivePellet","Juzu Bracelet","Thread and Needle","StoneCalendar"],"acts_visited":["Exordium","TheCity","TheBeyond"],"potions_floor_usage":[6,14,18,23,25,33,33,41,41],"damage_taken":[{"damage":0,"enemies":"2 Louse","floor":1,"turns":2},{"damage":2,"enemies":"Jaw Worm","floor":5,"turns":3},{"damage":18,"enemies":"Gremlin Nob","floor":6,"turns":3},{"damage":0,"enemies":"Cultist","floor":8,"turns":5},{"damage":0,"enemies":"Looter","floor":10,"turns":2},{"damage":1,"enemies":"Exordium Wildlife","floor":12,"turns":2},{"damage":20,"enemies":"Lagavulin","floor":14,"turns":3},{"damage":0,"enemies":"Slime Boss","floor":16,"turns":6},{"damage":0,"enemies":"Spheric Guardian","floor":18,"turns":1},{"damage":0,"enemies":"Shell Parasite","floor":21,"turns":1},{"damage":14,"enemies":"Shelled Parasite and Fungi","floor":22,"turns":4},{"damage":27,"enemies":"Slavers","floor":23,"turns":6},{"damage":7,"enemies":"Centurion and Healer","floor":25,"turns":5},{"damage":5,"enemies":"Cultist and Chosen","floor":28,"turns":5},{"damage":18,"enemies":"Gremlin Leader","floor":29,"turns":4},{"damage":11,"enemies":"Collector","floor":33,"turns":4},{"damage":0,"enemies":"3 Shapes","floor":35,"turns":3},{"damage":0,"enemies":"Mind Bloom Boss Battle","floor":38,"turns":3},{"damage":0,"enemies":"Orb Walker","floor":39,"turns":2},{"damage":29,"enemies":"Reptomancer","floor":41,"turns":5},{"damage":13,"enemies":"Transient","floor":42,"turns":5},{"damage":36,"enemies":"Nemesis","floor":44,"turns":3}],"seed_played":"5398521308235863898","potions_obtained":[{"floor":1,"key":"Elixir"},{"floor":6,"key":"Fire Potion"},{"floor":16,"key":"SteroidPotion"},{"floor":18,"key":"Fire Potion"},{"floor":22,"key":"FearPotion"},{"floor":23,"key":"PowerPotion"},{"floor":29,"key":"SteroidPotion"},{"floor":31,"key":"CultistPotion"},{"floor":31,"key":"SkillPotion"},{"floor":33,"key":"Fire Potion"},{"floor":38,"key":"Doom Potion"}],"is_trial":false,"path_per_floor":["M","?","?","$","M","E","?","M","T","M","R","M","R","E","R","B",null,"M","$","?","M","M","E","?","M","T","?","M","E","R","?","R","B",null,"M","?","?","?","M","R","E","M","T","E"],"character_chosen":"THE_SILENT","items_purchased":["Kunai","Reflex"],"campfire_rested":4,"item_purchase_floors":[19,19],"current_hp_per_floor":[63,63,56,56,54,36,25,25,25,25,46,45,45,30,52,52,69,69,69,69,69,55,28,28,21,29,29,24,6,30,30,54,43,73,73,73,73,73,73,73,44,31,31,0,0],"gold":460,"neow_bonus":"RANDOM_COMMON_RELIC","is_daily":false,"chose_seed":false,"campfire_upgraded":1,"win_rate":0.0,"timestamp":1612518238,"path_taken":["M","?","?","$","?","E","?","M","T","M","R","M","R","E","R","BOSS","M","$","?","M","M","E","?","M","T","?","M","E","R","?","R","BOSS","M","?","?","?","M","R","E","M","T","E"],"items_purchased_type":["Relic","Card"],"build_version":"2020-12-22","purchased_purges":1,"victory":false,"max_hp_per_floor":[70,70,70,70,70,70,70,70,70,70,70,70,70,75,75,75,75,75,75,75,75,75,75,75,75,83,83,83,83,83,83,83,83,83,83,83,83,83,83,83,83,83,83,83,83],"card_choices":[{"not_picked":["Choke","Crippling Poison"],"picked":"Blade Dance","floor":1},{"not_picked":["PiercingWail","Replay:Poison Smokescreen"],"picked":"Accuracy","floor":5},{"not_picked":["Outmaneuver","Quick Slash"],"picked":"Prepared","floor":6},{"not_picked":["Bouncing Flask","Toxin Wave"],"picked":"ReplayTheSpireMod:The Works","floor":8},{"not_picked":["Dodge and Roll","Underhanded Strike"],"picked":"Hidden Blade","floor":10},{"not_picked":["Night Terror","Acrobatics"],"picked":"Escape Plan","floor":12},{"not_picked":["Dodge and Roll","Dagger Throw"],"picked":"Blade Dance","floor":14},{"not_picked":["Corpse Explosion","Poison Darts"],"picked":"Phantasmal Killer","floor":16},{"not_picked":["Choke","Deflect"],"picked":"Prepared","floor":18},{"not_picked":["Wraith Form v2","Concentrate"],"picked":"Distraction","floor":21},{"not_picked":["ReplayTheSpireMod:Exploit Weakness+1","Flying Knee"],"picked":"PiercingWail","floor":22},{"not_picked":["Sucker Punch","Setup"],"picked":"Hidden Blade","floor":23},{"not_picked":["Dagger Throw","PiercingWail"],"picked":"Masterful Stab","floor":25},{"not_picked":["Bouncing Flask","Heel Hook"],"picked":"Dagger Throw","floor":28},{"not_picked":["hubris:Counter","Reflex"],"picked":"ReplayTheSpireMod:Scrap Shanks+1","floor":29},{"not_picked":["Prepared","PiercingWail"],"picked":"ReplayTheSpireMod:Speed Training+1","floor":31},{"not_picked":["Grand Finale","Poison Darts"],"picked":"Envenom","floor":33},{"not_picked":["Bane","Poisoned Stab+1"],"picked":"Blur","floor":35},{"not_picked":["Deep Breath","Replay:Sssssssssshield"],"picked":"ReplayTheSpireMod:Trickstab","floor":37},{"not_picked":["Hidden Blade","Blade Dance"],"picked":"Acrobatics+1","floor":38},{"not_picked":["hubris:SlightOfHand","Dodge and Roll+1"],"picked":"Dash","floor":39},{"not_picked":["Deadly Poison+1","Unload"],"picked":"Quick Slash+1","floor":41},{"not_picked":["Dagger Spray+1","ReplayTheSpireMod:Exploit Weakness+1"],"picked":"hubris:TrickCloak+1","floor":42}],"player_experience":342079,"relics_obtained":[{"floor":6,"key":"Sundial"},{"floor":9,"key":"Ninja Scroll"},{"floor":14,"key":"Durian"},{"floor":23,"key":"Replay:Bottled Flurry"},{"floor":26,"key":"hubris:Spice"},{"floor":29,"key":"Juzu Bracelet"},{"floor":38,"key":"Thread and Needle"},{"floor":41,"key":"StoneCalendar"}],"event_choices":[{"damage_healed":0,"gold_gain":0,"player_choice":"Damaged","damage_taken":7,"max_hp_gain":0,"max_hp_loss":0,"event_name":"Wheel of Change","floor":3,"gold_loss":0},{"damage_healed":0,"gold_gain":75,"player_choice":"Gather Gold","damage_taken":11,"max_hp_gain":0,"max_hp_loss":0,"event_name":"World of Goop","floor":7,"gold_loss":0},{"damage_healed":0,"gold_gain":0,"player_choice":"Ignored","damage_taken":0,"max_hp_gain":0,"max_hp_loss":0,"event_name":"Ghosts","floor":24,"gold_loss":0},{"damage_healed":0,"gold_gain":0,"player_choice":"Gave Potion","damage_taken":0,"relics_obtained":["reliquary:RadioactivePellet"],"max_hp_gain":0,"max_hp_loss":0,"event_name":"WeMeetAgain","floor":27,"gold_loss":0},{"damage_healed":0,"gold_gain":0,"player_choice":"Memory 1","damage_taken":0,"max_hp_gain":0,"max_hp_loss":0,"event_name":"SensoryStone","floor":37,"gold_loss":0},{"damage_healed":0,"gold_gain":0,"player_choice":"Fight","damage_taken":0,"max_hp_gain":0,"max_hp_loss":0,"event_name":"MindBloom","floor":38,"gold_loss":0}],"is_beta":false,"boss_relics":[{"not_picked":["Ring of Chaos","Snecko Eye"],"picked":"HoveringKite"},{"not_picked":["hubris:Spice","Snecko Scales"],"picked":"Ring of the Serpent"}],"items_purged_floors":[4],"is_endless":false,"potions_floor_spawned":[1,6,16,18,22,23,29,33,38],"killed_by":"Nemesis","ascension_level":8}}