{"host":"m3qxensetu6036ua","time":1612551098,"event":{"mods":["2.2 Compatiblity","AchievementEnabler","BaseMod","Better Altar","Better Match","Better Sensory Stone","Better Skull","Better Third Choice","Better Vampires","Block Reminder","Colored Powertips","Displayed Cursed Tome","Evolution","Good Game Mod","GungeonMod","Hubris","Jedi Mod","Minty Spire (QoL Compilation)","Rare Cards Sparkle","Remove Card Discount Mod","Replay The Spire","Spicy Shops","StSLib","The Cursed"],"gold_per_floor":[117,136,136,54,54,54,87,97,97,107,107,119,133,168,168,271,271,291,310,310,134,134,134,147,207,234,234,254,254,254,288,288,393,393,403,403,414,414,67,93,107,107,107,157,175,186,184,202,202,202],"floor_reached":51,"language":"ENG","playtime":4125,"items_purged":["TheCursedMod:ReleasedKnowledge"],"score":607,"play_id":"b87a4db4-9dfb-4776-b806-9b84b279ca04","local_time":"20210205195138","daily_mods":["Draft","Heirloom"],"is_ascension_mode":false,"campfire_choices":[{"data":"Glass Knife","floor":6,"key":"SMITH"},{"data":"TheCursedMod:LuckyCharm","floor":11,"key":"SMITH"},{"data":"TheCursedMod:HellfireBreathing","floor":15,"key":"SMITH"},{"floor":23,"key":"REST"},{"data":"TheCursedMod:CursedRelics","floor":27,"key":"SMITH"},{"data":"TheCursedMod:FleshFromBone","floor":30,"key":"SMITH"},{"data":"TheCursedMod:Obscuration","floor":32,"key":"SMITH"},{"floor":42,"key":"REST"},{"floor":49,"key":"REST"}],"circlet_count":0,"master_deck":["TheCursedMod:CircleOfCorruption+1","TheCursedMod:DoubleShield","TheCursedMod:WearCloak","TheCursedMod:RapidMovement","TheCursedMod:CursedArmor","TheCursedMod:CursedBoomerang","TheCursedMod:CursedSpellbook","TheCursedMod:CursedBoomerang","TheCursedMod:SurpriseAttack","TheCursedMod:CursedBlade","TheCursedMod:CursedShiv","TheCursedMod:CursedAmulet","TheCursedMod:FleshFromBone+1","Glass Knife+1","TheCursedMod:Hemoplague+1","TheCursedMod:CursedBlade","TheCursedMod:Obscuration+1","TheCursedMod:LuckyCharm+1","TheCursedMod:CursedBlade","TheCursedMod:HellfireBreathing+1","TheCursedMod:CursedRelics+1","TheCursedMod:SmokeScreen","TheCursedMod:Stigma","TheCursedMod:SpitefulStrike+1","TheCursedMod:SpitefulPlan+1","TheCursedMod:VoidForm","ReplayTheSpireMod:Necrogeddon","TheCursedMod:AbyssShockwave","Sadistic Nature"],"relics":["TheCursedMod:BlackMagicAdvanced","EVO:Axolotl","REME:ComplimentaryCards","Incense Burner","betterAltar:BloodRelic","hubris:TinFlute","Turnip","Sozu","Bloody Idol","Shuriken","hubris:SlimyHat","Happy Flower","MealTicket","ReplayTheSpireMod:ShopPack","Pet Ghost","hubris:64BitClover","Peace Pipe","TheCursedMod:MagicCandle"],"acts_visited":["Exordium","TheCity","TheBeyond"],"potions_floor_usage":[8,16,16,33],"damage_taken":[{"damage":0,"enemies":"2 Louse","floor":1,"turns":1},{"damage":0,"enemies":"Cultist","floor":2,"turns":2},{"damage":1,"enemies":"Gremlin Nob","floor":7,"turns":4},{"damage":0,"enemies":"Jaw Worm","floor":8,"turns":2},{"damage":2,"enemies":"3 Louse","floor":10,"turns":2},{"damage":0,"enemies":"Looter","floor":12,"turns":1},{"damage":8,"enemies":"2 Fungi Beasts","floor":13,"turns":3},{"damage":1,"enemies":"Lagavulin","floor":14,"turns":6},{"damage":3,"enemies":"The Guardian","floor":16,"turns":7},{"damage":8,"enemies":"2 Thieves","floor":18,"turns":3},{"damage":12,"enemies":"Chosen","floor":19,"turns":3},{"damage":0,"enemies":"3 Cultists","floor":24,"turns":3},{"damage":0,"enemies":"Snecko","floor":28,"turns":4},{"damage":0,"enemies":"Book of Stabbing","floor":31,"turns":4},{"damage":0,"enemies":"Collector","floor":33,"turns":7},{"damage":3,"enemies":"Orb Walker","floor":35,"turns":4},{"damage":7,"enemies":"3 Darklings","floor":37,"turns":4},{"damage":2,"enemies":"R_Hoarder","floor":40,"turns":6},{"damage":37,"enemies":"Writhing Mass","floor":41,"turns":5},{"damage":2,"enemies":"2 Orb Walkers","floor":44,"turns":4},{"damage":14,"enemies":"Spire Growth","floor":45,"turns":4},{"damage":30,"enemies":"Sphere and 2 Shapes","floor":46,"turns":4},{"damage":25,"enemies":"Maw","floor":48,"turns":5},{"damage":11,"enemies":"Replay:Hell Engine","floor":50,"turns":9}],"seed_played":"471100792111752602","potions_obtained":[{"floor":2,"key":"SkillPotion"},{"floor":7,"key":"Swift Potion"},{"floor":8,"key":"Fruit Juice"},{"floor":12,"key":"Dexterity Potion"}],"is_trial":true,"path_per_floor":["M","M","?","$","?","R","E","M","T","M","R","M","M","E","R","B",null,"M","M","?","$","?","R","M","?","T","R","M","?","R","E","R","B",null,"M","?","M","?","$","E","M","R","T","?","M","M","$","M","R","B",null],"character_chosen":"THE_CURSED","items_purchased":["TheCursedMod:Hemoplague+1","Shuriken","TheCursedMod:SmokeScreen","ReplayTheSpireMod:ShopPack","Pet Ghost","TheCursedMod:AbyssShockwave"],"campfire_rested":3,"item_purchase_floors":[4,21,21,39,39,39],"current_hp_per_floor":[75,75,68,68,68,68,67,74,74,74,74,76,70,71,71,70,80,72,62,18,18,18,42,51,36,41,41,50,50,50,59,59,68,80,80,80,78,76,76,76,44,66,66,74,67,47,62,47,69,63],"gold":202,"neow_bonus":"","is_daily":false,"chose_seed":false,"campfire_upgraded":6,"win_rate":0.0,"timestamp":1612551098,"path_taken":["M","M","?","$","?","R","E","M","T","?","R","M","M","E","R","BOSS","M","M","?","$","?","R","M","?","T","R","M","?","R","E","R","BOSS","M","?","M","?","$","E","M","R","T","?","?","M","$","M","R","BOSS"],"items_purchased_type":["Card","Relic","Card","Relic","Relic","Card"],"build_version":"2020-12-22","purchased_purges":1,"victory":true,"max_hp_per_floor":[75,75,75,75,75,75,75,80,80,80,80,80,80,80,80,80,80,80,80,80,80,80,80,80,80,80,80,80,80,80,80,80,80,80,80,80,80,76,76,76,76,76,76,76,76,76,76,76,76,76],"card_choices":[{"not_picked":["TheCursedMod:Torture","TheCursedMod:EmpowerCircles"],"picked":"TheCursedMod:CircleOfCorruption","floor":0},{"not_picked":["TheCursedMod:Wield","TheCursedMod:Torture"],"picked":"TheCursedMod:DoubleShield","floor":0},{"not_picked":["TheCursedMod:Grudge","TheCursedMod:CursedMace"],"picked":"TheCursedMod:WearCloak","floor":0},{"not_picked":["TheCursedMod:SurpriseAttack","TheCursedMod:SpitefulPlan"],"picked":"TheCursedMod:RapidMovement","floor":0},{"not_picked":["TheCursedMod:SpitefulStrike","TheCursedMod:FleshFromBone"],"picked":"TheCursedMod:DoubleShield","floor":0},{"not_picked":["TheCursedMod:CursedSpellbook","TheCursedMod:CircleOfCorruption"],"picked":"TheCursedMod:CursedArmor","floor":0},{"not_picked":["TheCursedMod:RapidMovement","TheCursedMod:EmpowerCircles"],"picked":"TheCursedMod:CursedBoomerang","floor":0},{"not_picked":["TheCursedMod:RapidMovement","TheCursedMod:TacticalStrike"],"picked":"TheCursedMod:CursedSpellbook","floor":0},{"not_picked":["TheCursedMod:RavingStaff","TheCursedMod:VitalStrike"],"picked":"TheCursedMod:CursedBoomerang","floor":0},{"not_picked":["TheCursedMod:PrepareRite","TheCursedMod:BloodBarrier"],"picked":"TheCursedMod:SurpriseAttack","floor":0},{"not_picked":["TheCursedMod:CircleOfCorruption","TheCursedMod:ManaBullet"],"picked":"TheCursedMod:CursedBlade","floor":0},{"not_picked":["TheCursedMod:TroublousMinions","TheCursedMod:CircleOfWindfury"],"picked":"TheCursedMod:CursedShiv","floor":0},{"not_picked":["TheCursedMod:TacticalStrike","TheCursedMod:SpitefulStrike"],"picked":"TheCursedMod:ReleasedKnowledge","floor":0},{"not_picked":["TheCursedMod:CursedShiv","TheCursedMod:SpitefulStrike"],"picked":"TheCursedMod:CursedAmulet","floor":0},{"not_picked":["TheCursedMod:CursedShiv","TheCursedMod:Stretching"],"picked":"TheCursedMod:FleshFromBone","floor":0},{"not_picked":["TheCursedMod:SoulCrush","TheCursedMod:CircleOfAmplification","TheCursedMod:CursedShiv"],"picked":"SKIP","floor":1},{"not_picked":["TheCursedMod:FleshFromBone","TheCursedMod:Stigma","TheCursedMod:Stretching"],"picked":"SKIP","floor":2},{"not_picked":["TheCursedMod:VitalStrike","TheCursedMod:BlessingInDisguise"],"picked":"TheCursedMod:CursedBlade","floor":7},{"not_picked":["TheCursedMod:Stigma","TheCursedMod:Stretching"],"picked":"TheCursedMod:Obscuration","floor":8},{"not_picked":["TheCursedMod:Hemoplague","TheCursedMod:SpitefulPlan"],"picked":"TheCursedMod:LuckyCharm","floor":10},{"not_picked":["TheCursedMod:SpitefulStrike","TheCursedMod:Stigma"],"picked":"TheCursedMod:CursedBlade","floor":12},{"not_picked":["TheCursedMod:WearCloak","TheCursedMod:CircleOfAbyss"],"picked":"TheCursedMod:HellfireBreathing","floor":13},{"not_picked":["TheCursedMod:CircleOfFlame","TheCursedMod:Stigma"],"picked":"TheCursedMod:CursedRelics","floor":14},{"not_picked":["TheCursedMod:CircleOfFlame+1","TheCursedMod:CursedMace+1","TheCursedMod:SaltUponWound"],"picked":"SKIP","floor":18},{"not_picked":["TheCursedMod:RavingStaff","TheCursedMod:CursedMace","TheCursedMod:CursedStaff+1"],"picked":"SKIP","floor":19},{"not_picked":["TheCursedMod:VoidForm","TheCursedMod:WearCloak"],"picked":"TheCursedMod:Stigma","floor":24},{"not_picked":["TheCursedMod:CursedShiv+1","TheCursedMod:AshesToAshes"],"picked":"TheCursedMod:SpitefulStrike+1","floor":28},{"not_picked":["TheCursedMod:SpitefulStrike+1","TheCursedMod:CursedRelics"],"picked":"TheCursedMod:SpitefulPlan+1","floor":31},{"not_picked":["TheCursedMod:ParallelWorld","TheCursedMod:CursedRelics"],"picked":"TheCursedMod:VoidForm","floor":33},{"not_picked":["TheCursedMod:SoulCrush+1","TheCursedMod:TacticalStrike","TheCursedMod:CursedStaff+1"],"picked":"SKIP","floor":35},{"not_picked":["Flash of Steel","ReplayTheSpireMod:Uncanny Aura"],"picked":"ReplayTheSpireMod:Necrogeddon","floor":36},{"not_picked":["TheCursedMod:RavingStaff","TheCursedMod:CursedShiv","TheCursedMod:Wield"],"picked":"SKIP","floor":37},{"not_picked":["DemoMod:Deposit","Mayhem"],"picked":"Sadistic Nature","floor":39},{"not_picked":["TheCursedMod:CircleOfAbyss","TheCursedMod:Grudge+1","TheCursedMod:BlessingInDisguise+1"],"picked":"SKIP","floor":40},{"not_picked":["TheCursedMod:RavingStaff+1","TheCursedMod:SoulReap","TheCursedMod:Grudge+1"],"picked":"SKIP","floor":41},{"not_picked":["TheCursedMod:SpitefulStrike","TheCursedMod:RavingStaff","TheCursedMod:WearCloak"],"picked":"SKIP","floor":45},{"not_picked":["TheCursedMod:CursedBlade+1","TheCursedMod:Hemoplague+1","TheCursedMod:WearCloak"],"picked":"SKIP","floor":46},{"not_picked":["TheCursedMod:Mangle","TheCursedMod:CircleOfFlame","TheCursedMod:Wield"],"picked":"SKIP","floor":48}],"player_experience":216342,"relics_obtained":[{"floor":7,"key":"Blood Vial"},{"floor":9,"key":"hubris:TinFlute"},{"floor":14,"key":"Turnip"},{"floor":25,"key":"hubris:SlimyHat"},{"floor":26,"key":"Happy Flower"},{"floor":31,"key":"MealTicket"},{"floor":40,"key":"hubris:64BitClover"},{"floor":43,"key":"Peace Pipe"},{"floor":44,"key":"TheCursedMod:MagicCandle"}],"event_choices":[{"cards_removed":["TheCursedMod:DoubleShield"],"damage_healed":0,"gold_gain":0,"player_choice":"Card Removal","damage_taken":7,"max_hp_gain":0,"max_hp_loss":0,"event_name":"Golden Wing","floor":3,"gold_loss":0},{"damage_healed":0,"gold_gain":0,"player_choice":"Ignored","damage_taken":0,"max_hp_gain":0,"max_hp_loss":0,"event_name":"NoteForYourself","floor":5,"gold_loss":0},{"damage_healed":0,"gold_gain":0,"player_choice":" RottenVial Idol ","damage_taken":44,"relics_obtained":["betterAltar:BloodRelic","Bloody Idol"],"max_hp_gain":62,"max_hp_loss":18,"event_name":"betterAltar:BetterAltar","floor":20,"potions_obtained":[],"relics_lost":["Blood Vial"],"gold_loss":0},{"damage_healed":0,"gold_gain":0,"player_choice":"Ignored","damage_taken":0,"max_hp_gain":0,"max_hp_loss":0,"event_name":"Vampires","floor":29,"gold_loss":0},{"damage_healed":0,"gold_gain":3,"player_choice":"1","damage_taken":0,"max_hp_gain":0,"max_hp_loss":0,"event_name":"betterStone:BetterStone","floor":36,"gold_loss":0},{"damage_healed":0,"gold_gain":0,"player_choice":"Max HP","damage_taken":0,"max_hp_gain":0,"max_hp_loss":4,"event_name":"Winding Halls","floor":38,"gold_loss":0},{"damage_healed":0,"gold_gain":0,"player_choice":"Fight","damage_taken":0,"max_hp_gain":0,"max_hp_loss":0,"event_name":"Mysterious Sphere","floor":44,"gold_loss":0}],"is_beta":false,"boss_relics":[{"not_picked":["Snecko Heart","Runic Dome"],"picked":"Sozu"},{"not_picked":["Tiny House","Fusion Hammer"],"picked":"TheCursedMod:BlackMagicAdvanced"}],"items_purged_floors":[47],"is_endless":false,"potions_floor_spawned":[2,7,8,12,13,18,28,33,41,44,46],"ascension_level":0}}