{"host":"2zjdcgw4be5n15ja","time":1612539720,"event":{"mods":["AchievementEnabler","BaseMod","Better Skull","Better Third Choice","BetterRewards","Block Reminder","Hermit","Marisa????????","Minty Spire (QoL Compilation)","Poor People Problems","Quick Restart","Rare Cards Sparkle","Reimu??????","Relic Stats","Reliquary","StSLib","The Runesmith","The Senshi","TheFirefly"],"gold_per_floor":[118,136,147,147,147,172,49,79,79,79,33,53,0,17,17,122,122,136,136,136,136,10,10,10],"floor_reached":23,"language":"ENG","playtime":1378,"items_purged":[],"score":207,"play_id":"11ce7069-7628-4845-904f-61f571ac31bc","local_time":"20210206044200","is_ascension_mode":true,"campfire_choices":[{"floor":10,"key":"REST"},{"floor":15,"key":"REST"}],"circlet_count":0,"master_deck":["Strike_G","Strike_G","Strike_G","Strike_G","Strike_G","Defend_G","Defend_G","Defend_G","Defend_G","Defend_G","Survivor","Neutralize","Poisoned Stab","Deadly Poison","Riddle With Holes","Burn","Unload","Phantasmal Killer","Deadly Poison","Accuracy","Catalyst","Outmaneuver","Expertise","Enlightenment+1","Choke","Burst","Reflex+1","Writhe","Catalyst","Deadly Poison"],"relics":["Ring of the Snake","reliquary:Knoch","Kunai","Runic Pyramid","betterThird:NestCultRelic","Tingsha"],"acts_visited":["Exordium","TheCity"],"potions_floor_usage":[8,12,16,23],"damage_taken":[{"damage":12,"enemies":"Jaw Worm","floor":1,"turns":5},{"damage":2,"enemies":"Small Slimes","floor":2,"turns":3},{"damage":1,"enemies":"Cultist","floor":3,"turns":3},{"damage":30,"enemies":"Gremlin Nob","floor":6,"turns":5},{"damage":25,"enemies":"3 Sentries","floor":8,"turns":8},{"damage":11,"enemies":"Looter","floor":12,"turns":3},{"damage":8,"enemies":"Blue Slaver","floor":14,"turns":3},{"damage":29,"enemies":"Hexaghost","floor":16,"turns":6},{"damage":47,"enemies":"3 Byrds","floor":18,"turns":7},{"damage":43,"enemies":"Gremlin Leader","floor":23,"turns":3}],"seed_played":"142001361481018966","potions_obtained":[{"floor":1,"key":"Ancient Potion"},{"floor":6,"key":"DistilledChaos"},{"floor":8,"key":"AttackPotion"},{"floor":12,"key":"DuplicationPotion"},{"floor":18,"key":"EssenceOfSteel"}],"is_trial":false,"path_per_floor":["M","M","M","?","?","E","$","E","T","R","$","M","?","M","R","B",null,"M","?","?","?","$","E"],"character_chosen":"THE_SILENT","items_purchased":["Deadly Poison","Accuracy","Outmaneuver","Catalyst","Deadly Poison"],"campfire_rested":2,"item_purchase_floors":[7,7,11,22,22],"current_hp_per_floor":[65,63,62,62,62,32,32,7,7,30,30,19,25,17,41,12,83,36,36,36,36,36,0,0],"gold":10,"neow_bonus":"TEN_PERCENT_HP_BONUS","is_daily":false,"chose_seed":false,"campfire_upgraded":0,"win_rate":0.0,"timestamp":1612539720,"path_taken":["M","M","M","?","?","E","$","E","T","R","$","?","?","M","R","BOSS","M","?","?","?","?","E"],"items_purchased_type":["Card","Card","Card","Card","Card"],"build_version":"2020-12-22","purchased_purges":0,"victory":false,"max_hp_per_floor":[77,77,77,77,77,77,77,77,77,77,77,77,83,83,83,83,83,83,83,83,83,83,83,83],"relic_stats":{"counters":[10,46],"Tingsha":[0],"Kunai":[1],"obtain_stats":[{"Tingsha":20,"betterThird:NestCultRelic":19,"reliquary:Knoch":6,"Kunai":8,"Ring of the Snake":0,"Runic Pyramid":17},{"Tingsha":9,"betterThird:NestCultRelic":9,"reliquary:Knoch":4,"Kunai":5,"Ring of the Snake":0,"Runic Pyramid":8},{"Tingsha":43,"betterThird:NestCultRelic":43,"reliquary:Knoch":16,"Kunai":24,"Ring of the Snake":0,"Runic Pyramid":36}],"Ring of the Snake":[20]},"card_choices":[{"not_picked":["Masterful Stab","Quick Slash"],"picked":"Poisoned Stab","floor":1},{"not_picked":["Catalyst","Sucker Punch"],"picked":"Deadly Poison","floor":2},{"not_picked":["Quick Slash","Skewer"],"picked":"Riddle With Holes","floor":3},{"not_picked":["Blur","Terror"],"picked":"Phantasmal Killer","floor":6},{"not_picked":["Poisoned Stab","Flying Knee"],"picked":"Catalyst","floor":8},{"not_picked":["Blade Dance","Sucker Punch"],"picked":"Expertise","floor":12},{"not_picked":["Accuracy","Bane"],"picked":"Choke","floor":14},{"not_picked":["Doppelganger","Glass Knife"],"picked":"Burst","floor":16},{"not_picked":["Leg Sweep","PiercingWail"],"picked":"Reflex+1","floor":18}],"player_experience":391537,"relics_obtained":[{"floor":6,"key":"reliquary:Knoch"},{"floor":8,"key":"Kunai"}],"event_choices":[{"damage_healed":62,"gold_gain":0,"player_choice":"Embrace Burn","damage_taken":0,"max_hp_gain":0,"max_hp_loss":77,"event_name":"betterThird:BetterShining","floor":4,"gold_loss":0},{"damage_healed":0,"gold_gain":0,"player_choice":"1 cards matched","damage_taken":0,"max_hp_gain":0,"max_hp_loss":0,"event_name":"Match and Keep!","floor":5,"gold_loss":0,"cards_obtained":["Unload"]},{"damage_healed":0,"gold_gain":0,"player_choice":"RENOUNCE","damage_taken":53,"max_hp_gain":0,"max_hp_loss":0,"event_name":"betterThird:BetterSerpent","floor":13,"gold_loss":53,"cards_obtained":["Enlightenment"]},{"damage_healed":0,"gold_gain":0,"player_choice":"Madness","damage_taken":0,"relics_obtained":["betterThird:NestCultRelic"],"max_hp_gain":0,"max_hp_loss":0,"event_name":"betterThird:BetterNest","floor":19,"gold_loss":0},{"damage_healed":0,"gold_gain":0,"player_choice":"Opened","damage_taken":0,"relics_obtained":["Tingsha"],"max_hp_gain":0,"max_hp_loss":0,"event_name":"The Mausoleum","floor":20,"gold_loss":0,"cards_obtained":["Writhe"]},{"damage_healed":0,"gold_gain":0,"player_choice":"Serpent","damage_taken":0,"max_hp_gain":0,"max_hp_loss":0,"event_name":"BanditSerpent","floor":21,"gold_loss":0}],"is_beta":false,"boss_relics":[{"not_picked":["Busted Crown","Snecko Eye"],"picked":"Runic Pyramid"}],"items_purged_floors":[],"is_endless":false,"potions_floor_spawned":[1,6,8,12,18],"killed_by":"Gremlin Leader","ascension_level":1}}