{"host":"3j2m8n0ywf988fwb","time":1612563596,"event":{"mods":["2.2 Compatiblity","AchievementEnabler","Act Like it!","Aspiration","Astrologer","BaseMod","Better Altar","Better Match","Better Note","Better Sensory Stone","Better Skull","Better Third Choice","CCEM2","ChefMod","Colored Map","Colored Powertips","Conspire","Dark Map","Energized Spire","GifTheSpireLib","Halation","Hallownest","Highlight Path","Hubris","Infinite Spire","Jedi Mod","Marisa????????","Marked Mod","Mimic Mod","Minty Spire (QoL Compilation)","Monster B Gone","Random Character Button","Relic Filter Mod","Relic Stats","Reliquary","Replay The Spire","Robot Space Explorer","Shade Mod","Shop Mod","Somnambulant","StS++","StSLib","Stuff the Spire","The Bug Knight","The Elementalist","The Hierophant","The Runesmith","TheBandit","TheFirefly","Unceasing Turn Reminder","Weighted Paths","everything is the same but u backflip on backflip"],"gold_per_floor":[112,128,128,146,146,146,146,146],"floor_reached":7,"language":"ENG","playtime":167,"items_purged":[],"score":43,"play_id":"ed55a1e0-6c7c-499c-8d1c-6eedd5597a72","local_time":"20210205161956","is_ascension_mode":true,"campfire_choices":[{"floor":6,"key":"REST"}],"circlet_count":0,"master_deck":["Strike_MRS","Strike_MRS","Strike_MRS","Strike_MRS","Defend_MRS","Defend_MRS","Defend_MRS","Defend_MRS","MasterSpark","UpSweep","Voices","hubris:Gluttony","GrandCross","BinaryStars+1","The Bomb","LuminesStrike"],"relics":["MiniHakkero","StSpp:PileOfSugar"],"acts_visited":["Exordium"],"potions_floor_usage":[],"damage_taken":[{"damage":30,"enemies":"Cultist","floor":1,"turns":3},{"damage":30,"enemies":"Small Slimes","floor":2,"turns":2},{"damage":1,"enemies":"2 Louse","floor":4,"turns":2},{"damage":38,"enemies":"Gremlin Nob","floor":7,"turns":2}],"seed_played":"-4144109275123165357","potions_obtained":[{"floor":4,"key":"BlessingOfTheForge"}],"is_trial":false,"path_per_floor":["M","M","?","M","?","R","E"],"character_chosen":"MARISA","items_purchased":[],"campfire_rested":1,"item_purchase_floors":[],"current_hp_per_floor":[45,15,15,14,14,36,0,0],"gold":146,"neow_bonus":"CURSED_BOSS_RELIC","is_daily":false,"chose_seed":false,"campfire_upgraded":0,"win_rate":0.0,"timestamp":1612563596,"path_taken":["M","M","?","?","?","R","E"],"items_purchased_type":[],"build_version":"2020-12-22","purchased_purges":0,"victory":false,"max_hp_per_floor":[75,75,75,75,75,75,75,75],"relic_stats":{"counters":[4,9],"obtain_stats":[{"MiniHakkero":0,"StSpp:PileOfSugar":0},{"MiniHakkero":0,"StSpp:PileOfSugar":0},{"MiniHakkero":0,"StSpp:PileOfSugar":0}]},"card_choices":[{"not_picked":["MysteriousBeam","NonDirectionalLaser"],"picked":"GrandCross","floor":1},{"not_picked":["ShootingEcho","MilkyWay"],"picked":"BinaryStars","floor":2},{"not_picked":["Good Instincts","Trip"],"picked":"The Bomb","floor":3},{"not_picked":["WitchLeyline","EnergyRecoil"],"picked":"LuminesStrike","floor":4}],"player_experience":1068993,"relics_obtained":[],"event_choices":[{"damage_healed":0,"gold_gain":1,"player_choice":"1","damage_taken":0,"max_hp_gain":0,"max_hp_loss":0,"event_name":"betterStone:BetterStone","floor":3,"gold_loss":0},{"damage_healed":0,"gold_gain":0,"player_choice":"Grow","damage_taken":0,"max_hp_gain":0,"max_hp_loss":0,"event_name":"Living Wall","floor":5,"gold_loss":0,"cards_upgraded":["BinaryStars"]}],"is_beta":false,"boss_relics":[],"items_purged_floors":[],"is_endless":false,"potions_floor_spawned":[4],"killed_by":"Gremlin Nob","ascension_level":1}}