{"host":"jxmsv4d84jcvxth5","time":1612489894,"event":{"mods":["BaseMod","Colored Map","Minty Spire (QoL Compilation)","Relic Stats","StSLib"],"gold_per_floor":[109,109,109,34,34,34,51,85,85,98,130,146,146,166,166,166,166],"floor_reached":16,"language":"ENG","playtime":628,"items_purged":["Normality"],"score":263,"play_id":"c8341e06-636d-4f81-ac2c-b780b3f0b4e3","local_time":"20210204205134","is_ascension_mode":true,"campfire_choices":[{"data":"Judgement","floor":6.0,"key":"SMITH"},{"data":"Wallop","floor":13.0,"key":"SMITH"},{"data":"Protect","floor":15,"key":"SMITH"}],"circlet_count":0,"master_deck":["AscendersBane","Strike_P+1","Strike_P","Strike_P+1","Defend_P","Defend_P","Defend_P","Defend_P","Eruption","Vigilance","Judgement+1","CarveReality","CutThroughFate","Tantrum","Protect+1","Wallop+1"],"relics":["PureWater","Whetstone","Oddly Smooth Stone","Mummified Hand"],"acts_visited":["Exordium"],"potions_floor_usage":[],"damage_taken":[{"damage":1.0,"enemies":"2 Louse","floor":1.0,"turns":4.0},{"damage":0.0,"enemies":"Jaw Worm","floor":7.0,"turns":3.0},{"damage":14.0,"enemies":"3 Sentries","floor":8.0,"turns":8.0},{"damage":0.0,"enemies":"Cultist","floor":10.0,"turns":3.0},{"damage":0.0,"enemies":"Gremlin Nob","floor":11.0,"turns":1.0},{"damage":3.0,"enemies":"3 Louse","floor":12.0,"turns":3.0},{"damage":6.0,"enemies":"Gremlin Gang","floor":14.0,"turns":5.0},{"damage":2,"enemies":"Hexaghost","floor":16,"turns":7}],"seed_played":"-2978885355546670934","potions_obtained":[{"floor":8.0,"key":"Swift Potion"},{"floor":10.0,"key":"AttackPotion"},{"floor":11.0,"key":"Energy Potion"}],"is_trial":false,"path_per_floor":["M","?","?","$","?","R","M","E","T","M","E","M","R","M","R","B"],"character_chosen":"WATCHER","items_purchased":[],"campfire_rested":0,"item_purchase_floors":[],"current_hp_per_floor":[60,65,65,65,58,58,58,44,44,44,44,41,41,35,35,33,33],"gold":166,"neow_bonus":"THREE_RARE_CARDS","is_daily":false,"chose_seed":false,"campfire_upgraded":3,"win_rate":0.0,"timestamp":1612489894,"path_taken":["M","?","?","$","?","R","?","E","T","?","E","M","R","M","R","BOSS"],"items_purchased_type":[],"build_version":"2020-12-22","purchased_purges":1,"victory":false,"max_hp_per_floor":[68,73,73,73,73,73,73,73,73,73,73,73,73,73,73,73,73],"relic_stats":{"counters":[8,34],"Mummified Hand":[0],"Whetstone":["Strike_P","Strike_P"],"obtain_stats":[{"Mummified Hand":11,"Oddly Smooth Stone":9,"Whetstone":8,"PureWater":0},{"Mummified Hand":5,"Oddly Smooth Stone":3,"Whetstone":3,"PureWater":0},{"Mummified Hand":19,"Oddly Smooth Stone":15,"Whetstone":15,"PureWater":0}]},"card_choices":[{"not_picked":["MasterReality","DeusExMachina"],"picked":"Judgement","floor":0.0},{"not_picked":["Meditate","SashWhip"],"picked":"CarveReality","floor":1.0},{"not_picked":["Indignation","ForeignInfluence"],"picked":"CutThroughFate","floor":7.0},{"not_picked":["WreathOfFlame","Halt"],"picked":"Tantrum","floor":8.0},{"not_picked":["Perseverance","PathToVictory"],"picked":"Protect","floor":10.0},{"not_picked":["Consecrate","BowlingBash"],"picked":"Wallop","floor":11.0},{"not_picked":["FollowUp","Brilliance","FlyingSleeves"],"picked":"SKIP","floor":12.0},{"not_picked":["Crescendo","SandsOfTime","MentalFortress"],"picked":"SKIP","floor":14.0}],"player_experience":1553532,"relics_obtained":[{"floor":8.0,"key":"Whetstone"},{"floor":9.0,"key":"Oddly Smooth Stone"},{"floor":11.0,"key":"Mummified Hand"}],"event_choices":[{"damage_healed":0.0,"max_hp_gain":5.0,"max_hp_loss":0.0,"gold_gain":0.0,"event_name":"Big Fish","player_choice":"Donut","floor":2.0,"gold_loss":0.0,"damage_taken":0.0},{"damage_healed":0.0,"max_hp_gain":0.0,"max_hp_loss":0.0,"gold_gain":0.0,"event_name":"Liars Game","player_choice":"Ignored","floor":3.0,"gold_loss":0.0,"damage_taken":0.0},{"cards_removed":["Strike_P"],"damage_healed":0.0,"max_hp_gain":0.0,"max_hp_loss":0.0,"gold_gain":0.0,"event_name":"Golden Wing","player_choice":"Card Removal","floor":5.0,"gold_loss":0.0,"damage_taken":7.0}],"is_beta":false,"boss_relics":[],"items_purged_floors":[4],"is_endless":false,"potions_floor_spawned":[8,10,11],"killed_by":"Hexaghost","ascension_level":19}}