{"host":"Qube","time":1612493562,"event":{"mods":["AchievementEnabler","BaseMod","Colored Map","Colored Powertips","Highlight Path","Minty Spire (QoL Compilation)","Permanent Neow","Quick Restart","Random Character Button","StSLib"],"gold_per_floor":[12,22,34,53,65,65,100,100,124,155,155,155,104,129,129,203,203,217,230,230,230,27,27,54,54,54,97,109,46,71,103,115,205,217,245,1256,1282,933,933,964,511,546,598,631,200,200,233,233,233,233,233],"floor_reached":50,"language":"ENG","playtime":3098,"items_purged":["Defend_B","Normality","Normality","Strike_B"],"score":1243,"play_id":"1cac0505-9ad8-4dca-824e-13a2efd792fe","local_time":"20210204185242","is_ascension_mode":true,"campfire_choices":[{"data":"Streamline","floor":6.0,"key":"SMITH"},{"data":"Zap","floor":8.0,"key":"SMITH"},{"floor":11,"key":"REST"},{"data":"Auto Shields","floor":15,"key":"SMITH"},{"data":"Recycle","floor":23,"key":"SMITH"},{"data":"Seek","floor":25,"key":"SMITH"},{"data":"Hologram","floor":28,"key":"SMITH"},{"floor":32,"key":"REST"},{"floor":49,"key":"RECALL"}],"circlet_count":0,"master_deck":["AscendersBane","Defend_B","Defend_B","Defend_B","Zap+1","Dualcast","Doom and Gloom","Auto Shields+1","Streamline+1","Chill","Gash","Ball Lightning","Recycle+1","Seek+1","Go for the Eyes+1","Static Discharge","Undo","Hologram+1","Steam","Coolheaded","Electrodynamics","Barrage+1","Coolheaded","FTL","Glacier","Cold Snap","HandOfGreed","Beam Cell+1","FTL+1","Master of Strategy"],"relics":["Cracked Core","Bottled Lightning","Juzu Bracelet","Boot","Bronze Scales","Mango","Runic Pyramid","Membership Card","Ornamental Fan","MawBank","Eternal Feather","Inserter","HornCleat","Happy Flower","PreservedInsect","Thread and Needle","TheAbacus","Peace Pipe","Anchor","Art of War","OrangePellets","Toy Ornithopter","Blood Vial"],"acts_visited":["Exordium","TheCity","TheBeyond"],"potions_floor_usage":[10,14,16,24,31,31,40,42,47,50],"damage_taken":[{"damage":9.0,"enemies":"Jaw Worm","floor":1.0,"turns":4.0},{"damage":2.0,"enemies":"Cultist","floor":2.0,"turns":4.0},{"damage":2.0,"enemies":"Small Slimes","floor":3.0,"turns":3.0},{"damage":8.0,"enemies":"Blue Slaver","floor":4.0,"turns":4.0},{"damage":1.0,"enemies":"2 Fungi Beasts","floor":5.0,"turns":3.0},{"damage":17.0,"enemies":"Lagavulin","floor":7.0,"turns":6.0},{"damage":25,"enemies":"Gremlin Nob","floor":10,"turns":4},{"damage":12,"enemies":"Lagavulin","floor":14,"turns":6},{"damage":15,"enemies":"Hexaghost","floor":16,"turns":9},{"damage":7,"enemies":"Spheric Guardian","floor":18,"turns":4},{"damage":1,"enemies":"3 Byrds","floor":19,"turns":3},{"damage":21,"enemies":"Slavers","floor":24,"turns":5},{"damage":17,"enemies":"Book of Stabbing","floor":27,"turns":5},{"damage":4,"enemies":"Centurion and Healer","floor":30,"turns":7},{"damage":11,"enemies":"Shelled Parasite and Fungi","floor":31,"turns":6},{"damage":59,"enemies":"Automaton","floor":33,"turns":11},{"damage":26,"enemies":"3 Shapes","floor":35,"turns":2},{"damage":28,"enemies":"Orb Walker","floor":37,"turns":4},{"damage":18,"enemies":"Reptomancer","floor":40,"turns":6},{"damage":11,"enemies":"Jaw Worm Horde","floor":42,"turns":6},{"damage":0,"enemies":"Nemesis","floor":44,"turns":5},{"damage":31,"enemies":"Giant Head","floor":47,"turns":7},{"damage":49,"enemies":"Donu and Deca","floor":50,"turns":8}],"seed_played":"5842276855400824821","potions_obtained":[{"floor":1.0,"key":"SkillPotion"},{"floor":3.0,"key":"FocusPotion"},{"floor":4.0,"key":"EssenceOfDarkness"},{"floor":12,"key":"Fire Potion"},{"floor":12,"key":"CultistPotion"},{"floor":14,"key":"SpeedPotion"},{"floor":24,"key":"GamblersBrew"},{"floor":27,"key":"SteroidPotion"},{"floor":30,"key":"SkillPotion"},{"floor":33,"key":"LiquidMemories"},{"floor":42,"key":"LiquidMemories"},{"floor":44,"key":"Strength Potion"}],"is_trial":false,"path_per_floor":["M","M","M","M","M","R","E","R","T","E","R","?","?","E","R","B",null,"M","M","?","?","$","R","E","R","T","E","R","?","M","M","R","B",null,"M","?","M","$","?","E","$","M","T","E","$","?","E","T","R","B"],"character_chosen":"DEFECT","items_purchased":["Membership Card","HornCleat","Happy Flower","Energy Potion","Coolheaded","FTL","Thread and Needle","TheAbacus","Strength Potion","Cold Snap","HandOfGreed","Anchor","Art of War","OrangePellets","Master of Strategy"],"campfire_rested":2,"item_purchase_floors":[22,38,38,38,38,38,41,41,41,41,41,45,45,45,45],"current_hp_per_floor":[69,67,65,57,56,56,39,39,39,14,39,39,39,41,41,26,81,74,73,73,73,73,73,52,52,52,35,47,47,43,32,73,14,78,52,52,24,24,81,63,63,52,52,52,52,52,21,21,39,0,0],"gold":233,"neow_bonus":"TWENTY_PERCENT_HP_BONUS","is_daily":false,"chose_seed":false,"campfire_upgraded":6,"win_rate":0.0,"timestamp":1612493562,"path_taken":["M","M","M","M","M","R","E","R","T","E","R","?","?","E","R","BOSS","M","M","?","?","?","R","E","R","T","E","R","?","M","M","R","BOSS","M","?","M","$","?","E","$","M","T","E","?","?","E","?","R","BOSS"],"items_purchased_type":["Relic","Relic","Relic","Potion","Card","Card","Relic","Relic","Potion","Card","Card","Relic","Relic","Relic","Card"],"build_version":"2020-12-18","purchased_purges":4,"victory":false,"max_hp_per_floor":[85,85,85,85,85,85,85,85,85,85,85,85,85,99,99,99,99,99,99,99,99,99,99,99,99,99,99,99,99,99,99,99,99,99,99,99,99,99,81,81,81,81,81,81,81,81,81,81,81,81,81],"card_choices":[{"not_picked":["Turbo","Barrage"],"picked":"Doom and Gloom","floor":1.0},{"not_picked":["Go for the Eyes","Sunder"],"picked":"Auto Shields","floor":2.0},{"not_picked":["Undo","Redo"],"picked":"Streamline","floor":3.0},{"not_picked":["Stack","Lockon"],"picked":"Chill","floor":4.0},{"not_picked":["Beam Cell","Streamline"],"picked":"Steam","floor":5.0},{"not_picked":["Hello World","Streamline"],"picked":"Gash","floor":7.0},{"not_picked":["Genetic Algorithm","Redo"],"picked":"Ball Lightning","floor":10},{"not_picked":["Stack","Multi-Cast"],"picked":"Recycle","floor":14},{"not_picked":["Echo Form","Meteor Strike"],"picked":"Seek","floor":16},{"not_picked":["Redo","Chaos"],"picked":"Go for the Eyes+1","floor":18},{"not_picked":["Hologram","Storm"],"picked":"Static Discharge","floor":19},{"not_picked":["Barrage","Capacitor","Static Discharge"],"picked":"SKIP","floor":24},{"not_picked":["Redo","Undo"],"picked":"Steam","floor":27},{"not_picked":["Steam","Go for the Eyes","Barrage"],"picked":"SKIP","floor":30},{"not_picked":["Doom and Gloom","Compile Driver"],"picked":"Coolheaded","floor":31},{"not_picked":["Reboot","Machine Learning"],"picked":"Electrodynamics","floor":33},{"not_picked":["Go for the Eyes","Ball Lightning"],"picked":"Barrage+1","floor":35},{"not_picked":["Sweeping Beam","Doom and Gloom","Undo"],"picked":"SKIP","floor":37},{"not_picked":["Coolheaded","Gash"],"picked":"Glacier","floor":40},{"not_picked":["Streamline","Sunder+1"],"picked":"Beam Cell+1","floor":42},{"not_picked":["Chaos","Scrape"],"picked":"FTL+1","floor":44},{"not_picked":["Reprogram","Rip and Tear+1","Amplify"],"picked":"SKIP","floor":47}],"player_experience":1050974,"relics_obtained":[{"floor":7.0,"key":"Bottled Lightning"},{"floor":9.0,"key":"Juzu Bracelet"},{"floor":10,"key":"Boot"},{"floor":14,"key":"Mango"},{"floor":24,"key":"Ornamental Fan"},{"floor":26,"key":"MawBank"},{"floor":27,"key":"Eternal Feather"},{"floor":40,"key":"PreservedInsect"},{"floor":44,"key":"Peace Pipe"},{"floor":47,"key":"Toy Ornithopter"},{"floor":48,"key":"Blood Vial"}],"event_choices":[{"damage_healed":0,"gold_gain":0,"player_choice":"Got Potions","damage_taken":0,"max_hp_gain":0,"max_hp_loss":0,"event_name":"Lab","floor":12,"gold_loss":0},{"damage_healed":0,"gold_gain":0,"player_choice":"Paid Gold","damage_taken":0,"relics_obtained":["Bronze Scales"],"max_hp_gain":0,"max_hp_loss":0,"event_name":"WeMeetAgain","floor":13,"gold_loss":51},{"damage_healed":0,"gold_gain":0,"cards_transformed":["Strike_B","Strike_B"],"player_choice":"Became Test Subject","damage_taken":0,"max_hp_gain":0,"max_hp_loss":0,"event_name":"Drug Dealer","floor":20,"gold_loss":0,"cards_obtained":["Undo","Hologram"]},{"damage_healed":0,"gold_gain":0,"player_choice":"Ignored","damage_taken":0,"max_hp_gain":0,"max_hp_loss":0,"event_name":"Vampires","floor":21,"gold_loss":0},{"cards_removed":["Strike_B"],"damage_healed":0,"gold_gain":0,"player_choice":"Gave Gold","damage_taken":0,"max_hp_gain":0,"max_hp_loss":0,"event_name":"Beggar","floor":29,"gold_loss":75},{"damage_healed":0,"gold_gain":999,"player_choice":"Gold","damage_taken":0,"max_hp_gain":0,"max_hp_loss":0,"event_name":"MindBloom","floor":36,"gold_loss":0,"cards_obtained":["Normality","Normality"]},{"damage_healed":81,"gold_gain":0,"player_choice":"Heal","damage_taken":0,"max_hp_gain":0,"max_hp_loss":18,"event_name":"The Moai Head","floor":39,"gold_loss":0},{"cards_removed":["Steam"],"damage_healed":0,"gold_gain":0,"player_choice":"Removed Skill","damage_taken":0,"max_hp_gain":0,"max_hp_loss":0,"event_name":"Falling","floor":46,"gold_loss":0}],"is_beta":true,"boss_relics":[{"not_picked":["Philosopher\u0027s Stone","Pandora\u0027s Box"],"picked":"Runic Pyramid"},{"not_picked":["SacredBark","Runic Dome"],"picked":"Inserter"}],"items_purged_floors":[22,38,41,45],"is_endless":false,"potions_floor_spawned":[1,3,4,5,14,24,27,30,33,42,44],"killed_by":"Donu and Deca","ascension_level":20}}