{"host":"dhlnk6yox2l1s6up","time":1612554530,"event":{"mods":["BaseMod","Bestiary","Colored Map","Highlight Path","Minty Spire (QoL Compilation)","Relic Stats","StSLib"],"gold_per_floor":[117,117,133,149,11,11,21,55,109,125,135,135,162,173,173,277,277,288,304,324,335,335,368,368,379,432,432,445,465,53,3,3,98,98,117,137,148,5,5,33,33,33,33,33,45,58,93,93,93,93,93,93,15,15,15],"floor_reached":54,"language":"ENG","playtime":4367,"items_purged":["Regret"],"score":1162,"play_id":"7638af35-5cde-4afb-be93-3be0762e2660","local_time":"20210205134850","is_ascension_mode":true,"campfire_choices":[{"data":"Dagger Spray","floor":6.0,"key":"SMITH"},{"data":"Burst","floor":12.0,"key":"SMITH"},{"data":"Deadly Poison","floor":15.0,"key":"SMITH"},{"floor":24.0,"key":"REST"},{"floor":27.0,"key":"REST"},{"data":"Footwork","floor":32.0,"key":"SMITH"},{"floor":42,"key":"RECALL"},{"floor":44,"key":"REST"},{"floor":49,"key":"REST"},{"data":"Adrenaline","floor":52,"key":"SMITH"}],"circlet_count":0,"master_deck":["AscendersBane","Strike_G","Strike_G","Strike_G","Strike_G","Strike_G","Defend_G","Defend_G","Defend_G","Defend_G","Defend_G","Survivor","Neutralize","Dagger Spray+1","Predator","Blade Dance","Accuracy","Blade Dance","PiercingWail","Cloak And Dagger","Burst+1","Deadly Poison+1","Phantasmal Killer","Terror","Acrobatics","Backflip","PiercingWail+1","Escape Plan","Footwork+1","Backflip","Adrenaline+1","PiercingWail+1","Blur+1","Cloak And Dagger+1","Wraith Form v2","Cloak And Dagger+1","Leg Sweep+1","Clumsy","Footwork"],"relics":["Ring of the Snake","Tiny Chest","Ninja Scroll","Blood Vial","Cursed Key","Bottled Lightning","Ancient Tea Set","Vajra","Boot","Black Star","Lee\u0027s Waffle","Toxic Egg 2","Orichalcum","Bronze Scales","Snake Skull","Centennial Puzzle"],"acts_visited":["Exordium","TheCity","TheBeyond","TheEnding"],"potions_floor_usage":[33,33,33,37,40,47],"damage_taken":[{"damage":0.0,"enemies":"Small Slimes","floor":1.0,"turns":4.0},{"damage":6.0,"enemies":"Cultist","floor":3.0,"turns":5.0},{"damage":0.0,"enemies":"2 Louse","floor":4.0,"turns":3.0},{"damage":1.0,"enemies":"Exordium Wildlife","floor":7.0,"turns":4.0},{"damage":0.0,"enemies":"Gremlin Nob","floor":8.0,"turns":2.0},{"damage":10.0,"enemies":"Lots of Slimes","floor":10.0,"turns":3.0},{"damage":0.0,"enemies":"3 Louse","floor":11.0,"turns":2.0},{"damage":6.0,"enemies":"3 Sentries","floor":13.0,"turns":4.0},{"damage":0.0,"enemies":"Blue Slaver","floor":14.0,"turns":2.0},{"damage":29.0,"enemies":"The Guardian","floor":16.0,"turns":12.0},{"damage":0.0,"enemies":"3 Byrds","floor":18.0,"turns":5.0},{"damage":0.0,"enemies":"Chosen","floor":19.0,"turns":3.0},{"damage":0.0,"enemies":"Snecko","floor":20.0,"turns":2.0},{"damage":17.0,"enemies":"Chosen and Byrds","floor":21.0,"turns":6.0},{"damage":21.0,"enemies":"Book of Stabbing","floor":23.0,"turns":4.0},{"damage":24.0,"enemies":"Snake Plant","floor":25.0,"turns":4.0},{"damage":0.0,"enemies":"Centurion and Healer","floor":28.0,"turns":5.0},{"damage":8.0,"enemies":"Cultist and Chosen","floor":29.0,"turns":6.0},{"damage":27,"enemies":"Collector","floor":33,"turns":12},{"damage":0,"enemies":"3 Shapes","floor":35,"turns":9},{"damage":3,"enemies":"Orb Walker","floor":36,"turns":2},{"damage":38,"enemies":"Transient","floor":37,"turns":5},{"damage":58,"enemies":"Giant Head","floor":40,"turns":8},{"damage":0,"enemies":"3 Darklings","floor":45,"turns":5},{"damage":9,"enemies":"Writhing Mass","floor":46,"turns":10},{"damage":5,"enemies":"Nemesis","floor":47,"turns":6},{"damage":37,"enemies":"Donu and Deca","floor":50,"turns":12},{"damage":76,"enemies":"Shield and Spear","floor":54,"turns":14}],"seed_played":"-2560091414287091043","potions_obtained":[{"floor":3.0,"key":"AttackPotion"},{"floor":4.0,"key":"EssenceOfSteel"},{"floor":7.0,"key":"CunningPotion"},{"floor":10.0,"key":"EssenceOfSteel"},{"floor":11.0,"key":"PowerPotion"},{"floor":18.0,"key":"Poison Potion"},{"floor":21.0,"key":"BlessingOfTheForge"},{"floor":28.0,"key":"CunningPotion"},{"floor":33,"key":"DuplicationPotion"},{"floor":35,"key":"PowerPotion"},{"floor":46,"key":"SkillPotion"}],"is_trial":false,"path_per_floor":["M","?","M","M","$","R","M","E","T","M","M","R","E","M","R","B",null,"M","M","M","M","T","E","R","M","T","R","M","M","$","?","R","B",null,"M","M","M","$","$","E","?","R","T","R","M","M","E","T","R","B",null,"R","$","E"],"character_chosen":"THE_SILENT","items_purchased":["Accuracy","Blade Dance","Strength Potion","Footwork","Vajra","GhostInAJar","Backflip","Lee\u0027s Waffle","Footwork"],"campfire_rested":4,"item_purchase_floors":[5,5,5,30,30,30,30,38,53],"current_hp_per_floor":[63,63,57,57,57,57,56,56,56,46,46,46,40,42,42,15,56,58,60,62,47,47,28,49,27,27,48,50,44,44,44,44,19,57,59,58,22,77,77,19,19,19,19,42,44,37,34,34,57,22,63,63,63,0,0],"gold":15,"neow_bonus":"RANDOM_COMMON_RELIC","is_daily":false,"chose_seed":false,"campfire_upgraded":5,"win_rate":0.0,"timestamp":1612554530,"path_taken":["M","?","M","M","$","R","M","E","T","M","M","R","E","?","R","BOSS","M","?","M","M","?","E","R","M","T","R","M","M","$","?","R","BOSS","M","M","M","?","$","E","?","R","T","R","M","M","E","?","R","BOSS","R","$","E"],"items_purchased_type":["Card","Card","Potion","Card","Relic","Potion","Card","Relic","Card"],"build_version":"2020-12-22","purchased_purges":1,"victory":false,"max_hp_per_floor":[70,70,70,70,70,70,70,70,70,70,70,70,70,70,70,70,70,70,70,70,70,70,70,70,70,70,70,70,70,70,70,70,70,70,70,70,70,77,77,77,77,77,77,77,77,77,77,77,77,77,77,77,77,77,77],"relic_stats":{"Lee\u0027s Waffle":55,"counters":[28,159],"Snake Skull":[5],"Orichalcum":[30],"Cursed Key":2,"Boot":[76],"Blood Vial":38,"Centennial Puzzle":[6],"Bronze Scales":[72],"Tiny Chest":2,"Black Star":2,"obtain_stats":[{"Lee\u0027s Waffle":38,"Vajra":30,"Snake Skull":47,"Orichalcum":40,"Cursed Key":17,"Ancient Tea Set":26,"Boot":31,"Blood Vial":13,"Centennial Puzzle":48,"Ninja Scroll":8,"Bronze Scales":47,"Tiny Chest":0,"Black Star":34,"Bottled Lightning":23,"Toxic Egg 2":40,"Ring of the Snake":0},{"Lee\u0027s Waffle":22,"Vajra":18,"Snake Skull":26,"Orichalcum":23,"Cursed Key":10,"Ancient Tea Set":16,"Boot":18,"Blood Vial":8,"Centennial Puzzle":26,"Ninja Scroll":5,"Bronze Scales":26,"Tiny Chest":0,"Black Star":19,"Bottled Lightning":15,"Toxic Egg 2":23,"Ring of the Snake":0},{"Lee\u0027s Waffle":104,"Vajra":76,"Snake Skull":133,"Orichalcum":112,"Cursed Key":41,"Ancient Tea Set":65,"Boot":76,"Blood Vial":27,"Centennial Puzzle":133,"Ninja Scroll":18,"Bronze Scales":133,"Tiny Chest":0,"Black Star":88,"Bottled Lightning":61,"Toxic Egg 2":112,"Ring of the Snake":0}],"Ring of the Snake":[56]},"card_choices":[{"not_picked":["Poisoned Stab","Calculated Gamble"],"picked":"Dagger Spray","floor":1.0},{"not_picked":["Sucker Punch","Calculated Gamble"],"picked":"Predator","floor":3.0},{"not_picked":["Backstab","Flying Knee"],"picked":"Blade Dance","floor":4.0},{"not_picked":["Underhanded Strike","Expertise"],"picked":"PiercingWail","floor":7.0},{"not_picked":["Bane","Quick Slash","Dodge and Roll"],"picked":"SKIP","floor":8.0},{"not_picked":["Prepared","Sucker Punch"],"picked":"Cloak And Dagger","floor":10.0},{"not_picked":["Slice","Backflip"],"picked":"Burst","floor":11.0},{"not_picked":["Skewer","Poisoned Stab"],"picked":"Deadly Poison","floor":13.0},{"not_picked":["Slice","All Out Attack","Backstab"],"picked":"SKIP","floor":14.0},{"not_picked":["Bullet Time","Grand Finale"],"picked":"Phantasmal Killer","floor":16.0},{"not_picked":["Acrobatics","Dodge and Roll"],"picked":"Terror","floor":18.0},{"not_picked":["Dagger Spray","Deflect"],"picked":"Acrobatics","floor":19.0},{"not_picked":["Acrobatics","Backflip","Setup"],"picked":"SKIP","floor":20.0},{"not_picked":["Dagger Spray+1","Expertise"],"picked":"Backflip","floor":21.0},{"not_picked":["Flechettes","Grand Finale","Slice"],"picked":"SKIP","floor":23.0},{"not_picked":["Blade Dance+1","Skewer"],"picked":"PiercingWail+1","floor":25.0},{"not_picked":["Prepared+1","Finisher"],"picked":"Escape Plan","floor":28.0},{"not_picked":["Bouncing Flask","Backflip","Flechettes"],"picked":"SKIP","floor":29.0},{"not_picked":["Corpse Explosion","Die Die Die"],"picked":"Adrenaline","floor":33},{"not_picked":["Poisoned Stab","Choke+1"],"picked":"PiercingWail+1","floor":35},{"not_picked":["Acrobatics","Bouncing Flask"],"picked":"Blur+1","floor":36},{"not_picked":["Acrobatics+1","Skewer+1"],"picked":"Cloak And Dagger+1","floor":37},{"not_picked":["Cloak And Dagger+1","Dodge and Roll+1"],"picked":"Wraith Form v2","floor":40},{"not_picked":["Sucker Punch+1","Poisoned Stab+1"],"picked":"Cloak And Dagger+1","floor":45},{"not_picked":["Blur+1","Catalyst+1"],"picked":"Leg Sweep+1","floor":46},{"not_picked":["Heel Hook","Storm of Steel+1","Tactician+1"],"picked":"SKIP","floor":47}],"player_experience":6122421,"relics_obtained":[{"floor":8.0,"key":"Ninja Scroll"},{"floor":13.0,"key":"Blood Vial"},{"floor":23.0,"key":"Bottled Lightning"},{"floor":26.0,"key":"Ancient Tea Set"},{"floor":40,"key":"Toxic Egg 2"},{"floor":40,"key":"Orichalcum"},{"floor":47,"key":"Bronze Scales"},{"floor":47,"key":"Snake Skull"},{"floor":48,"key":"Centennial Puzzle"}],"event_choices":[{"damage_healed":0.0,"max_hp_gain":0.0,"max_hp_loss":0.0,"gold_gain":0.0,"event_name":"NoteForYourself","player_choice":"Ignored","floor":2.0,"gold_loss":0.0,"damage_taken":0.0},{"damage_healed":0.0,"max_hp_gain":0.0,"max_hp_loss":0.0,"gold_gain":0.0,"event_name":"WeMeetAgain","player_choice":"Paid Gold","floor":31.0,"gold_loss":50.0,"damage_taken":0.0,"relics_obtained":["Boot"]},{"damage_healed":0,"gold_gain":0,"player_choice":"Ignored","damage_taken":0,"max_hp_gain":0,"max_hp_loss":0,"event_name":"Mysterious Sphere","floor":41,"gold_loss":0}],"is_beta":false,"boss_relics":[{"not_picked":["Snecko Eye","Empty Cage"],"picked":"Cursed Key"},{"not_picked":["HoveringKite","Calling Bell"],"picked":"Black Star"}],"items_purged_floors":[30],"is_endless":false,"potions_floor_spawned":[3,4,7,10,11,18,21,28,33,35,46],"killed_by":"Shield and Spear","ascension_level":10}}