{"host":"qxt9611uhnemh1bn","time":1612499310,"event":{"mods":["AchievementEnabler","BaseMod","Minty Spire (QoL Compilation)","StSLib"],"gold_per_floor":[114,131,131,10,85,85,85,99,99,112,141,141,141,161,161,262,262,276,276,299,12,12,27,27,43,43,43,61,61,71,84,84,179,179,191,211,47,47,67,67,97,97,178,196,114,114,128,160,160,160,160],"floor_reached":50,"language":"ENG","playtime":2362,"items_purged":["Strike_P","Strike_P"],"score":502,"play_id":"4c18b718-301b-4418-abcf-ce0ef6d3cb37","local_time":"20210204222830","is_ascension_mode":false,"campfire_choices":[{"data":"Eruption","floor":7.0,"key":"SMITH"},{"data":"Collect","floor":13.0,"key":"SMITH"},{"data":"Perseverance","floor":15.0,"key":"SMITH"},{"data":"Apotheosis","floor":24,"key":"SMITH"},{"floor":29,"key":"REST"},{"data":"JustLucky","floor":32,"key":"SMITH"},{"floor":40,"key":"REST"},{"floor":42,"key":"REST"},{"floor":49,"key":"REST"}],"circlet_count":0,"master_deck":["Defend_P","Defend_P","Defend_P","Defend_P","Eruption+1","Vigilance","Crescendo","Protect","InnerPeace","Prostrate","Collect+1","FollowUp","DeusExMachina+1","Alpha+1","Perseverance+1","Vault","CurseOfTheBell","JustLucky+1","Apotheosis+1","Establishment","JustLucky+1","LessonLearned+1","WheelKick+1","ClearTheMind","WindmillStrike+1","Perseverance","JustLucky+1","LikeWater+1"],"relics":["PureWater","Thread and Needle","Bottled Lightning","Lizard Tail","Calling Bell","Smiling Mask","Blue Candle","Peace Pipe","Regal Pillow","Membership Card","Molten Egg 2","Fusion Hammer","Lee\u0027s Waffle","Strawberry","Frozen Egg 2","Pantograph"],"acts_visited":["Exordium","TheCity","TheBeyond"],"potions_floor_usage":[16,33,33,33,41,47,48,50],"damage_taken":[{"damage":0.0,"enemies":"2 Louse","floor":1.0,"turns":2.0},{"damage":0.0,"enemies":"Small Slimes","floor":2.0,"turns":3.0},{"damage":2.0,"enemies":"Cultist","floor":8.0,"turns":4.0},{"damage":0.0,"enemies":"Blue Slaver","floor":10.0,"turns":4.0},{"damage":14.0,"enemies":"3 Sentries","floor":11.0,"turns":10.0},{"damage":13.0,"enemies":"Exordium Thugs","floor":14.0,"turns":5.0},{"damage":44,"enemies":"Slime Boss","floor":16,"turns":5},{"damage":0,"enemies":"Chosen","floor":18,"turns":5},{"damage":9,"enemies":"3 Byrds","floor":23,"turns":4},{"damage":29,"enemies":"Centurion and Healer","floor":25,"turns":6},{"damage":30,"enemies":"3 Cultists","floor":28,"turns":6},{"damage":8,"enemies":"Sentry and Sphere","floor":30,"turns":5},{"damage":11,"enemies":"Snake Plant","floor":31,"turns":6},{"damage":30,"enemies":"Automaton","floor":33,"turns":10},{"damage":0,"enemies":"3 Darklings","floor":35,"turns":5},{"damage":25,"enemies":"Orb Walker","floor":36,"turns":6},{"damage":60,"enemies":"4 Shapes","floor":39,"turns":6},{"damage":11,"enemies":"Nemesis","floor":41,"turns":6},{"damage":46,"enemies":"Transient","floor":44,"turns":6},{"damage":11,"enemies":"Maw","floor":47,"turns":9},{"damage":24,"enemies":"Giant Head","floor":48,"turns":9},{"damage":73,"enemies":"Awakened One","floor":50,"turns":11}],"seed_played":"3245769374124677350","potions_obtained":[{"floor":1.0,"key":"ColorlessPotion"},{"floor":8.0,"key":"Regen Potion"},{"floor":11.0,"key":"SteroidPotion"},{"floor":16,"key":"Strength Potion"},{"floor":25,"key":"DuplicationPotion"},{"floor":30,"key":"Block Potion"},{"floor":33,"key":"BlessingOfTheForge"},{"floor":36,"key":"BlessingOfTheForge"},{"floor":47,"key":"GamblersBrew"},{"floor":48,"key":"Energy Potion"}],"is_trial":false,"path_per_floor":["M","M","?","$","?","?","R","M","T","M","E","?","R","M","R","B",null,"M","?","T","$","?","M","R","M","T","$","M","R","M","M","R","B",null,"M","M","$","?","M","R","E","R","T","M","$","?","M","E","R","B"],"character_chosen":"WATCHER","items_purchased":["InnerPeace","Prostrate","Membership Card","Apotheosis","Lee\u0027s Waffle","StancePotion","WindmillStrike+1","Perseverance","JustLucky+1"],"campfire_rested":4,"item_purchase_floors":[4,4,21,21,37,37,45,45,45],"current_hp_per_floor":[65,65,70,70,59,59,59,57,57,57,58,58,58,45,45,1,70,70,70,70,70,61,52,52,23,23,23,35,70,62,51,51,21,70,70,45,77,77,17,55,51,84,84,38,38,38,27,3,43,0,0],"gold":160,"neow_bonus":"ONE_RARE_RELIC","is_daily":false,"chose_seed":false,"campfire_upgraded":5,"win_rate":0.0,"timestamp":1612499310,"path_taken":["M","M","?","$","?","?","R","M","T","?","E","?","R","M","R","BOSS","M","?","?","$","?","M","R","?","T","$","M","R","M","M","R","BOSS","M","?","$","?","?","R","E","R","T","?","$","?","M","E","R","BOSS"],"items_purchased_type":["Card","Card","Relic","Card","Relic","Potion","Card","Card","Card"],"build_version":"2020-12-22","purchased_purges":2,"victory":false,"max_hp_per_floor":[65,65,70,70,70,70,70,70,70,70,70,70,70,70,70,70,70,70,70,70,70,70,70,70,70,70,70,70,70,70,70,70,70,70,70,70,77,77,77,77,84,84,84,84,84,84,84,84,84,84,84],"card_choices":[{"not_picked":["ReachHeaven","Halt"],"picked":"Crescendo","floor":1.0},{"not_picked":["Sanctity","BattleHymn"],"picked":"Protect","floor":2.0},{"not_picked":["SignatureMove","Meditate"],"picked":"FollowUp","floor":8.0},{"not_picked":["FollowUp","Protect"],"picked":"DeusExMachina","floor":10.0},{"not_picked":["WaveOfTheHand","FlurryOfBlows"],"picked":"Alpha","floor":11.0},{"not_picked":["CarveReality","Halt"],"picked":"Perseverance","floor":14.0},{"not_picked":["Brilliance","ConjureBlade"],"picked":"Vault","floor":16},{"not_picked":["DeceiveReality","ReachHeaven"],"picked":"JustLucky","floor":18},{"not_picked":["PathToVictory","CrushJoints+1"],"picked":"Establishment","floor":23},{"not_picked":["SashWhip","Wallop","ClearTheMind+1"],"picked":"SKIP","floor":25},{"not_picked":["PathToVictory","FollowUp+1","MentalFortress"],"picked":"SKIP","floor":28},{"not_picked":["Evaluate","MentalFortress"],"picked":"JustLucky+1","floor":30},{"not_picked":["Prostrate","BowlingBash+1","Evaluate"],"picked":"SKIP","floor":31},{"not_picked":["Brilliance+1","Establishment"],"picked":"LessonLearned+1","floor":33},{"not_picked":["Prostrate+1","FlyingSleeves+1","EmptyBody"],"picked":"SKIP","floor":35},{"not_picked":["FollowUp+1","CarveReality+1"],"picked":"WheelKick+1","floor":36},{"not_picked":["BowlingBash+1","FlyingSleeves+1","EmptyBody"],"picked":"SKIP","floor":39},{"not_picked":["Establishment","EmptyFist+1","FlyingSleeves+1"],"picked":"SKIP","floor":41},{"not_picked":["CarveReality+1","ReachHeaven+1"],"picked":"ClearTheMind","floor":44},{"not_picked":["ForeignInfluence+1","Consecrate+1","Protect+1"],"picked":"SKIP","floor":47},{"not_picked":["Vengeance","Halt"],"picked":"LikeWater+1","floor":48}],"player_experience":237818,"relics_obtained":[{"floor":9.0,"key":"Bottled Lightning"},{"floor":11.0,"key":"Lizard Tail"},{"floor":17,"key":"Smiling Mask"},{"floor":17,"key":"Blue Candle"},{"floor":17,"key":"Peace Pipe"},{"floor":20,"key":"Regal Pillow"},{"floor":26,"key":"Molten Egg 2"},{"floor":41,"key":"Strawberry"},{"floor":43,"key":"Frozen Egg 2"},{"floor":48,"key":"Pantograph"}],"event_choices":[{"damage_healed":0.0,"max_hp_gain":5.0,"max_hp_loss":0.0,"gold_gain":0.0,"event_name":"Big Fish","player_choice":"Donut","floor":3.0,"gold_loss":0.0,"damage_taken":0.0},{"damage_healed":0.0,"max_hp_gain":0.0,"max_hp_loss":0.0,"gold_gain":75.0,"event_name":"World of Goop","player_choice":"Gather Gold","floor":5.0,"gold_loss":0.0,"damage_taken":11.0},{"damage_healed":0.0,"max_hp_gain":0.0,"max_hp_loss":0.0,"gold_gain":0.0,"event_name":"Match and Keep!","player_choice":"1 cards matched","floor":6.0,"gold_loss":0.0,"damage_taken":0.0,"cards_obtained":["Collect"]},{"damage_healed":0.0,"max_hp_gain":0.0,"max_hp_loss":0.0,"gold_gain":0.0,"event_name":"Upgrade Shrine","player_choice":"Upgraded","floor":12.0,"gold_loss":0.0,"damage_taken":0.0,"cards_upgraded":["Alpha"]},{"cards_removed":["Strike_P"],"damage_healed":0,"gold_gain":0,"player_choice":"Elegance","damage_taken":0,"max_hp_gain":0,"max_hp_loss":0,"event_name":"Back to Basics","floor":19,"gold_loss":0},{"damage_healed":0,"gold_gain":0,"player_choice":"Stopped","damage_taken":9,"max_hp_gain":0,"max_hp_loss":0,"event_name":"Cursed Tome","floor":22,"gold_loss":0},{"cards_removed":["Strike_P"],"damage_healed":0,"gold_gain":0,"player_choice":"Purged","damage_taken":0,"max_hp_gain":0,"max_hp_loss":0,"event_name":"Purifier","floor":38,"gold_loss":0},{"damage_healed":0,"gold_gain":0,"player_choice":"Upgraded","damage_taken":0,"max_hp_gain":0,"max_hp_loss":0,"event_name":"Upgrade Shrine","floor":46,"gold_loss":0,"cards_upgraded":["DeusExMachina"]}],"is_beta":false,"boss_relics":[{"not_picked":["Coffee Dripper","Pandora\u0027s Box"],"picked":"Calling Bell"},{"not_picked":["Sozu","Tiny House"],"picked":"Fusion Hammer"}],"items_purged_floors":[21,37],"is_endless":false,"potions_floor_spawned":[1,8,11,16,25,30,33,36,47,48],"killed_by":"Awakened One","ascension_level":0}}