{"host":"9kgs1o98dz1f0f1n","time":1612520403,"event":{"mods":["BaseMod","BetterRewards","Minty Spire (QoL Compilation)","Quick Restart","Rare Cards Sparkle","Remove Card Discount Mod","Swap Starting Deck Mod"],"gold_per_floor":[114,127,127,139,218,248,56,56,56,81,81,106,121,117,117,219,219,238,49,59,78,98,124,124,157,184,184,184,210,223,257,257,357,357,375,312,326,208,208,242,242,50,77,77,95,124,140,112,112,112,112,112,112,138,138],"floor_reached":56,"language":"JPN","playtime":1364,"items_purged":["Strike_G","Strike_G","Strike_G","Strike_G","Strike_G","Defend_G","Defend_G","Defend_G","Defend_G","Defend_G","Poisoned Stab+1","Finisher","Endless Agony","Neutralize","Poisoned Stab+1","Survivor","Skewer+1","Unload+1","Acrobatics"],"score":1895,"play_id":"e9afd76f-0517-4c3b-b202-8a7880fb7c4b","local_time":"20210205192002","is_ascension_mode":true,"campfire_choices":[{"floor":8,"key":"REST"},{"floor":11,"key":"RECALL"},{"data":"Skewer","floor":15,"key":"SMITH"},{"data":"Panacea","floor":24,"key":"SMITH"},{"floor":28,"key":"REST"},{"floor":32,"key":"REST"},{"data":"Venomology","floor":41,"key":"SMITH"},{"data":"Tactician","floor":49,"key":"SMITH"},{"data":"Acrobatics","floor":52,"key":"SMITH"}],"circlet_count":0,"master_deck":["Grand Finale+1","Panacea+1","Blade Dance+1","Venomology+1","Acrobatics+1","Acrobatics+1","Dramatic Entrance+1","Tactician+1","Prepared+1"],"relics":["Ring of the Snake","NeowsBlessing","Molten Egg 2","The Courier","Centennial Puzzle","Vajra","Anchor","Busted Crown","ClockworkSouvenir","Mummified Hand","Bag of Marbles","Blood Vial","Eternal Feather","Lantern","Black Star","Omamori","Torii","Boot","Bag of Preparation","Happy Flower","Dream Catcher","Snake Skull","War Paint"],"acts_visited":["Exordium","TheCity","TheBeyond","TheEnding"],"potions_floor_usage":[6,25,40,47,47,55,55,55],"damage_taken":[{"damage":0,"enemies":"Small Slimes","floor":1,"turns":1},{"damage":0,"enemies":"Jaw Worm","floor":2,"turns":1},{"damage":0,"enemies":"Cultist","floor":4,"turns":1},{"damage":51,"enemies":"3 Sentries","floor":6,"turns":12},{"damage":0,"enemies":"Lagavulin","floor":10,"turns":2},{"damage":0,"enemies":"3 Sentries","floor":12,"turns":1},{"damage":0,"enemies":"Blue Slaver","floor":13,"turns":1},{"damage":0,"enemies":"Slime Boss","floor":16,"turns":2},{"damage":0,"enemies":"Chosen","floor":18,"turns":1},{"damage":0,"enemies":"2 Thieves","floor":20,"turns":1},{"damage":0,"enemies":"3 Cultists","floor":21,"turns":1},{"damage":0,"enemies":"Sentry and Sphere","floor":22,"turns":1},{"damage":4,"enemies":"Book of Stabbing","floor":23,"turns":2},{"damage":8,"enemies":"Gremlin Leader","floor":25,"turns":2},{"damage":0,"enemies":"Slavers","floor":29,"turns":1},{"damage":0,"enemies":"Snake Plant","floor":30,"turns":1},{"damage":0,"enemies":"Gremlin Leader","floor":31,"turns":1},{"damage":0,"enemies":"Collector","floor":33,"turns":2},{"damage":0,"enemies":"3 Shapes","floor":35,"turns":1},{"damage":0,"enemies":"3 Darklings","floor":37,"turns":1},{"damage":0,"enemies":"Giant Head","floor":40,"turns":1},{"damage":0,"enemies":"Sphere and 2 Shapes","floor":45,"turns":1},{"damage":0,"enemies":"Reptomancer","floor":46,"turns":1},{"damage":0,"enemies":"Transient","floor":47,"turns":4},{"damage":24,"enemies":"Time Eater","floor":50,"turns":2},{"damage":0,"enemies":"Shield and Spear","floor":54,"turns":1},{"damage":85,"enemies":"The Heart","floor":55,"turns":4}],"seed_played":"-9125354589463486479","potions_obtained":[{"floor":4,"key":"GhostInAJar"},{"floor":6,"key":"PowerPotion"},{"floor":13,"key":"BlessingOfTheForge"},{"floor":23,"key":"Swift Potion"},{"floor":25,"key":"Dexterity Potion"},{"floor":27,"key":"GhostInAJar"},{"floor":33,"key":"FairyPotion"},{"floor":46,"key":"Strength Potion"}],"is_trial":false,"path_per_floor":["M","M","?","M","T","E","$","R","T","E","R","E","M","$","R","B",null,"M","$","M","M","M","E","R","E","T","?","R","E","M","E","R","B",null,"M","$","M","$","?","E","R","$","T","?","M","E","M","$","R","B",null,"R","$","E","B",null],"character_chosen":"THE_SILENT","items_purchased":["Grand Finale+1","Poisoned Stab+1","ClockworkSouvenir","Panacea","Acrobatics","Acrobatics","Omamori","Bag of Preparation","Dramatic Entrance+1","Tactician"],"campfire_rested":3,"item_purchase_floors":[7,7,19,19,36,36,38,42,42,48],"current_hp_per_floor":[70,70,70,70,70,19,19,40,40,40,40,40,40,40,40,40,63,63,63,63,63,63,59,59,51,51,51,70,70,70,70,70,70,70,70,70,70,70,70,70,70,70,70,80,80,80,80,80,80,56,74,77,77,79,19],"gold":138,"neow_bonus":"THREE_ENEMY_KILL","is_daily":false,"chose_seed":false,"campfire_upgraded":5,"win_rate":0.0,"timestamp":1612520402,"path_taken":["M","M","?","M","?","E","$","R","T","E","R","E","?","$","R","BOSS","M","$","M","M","M","E","R","E","T","?","R","E","?","E","R","BOSS","M","$","M","$","?","E","R","?","T","?","?","E","M","$","R","BOSS","R","$","E","BOSS"],"items_purchased_type":["Card","Card","Relic","Card","Card","Card","Relic","Relic","Card","Card"],"build_version":"2020-12-22","purchased_purges":19,"victory":true,"max_hp_per_floor":[70,70,70,70,70,70,70,70,70,70,70,70,70,70,70,70,70,70,70,70,70,70,70,70,70,70,70,70,70,70,70,70,70,70,70,70,70,70,70,70,70,70,70,80,80,80,80,80,80,80,80,80,80,80,80],"card_choices":[{"not_picked":["Outmaneuver","Quick Slash"],"picked":"Endless Agony","floor":1},{"not_picked":["Endless Agony","Eviscerate"],"picked":"Skewer","floor":2},{"not_picked":["Heel Hook","Distraction"],"picked":"Finisher","floor":4},{"not_picked":["Well Laid Plans","Outmaneuver"],"picked":"Poisoned Stab+1","floor":6},{"not_picked":["Heel Hook+1","Outmaneuver"],"picked":"Unload+1","floor":10},{"not_picked":["Caltrops","Poisoned Stab+1","Backflip"],"picked":"SKIP","floor":12},{"not_picked":["Caltrops","Deadly Poison","Expertise"],"picked":"SKIP","floor":13},{"not_picked":["Storm of Steel","Tools of the Trade"],"picked":"Unload+1","floor":16},{"not_picked":["Deflect"],"picked":"SKIP","floor":18},{"not_picked":["Flying Knee+1"],"picked":"SKIP","floor":20},{"not_picked":[],"picked":"Blade Dance+1","floor":21},{"not_picked":["Outmaneuver"],"picked":"SKIP","floor":22},{"not_picked":["Tools of the Trade"],"picked":"SKIP","floor":23},{"not_picked":["PiercingWail"],"picked":"SKIP","floor":25},{"not_picked":["Setup"],"picked":"SKIP","floor":29},{"not_picked":["Caltrops"],"picked":"SKIP","floor":30},{"not_picked":["Eviscerate+1"],"picked":"SKIP","floor":31},{"not_picked":[],"picked":"Venomology","floor":33},{"not_picked":["Slice+1"],"picked":"SKIP","floor":35},{"not_picked":["Catalyst+1"],"picked":"SKIP","floor":37},{"not_picked":[],"picked":"Acrobatics+1","floor":40},{"not_picked":["Deadly Poison"],"picked":"SKIP","floor":45},{"not_picked":["Underhanded Strike+1"],"picked":"SKIP","floor":46},{"not_picked":["Backflip"],"picked":"SKIP","floor":47},{"not_picked":[],"picked":"Prepared+1","floor":54}],"player_experience":1833931,"relics_obtained":[{"floor":5,"key":"Molten Egg 2"},{"floor":6,"key":"The Courier"},{"floor":9,"key":"Centennial Puzzle"},{"floor":10,"key":"Vajra"},{"floor":12,"key":"Anchor"},{"floor":23,"key":"Mummified Hand"},{"floor":25,"key":"Bag of Marbles"},{"floor":26,"key":"Blood Vial"},{"floor":29,"key":"Eternal Feather"},{"floor":31,"key":"Lantern"},{"floor":40,"key":"Torii"},{"floor":40,"key":"Boot"},{"floor":46,"key":"Happy Flower"},{"floor":46,"key":"Dream Catcher"},{"floor":54,"key":"Snake Skull"},{"floor":54,"key":"War Paint"}],"event_choices":[{"damage_healed":0,"gold_gain":0,"player_choice":"Leave","damage_taken":0,"max_hp_gain":0,"max_hp_loss":0,"event_name":"The Cleric","floor":3,"gold_loss":0},{"damage_healed":0,"gold_gain":0,"player_choice":"Got Potions","damage_taken":0,"max_hp_gain":0,"max_hp_loss":0,"event_name":"Lab","floor":27,"gold_loss":0},{"damage_healed":0,"gold_gain":0,"player_choice":"Ignored","damage_taken":0,"max_hp_gain":0,"max_hp_loss":0,"event_name":"SecretPortal","floor":39,"gold_loss":0},{"cards_removed":["Unload"],"damage_healed":0,"gold_gain":0,"player_choice":"Offered Rare","damage_taken":0,"max_hp_gain":10,"max_hp_loss":0,"event_name":"Bonfire Elementals","floor":44,"gold_loss":0}],"is_beta":false,"boss_relics":[{"not_picked":["Empty Cage","Tiny House"],"picked":"Busted Crown"},{"not_picked":["SlaversCollar","Velvet Choker"],"picked":"Black Star"}],"items_purged_floors":[7,7,7,7,7,7,7,7,7,7,7,7,7,14,14,19,36,36,42],"is_endless":false,"potions_floor_spawned":[4,6,13,23,25,29,30,33,35,46,54],"ascension_level":5}}