{"host":"Hutts","time":1612507062,"event":{"mods":["BaseMod","Downfall","Googly Eyes","Minty Spire (QoL Compilation)","StSLib","The Cursed","The IronCluck"],"gold_per_floor":[199,213,223,223,240,275,275,275,291,326,326,85,116,116,132,230,230,230,244,262,273,4,4,4,4,4,5,5,35,52,52,64,166,166,166,166,166,178,178,5,5,5,22,22,50,65,65,76,93,93],"floor_reached":51,"language":"ENG","playtime":6414,"items_purged":["downfall:Malfunctioning","Slimebound:Strike_Slimebound"],"score":801,"play_id":"a92d6389-7cd6-435c-8e7f-fdb3e846143b","local_time":"20210205003742","is_ascension_mode":true,"campfire_choices":[{"data":"Slimebound:Split","floor":1,"key":"SMITH"},{"floor":11,"key":"REST"},{"data":"Slimebound:MassRepurpose","floor":18,"key":"SMITH"},{"data":"Slimebound:Schlurp","floor":23,"key":"SMITH"},{"data":"Slimebound:RainOfGoop","floor":26,"key":"SMITH"},{"data":"Apotheosis","floor":35,"key":"SMITH"},{"data":"expansioncontent:DashGenerateEvil","floor":42,"key":"SMITH"},{"data":"Slimebound:RallyTheTroops","floor":44,"key":"SMITH"},{"floor":47,"key":"REST"}],"circlet_count":0,"master_deck":["Slimebound:Strike_Slimebound","Slimebound:Strike_Slimebound+1","Slimebound:Tackle","Slimebound:Defend_Slimebound","Slimebound:Defend_Slimebound","Slimebound:Defend_Slimebound","Slimebound:Split+1","Slimebound:CorrosiveSpit+1","Slimebound:GoopSpray+1","Slimebound:RollThrough+1","Slimebound:SamplingLick","Slimebound:Schlurp+1","Slimebound:RallyTheTroops+1","Slimebound:HauntingLick","Slimebound:RainOfGoop+1","Slimebound:ItLooksTasty","Slimebound:HungryTackle","Slimebound:MassRepurpose+1","Slimebound:SplitSpecialist+1","Slimebound:Schlurp+1","Slimebound:LeechingTouch","Slimebound:SpikyOuterGoop+1","Apotheosis+1","Slimebound:SpikyOuterGoop+1","Slimebound:Repurpose","Slimebound:LevelUp+1","Slimebound:Recycling+1","expansioncontent:Chronoboost+1","expansioncontent:Chronoboost+1","expansioncontent:GuardianWhirl+1","expansioncontent:DashGenerateEvil+1","Writhe","Slimebound:LivingWall+1"],"relics":["Slimebound:AbsorbEndCombat","Pantograph","Frozen Egg 2","Blue Candle","Bottled Lightning","ClockworkSouvenir","Dream Catcher","Sozu","Happy Flower","Singing Bowl","Turnip","Cursed Key","StrikeDummy"],"acts_visited":["Exordium","TheCity","TheBeyond"],"potions_floor_usage":[6,10,16],"damage_taken":[{"damage":2,"enemies":"Jaw Worm","floor":2,"turns":4},{"damage":1,"enemies":"Small Slimes","floor":3,"turns":4},{"damage":0,"enemies":"Cultist","floor":5,"turns":2},{"damage":7,"enemies":"Lagavulin","floor":6,"turns":7},{"damage":2,"enemies":"Large Slime","floor":9,"turns":6},{"damage":23,"enemies":"3 Sentries","floor":10,"turns":7},{"damage":0,"enemies":"downfall:FleeingMerchant","floor":12,"turns":4},{"damage":13,"enemies":"Gremlin Nob","floor":13,"turns":4},{"damage":0,"enemies":"Gremlin Gang","floor":15,"turns":2},{"damage":64,"enemies":"WA_ARCHETYPE_RETAIN","floor":16,"turns":10},{"damage":0,"enemies":"Spheric Guardian","floor":19,"turns":4},{"damage":12,"enemies":"Shell Parasite","floor":20,"turns":4},{"damage":4,"enemies":"Chosen and Byrds","floor":21,"turns":4},{"damage":0,"enemies":"downfall:FleeingMerchant","floor":22,"turns":4},{"damage":1,"enemies":"downfall:FleeingMerchant","floor":27,"turns":3},{"damage":15,"enemies":"Book of Stabbing","floor":29,"turns":5},{"damage":2,"enemies":"Snecko","floor":30,"turns":4},{"damage":1,"enemies":"Cultist and Chosen","floor":32,"turns":5},{"damage":24,"enemies":"DF_ARCHETYPE_CLAW","floor":33,"turns":8},{"damage":7,"enemies":"3 Shapes","floor":38,"turns":6},{"damage":10,"enemies":"Orb Walker","floor":43,"turns":3},{"damage":53,"enemies":"Reptomancer","floor":45,"turns":6},{"damage":2,"enemies":"Jaw Worm Horde","floor":46,"turns":4},{"damage":27,"enemies":"Sphere and 2 Shapes","floor":48,"turns":3},{"damage":13,"enemies":"4 Shapes","floor":49,"turns":6},{"damage":14,"enemies":"SI_POISON_ARCHETYPE","floor":50,"turns":7}],"seed_played":"227164731027423539","potions_obtained":[{"floor":3,"key":"LiquidBronze"},{"floor":6,"key":"Slimebound:SlimyTonguePotion"},{"floor":15,"key":"Swift Potion"}],"is_trial":false,"path_per_floor":["R","M","M","?","M","E","T","?","M","E","R","$","E","?","M","B",null,"R","M","M","M","$","R","T","?","R","$","?","E","M","?","M","B",null,"R","?","?","M","?","$","T","R","M","R","E","M","R","M","M","B",null],"character_chosen":"SLIMEBOUND","items_purchased":["ClockworkSouvenir","Happy Flower","Apotheosis","Slimebound:SpikyOuterGoop+1","Slimebound:Repurpose","expansioncontent:DashGenerateEvil"],"campfire_rested":2,"item_purchase_floors":[12,22,27,27,27,40],"current_hp_per_floor":[65,65,65,65,65,62,62,57,63,48,65,65,54,54,62,5,65,65,65,57,61,65,65,65,54,54,59,59,50,58,58,67,50,74,74,64,64,67,67,67,67,67,67,67,24,32,58,39,36,55],"gold":93,"neow_bonus":"HUNDRED_GOLD","is_daily":false,"chose_seed":false,"campfire_upgraded":7,"win_rate":0.0,"timestamp":1612507062,"path_taken":["R","M","M","?","M","E","T","?","M","E","R","$","E","?","M","BOSS","R","M","M","M","$","R","T","?","R","$","?","E","?","?","M","BOSS","R","?","?","?","?","$","T","R","M","R","E","M","R","M","M","BOSS"],"items_purchased_type":["Relic","Relic","Card","Card","Card","Card"],"build_version":"2020-12-18","purchased_purges":2,"victory":true,"max_hp_per_floor":[65,65,65,65,65,65,65,65,65,65,65,65,65,65,65,65,65,65,65,65,65,65,65,65,70,70,70,70,70,72,72,74,74,74,74,74,74,76,76,76,76,76,78,78,80,82,84,84,86,86],"card_choices":[{"not_picked":["Slimebound:RollThrough","Slimebound:SplitMire"],"picked":"Slimebound:GoopSpray","floor":2},{"not_picked":["Slimebound:Prepare","Slimebound:SplitLeeching"],"picked":"Slimebound:RollThrough","floor":3},{"not_picked":["Slimebound:SplitLeeching","Slimebound:DouseInSlime"],"picked":"Slimebound:SamplingLick","floor":5},{"not_picked":["Slimebound:SplitBruiser","Slimebound:FinishingTackle"],"picked":"Slimebound:Schlurp","floor":6},{"not_picked":["Slimebound:GoopTackle","Slimebound:SplitBruiser"],"picked":"Slimebound:RallyTheTroops","floor":9},{"not_picked":["Slimebound:SplitLeeching","Slimebound:SplitMire"],"picked":"Slimebound:HauntingLick","floor":10},{"not_picked":["Slimebound:Schlurp","Slimebound:RallyTheTroops"],"picked":"Slimebound:RainOfGoop","floor":12},{"not_picked":["Slimebound:RollThrough","Slimebound:FlameTackle"],"picked":"Slimebound:ItLooksTasty","floor":13},{"not_picked":["Slimebound:FormOfPuddle","Slimebound:ComboTackle"],"picked":"Slimebound:HungryTackle","floor":15},{"not_picked":["Slimebound:DouseInSlime","Slimebound:Teamwork"],"picked":"Slimebound:MassRepurpose","floor":16},{"not_picked":["Slimebound:SamplingLick","Slimebound:RollThrough"],"picked":"Slimebound:SplitSpecialist+1","floor":19},{"not_picked":["Slimebound:RollThrough+1","Slimebound:ComboTackle"],"picked":"Slimebound:Schlurp+1","floor":20},{"not_picked":["Slimebound:SplitAcid+1","Slimebound:SplitLeeching"],"picked":"Slimebound:LeechingTouch","floor":21},{"not_picked":["Slimebound:ComboTackle","Slimebound:LivingWall","Slimebound:MassFeed"],"picked":"SKIP","floor":22},{"not_picked":["Slimebound:LivingWall","Slimebound:Overexert+1"],"picked":"Slimebound:SpikyOuterGoop+1","floor":27},{"not_picked":["Slimebound:SlimeBrawl","Slimebound:FinishingTackle"],"picked":"Slimebound:LevelUp+1","floor":29},{"not_picked":["Slimebound:Schlurp","Slimebound:SplitMire","Slimebound:SlimeSpikes"],"picked":"Singing Bowl","floor":30},{"not_picked":["Slimebound:LeechingTouch","Slimebound:HauntingLick","Slimebound:Schlurp"],"picked":"Singing Bowl","floor":32},{"not_picked":["Slimebound:WasteNot","Slimebound:MinionMaster+1"],"picked":"Slimebound:Recycling+1","floor":33},{"not_picked":["expansioncontent:AwakenDeath","expansioncontent:YouAreMine"],"picked":"expansioncontent:Chronoboost","floor":36},{"not_picked":["expansioncontent:PolyBeam","expansioncontent:InvincibleStrength"],"picked":"expansioncontent:Chronoboost","floor":36},{"not_picked":["expansioncontent:AwakenDeath","expansioncontent:PolyBeam"],"picked":"expansioncontent:GuardianWhirl","floor":36},{"not_picked":["Slimebound:FinishingTackle","Slimebound:RainOfGoop+1","Slimebound:ServeAndProtect+1"],"picked":"Singing Bowl","floor":38},{"not_picked":["Slimebound:SlimeSpikes","Slimebound:HauntingLick+1","Slimebound:DivideAndConquer+1"],"picked":"Singing Bowl","floor":43},{"not_picked":["Slimebound:SlimeTap+1","Slimebound:MinionMaster+1","Slimebound:ProtectTheBoss+1"],"picked":"Singing Bowl","floor":45},{"not_picked":["Slimebound:GoopTackle","Slimebound:HauntingLick","Slimebound:SplitAcid+1"],"picked":"Singing Bowl","floor":46},{"not_picked":["Slimebound:FormOfPuddle","Slimebound:RollThrough","Slimebound:SplitAcid+1"],"picked":"Singing Bowl","floor":47},{"not_picked":["Slimebound:FinishingTackle+1","Slimebound:Grow+1"],"picked":"Slimebound:LivingWall+1","floor":48},{"not_picked":["Slimebound:SamplingLick","Slimebound:DuplicatedForm+1","Slimebound:Chomp"],"picked":"Singing Bowl","floor":49}],"player_experience":1028918,"relics_obtained":[{"floor":6,"key":"Pantograph"},{"floor":7,"key":"Frozen Egg 2"},{"floor":10,"key":"Bottled Lightning"},{"floor":13,"key":"Dream Catcher"},{"floor":24,"key":"Singing Bowl"},{"floor":29,"key":"Turnip"},{"floor":45,"key":"StrikeDummy"}],"event_choices":[{"damage_healed":0,"gold_gain":0,"player_choice":"Forge","damage_taken":0,"max_hp_gain":0,"max_hp_loss":0,"event_name":"Accursed Blacksmith","floor":14,"gold_loss":0,"cards_upgraded":["Slimebound:GoopSpray"]},{"damage_healed":0,"gold_gain":0,"player_choice":"Got Potions","damage_taken":0,"max_hp_gain":0,"max_hp_loss":0,"event_name":"Lab","floor":28,"gold_loss":0}],"is_beta":true,"boss_relics":[{"not_picked":["Busted Crown","Slimebound:TarBlob"],"picked":"Sozu"},{"not_picked":["Coffee Dripper","Black Star"],"picked":"Cursed Key"}],"items_purged_floors":[12,22],"is_endless":false,"potions_floor_spawned":[3,6,15,29,30,33,43,45],"ascension_level":1}}