{"host":"rolltorest","time":1612566087,"event":{"mods":["BaseMod","Minty Spire (QoL Compilation)","Relic Stats","Slay the Relics Exporter","StSLib"],"gold_per_floor":[117,117,42,42,42,69,69,98,98,98,112,112,147,163,163,236,236,250,250,267,39,39,90,90,90,90,90,36,52,80,80,80,157,157,171,171,94,112,132,132,132],"floor_reached":40,"language":"ENG","playtime":1281,"items_purged":[],"score":976,"play_id":"133b0c20-ba95-40f7-a43e-4a93afef2df2","local_time":"20210205150127","is_ascension_mode":true,"campfire_choices":[{"data":"Sweeping Beam","floor":7,"key":"SMITH"},{"data":"Cold Snap","floor":12,"key":"SMITH"},{"floor":15,"key":"DIG"},{"floor":24,"key":"REST"},{"floor":27,"key":"DIG"},{"data":"Capacitor","floor":32,"key":"SMITH"}],"circlet_count":0,"master_deck":["AscendersBane","Zap","Dualcast+1","Sweeping Beam+1","Self Repair","Tempest+1","Cold Snap+1","Glacier","FTL","Core Surge","Buffer","Capacitor+1","Undo","BootSequence","Machine Learning","Barrage+1","Chill","Sweeping Beam","Rebound+1","RitualDagger","Barrage","Consume+1","Ghostly+1","Ghostly+1","Ghostly+1","Echo Form+1","Redo+1","Loop+1","Compile Driver+1","Lockon"],"relics":["Cracked Core","NeowsBlessing","Matryoshka","MealTicket","Eternal Feather","Pear","Shovel","Art of War","Pandora\u0027s Box","Vajra","HornCleat","Frozen Egg 2","Toxic Egg 2","Tiny Chest","Lantern","Black Star"],"acts_visited":["Exordium","TheCity","TheBeyond"],"potions_floor_usage":[16,20,23,39],"damage_taken":[{"damage":0,"enemies":"Small Slimes","floor":1,"turns":1},{"damage":0,"enemies":"3 Sentries","floor":6,"turns":1},{"damage":0,"enemies":"Lagavulin","floor":8,"turns":1},{"damage":2,"enemies":"Jaw Worm","floor":11,"turns":3},{"damage":16,"enemies":"3 Sentries","floor":13,"turns":7},{"damage":0,"enemies":"2 Louse","floor":14,"turns":1},{"damage":43,"enemies":"The Guardian","floor":16,"turns":15},{"damage":0,"enemies":"Chosen","floor":18,"turns":6},{"damage":10,"enemies":"3 Byrds","floor":20,"turns":3},{"damage":50,"enemies":"Gremlin Leader","floor":23,"turns":7},{"damage":11,"enemies":"Centurion and Healer","floor":29,"turns":7},{"damage":45,"enemies":"Slavers","floor":30,"turns":6},{"damage":11,"enemies":"Automaton","floor":33,"turns":17},{"damage":5,"enemies":"Orb Walker","floor":35,"turns":4},{"damage":9,"enemies":"3 Darklings","floor":38,"turns":8},{"damage":16,"enemies":"Maw","floor":39,"turns":9},{"damage":50,"enemies":"Nemesis","floor":40,"turns":3}],"seed_played":"-7678385095365869428","potions_obtained":[{"floor":1,"key":"ColorlessPotion"},{"floor":11,"key":"SpeedPotion"},{"floor":13,"key":"Swift Potion"},{"floor":16,"key":"Explosive Potion"},{"floor":18,"key":"ColorlessPotion"},{"floor":30,"key":"Block Potion"}],"is_trial":false,"path_per_floor":["M","?","?","?","$","E","R","E","T","?","M","R","E","M","R","B",null,"M","?","M","$","?","E","R","?","T","R","$","M","E","?","R","B",null,"M","?","$","M","M","E"],"character_chosen":"DEFECT","items_purchased":["Sweeping Beam","Vajra","SteroidPotion","Loop+1"],"campfire_rested":1,"item_purchase_floors":[21,21,28,37],"current_hp_per_floor":[64,69,69,62,62,62,62,62,72,46,51,57,48,55,64,28,72,79,79,69,84,59,16,52,46,46,58,73,69,31,31,45,41,44,39,39,45,45,36,0,0],"gold":132,"neow_bonus":"THREE_ENEMY_KILL","is_daily":false,"chose_seed":false,"campfire_upgraded":3,"win_rate":0.0,"timestamp":1612566087,"path_taken":["M","?","?","?","$","E","R","E","T","?","M","R","E","M","R","BOSS","M","?","?","$","?","E","R","?","T","R","$","M","E","?","R","BOSS","M","?","?","M","M","E"],"items_purchased_type":["Card","Relic","Potion","Card"],"build_version":"2020-12-18","purchased_purges":0,"victory":false,"max_hp_per_floor":[71,76,76,76,76,76,76,76,86,86,86,86,86,86,86,86,86,86,86,86,86,91,91,91,91,91,91,91,91,91,45,45,45,45,45,45,45,45,45,45,45],"relic_stats":{"Shovel":2,"counters":[17,99],"MealTicket":36,"Eternal Feather":50,"Pandora\u0027s Box":["Buffer","Multi-Cast","Capacitor","Undo","BootSequence","Machine Learning"],"Tiny Chest":0,"Art of War":[11],"Black Star":0,"obtain_stats":[{"Lantern":30,"Pear":9,"NeowsBlessing":0,"Vajra":21,"Eternal Feather":9,"Frozen Egg 2":26,"Matryoshka":6,"Shovel":13,"HornCleat":23,"MealTicket":8,"Pandora\u0027s Box":17,"Tiny Chest":27,"Art of War":15,"Black Star":34,"Toxic Egg 2":26,"Cracked Core":0},{"Lantern":12,"Pear":3,"NeowsBlessing":0,"Vajra":9,"Eternal Feather":3,"Frozen Egg 2":10,"Matryoshka":2,"Shovel":5,"HornCleat":10,"MealTicket":3,"Pandora\u0027s Box":7,"Tiny Chest":10,"Art of War":6,"Black Star":13,"Toxic Egg 2":10,"Cracked Core":0},{"Lantern":58,"Pear":3,"NeowsBlessing":0,"Vajra":38,"Eternal Feather":3,"Frozen Egg 2":45,"Matryoshka":2,"Shovel":13,"HornCleat":45,"MealTicket":3,"Pandora\u0027s Box":29,"Tiny Chest":45,"Art of War":14,"Black Star":75,"Toxic Egg 2":45,"Cracked Core":0}]},"card_choices":[{"not_picked":["Aggregate","Streamline"],"picked":"Sweeping Beam","floor":1},{"not_picked":["Lockon","Consume"],"picked":"Self Repair","floor":6},{"not_picked":["Loop","Leap"],"picked":"Tempest","floor":8},{"not_picked":["Gash","Leap"],"picked":"Cold Snap","floor":11},{"not_picked":["Reinforced Body","Conserve Battery"],"picked":"Glacier","floor":13},{"not_picked":["BootSequence","Turbo"],"picked":"FTL","floor":14},{"not_picked":["Meteor Strike","All For One"],"picked":"Core Surge","floor":16},{"not_picked":["Hologram","Blizzard"],"picked":"Barrage","floor":18},{"not_picked":["Go for the Eyes","Leap"],"picked":"Chill","floor":20},{"not_picked":["Capacitor","Gash"],"picked":"Rebound+1","floor":23},{"not_picked":["Cold Snap","Reprogram+1"],"picked":"Barrage","floor":29},{"not_picked":["Stack+1","Seek+1"],"picked":"Consume+1","floor":30},{"not_picked":["All For One","Seek+1"],"picked":"Echo Form+1","floor":33},{"not_picked":["Rebound","Melter"],"picked":"Redo+1","floor":35},{"not_picked":["Aggregate+1","Melter"],"picked":"Compile Driver+1","floor":38},{"not_picked":["Fusion+1","Leap+1"],"picked":"Lockon","floor":39}],"player_experience":1875557,"relics_obtained":[{"floor":6,"key":"Matryoshka"},{"floor":8,"key":"MealTicket"},{"floor":9,"key":"Eternal Feather"},{"floor":9,"key":"Pear"},{"floor":13,"key":"Shovel"},{"floor":15,"key":"Art of War"},{"floor":23,"key":"HornCleat"},{"floor":26,"key":"Frozen Egg 2"},{"floor":26,"key":"Toxic Egg 2"},{"floor":27,"key":"Tiny Chest"},{"floor":30,"key":"Lantern"}],"event_choices":[{"damage_healed":0,"gold_gain":0,"player_choice":"Donut","damage_taken":0,"max_hp_gain":5,"max_hp_loss":0,"event_name":"Big Fish","floor":2,"gold_loss":0},{"cards_removed":["Strike_B"],"damage_healed":0,"gold_gain":0,"player_choice":"Card Removal","damage_taken":0,"max_hp_gain":0,"max_hp_loss":0,"event_name":"The Cleric","floor":3,"gold_loss":75},{"cards_removed":["Strike_B"],"damage_healed":0,"gold_gain":0,"player_choice":"Card Removal","damage_taken":7,"max_hp_gain":0,"max_hp_loss":0,"event_name":"Golden Wing","floor":4,"gold_loss":0},{"damage_healed":0,"gold_gain":0,"player_choice":"Entered Light","damage_taken":26,"max_hp_gain":0,"max_hp_loss":0,"event_name":"Shining Light","floor":10,"gold_loss":0,"cards_upgraded":["Tempest","Dualcast"]},{"cards_removed":["Multi-Cast"],"damage_healed":0,"gold_gain":0,"player_choice":"Purged","damage_taken":0,"max_hp_gain":0,"max_hp_loss":0,"event_name":"Purifier","floor":19,"gold_loss":0},{"damage_healed":0,"gold_gain":0,"player_choice":"Shed Blood","damage_taken":30,"max_hp_gain":5,"max_hp_loss":0,"event_name":"Forgotten Altar","floor":22,"gold_loss":0},{"damage_healed":0,"gold_gain":0,"player_choice":"Joined the Cult","damage_taken":6,"max_hp_gain":0,"max_hp_loss":0,"event_name":"Nest","floor":25,"gold_loss":0,"cards_obtained":["RitualDagger"]},{"damage_healed":0,"gold_gain":0,"player_choice":"Became a Ghost","damage_taken":0,"max_hp_gain":0,"max_hp_loss":46,"event_name":"Ghosts","floor":31,"gold_loss":0,"cards_obtained":["Ghostly","Ghostly","Ghostly"]},{"damage_healed":0,"gold_gain":0,"player_choice":"Upgraded","damage_taken":0,"max_hp_gain":0,"max_hp_loss":0,"event_name":"Upgrade Shrine","floor":36,"gold_loss":0,"cards_upgraded":["Barrage"]}],"is_beta":true,"boss_relics":[{"not_picked":["Empty Cage","Ectoplasm"],"picked":"Pandora\u0027s Box"},{"not_picked":["Calling Bell","Tiny House"],"picked":"Black Star"}],"items_purged_floors":[],"is_endless":false,"potions_floor_spawned":[1,11,13,14,16,18,30,35,38],"killed_by":"Nemesis","ascension_level":20}}