{"host":"xiain65d2hovry7l","time":1612556060,"event":{"mods":["2.2 Compatiblity","Act Like it!","BaseMod","Better Match","Better Note","BetterRewards","Challenge The Spire","Colored Map","Colored Powertips","Downfall","Faster Ascension Climbing","Friendly Minions","Gremlin Mod","Highlight Path","Mimic Mod","Minty Spire (QoL Compilation)","Relic Sorter","Remilia??????","StSLib","The Administrix","The Construct","The Necromancer","The Servant 0.9.4","Unknown Chances"],"gold_per_floor":[99,99,2,2,2,0,32,59,74,86,86,112,49,49,49,49],"floor_reached":14,"language":"ENG","playtime":1009,"items_purged":[],"score":141,"play_id":"b7a7232f-da81-47f7-b974-c8900b60117f","local_time":"20210205211420","is_ascension_mode":true,"campfire_choices":[{"floor":1,"key":"RECALL"},{"data":"Guardian:Repulse","floor":11,"key":"SMITH"}],"circlet_count":0,"master_deck":["AscendersBane","Guardian:Strike_Guardian","Guardian:Strike_Guardian","Guardian:Strike_Guardian","Guardian:Defend_Guardian","Guardian:Defend_Guardian","Guardian:Defend_Guardian","Guardian:Defend_Guardian","Guardian:CurlUp","Guardian:TwinSlam","Guardian:DonusPower","Guardian:Recover","Guardian:BaubleBeam","Guardian:Gem_Yellow","Guardian:ShieldCharger","Guardian:FuturePlans","Guardian:Gem_Red","Guardian:Repulse+1","Guardian:PiercingHide","Guardian:AncientConstruct","Guardian:VentSteam"],"relics":["Guardian:ModeShifter","downfall:HeartsMalice","Lantern","AntiCross","Shuriken"],"acts_visited":["Exordium"],"potions_floor_usage":[14,14],"damage_taken":[{"damage":0,"enemies":"Cultist","floor":2,"turns":1},{"damage":0,"enemies":"downfall:FleeingMerchant","floor":3,"turns":1},{"damage":0,"enemies":"Jaw Worm","floor":4,"turns":1},{"damage":0,"enemies":"downfall:FleeingMerchant","floor":6,"turns":4},{"damage":0,"enemies":"Small Slimes","floor":7,"turns":9},{"damage":26,"enemies":"Gremlin Nob","floor":8,"turns":6},{"damage":1,"enemies":"Small Slimes","floor":9,"turns":4},{"damage":10,"enemies":"Red Slaver","floor":10,"turns":5},{"damage":19,"enemies":"Lagavulin","floor":12,"turns":6},{"damage":0,"enemies":"downfall:FleeingMerchant","floor":13,"turns":4},{"damage":21,"enemies":"Gremlin Nob","floor":14,"turns":2}],"seed_played":"401295149246259727","potions_obtained":[{"floor":8,"key":"SkillPotion"},{"floor":9,"key":"bronze:BurnAndBuffPotion"},{"floor":10,"key":"Explosive Potion"}],"is_trial":false,"path_per_floor":["R","M","$","M","?","$","MIM","E","M","M","R","E","$","E"],"character_chosen":"GUARDIAN","items_purchased":["Guardian:Recover","Guardian:Gem_Green","Guardian:VentSteam"],"campfire_rested":0,"item_purchase_floors":[3,3,13],"current_hp_per_floor":[72,72,72,72,72,72,72,46,45,35,35,16,17,0,0,0],"gold":49,"neow_bonus":"THREE_ENEMY_KILL","is_daily":false,"chose_seed":false,"campfire_upgraded":1,"win_rate":0.0,"timestamp":1612556060,"path_taken":["R","M","$","?","?","$","MIM","E","M","M","R","E","$","E"],"items_purchased_type":["Card","Card","Card"],"build_version":"2020-12-22","purchased_purges":0,"victory":false,"max_hp_per_floor":[80,80,80,80,80,80,80,80,80,80,80,80,80,80,80,80],"card_choices":[{"not_picked":["Guardian:Preprogram","Guardian:Gem_Red"],"picked":"Guardian:DonusPower","floor":2},{"not_picked":["Guardian:RollAttack","Guardian:CrystalBeam"],"picked":"Guardian:Gem_Purple","floor":3},{"not_picked":["Guardian:CrystalBeam","Guardian:Gem_Cyan"],"picked":"Guardian:BaubleBeam","floor":4},{"not_picked":["Guardian:TemporalShield","Guardian:FierceBash"],"picked":"Guardian:ShieldCharger","floor":6},{"not_picked":["Guardian:ShieldCharger","Guardian:ChargeCore"],"picked":"Guardian:FuturePlans","floor":7},{"not_picked":["Guardian:ArmoredProtocol","Guardian:RollAttack"],"picked":"Guardian:Gem_Red","floor":8},{"not_picked":["Guardian:Gem_Orange","Guardian:RollAttack"],"picked":"Guardian:Gem_White","floor":9},{"not_picked":["Guardian:Incinerate","Guardian:Gem_Lightblue"],"picked":"Guardian:Repulse","floor":10},{"not_picked":["Guardian:ShieldSpikes","Guardian:WalkerClaw"],"picked":"Guardian:PiercingHide","floor":12},{"not_picked":["Guardian:Recover","Guardian:TemporalStrike"],"picked":"Guardian:AncientConstruct","floor":13}],"player_experience":722350,"relics_obtained":[{"floor":7,"key":"Lantern"},{"floor":8,"key":"AntiCross"},{"floor":12,"key":"Shuriken"}],"event_choices":[],"is_beta":false,"boss_relics":[],"items_purged_floors":[],"is_endless":false,"potions_floor_spawned":[8,9,10],"killed_by":"Gremlin Nob","ascension_level":10}}