{"host":"oigynbtg272c19pw","time":1612547203,"event":{"mods":["BaseMod","Colored Map","Minty Spire (QoL Compilation)","Relic Stats","Slay the Relics Exporter","StSLib"],"gold_per_floor":[119,14,89,89,105,105,30,65,91,118,128,147,147,163,163,234,234,245,256,276,276,276],"floor_reached":21,"playtime":939,"items_purged":["Strike_P"],"score":432,"play_id":"caa7af9f-e9fd-4065-aff8-7bf0b0e2b80b","local_time":"20210205184643","is_ascension_mode":true,"campfire_choices":[{"data":"LikeWater","floor":6.0,"key":"SMITH"},{"data":"Scrawl","floor":13,"key":"SMITH"},{"data":"EmptyBody","floor":15,"key":"SMITH"}],"circlet_count":0,"master_deck":["AscendersBane","Strike_P","Strike_P","Strike_P","Defend_P","Defend_P","Defend_P","Defend_P","Eruption","Vigilance","Tantrum","FearNoEvil+1","EmptyBody+1","LikeWater+1","Conclude","Halt","FollowUp","Scrawl+1","Consecrate","SpiritShield","CutThroughFate","Perseverance","EmptyMind+1"],"relics":["PureWater","NeowsBlessing","Nunchaku","Omamori","Tiny Chest","Runic Pyramid"],"acts_visited":["Exordium","TheCity"],"potions_floor_usage":[10,16,21],"damage_taken":[{"damage":0.0,"enemies":"Small Slimes","floor":1.0,"turns":1.0},{"damage":0.0,"enemies":"Jaw Worm","floor":5.0,"turns":1.0},{"damage":0.0,"enemies":"Gremlin Nob","floor":8.0,"turns":1.0},{"damage":1,"enemies":"Lagavulin","floor":10,"turns":5},{"damage":0,"enemies":"Cultist","floor":11,"turns":3},{"damage":10,"enemies":"Gremlin Gang","floor":12,"turns":3},{"damage":0,"enemies":"Exordium Wildlife","floor":14,"turns":4},{"damage":35,"enemies":"Hexaghost","floor":16,"turns":11},{"damage":0,"enemies":"3 Byrds","floor":18,"turns":5},{"damage":15,"enemies":"2 Thieves","floor":19,"turns":2},{"damage":10,"enemies":"Shelled Parasite and Fungi","floor":20,"turns":6},{"damage":35,"enemies":"Snecko","floor":21,"turns":6}],"seed_played":"-5563696146036366762","potions_obtained":[{"floor":1.0,"key":"Dexterity Potion"},{"floor":5.0,"key":"LiquidMemories"},{"floor":14,"key":"Swift Potion"},{"floor":16,"key":"PowerPotion"},{"floor":20,"key":"BottledMiracle"}],"is_trial":false,"path_per_floor":["M","$","?","?","M","R","$","E","T","E","M","M","R","M","R","B",null,"M","M","M","M"],"character_chosen":"WATCHER","items_purchased":["FearNoEvil","EmptyBody"],"campfire_rested":0,"item_purchase_floors":[2,2],"current_hp_per_floor":[61,61,50,50,50,50,50,50,50,49,49,39,39,39,39,4,52,52,37,27,0,0],"gold":276,"neow_bonus":"THREE_ENEMY_KILL","is_daily":false,"chose_seed":false,"campfire_upgraded":3,"win_rate":0.0,"timestamp":1612547203,"path_taken":["M","$","?","?","M","R","$","E","T","E","M","?","R","M","R","BOSS","M","?","M","M"],"items_purchased_type":["Card","Card"],"build_version":"2020-12-13","purchased_purges":1,"victory":false,"max_hp_per_floor":[68,68,68,68,68,68,68,68,68,68,68,68,68,68,68,68,68,68,68,68,68,68],"relic_stats":{"Nunchaku":[9],"counters":[12,48],"Tiny Chest":0,"obtain_stats":[{"Nunchaku":8,"NeowsBlessing":0,"Tiny Chest":10,"Omamori":9,"PureWater":0,"Runic Pyramid":17},{"Nunchaku":3,"NeowsBlessing":0,"Tiny Chest":4,"Omamori":3,"PureWater":0,"Runic Pyramid":8},{"Nunchaku":3,"NeowsBlessing":0,"Tiny Chest":8,"Omamori":3,"PureWater":0,"Runic Pyramid":29}]},"card_choices":[{"not_picked":["ForeignInfluence","WheelKick"],"picked":"Tantrum","floor":1.0},{"not_picked":["ClearTheMind","CrushJoints"],"picked":"LikeWater","floor":5.0},{"not_picked":["Pray","EmptyFist"],"picked":"Conclude","floor":8.0},{"not_picked":["JustLucky","ClearTheMind"],"picked":"Halt","floor":10},{"not_picked":["JustLucky","Crescendo"],"picked":"FollowUp","floor":11},{"not_picked":["LikeWater","Swivel"],"picked":"Scrawl","floor":12},{"not_picked":["ClearTheMind","Pray"],"picked":"Consecrate","floor":14},{"not_picked":["Vault","Scrawl"],"picked":"SpiritShield","floor":16},{"not_picked":["Pray","CrushJoints"],"picked":"CutThroughFate","floor":18},{"not_picked":["Prostrate","ClearTheMind"],"picked":"Perseverance","floor":19},{"not_picked":["FollowUp","WindmillStrike"],"picked":"EmptyMind+1","floor":20}],"player_experience":1546416,"relics_obtained":[{"floor":8.0,"key":"Nunchaku"},{"floor":9.0,"key":"Omamori"},{"floor":10,"key":"Tiny Chest"}],"event_choices":[{"damage_healed":0.0,"max_hp_gain":0.0,"max_hp_loss":0.0,"gold_gain":75.0,"event_name":"World of Goop","player_choice":"Gather Gold","floor":3.0,"gold_loss":0.0,"damage_taken":11.0},{"damage_healed":0.0,"max_hp_gain":0.0,"max_hp_loss":0.0,"gold_gain":0.0,"event_name":"Upgrade Shrine","player_choice":"Upgraded","floor":4.0,"gold_loss":0.0,"damage_taken":0.0,"cards_upgraded":["FearNoEvil"]}],"is_beta":false,"boss_relics":[{"not_picked":["Calling Bell","Black Star"],"picked":"Runic Pyramid"}],"items_purged_floors":[7],"is_endless":false,"potions_floor_spawned":[1,5,14,16,20],"killed_by":"Snecko","ascension_level":20}}