{"host":"f5gffvlv6a66yqkd","time":1612526803,"event":{"mods":["2.2 Compatiblity","BaseMod","Colored Map","Custom Start","DeckTracker","Keyboard Shortcuts","Minty Spire (QoL Compilation)","Permanent Neow","Quick Restart","Relic Stats","StSLib","SuperFastMode"],"gold_per_floor":[116,391,410,585,610,651,651,98,151,186,210,101,201,220,220,327,327,338,348,360,260,48,48,48,68,68,68,68,68],"floor_reached":28,"language":"KOR","playtime":791,"items_purged":["Regret","Strike_R"],"score":329,"play_id":"2de0a5e7-bd3f-446d-9d5d-3bd3f257413e","local_time":"20210205210643","is_ascension_mode":true,"campfire_choices":[{"data":"Demon Form","floor":7.0,"key":"SMITH"},{"data":"Evolve","floor":15.0,"key":"SMITH"},{"data":"Armaments","floor":23,"key":"SMITH"},{"floor":27,"key":"REST"}],"circlet_count":0,"master_deck":["Strike_R","Strike_R","Strike_R","Defend_R","Defend_R","Defend_R","Defend_R","Bash","Pommel Strike","Battle Trance","Demon Form+1","Heavy Blade","Shrug It Off","Burning Pact","Pummel","Evolve+1","Fire Breathing","Armaments+1","Wild Strike","Warcry","Impervious","Second Wind","Feel No Pain+1"],"relics":["Burning Blood","NeowsBlessing","CeramicFish","Bag of Marbles","OrangePellets","Mango","Toy Ornithopter","Self Forming Clay","Orrery","Empty Cage","MealTicket","Bag of Preparation"],"acts_visited":["Exordium","TheCity"],"potions_floor_usage":[20,28,28,28],"damage_taken":[{"damage":0.0,"enemies":"Small Slimes","floor":1.0,"turns":1.0},{"damage":0.0,"enemies":"Cultist","floor":3.0,"turns":1.0},{"damage":0.0,"enemies":"3 Sentries","floor":6.0,"turns":2.0},{"damage":18.0,"enemies":"Lagavulin","floor":10.0,"turns":5.0},{"damage":6.0,"enemies":"Jaw Worm","floor":11.0,"turns":5.0},{"damage":6.0,"enemies":"Blue Slaver","floor":14.0,"turns":5.0},{"damage":53.0,"enemies":"The Guardian","floor":16.0,"turns":11.0},{"damage":21.0,"enemies":"3 Byrds","floor":18.0,"turns":7.0},{"damage":17.0,"enemies":"Spheric Guardian","floor":19.0,"turns":5.0},{"damage":46,"enemies":"Snake Plant","floor":20,"turns":9},{"damage":27,"enemies":"Sentry and Sphere","floor":25,"turns":9},{"damage":54,"enemies":"3 Cultists","floor":28,"turns":8}],"seed_played":"-1974056282777567230","potions_obtained":[{"floor":3.0,"key":"BlessingOfTheForge"},{"floor":10.0,"key":"Swift Potion"},{"floor":16.0,"key":"Weak Potion"},{"floor":18.0,"key":"SkillPotion"},{"floor":20,"key":"Weak Potion"}],"is_trial":false,"path_per_floor":["M","?","M","?","T","E","R","$","T","E","M","$","?","M","R","B",null,"M","M","M","$","$","R","$","M","T","R","M"],"character_chosen":"IRONCLAD","items_purchased":["OrangePellets","Heavy Blade","Mango","Orrery","Second Wind","MealTicket"],"campfire_rested":1,"item_purchase_floors":[8,8,8,12,22,22],"current_hp_per_floor":[80,80,80,80,80,80,80,94,94,82,82,82,82,82,82,35,94,79,68,33,33,33,33,48,27,27,55,16,16],"gold":68,"neow_bonus":"THREE_ENEMY_KILL","is_daily":false,"chose_seed":true,"campfire_upgraded":3,"win_rate":0.0,"timestamp":1612526803,"path_taken":["M","?","?","?","?","E","R","$","T","E","M","?","?","M","R","BOSS","BOSS","M","?","M","?","$","R","$","M","T","R","M"],"items_purchased_type":["Relic","Card","Relic","Relic","Card","Relic"],"build_version":"2020-12-22","purchased_purges":2,"victory":false,"max_hp_per_floor":[80,80,80,80,80,80,80,94,94,94,94,94,94,94,94,94,94,94,94,94,94,94,94,94,94,94,94,94,94],"relic_stats":{"OrangePellets":[3],"counters":[12,68],"Self Forming Clay":[138],"CeramicFish":117,"MealTicket":15,"Bag of Preparation":[2],"obtain_stats":[{"OrangePellets":8,"NeowsBlessing":0,"Self Forming Clay":10,"CeramicFish":5,"Orrery":12,"Mango":8,"MealTicket":22,"Bag of Marbles":6,"Bag of Preparation":26,"Empty Cage":17,"Burning Blood":0,"Toy Ornithopter":9},{"OrangePellets":3,"NeowsBlessing":0,"Self Forming Clay":4,"CeramicFish":2,"Orrery":5,"Mango":3,"MealTicket":10,"Bag of Marbles":3,"Bag of Preparation":11,"Empty Cage":7,"Burning Blood":0,"Toy Ornithopter":3},{"OrangePellets":4,"NeowsBlessing":0,"Self Forming Clay":9,"CeramicFish":2,"Orrery":14,"Mango":4,"MealTicket":51,"Bag of Marbles":4,"Bag of Preparation":60,"Empty Cage":30,"Burning Blood":0,"Toy Ornithopter":4}],"Burning Blood":48,"Toy Ornithopter":20},"card_choices":[{"not_picked":["Flex","Dark Embrace"],"picked":"Pommel Strike","floor":1.0},{"not_picked":["Twin Strike","Warcry"],"picked":"Battle Trance","floor":3.0},{"not_picked":["Armaments","Ghostly Armor"],"picked":"Demon Form","floor":6.0},{"not_picked":["Clothesline","Intimidate"],"picked":"Shrug It Off","floor":10.0},{"not_picked":["Dual Wield","Havoc"],"picked":"Burning Pact","floor":11.0},{"not_picked":["Twin Strike","Warcry"],"picked":"Pummel","floor":12.0},{"not_picked":["Flex","Iron Wave"],"picked":"Evolve","floor":12.0},{"not_picked":["Perfected Strike","Anger"],"picked":"Fire Breathing","floor":12.0},{"not_picked":["Warcry","Pommel Strike"],"picked":"Armaments","floor":12.0},{"not_picked":["Flex","Entrench"],"picked":"Wild Strike","floor":12.0},{"not_picked":["Dual Wield","Cleave"],"picked":"Warcry","floor":14.0},{"not_picked":["Corruption","Limit Break"],"picked":"Impervious","floor":16.0},{"not_picked":["Fire Breathing","Sword Boomerang","Hemokinesis+1"],"picked":"SKIP","floor":18.0},{"not_picked":["Headbutt","Cleave","Wild Strike"],"picked":"SKIP","floor":19.0},{"not_picked":["Shockwave","Havoc","Uppercut"],"picked":"SKIP","floor":20},{"not_picked":["Burning Pact","Fire Breathing+1"],"picked":"Feel No Pain+1","floor":25}],"player_experience":1654043,"relics_obtained":[{"floor":5.0,"key":"CeramicFish"},{"floor":6.0,"key":"Bag of Marbles"},{"floor":9.0,"key":"Toy Ornithopter"},{"floor":10.0,"key":"Self Forming Clay"},{"floor":26,"key":"Bag of Preparation"}],"event_choices":[{"damage_healed":0.0,"max_hp_gain":0.0,"max_hp_loss":0.0,"gold_gain":275.0,"event_name":"Golden Shrine","player_choice":"Desecrate","floor":2.0,"gold_loss":0.0,"damage_taken":0.0,"cards_obtained":["Regret"]},{"damage_healed":0.0,"max_hp_gain":0.0,"max_hp_loss":0.0,"gold_gain":175.0,"event_name":"Liars Game","player_choice":"AGREE","floor":4.0,"gold_loss":0.0,"damage_taken":0.0,"cards_obtained":["Doubt"]},{"damage_healed":0.0,"max_hp_gain":0.0,"max_hp_loss":0.0,"gold_gain":100.0,"event_name":"Wheel of Change","player_choice":"Gold","floor":13.0,"gold_loss":0.0,"damage_taken":0.0}],"is_beta":false,"boss_relics":[{"not_picked":["Tiny House","Runic Pyramid"],"picked":"Empty Cage"}],"items_purged_floors":[8,21],"is_endless":false,"potions_floor_spawned":[3,10,16,18,20],"killed_by":"3 Cultists","ascension_level":2}}