{"host":"i0avyit1s6jb1siw","time":1612555350,"event":{"mods":["BaseMod","DeckTracker","Dota2Spire","Highlight Path","Minty Spire (QoL Compilation)","Quick Restart","StSLib","SuperFastMode"],"gold_per_floor":[20,35,35,35,49,49,49,83,106,106,106,119,119,135,156,156,252,252,268,289,289,310,331,331,331],"floor_reached":24,"language":"ENG","playtime":506,"items_purged":[],"score":400,"play_id":"ef5b5e22-9565-4952-8e93-5e7b8f0f050f","local_time":"20210205210230","is_ascension_mode":true,"campfire_choices":[{"data":"Cloak And Dagger","floor":6,"key":"SMITH"},{"data":"Neutralize","floor":11,"key":"SMITH"},{"data":"Accuracy","floor":16,"key":"SMITH"}],"circlet_count":0,"master_deck":["AscendersBane","Strike_G","Strike_G","Strike_G","Defend_G","Defend_G","Defend_G","Defend_G","Defend_G","Survivor","Neutralize+1","Endless Agony","Cloak And Dagger+1","Quick Slash","Finisher","Deadly Poison","Accuracy","Accuracy+1","Malaise","Prepared+1","Cloak And Dagger","Blade Dance"],"relics":["Ring of the Snake","Torii","Golden Idol","Tiny Chest","Dota2Spire:MagicBottle","Eternal Feather","WristBlade"],"acts_visited":["Exordium","TheCity"],"potions_floor_usage":[17,22,24],"damage_taken":[{"damage":1,"enemies":"Small Slimes","floor":1,"turns":4},{"damage":0,"enemies":"2 Louse","floor":2,"turns":3},{"damage":1,"enemies":"Cultist","floor":5,"turns":4},{"damage":25,"enemies":"3 Sentries","floor":8,"turns":13},{"damage":0,"enemies":"Lots of Slimes","floor":12,"turns":4},{"damage":2,"enemies":"Gremlin Gang","floor":14,"turns":5},{"damage":16,"enemies":"3 Louse","floor":15,"turns":3},{"damage":12,"enemies":"Hexaghost","floor":17,"turns":8},{"damage":9,"enemies":"Shell Parasite","floor":19,"turns":5},{"damage":7,"enemies":"Chosen","floor":20,"turns":5},{"damage":20,"enemies":"3 Cultists","floor":22,"turns":6},{"damage":10,"enemies":"Snake Plant","floor":23,"turns":4},{"damage":7,"enemies":"Book of Stabbing","floor":24,"turns":5}],"seed_played":"-445700731931827981","potions_obtained":[{"floor":12,"key":"ColorlessPotion"},{"floor":14,"key":"GhostInAJar"},{"floor":17,"key":"GhostInAJar"}],"is_trial":false,"path_per_floor":["M","M","?","?","M","R","?","E","T","T","R","M","?","M","M","R","B",null,"M","M","T","M","M","E"],"character_chosen":"THE_SILENT","items_purchased":[],"campfire_rested":0,"item_purchase_floors":[],"current_hp_per_floor":[58,58,58,58,57,57,50,25,25,25,34,34,34,32,16,25,31,53,44,37,37,17,7,0,0],"gold":331,"neow_bonus":"ONE_RARE_RELIC","is_daily":false,"chose_seed":false,"campfire_upgraded":3,"win_rate":0.0,"timestamp":1612555350,"path_taken":["M","M","?","?","M","R","?","E","T","T","R","M","?","?","M","R","BOSS","M","?","?","?","M","E"],"items_purchased_type":[],"build_version":"2020-12-22","purchased_purges":0,"victory":false,"max_hp_per_floor":[66,66,60,60,60,60,60,60,60,60,60,60,60,60,60,60,60,60,60,60,60,60,60,60,60],"card_choices":[{"not_picked":["Cloak And Dagger","Slice"],"picked":"Endless Agony","floor":1},{"not_picked":["Slice","Setup"],"picked":"Cloak And Dagger","floor":2},{"not_picked":["Distraction","Bane"],"picked":"Quick Slash","floor":5},{"not_picked":["Dodge and Roll","Unload"],"picked":"Finisher","floor":8},{"not_picked":["Well Laid Plans","Sucker Punch"],"picked":"Deadly Poison","floor":12},{"not_picked":["Outmaneuver","Poisoned Stab"],"picked":"Accuracy","floor":14},{"not_picked":["Slice","Dodge and Roll"],"picked":"Accuracy","floor":15},{"not_picked":["Phantasmal Killer","Grand Finale"],"picked":"Malaise","floor":17},{"not_picked":["Deadly Poison","Noxious Fumes"],"picked":"Prepared+1","floor":19},{"not_picked":["PiercingWail","Flying Knee"],"picked":"Cloak And Dagger","floor":20},{"not_picked":["All Out Attack","Bouncing Flask"],"picked":"Blade Dance","floor":22},{"not_picked":["Sucker Punch","Quick Slash","Catalyst"],"picked":"SKIP","floor":23}],"player_experience":2415192,"relics_obtained":[{"floor":8,"key":"Tiny Chest"},{"floor":9,"key":"Dota2Spire:MagicBottle"},{"floor":10,"key":"Eternal Feather"}],"event_choices":[{"damage_healed":0,"gold_gain":0,"player_choice":"Lose Max HP","damage_taken":0,"relics_obtained":["Golden Idol"],"max_hp_gain":0,"max_hp_loss":6,"event_name":"Golden Idol","floor":3,"gold_loss":0},{"damage_healed":0,"gold_gain":0,"player_choice":"Ignored","damage_taken":0,"max_hp_gain":0,"max_hp_loss":0,"event_name":"Liars Game","floor":4,"gold_loss":0},{"cards_removed":["Strike_G"],"damage_healed":0,"gold_gain":0,"player_choice":"Card Removal","damage_taken":7,"max_hp_gain":0,"max_hp_loss":0,"event_name":"Golden Wing","floor":7,"gold_loss":0},{"cards_removed":["Strike_G"],"damage_healed":0,"gold_gain":0,"player_choice":"Purged","damage_taken":0,"max_hp_gain":0,"max_hp_loss":0,"event_name":"Purifier","floor":13,"gold_loss":0}],"is_beta":false,"boss_relics":[{"not_picked":["Snecko Eye","Pandora\u0027s Box"],"picked":"WristBlade"}],"items_purged_floors":[],"is_endless":false,"potions_floor_spawned":[12,14,17,20],"killed_by":"Book of Stabbing","ascension_level":20}}