{"host":"soyfmymeou4emntr","time":1612503433,"event":{"mods":["BaseMod","BetterRewards","Minty Spire (QoL Compilation)","Relic Sorter","Relic Stats","StSLib"],"gold_per_floor":[112,112,127,202,220,234,234,269,317,317,350,350,362,387,387,387,387],"floor_reached":16,"language":"ENG","playtime":1389,"items_purged":[],"score":340,"play_id":"0950b6f4-e355-43f9-a34f-598991e4aa7f","local_time":"20210204223713","is_ascension_mode":true,"campfire_choices":[{"data":"Pommel Strike","floor":7,"key":"SMITH"},{"data":"Anger","floor":10,"key":"SMITH"},{"floor":12,"key":"REST"},{"floor":15,"key":"REST"}],"circlet_count":0,"master_deck":["AscendersBane","Strike_R","Strike_R","Strike_R","Strike_R","Strike_R+1","Defend_R","Defend_R","Defend_R","Defend_R","Bash","Wild Strike+1","Shrug It Off","Pommel Strike+1","Anger+1","Dark Embrace+1","Shrug It Off","Clothesline"],"relics":["Burning Blood","Boot","Frozen Egg 2","MealTicket","Potion Belt","White Beast Statue"],"acts_visited":["Exordium"],"potions_floor_usage":[8,8,11],"damage_taken":[{"damage":15,"enemies":"Small Slimes","floor":1,"turns":5},{"damage":12,"enemies":"Jaw Worm","floor":3,"turns":2},{"damage":1,"enemies":"Cultist","floor":5,"turns":3},{"damage":3,"enemies":"Blue Slaver","floor":6,"turns":5},{"damage":8,"enemies":"Gremlin Nob","floor":8,"turns":3},{"damage":20,"enemies":"Lagavulin","floor":11,"turns":7},{"damage":9,"enemies":"Looter","floor":13,"turns":3},{"damage":32,"enemies":"3 Sentries","floor":14,"turns":7},{"damage":38,"enemies":"Hexaghost","floor":16,"turns":9}],"seed_played":"576031037701718971","potions_obtained":[{"floor":5,"key":"SteroidPotion"},{"floor":6,"key":"Regen Potion"},{"floor":8,"key":"LiquidBronze"}],"is_trial":false,"path_per_floor":["M","?","M","?","M","M","R","E","T","R","E","R","M","E","R","B"],"character_chosen":"IRONCLAD","items_purchased":[],"campfire_rested":2,"item_purchase_floors":[],"current_hp_per_floor":[59,36,30,19,24,27,27,34,34,34,20,42,39,13,35,0,0],"gold":387,"neow_bonus":"RANDOM_COMMON_RELIC","is_daily":false,"chose_seed":false,"campfire_upgraded":2,"win_rate":0.0,"timestamp":1612503433,"path_taken":["M","?","M","?","M","M","R","E","T","R","E","R","M","E","R","BOSS"],"items_purchased_type":[],"build_version":"2020-12-22","purchased_purges":0,"victory":false,"max_hp_per_floor":[75,75,75,75,75,75,75,75,75,75,75,75,75,75,75,75,75],"relic_stats":{"counters":[9,44],"MealTicket":0,"Boot":[5],"obtain_stats":[{"Potion Belt":11,"MealTicket":9,"Frozen Egg 2":8,"Boot":0,"Burning Blood":0,"White Beast Statue":14},{"Potion Belt":6,"MealTicket":5,"Frozen Egg 2":5,"Boot":0,"Burning Blood":0,"White Beast Statue":8},{"Potion Belt":25,"MealTicket":18,"Frozen Egg 2":18,"Boot":0,"Burning Blood":0,"White Beast Statue":35}],"Burning Blood":48},"card_choices":[{"not_picked":["Blood for Blood","Headbutt"],"picked":"Wild Strike","floor":1},{"not_picked":["Ghostly Armor","Clash"],"picked":"Shrug It Off","floor":3},{"not_picked":["Shrug It Off","Wild Strike"],"picked":"Pommel Strike","floor":5},{"not_picked":["Sever Soul","Combust"],"picked":"Anger","floor":6},{"not_picked":["Flex","Dropkick"],"picked":"Dark Embrace+1","floor":8},{"not_picked":["Sever Soul","Wild Strike","Heavy Blade"],"picked":"SKIP","floor":11},{"not_picked":["Iron Wave","Armaments"],"picked":"Shrug It Off","floor":13},{"not_picked":["Rupture+1","Exhume"],"picked":"Clothesline","floor":14}],"player_experience":3054283,"relics_obtained":[{"floor":8,"key":"Frozen Egg 2"},{"floor":9,"key":"MealTicket"},{"floor":11,"key":"Potion Belt"},{"floor":14,"key":"White Beast Statue"}],"event_choices":[{"damage_healed":0,"gold_gain":0,"player_choice":"Entered Light","damage_taken":23,"max_hp_gain":0,"max_hp_loss":0,"event_name":"Shining Light","floor":2,"gold_loss":0,"cards_upgraded":["Wild Strike","Strike_R"]},{"damage_healed":0,"gold_gain":75,"player_choice":"Gather Gold","damage_taken":11,"max_hp_gain":0,"max_hp_loss":0,"event_name":"World of Goop","floor":4,"gold_loss":0}],"is_beta":false,"boss_relics":[],"items_purged_floors":[],"is_endless":false,"potions_floor_spawned":[5,6,8],"killed_by":"Hexaghost","ascension_level":20}}