{"host":"i2ntsfwoh5q5m216","time":1612499380,"event":{"mods":["BaseMod","Colored Map","Downfall","Minty Spire (QoL Compilation)","StSLib"],"gold_per_floor":[0,14,32,50,67,85,85,95,95,115,115,130,157,177,197,297,297,297,315,315,9,28,39,39,39,24,24,38,38,55,55,67,170,170,170,188,188,200,215,243,243,243,257,257,257,28,28,44,62,62],"floor_reached":51,"language":"ENG","playtime":2911,"items_purged":["Regret"],"score":739,"play_id":"9416d4f9-5464-402d-bc9f-8560039b0978","local_time":"20210204222940","is_ascension_mode":false,"campfire_choices":[{"data":"Magnetism","floor":1,"key":"SMITH"},{"data":"champ:StanceDance","floor":18,"key":"SMITH"},{"data":"champ:DancingMaster","floor":25,"key":"SMITH"},{"data":"champ:Improvising","floor":29,"key":"SMITH"},{"data":"champ:Shatter","floor":35,"key":"SMITH"},{"data":"champ:DancingMaster","floor":42,"key":"SMITH"},{"data":"champ:FancyFootwork","floor":47,"key":"SMITH"}],"circlet_count":0,"master_deck":["champ:Strike","champ:Strike","champ:Strike","champ:Defend","champ:Defend","champ:Defend","champ:Defend","champ:Execute","champ:Taunt","Magnetism+1","champ:Backstep","champ:DancingMaster+1","champ:BringItOn","champ:GutPunch","champ:Backstep","champ:DefensiveStyle","champ:EnGarde","champ:StanceDance+1","champ:FancyFootwork+1","champ:Shatter+1","champ:BladeFlurry","champ:Improvising+1","champ:DefensiveShout","champ:BerserkerStyle","Finesse","champ:FocusedDefense","champ:BringItOn","champ:GutPunch","champ:FlashCut","champ:FocusedBerserking+1","champ:CheapShot","champ:DancingMaster+1","champ:ShieldWall","champ:CrookedStrike+1","champ:StanceDance+1","champ:CrookedStrike+1","champ:BladeFlurry+1","champ:CrookedStrike+1","champ:VampiricStrike","champ:FancyFootwork","champ:TornadoPunch"],"relics":["champ:ChampionCrownUpgraded","Incense Burner","downfall:ShatteredFragment","Kunai","Cursed Key","champ:DefensiveTrainingManual","Enchiridion","Bird Faced Urn"],"acts_visited":["Exordium","TheCity","TheBeyond"],"potions_floor_usage":[10,13,16,26,33,33,38],"damage_taken":[{"damage":15,"enemies":"Small Slimes","floor":2,"turns":5},{"damage":10,"enemies":"2 Louse","floor":3,"turns":5},{"damage":4,"enemies":"Jaw Worm","floor":4,"turns":6},{"damage":31,"enemies":"Exordium Wildlife","floor":5,"turns":6},{"damage":15,"enemies":"Blue Slaver","floor":6,"turns":5},{"damage":23,"enemies":"Exordium Thugs","floor":8,"turns":6},{"damage":20,"enemies":"2 Fungi Beasts","floor":10,"turns":4},{"damage":1,"enemies":"Exordium Wildlife","floor":12,"turns":4},{"damage":28,"enemies":"3 Sentries","floor":13,"turns":9},{"damage":1,"enemies":"Exordium Thugs","floor":14,"turns":6},{"damage":5,"enemies":"2 Fungi Beasts","floor":15,"turns":3},{"damage":23,"enemies":"IC_STATUS_ARCHETYPE","floor":16,"turns":11},{"damage":34,"enemies":"Spheric Guardian","floor":19,"turns":4},{"damage":15,"enemies":"downfall:FleeingMerchant","floor":21,"turns":4},{"damage":19,"enemies":"Chosen","floor":22,"turns":7},{"damage":25,"enemies":"Centurion and Healer","floor":23,"turns":7},{"damage":12,"enemies":"downfall:FleeingMerchant","floor":26,"turns":4},{"damage":15,"enemies":"Snake Plant","floor":28,"turns":4},{"damage":11,"enemies":"Sentry and Sphere","floor":30,"turns":3},{"damage":11,"enemies":"Centurion and Healer","floor":32,"turns":5},{"damage":28,"enemies":"WA_ARCHETYPE_CALM","floor":33,"turns":8},{"damage":37,"enemies":"Orb Walker","floor":36,"turns":5},{"damage":33,"enemies":"3 Darklings","floor":38,"turns":5},{"damage":29,"enemies":"4 Shapes","floor":39,"turns":8},{"damage":47,"enemies":"Giant Head","floor":40,"turns":9},{"damage":53,"enemies":"Maw","floor":43,"turns":6},{"damage":28,"enemies":"downfall:FleeingMerchant","floor":46,"turns":4},{"damage":25,"enemies":"Transient","floor":48,"turns":5},{"damage":48,"enemies":"Spire Growth","floor":49,"turns":6},{"damage":58,"enemies":"SI_POISON_ARCHETYPE","floor":50,"turns":16}],"seed_played":"3117233725260251370","potions_obtained":[{"floor":4,"key":"Strength Potion"},{"floor":8,"key":"DistilledChaos"},{"floor":10,"key":"Weak Potion"},{"floor":12,"key":"SpeedPotion"},{"floor":14,"key":"BlessingOfTheForge"},{"floor":23,"key":"Energy Potion"},{"floor":30,"key":"ColorlessPotion"},{"floor":32,"key":"PowerPotion"},{"floor":36,"key":"SkillPotion"},{"floor":40,"key":"Swift Potion"},{"floor":48,"key":"Strength Potion"}],"is_trial":false,"path_per_floor":["R","M","M","M","M","M","T","M","?","M","?","M","E","M","M","B",null,"R","M","?","$","M","M","T","R","$","?","M","R","M","?","M","B",null,"R","M","?","M","M","E","T","R","M","?","T","$","R","M","M","B",null],"character_chosen":"THE_CHAMP","items_purchased":["champ:BerserkerStyle","Finesse","champ:FocusedDefense","champ:BringItOn","champ:VampiricStrike"],"campfire_rested":0,"item_purchase_floors":[21,21,21,21,46],"current_hp_per_floor":[90,90,90,86,75,75,75,62,67,67,40,39,26,25,25,14,95,95,81,81,81,69,75,75,75,78,43,42,42,41,25,29,22,95,95,72,72,65,63,47,47,47,58,83,83,79,79,83,53,73],"gold":62,"neow_bonus":"RANDOM_COLORLESS_2","is_daily":false,"chose_seed":false,"campfire_upgraded":7,"win_rate":0.0,"timestamp":1612499380,"path_taken":["R","M","M","M","M","M","T","M","?","M","?","M","E","M","M","BOSS","R","M","?","$","M","M","T","R","$","?","?","R","M","?","M","BOSS","R","M","?","M","M","E","T","R","M","?","?","$","R","M","M","BOSS"],"items_purchased_type":["Card","Card","Card","Card","Card"],"build_version":"2020-12-22","purchased_purges":1,"victory":true,"max_hp_per_floor":[90,90,90,90,90,90,90,90,95,95,95,95,95,95,95,95,95,95,95,95,95,95,95,95,95,95,95,95,95,95,95,95,95,95,95,95,95,95,95,95,95,95,95,83,83,83,83,83,83,83],"card_choices":[{"not_picked":["Sadistic Nature","Transmutation"],"picked":"Magnetism","floor":0},{"not_picked":["champ:PerfectedStrike","champ:BladeFlurry"],"picked":"champ:Backstep","floor":2},{"not_picked":["champ:Haymaker","champ:GutPunch"],"picked":"champ:DancingMaster","floor":3},{"not_picked":["champ:ShieldSlam","champ:CrownThrow"],"picked":"champ:BringItOn","floor":4},{"not_picked":["champ:Circumvent","champ:BringItOn"],"picked":"champ:GutPunch","floor":5},{"not_picked":["champ:EnGarde","champ:HeavySlash"],"picked":"champ:Backstep","floor":6},{"not_picked":["champ:CalledShot","champ:FlashCut"],"picked":"champ:DefensiveStyle","floor":8},{"not_picked":["champ:Lariat","champ:HeartStrike"],"picked":"champ:EnGarde","floor":10},{"not_picked":["champ:FlashCut","champ:AdrenalArmor"],"picked":"champ:StanceDance","floor":12},{"not_picked":["champ:PerfectedStrike","champ:BringItOn"],"picked":"champ:FancyFootwork","floor":13},{"not_picked":["champ:RecklessLeap","champ:AdrenalArmor"],"picked":"champ:Shatter","floor":14},{"not_picked":["champ:FlashCut","champ:Backstep"],"picked":"champ:BladeFlurry","floor":15},{"not_picked":["champ:MurderStrike","champ:CheapShot"],"picked":"champ:Improvising","floor":16},{"not_picked":["champ:CrownThrow+1","champ:CrookedStrike"],"picked":"champ:DefensiveShout","floor":19},{"not_picked":["champ:EnGarde","champ:Improvising","champ:SkillfulDodge"],"picked":"SKIP","floor":21},{"not_picked":["champ:DefensiveShout","champ:TornadoPunch"],"picked":"champ:GutPunch","floor":22},{"not_picked":["champ:CrownThrow","champ:Duel"],"picked":"champ:FlashCut","floor":23},{"not_picked":["champ:FanOfKnives","champ:DeathBlow+1","champ:Backstep"],"picked":"SKIP","floor":26},{"not_picked":["champ:AdrenalArmor","champ:IronFortress","champ:PerfectedStrike"],"picked":"SKIP","floor":28},{"not_picked":["champ:AdrenalArmor+1","champ:DefensiveShout"],"picked":"champ:FocusedBerserking+1","floor":30},{"not_picked":["champ:EnGarde","champ:PreciseThrust"],"picked":"champ:CheapShot","floor":32},{"not_picked":["champ:Devastate","champ:StrikeOfGenius"],"picked":"champ:DancingMaster","floor":33},{"not_picked":["champ:BerserkersShout+1","champ:Circumvent"],"picked":"champ:ShieldWall","floor":36},{"not_picked":["champ:GutPunch","champ:FlashCut+1"],"picked":"champ:CrookedStrike+1","floor":38},{"not_picked":["champ:SetATrap+1","champ:DefensiveStyle"],"picked":"champ:StanceDance+1","floor":39},{"not_picked":["champ:Shatter","champ:IronFortress+1"],"picked":"champ:CrookedStrike+1","floor":40},{"not_picked":["champ:StanceDance","champ:EndlessRage"],"picked":"champ:BladeFlurry+1","floor":43},{"not_picked":["champ:FocusedBerserking","champ:EnGarde+1"],"picked":"champ:CrookedStrike+1","floor":46},{"not_picked":["champ:CrownThrow","champ:RecklessLeap"],"picked":"champ:FancyFootwork","floor":48},{"not_picked":["champ:VampiricStrike","champ:Circumvent+1"],"picked":"champ:TornadoPunch","floor":49}],"player_experience":14004,"relics_obtained":[{"floor":7,"key":"Incense Burner"},{"floor":13,"key":"Kunai"},{"floor":24,"key":"champ:DefensiveTrainingManual"},{"floor":31,"key":"Enchiridion"},{"floor":40,"key":"Bird Faced Urn"}],"event_choices":[{"damage_healed":0,"gold_gain":0,"player_choice":"Donut","damage_taken":0,"max_hp_gain":5,"max_hp_loss":0,"event_name":"Big Fish","floor":9,"gold_loss":0},{"damage_healed":0,"gold_gain":0,"player_choice":"Ignored","damage_taken":0,"max_hp_gain":0,"max_hp_loss":0,"event_name":"Mysterious Sphere","floor":37,"gold_loss":0}],"is_beta":false,"boss_relics":[{"not_picked":["Runic Dome","Snecko Eye"],"picked":"Cursed Key"},{"not_picked":["bronze:MakeshiftBattery","Runic Pyramid"],"picked":"champ:ChampionCrownUpgraded"}],"items_purged_floors":[46],"is_endless":false,"potions_floor_spawned":[4,8,10,12,14,23,30,32,36,40,48],"ascension_level":0}}