{"host":"bakf0s4odzu8z5xt","time":1612505831,"event":{"mods":["2.2 Compatiblity","BaseMod","Downfall","Friendly Minions","Minty Spire (QoL Compilation)","StSLib"],"gold_per_floor":[99,119,133,158,173,217,217,254,254,41,41,85,85,185,240,355,355,155,175,195,195,223,249,249,249,258,158,169,42,42,63,88,202,202,202,222,234,261,118,129,152,175,187,207,218,243,255,280,309,309,309,309],"floor_reached":50,"language":"ENG","playtime":4924,"items_purged":["hexamod:Strike","hexamod:Strike","hexamod:Strike+1"],"score":579,"play_id":"f3e2505f-a404-40e3-bc01-f95e23c3aa97","local_time":"20210205001711","is_ascension_mode":false,"campfire_choices":[{"data":"hexamod:Sear","floor":1.0,"key":"SMITH"},{"floor":9.0,"key":"RECALL"},{"data":"hexamod:SoulSteal","floor":11.0,"key":"SMITH"},{"data":"hexamod:Incineration","floor":13.0,"key":"SMITH"},{"data":"hexamod:GhostOfSpirePresent","floor":18.0,"key":"SMITH"},{"data":"hexamod:PhantomCloak","floor":27.0,"key":"SMITH"},{"floor":30.0,"key":"REST"},{"data":"hexamod:WildfireWeapon","floor":35.0,"key":"SMITH"}],"circlet_count":0,"master_deck":["hexamod:Defend","hexamod:Defend","hexamod:Defend+1","hexamod:Sear+1","hexamod:Float+1","hexamod:Incineration+1","hexamod:SoulSteal+1","hexamod:GhostflameBarrier+1","hexamod:EmpoweredFlame","hexamod:Hexaguard","hexamod:SwordOfDarkness","hexamod:HeatMetal+1","hexamod:ThermalTransfer+1","hexamod:GhostOfSpirePresent+1","hexamod:HauntingEcho+1","hexamod:ThermalTransfer+1","hexamod:PhantomCloak+1","hexamod:GhostOfSpirePresent+1","hexamod:BurningTouch","hexamod:HeatCrush","hexamod:Hexaguard","hexamod:InspiringFlames","hexamod:WildfireWeapon+1","hexamod:ShieldOfDarkness+1","hexamod:ExtraCrispy","hexamod:ShieldOfDarkness","hexamod:FastForward","hexamod:FastForward","hexamod:SpectralSpark+1","hexamod:FastForward+1","hexamod:NightmareGuise+1"],"relics":["hexamod:SpiritBrand","CeramicFish","Mummified Hand","champ:Barbells","hexamod:TheBrokenSeal","sneckomod:SneckoTalon","downfall:HeartBlessingGreen","downfall:HeartBlessingRed","downfall:RedIOU","Smiling Mask","downfall:HeartBlessingBlue","Velvet Choker","Nunchaku","Kunai","InkBottle"],"acts_visited":["Exordium","TheCity","TheBeyond"],"potions_floor_usage":[48,48,50],"damage_taken":[{"damage":0.0,"enemies":"Cultist","floor":2.0,"turns":3.0},{"damage":0.0,"enemies":"Small Slimes","floor":3.0,"turns":3.0},{"damage":1.0,"enemies":"Jaw Worm","floor":5.0,"turns":3.0},{"damage":9.0,"enemies":"Gremlin Nob","floor":6.0,"turns":3.0},{"damage":4.0,"enemies":"2 Fungi Beasts","floor":8.0,"turns":3.0},{"damage":0.0,"enemies":"downfall:FleeingMerchant","floor":10.0,"turns":4.0},{"damage":3.0,"enemies":"Red Slaver","floor":12.0,"turns":3.0},{"damage":11.0,"enemies":"Lots of Slimes","floor":15.0,"turns":4.0},{"damage":15.0,"enemies":"SI_SHIV_ARCHETYPE","floor":16.0,"turns":6.0},{"damage":0.0,"enemies":"Chosen","floor":19.0,"turns":3.0},{"damage":0.0,"enemies":"Spheric Guardian","floor":20.0,"turns":2.0},{"damage":0.0,"enemies":"Centurion and Healer","floor":22.0,"turns":4.0},{"damage":23.0,"enemies":"Slavers","floor":23.0,"turns":4.0},{"damage":15.0,"enemies":"Sentry and Sphere","floor":28.0,"turns":4.0},{"damage":10.0,"enemies":"downfall:FleeingMerchant","floor":29.0,"turns":4.0},{"damage":0.0,"enemies":"Snecko","floor":31.0,"turns":3.0},{"damage":13.0,"enemies":"3 Cultists","floor":32.0,"turns":4.0},{"damage":24.0,"enemies":"IC_MUSHROOM_ARCHETYPE","floor":33.0,"turns":6.0},{"damage":0.0,"enemies":"3 Darklings","floor":36.0,"turns":4.0},{"damage":0.0,"enemies":"Orb Walker","floor":37.0,"turns":3.0},{"damage":4.0,"enemies":"Jaw Worm Horde","floor":38.0,"turns":4.0},{"damage":0.0,"enemies":"downfall:FleeingMerchant","floor":39.0,"turns":4.0},{"damage":0,"enemies":"Spire Growth","floor":40,"turns":3},{"damage":0,"enemies":"downfall:FleeingMerchant","floor":42,"turns":3},{"damage":4,"enemies":"Transient","floor":43,"turns":5},{"damage":5,"enemies":"4 Shapes","floor":44,"turns":4},{"damage":0,"enemies":"Jaw Worm Horde","floor":45,"turns":4},{"damage":14,"enemies":"Sphere and 2 Shapes","floor":46,"turns":4},{"damage":38,"enemies":"Transient","floor":47,"turns":5},{"damage":2,"enemies":"Giant Head","floor":48,"turns":6},{"damage":17,"enemies":"4 Shapes","floor":49,"turns":4},{"damage":11,"enemies":"WA_ARCHETYPE_DIVINITY","floor":50,"turns":3}],"seed_played":"-2000358687752386029","potions_obtained":[{"floor":2.0,"key":"hexamod:EctoCoolerPotion"},{"floor":5.0,"key":"bronze:BurnAndBuffPotion"},{"floor":6.0,"key":"ColorlessPotion"},{"floor":8.0,"key":"GamblersBrew"},{"floor":16.0,"key":"Guardian:BlockOnCardUsePotion"},{"floor":19.0,"key":"LiquidBronze"},{"floor":28.0,"key":"Guardian:BlockOnCardUsePotion"},{"floor":33.0,"key":"Block Potion"},{"floor":36.0,"key":"hexamod:SoulburnPotion"},{"floor":43,"key":"Guardian:BlockOnCardUsePotion"},{"floor":44,"key":"CultistPotion"},{"floor":48,"key":"Strength Potion"}],"is_trial":false,"path_per_floor":["R","M","M","T","M","E","T","M","R","$","R","M","R","?","M","B",null,"R","M","M","?","M","E","T","?","?","R","M","$","R","M","M","B",null,"R","M","M","M","$","M","T","$","M","M","M","M","M","E","M","B"],"character_chosen":"THE_SPIRIT","items_purchased":["champ:Barbells","hexamod:FirstSeal","hexamod:HeatCrush","hexamod:ExtraCrispy","hexamod:ShieldOfDarkness","Kunai","hexamod:FastForward"],"campfire_rested":1,"item_purchase_floors":[10,10,29,39,39,42,42],"current_hp_per_floor":[63,63,63,70,69,60,60,56,56,56,56,60,60,60,56,80,80,80,80,80,80,80,57,57,57,57,67,52,42,69,69,56,32,90,90,90,90,86,86,86,86,86,82,77,77,63,25,23,6,0,0,0],"gold":309,"neow_bonus":"REMOVE_TWO","is_daily":false,"chose_seed":false,"campfire_upgraded":6,"win_rate":0.0,"timestamp":1612505831,"path_taken":["R","M","M","?","M","E","T","M","R","$","R","M","R","?","M","BOSS","R","M","M","?","M","E","T","?","?","R","?","$","R","M","M","BOSS","R","M","M","M","$","M","T","$","M","M","M","?","M","E","M","BOSS"],"items_purchased_type":["Relic","Card","Card","Card","Card","Relic","Card"],"build_version":"2020-12-22","purchased_purges":3,"victory":false,"max_hp_per_floor":[63,63,63,70,70,70,70,70,70,70,70,70,70,70,70,80,80,80,80,80,80,80,80,80,80,80,90,90,90,90,90,90,90,90,90,90,90,90,90,90,90,90,90,90,90,90,90,90,90,90,90,90],"card_choices":[{"not_picked":["hexamod:Firestarter","hexamod:FirstSeal"],"picked":"hexamod:Incineration","floor":2.0},{"not_picked":["hexamod:Hexaguard","hexamod:RadiantFlame"],"picked":"hexamod:SoulSteal","floor":3.0},{"not_picked":["hexamod:Firestarter","hexamod:DynamicBlow"],"picked":"hexamod:GhostflameBarrier","floor":5.0},{"not_picked":["hexamod:NightmareStrike","hexamod:Firestarter"],"picked":"hexamod:FifthSeal","floor":6.0},{"not_picked":["hexamod:ThirdSeal","hexamod:FourthSeal"],"picked":"hexamod:SixthSeal","floor":8.0},{"not_picked":["hexamod:GhostShield","hexamod:FastForward"],"picked":"hexamod:EmpoweredFlame","floor":8.0},{"not_picked":["hexamod:FourthSeal","hexamod:FirstSeal"],"picked":"hexamod:SecondSeal","floor":10.0},{"not_picked":["hexamod:NightmareStrike","hexamod:GhostflameBarrier"],"picked":"hexamod:Hexaguard","floor":10.0},{"not_picked":["hexamod:FourthSeal","hexamod:FirstSeal"],"picked":"hexamod:ThirdSeal","floor":12.0},{"not_picked":["hexamod:GhostShield","hexamod:Rewind"],"picked":"hexamod:SwordOfDarkness","floor":12.0},{"not_picked":["hexamod:FirstSeal","hexamod:SecondSeal"],"picked":"hexamod:FourthSeal","floor":15.0},{"not_picked":["hexamod:GhostLash","hexamod:NightmareStrike"],"picked":"hexamod:HeatMetal","floor":15.0},{"not_picked":["hexamod:SpectralSpark","hexamod:FastForward"],"picked":"hexamod:ThermalTransfer","floor":15.0},{"not_picked":["hexamod:TurnItUp","hexamod:UnlimitedPower"],"picked":"hexamod:GhostOfSpirePresent","floor":16.0},{"not_picked":["hexamod:SecondSeal","hexamod:FirstSeal"],"picked":"hexamod:HauntingEcho+1","floor":19.0},{"not_picked":["hexamod:NightmareGuise","hexamod:Incineration+1"],"picked":"hexamod:ThermalTransfer+1","floor":20.0},{"not_picked":["hexamod:BacktrackSmack","hexamod:CatchUp"],"picked":"hexamod:PhantomCloak","floor":22.0},{"not_picked":["hexamod:GhostLash","hexamod:InspiringFlames","hexamod:HeatMetal"],"picked":"SKIP","floor":23.0},{"not_picked":["hexamod:GhostOfSpireFuture+1","hexamod:SwordOfDarkness","hexamod:NecessarySacrifice+1"],"picked":"SKIP","floor":28.0},{"not_picked":["hexamod:Rewind","hexamod:GhostShield+1"],"picked":"hexamod:BurningTouch","floor":29.0},{"not_picked":["hexamod:SuperheatedStrike","hexamod:HeatMetal+1"],"picked":"hexamod:Hexaguard","floor":31.0},{"not_picked":["hexamod:NecessarySacrifice","hexamod:BacktrackSmack"],"picked":"hexamod:InspiringFlames","floor":32.0},{"not_picked":["hexamod:TurnItUp","hexamod:UnleashSpirits"],"picked":"hexamod:WildfireWeapon","floor":33.0},{"not_picked":["hexamod:NightmareGuise+1","hexamod:SuperheatedStrike+1","hexamod:CatchUp+1"],"picked":"SKIP","floor":36.0},{"not_picked":["hexamod:Firestarter","hexamod:RetreatToShadows+1","hexamod:HauntingEcho"],"picked":"SKIP","floor":37.0},{"not_picked":["hexamod:FlamesFromBeyond","hexamod:ThirdSeal"],"picked":"hexamod:ShieldOfDarkness+1","floor":38.0},{"not_picked":["hexamod:FastForward","hexamod:SecondSeal","hexamod:SixthSeal"],"picked":"SKIP","floor":39},{"not_picked":["hexamod:SuperheatedStrike","hexamod:GhostLash+1","hexamod:SpectersWail+1"],"picked":"SKIP","floor":40},{"not_picked":["hexamod:SecondSeal","hexamod:ThirdSeal"],"picked":"hexamod:FastForward","floor":42},{"not_picked":["hexamod:SecondSeal","hexamod:Again+1","hexamod:EtherealExpedition"],"picked":"SKIP","floor":43},{"not_picked":["hexamod:Rewind+1","hexamod:RainOfEmbers+1"],"picked":"hexamod:SpectralSpark+1","floor":44},{"not_picked":["hexamod:SpectersWail","hexamod:InspiringFlames","hexamod:HauntingEcho+1"],"picked":"SKIP","floor":45},{"not_picked":["hexamod:Rewind+1","hexamod:RecurringNightmare+1"],"picked":"hexamod:FastForward+1","floor":46},{"not_picked":["hexamod:EmpoweredFlame+1","hexamod:ShieldOfDarkness","hexamod:SkipABeat+1"],"picked":"SKIP","floor":47},{"not_picked":["hexamod:BacktrackSmack+1","hexamod:UnlimitedPower","hexamod:GhostLash+1"],"picked":"SKIP","floor":48},{"not_picked":["hexamod:ThermalTransfer","hexamod:ExtraCrispy"],"picked":"hexamod:NightmareGuise+1","floor":49}],"player_experience":2080598,"relics_obtained":[{"floor":4.0,"key":"Strawberry"},{"floor":6.0,"key":"CeramicFish"},{"floor":7.0,"key":"Mummified Hand"},{"floor":23.0,"key":"Smiling Mask"},{"floor":41,"key":"Nunchaku"},{"floor":48,"key":"InkBottle"}],"event_choices":[],"is_beta":false,"boss_relics":[{"not_picked":["Runic Pyramid","Sozu"],"picked":"sneckomod:SneckoTalon"},{"not_picked":["SlaversCollar","Calling Bell"],"picked":"Velvet Choker"}],"items_purged_floors":[29,39,42],"is_endless":false,"potions_floor_spawned":[2,5,6,8,16,19,22,28,33,36,43,44,46,47,48],"killed_by":"WA_ARCHETYPE_DIVINITY","ascension_level":0}}