{"host":"gfmw02tnhhvp9jba","time":1612544896,"event":{"mods":["AchievementEnabler","BaseMod","Colored Map","Conspire","Downfall","Highlight Path","Minty Spire (QoL Compilation)","Replay The Spire","StSLib"],"gold_per_floor":[349,361,425,444,144,179,179,214,233,133,153,253,428,448,459,559,559,459,476,496,51,65,97,121,121,138,138,168,182,215,215,231,330,330,330,341,354,404,420,450,477,487,487,158,58,58,84,84,102,102,102,130,24,24,24,26,26,26],"floor_reached":56,"language":"ENG","playtime":4122,"items_purged":["ReplayTheSpireMod:Restless Dread","Doubt"],"score":919,"play_id":"f8383fe1-abc2-48c7-9e13-12900ec13039","local_time":"20210205180816","is_ascension_mode":true,"campfire_choices":[{"data":"bronze:Replicate","floor":1.0,"key":"SMITH"},{"floor":10.0,"key":"RECALL"},{"data":"bronze:BurnOut","floor":18.0,"key":"SMITH"},{"data":"bronze:MaxOutput","floor":27.0,"key":"SMITH"},{"data":"bronze:Assembly","floor":35.0,"key":"SMITH"},{"data":"bronze:ItsAFeature","floor":45,"key":"SMITH"},{"floor":54,"key":"REST"}],"circlet_count":0,"master_deck":["bronze:Strike","bronze:Strike","bronze:Strike+1","bronze:Defend","bronze:Defend","bronze:Defend","bronze:Replicate+1","bronze:Goto","bronze:Repair","bronze:WildBeam","bronze:Iterate+1","bronze:Shield","bronze:InfiniteBeams","expansioncontent:QuickStudy","bronze:BugBarrage","bronze:Assembly+1","bronze:ChildClass","bronze:BugBarrage","bronze:Flail","bronze:Frontload","bronze:BurnOut+1","bronze:WildBeam","bronze:BuggyMess+1","bronze:Overload+1","bronze:MaxOutput+1","bronze:Branch","bronze:GetLatest+1","bronze:Separator","bronze:CutThrough","bronze:CutThrough","bronze:AlphaBuild","bronze:Shield+1","bronze:Frontload+1","bronze:GetLatest+1","bronze:ItsAFeature+1","bronze:DarkDash+1","bronze:Terminator+1","bronze:Assembly+1","bronze:Iterate","Panacea+1","expansioncontent:Hexaburn","bronze:Allocate+1","bronze:Philosophize+1","bronze:Break","bronze:Shell+1"],"relics":["bronze:PlatinumCore","Mango","Blood Vial","HornCleat","Whetstone","downfall:HeartBlessingGreen","downfall:HeartBlessingRed","Replay:Accelerometer","Happy Flower","Replay:Rubber Ducky","Toxic Egg 2","Vajra","Empty Cage","Counterbalance","Pantograph","Onion Ring","StoneCalendar","downfall:HeartBlessingBlue","Replay:WaspNest","Chameleon Ring"],"acts_visited":["Exordium","TheCity","TheBeyond","TheEnding"],"potions_floor_usage":[40,44,44,52,56,56,56],"damage_taken":[{"damage":6.0,"enemies":"Jaw Worm","floor":2.0,"turns":5.0},{"damage":28.0,"enemies":"3 Sentries","floor":3.0,"turns":12.0},{"damage":0.0,"enemies":"Small Slimes","floor":4.0,"turns":2.0},{"damage":0.0,"enemies":"downfall:FleeingMerchant","floor":5.0,"turns":4.0},{"damage":25.0,"enemies":"3 Sentries","floor":6.0,"turns":10.0},{"damage":0.0,"enemies":"Lagavulin","floor":8.0,"turns":5.0},{"damage":0.0,"enemies":"conspire:RoseBush","floor":9.0,"turns":3.0},{"damage":0.0,"enemies":"Gremlin Gang","floor":11.0,"turns":1.0},{"damage":6.0,"enemies":"3 Louse","floor":14.0,"turns":4.0},{"damage":1.0,"enemies":"Blue Slaver","floor":15.0,"turns":3.0},{"damage":35.0,"enemies":"IC_STATUS_ARCHETYPE","floor":16.0,"turns":11.0},{"damage":4.0,"enemies":"Shell Parasite","floor":19.0,"turns":4.0},{"damage":0.0,"enemies":"Spheric Guardian","floor":20.0,"turns":3.0},{"damage":0.0,"enemies":"downfall:FleeingMerchant","floor":21.0,"turns":4.0},{"damage":12.0,"enemies":"3 Cultists","floor":22.0,"turns":6.0},{"damage":16.0,"enemies":"conspire:SneckoGhost","floor":23.0,"turns":6.0},{"damage":4.0,"enemies":"Cultist and Chosen","floor":26.0,"turns":5.0},{"damage":2.0,"enemies":"conspire:Head Lice","floor":28.0,"turns":4.0},{"damage":0.0,"enemies":"Shelled Parasite and Fungi","floor":29.0,"turns":4.0},{"damage":19.0,"enemies":"Slavers","floor":30.0,"turns":3.0},{"damage":11.0,"enemies":"Snecko","floor":32.0,"turns":4.0},{"damage":5.0,"enemies":"WA_ARCHETYPE_CALM","floor":33.0,"turns":7.0},{"damage":0.0,"enemies":"Orb Walker","floor":36.0,"turns":2.0},{"damage":10.0,"enemies":"3 Shapes","floor":37.0,"turns":3.0},{"damage":0.0,"enemies":"3 Shapes","floor":38.0,"turns":4.0},{"damage":21.0,"enemies":"Maw","floor":39.0,"turns":9.0},{"damage":0,"enemies":"Nemesis","floor":40,"turns":3},{"damage":2,"enemies":"Jaw Worm Horde","floor":42,"turns":4},{"damage":0,"enemies":"downfall:FleeingMerchant","floor":44,"turns":4},{"damage":28,"enemies":"Reptomancer","floor":47,"turns":5},{"damage":0,"enemies":"4 Shapes","floor":49,"turns":5},{"damage":34,"enemies":"DF_ARCHETYPE_ORBS","floor":50,"turns":7},{"damage":49,"enemies":"downfall:CharBossMerchant","floor":52,"turns":6},{"damage":43,"enemies":"downfall:NeowBoss","floor":55,"turns":13},{"damage":88,"enemies":"downfall:NeowBossFinal","floor":56,"turns":8}],"seed_played":"852995555206904751","potions_obtained":[{"floor":2.0,"key":"Flashbang"},{"floor":4.0,"key":"Strength Potion"},{"floor":14.0,"key":"Elixir"},{"floor":15.0,"key":"bronze:FreeFunctionsPotion"},{"floor":22.0,"key":"DuplicationPotion"},{"floor":30.0,"key":"Adrenaline Potion"},{"floor":37.0,"key":"PowerPotion"},{"floor":42,"key":"Fire Potion"},{"floor":48,"key":"Reflective Coating"},{"floor":48,"key":"Strength Potion"}],"is_trial":false,"path_per_floor":["R","M","?","M","$","E","T","E","M","R","M","?","?","M","M","B",null,"R","M","M","$","M","E","T","?","M","R","E","M","E","?","M","B",null,"R","M","M","?","M","E","T","M","?","$","R","?","E","?","M","B",null,"E","$","R","B","B"],"character_chosen":"THE_AUTOMATON","items_purchased":["bronze:InfiniteBeams","expansioncontent:QuickStudy","bronze:MaxOutput","Replay:Accelerometer","Onion Ring","bronze:Iterate","StoneCalendar","Panacea+1","bronze:Shell+1","Dexterity Potion"],"campfire_rested":1,"item_purchase_floors":[5,5,21,21,44,44,44,44,53,53],"current_hp_per_floor":[70,64,57,57,64,46,46,55,64,64,66,66,66,69,77,49,84,84,84,84,84,72,65,65,65,70,70,77,84,65,65,56,60,84,84,84,74,83,63,72,72,79,79,81,91,91,72,72,81,67,94,46,46,74,51,0,0,0],"gold":26,"neow_bonus":"TWO_FIFTY_GOLD","is_daily":false,"chose_seed":false,"campfire_upgraded":5,"win_rate":0.0,"timestamp":1612544896,"path_taken":["R","M","?","M","$","E","T","E","M","R","M","?","?","M","M","BOSS","R","M","M","$","M","E","T","?","M","R","E","?","E","?","M","BOSS","R","M","M","?","M","E","T","M","?","$","R","?","E","?","M","BOSS","E","$","R","BOSS","BOSS"],"items_purchased_type":["Card","Card","Card","Relic","Relic","Card","Relic","Card","Card","Potion"],"build_version":"2020-12-22","purchased_purges":2,"victory":false,"max_hp_per_floor":[70,70,84,84,84,84,84,84,84,84,84,84,84,84,84,84,84,84,84,84,84,84,84,84,84,84,84,84,84,84,84,84,84,84,84,84,84,84,84,84,84,84,84,84,94,94,94,94,94,94,94,94,94,94,94,94,94,94],"card_choices":[{"not_picked":["bronze:FineTuning","bronze:BronzeArmor"],"picked":"bronze:Repair","floor":2.0},{"not_picked":["bronze:Turbo","bronze:Overheat"],"picked":"bronze:WildBeam","floor":3.0},{"not_picked":["bronze:Constructor","bronze:ChildClass"],"picked":"bronze:Iterate","floor":4.0},{"not_picked":["bronze:Break","bronze:DarkDash"],"picked":"bronze:Shield","floor":5.0},{"not_picked":["bronze:Safeguard","bronze:Terminator"],"picked":"bronze:BugBarrage","floor":6.0},{"not_picked":["bronze:BitShift","bronze:Turbo"],"picked":"bronze:Assembly","floor":8.0},{"not_picked":["bronze:DelayedSlice","bronze:WildBeam"],"picked":"bronze:ChildClass","floor":9.0},{"not_picked":["bronze:Constructor","bronze:DelayedSlice"],"picked":"bronze:BugBarrage","floor":11.0},{"not_picked":["bronze:DelayedSlice","bronze:BugBarrage"],"picked":"bronze:Flail","floor":14.0},{"not_picked":["bronze:InfiniteLoop","bronze:Branch"],"picked":"bronze:Frontload","floor":15.0},{"not_picked":["bronze:ShipIt","bronze:FindAndReplace"],"picked":"bronze:BurnOut","floor":16.0},{"not_picked":["bronze:Refactor","bronze:CloningBeam+1"],"picked":"bronze:WildBeam","floor":19.0},{"not_picked":["bronze:Constructor","bronze:Invalidate+1"],"picked":"bronze:BuggyMess+1","floor":20.0},{"not_picked":["bronze:Backtrace","bronze:Overheat"],"picked":"bronze:Overload+1","floor":21.0},{"not_picked":["bronze:Refactor","bronze:Safeguard","bronze:BuggyMess"],"picked":"SKIP","floor":22.0},{"not_picked":["bronze:Philosophize","bronze:FineTuning"],"picked":"bronze:Branch","floor":23.0},{"not_picked":["bronze:ChildClass","bronze:BronzeArmor","bronze:DelayedGuard"],"picked":"SKIP","floor":26.0},{"not_picked":["bronze:BuggyMess+1","bronze:Overheat"],"picked":"bronze:GetLatest+1","floor":28.0},{"not_picked":["bronze:Refactor+1","bronze:Overheat"],"picked":"bronze:Separator","floor":29.0},{"not_picked":["bronze:Safeguard+1","bronze:Overheat"],"picked":"bronze:CutThrough","floor":30.0},{"not_picked":["bronze:DelayedSlice","bronze:Virus"],"picked":"bronze:CutThrough","floor":32.0},{"not_picked":["bronze:CleanCode","bronze:InfiniteLoop"],"picked":"bronze:AlphaBuild","floor":33.0},{"not_picked":["bronze:ChosenStrike+1","bronze:Flail+1"],"picked":"bronze:Shield+1","floor":36.0},{"not_picked":["bronze:Deprecate+1","bronze:DigitalCarnage"],"picked":"bronze:Frontload+1","floor":37.0},{"not_picked":["bronze:Deprecate+1","bronze:Overheat"],"picked":"bronze:GetLatest+1","floor":38.0},{"not_picked":["bronze:Branch+1","bronze:Turbo+1"],"picked":"bronze:ItsAFeature","floor":39},{"not_picked":["bronze:MaxOutput","bronze:Backtrace+1"],"picked":"bronze:DarkDash+1","floor":40},{"not_picked":["bronze:Turbo+1","bronze:WildBeam+1"],"picked":"bronze:Terminator+1","floor":42},{"not_picked":["bronze:Branch","bronze:BuggyMess+1"],"picked":"bronze:Assembly+1","floor":44},{"not_picked":["expansioncontent:GuardianWhirl","Replay:SS_hec_1"],"picked":"expansioncontent:Hexaburn","floor":46},{"not_picked":["bronze:DelayedSlice","bronze:OilSpill"],"picked":"bronze:Allocate+1","floor":47},{"not_picked":["bronze:BugBarrage+1","bronze:Branch"],"picked":"bronze:Philosophize+1","floor":49},{"not_picked":["bronze:FineTuning+1","bronze:Frontload+1"],"picked":"bronze:Break","floor":52}],"player_experience":123203,"relics_obtained":[{"floor":3.0,"key":"Mango"},{"floor":6.0,"key":"Blood Vial"},{"floor":7.0,"key":"HornCleat"},{"floor":8.0,"key":"Whetstone"},{"floor":23.0,"key":"Happy Flower"},{"floor":24.0,"key":"Replay:Rubber Ducky"},{"floor":28.0,"key":"Toxic Egg 2"},{"floor":30.0,"key":"Vajra"},{"floor":38.0,"key":"Counterbalance"},{"floor":40,"key":"Pantograph"},{"floor":47,"key":"Replay:WaspNest"},{"floor":52,"key":"Chameleon Ring"}],"event_choices":[{"damage_healed":0,"gold_gain":0,"player_choice":"Got Potions","damage_taken":0,"max_hp_gain":0,"max_hp_loss":0,"event_name":"Lab","floor":48,"gold_loss":0}],"is_beta":false,"boss_relics":[{"not_picked":["Snecko Eye","conspire:SeveredTorchhead"],"picked":"bronze:PlatinumCore"},{"not_picked":["conspire:SlowCooker","conspire:RoyalGoblet"],"picked":"Empty Cage"}],"items_purged_floors":[5,21],"is_endless":false,"potions_floor_spawned":[2,4,14,15,22,23,29,30,32,33,37,39,42,49],"killed_by":"downfall:NeowBossFinal","ascension_level":1}}