{"host":"2smcgt1ki1qcud40","time":1612522639,"event":{"mods":["BaseMod","Minty Spire (QoL Compilation)"],"gold_per_floor":[118,138,156,172,185,217,217,243,243,255,255,281,291,311,311,412,412,432,413,413,413,413],"floor_reached":21,"language":"ENG","playtime":1305,"items_purged":[],"score":302,"play_id":"99ddfbca-40f0-49ea-bc0b-94c06365f841","local_time":"20210205115719","is_ascension_mode":true,"campfire_choices":[{"floor":7.0,"key":"REST"},{"data":"Streamline","floor":11.0,"key":"SMITH"},{"data":"Rainbow","floor":15.0,"key":"SMITH"}],"circlet_count":0,"master_deck":["AscendersBane","Strike_B","Strike_B","Strike_B","Strike_B","Defend_B","Defend_B","Defend_B","Defend_B","Zap","Dualcast","Streamline+1","Rip and Tear","Sweeping Beam","Self Repair","BootSequence","Sunder","Rainbow+1","White Noise","Echo Form","Chaos"],"relics":["Cracked Core","NeowsBlessing","Happy Flower","Bag of Marbles","InkBottle","Odd Mushroom","Inserter","Bird Faced Urn"],"acts_visited":["Exordium","TheCity"],"potions_floor_usage":[21],"damage_taken":[{"damage":0.0,"enemies":"Small Slimes","floor":1.0,"turns":1.0},{"damage":0.0,"enemies":"Jaw Worm","floor":2.0,"turns":1.0},{"damage":0.0,"enemies":"Cultist","floor":3.0,"turns":1.0},{"damage":14.0,"enemies":"Red Slaver","floor":4.0,"turns":5.0},{"damage":17.0,"enemies":"Lots of Slimes","floor":5.0,"turns":3.0},{"damage":30.0,"enemies":"3 Sentries","floor":6.0,"turns":6.0},{"damage":8.0,"enemies":"Gremlin Nob","floor":8.0,"turns":3.0},{"damage":0.0,"enemies":"3 Louse","floor":10.0,"turns":2.0},{"damage":0.0,"enemies":"The Mushroom Lair","floor":12.0,"turns":2.0},{"damage":0.0,"enemies":"Large Slime","floor":13.0,"turns":4.0},{"damage":0.0,"enemies":"2 Fungi Beasts","floor":14.0,"turns":2.0},{"damage":33.0,"enemies":"The Guardian","floor":16.0,"turns":10.0},{"damage":30.0,"enemies":"Spheric Guardian","floor":18.0,"turns":4.0},{"damage":18.0,"enemies":"2 Thieves","floor":19.0,"turns":4.0},{"damage":38,"enemies":"Snake Plant","floor":21,"turns":2}],"seed_played":"8046524355797298726","potions_obtained":[{"floor":4.0,"key":"AttackPotion"},{"floor":6.0,"key":"LiquidBronze"},{"floor":10.0,"key":"DistilledChaos"},{"floor":12.0,"key":"EssenceOfDarkness"},{"floor":13.0,"key":"FocusPotion"},{"floor":16.0,"key":"EssenceOfDarkness"},{"floor":18.0,"key":"CultistPotion"}],"is_trial":false,"path_per_floor":["M","M","M","M","M","E","R","E","T","M","R","?","M","M","R","B",null,"M","M","?","M"],"character_chosen":"DEFECT","items_purchased":[],"campfire_rested":1,"item_purchase_floors":[],"current_hp_per_floor":[68,68,68,54,37,7,29,21,21,21,21,21,28,35,35,9,59,36,32,32,0,0],"gold":413,"neow_bonus":"THREE_ENEMY_KILL","is_daily":false,"chose_seed":false,"campfire_upgraded":2,"win_rate":0.0,"timestamp":1612522639,"path_taken":["M","M","M","M","M","E","R","E","T","M","R","?","M","M","R","BOSS","M","M","?","M"],"items_purchased_type":[],"build_version":"2020-12-22","purchased_purges":0,"victory":false,"max_hp_per_floor":[75,75,75,75,75,75,75,75,75,75,75,75,75,75,75,75,75,75,75,75,75,75],"card_choices":[{"not_picked":["Steam","Turbo","Auto Shields"],"picked":"SKIP","floor":1.0},{"not_picked":["Go for the Eyes","Stack"],"picked":"Streamline","floor":2.0},{"not_picked":["Heatsinks","Storm","Redo"],"picked":"SKIP","floor":3.0},{"not_picked":["Loop","White Noise"],"picked":"Rip and Tear","floor":4.0},{"not_picked":["Auto Shields","Gash"],"picked":"Sweeping Beam","floor":5.0},{"not_picked":["FTL","Steam Power"],"picked":"Self Repair","floor":6.0},{"not_picked":["Undo","Storm"],"picked":"BootSequence","floor":8.0},{"not_picked":["Sweeping Beam","Compile Driver","Sunder"],"picked":"SKIP","floor":10.0},{"not_picked":["Sweeping Beam","Compile Driver","Sunder"],"picked":"SKIP","floor":10.0},{"not_picked":["Tempest","Conserve Battery"],"picked":"Sunder","floor":12.0},{"not_picked":["Leap","Rebound"],"picked":"Rainbow","floor":13.0},{"not_picked":["Redo","Rebound"],"picked":"White Noise","floor":14.0},{"not_picked":["Meteor Strike","Machine Learning"],"picked":"Echo Form","floor":16.0},{"not_picked":["Lockon","Redo","Go for the Eyes"],"picked":"SKIP","floor":18.0},{"not_picked":["Ball Lightning+1","Lockon"],"picked":"Chaos","floor":19.0}],"player_experience":726381,"relics_obtained":[{"floor":6.0,"key":"Happy Flower"},{"floor":8.0,"key":"Bag of Marbles"},{"floor":9.0,"key":"InkBottle"},{"floor":12.0,"key":"Odd Mushroom"}],"event_choices":[{"damage_healed":0.0,"max_hp_gain":0.0,"max_hp_loss":0.0,"gold_gain":0.0,"event_name":"Mushrooms","player_choice":"Fought Mushrooms","floor":12.0,"gold_loss":0.0,"damage_taken":0.0},{"damage_healed":0.0,"max_hp_gain":0.0,"max_hp_loss":0.0,"gold_gain":0.0,"event_name":"The Mausoleum","player_choice":"Opened","floor":20.0,"gold_loss":0.0,"damage_taken":0.0,"relics_obtained":["Bird Faced Urn"]}],"is_beta":false,"boss_relics":[{"not_picked":["Runic Pyramid","SlaversCollar"],"picked":"Inserter"}],"items_purged_floors":[],"is_endless":false,"potions_floor_spawned":[4,6,10,12,13,16,18],"killed_by":"Snake Plant","ascension_level":11}}