{"host":"9kgs1o98dz1f0f1n","time":1612518952,"event":{"mods":["BaseMod","BetterRewards","Minty Spire (QoL Compilation)","Quick Restart","Rare Cards Sparkle","Remove Card Discount Mod","Swap Starting Deck Mod"],"gold_per_floor":[112,126,2,2,12,42,61,96,96,61,89,118,182,196,196,300,300,317,317,350,370,164,195,77,105,128,162,162,194,224,236,248,260,260],"floor_reached":33,"language":"JPN","playtime":1295,"items_purged":["Strike_G","Strike_G","Strike_G","Strike_G","Defend_G","Defend_G","Defend_G","Defend_G","Strike_G","Defend_G","Deflect","Deflect"],"score":545,"play_id":"11aa46bc-a71d-4c77-96b8-c6849048072a","local_time":"20210205185552","is_ascension_mode":true,"campfire_choices":[{"floor":15,"key":"RECALL"},{"floor":32,"key":"REST"}],"circlet_count":0,"master_deck":["Neutralize","Dagger Spray","Choke","Finisher","Dash","Backstab","Backstab","Riddle With Holes","Footwork","Wraith Form v2","Calculated Gamble+1","Backstab","Finisher","FTL+1","Grand Finale","J.A.X.","Cloak And Dagger+1","Tempest"],"relics":["Ring of the Snake","NeowsBlessing","Singing Bowl","StrikeDummy","Question Card","Pear","Odd Mushroom","Orichalcum","The Courier","Sozu","Red Mask","PrismaticShard","InkBottle","ClockworkSouvenir","War Paint","Akabeko","MawBank","Nunchaku"],"acts_visited":["Exordium","TheCity"],"potions_floor_usage":[6,12,12,13],"damage_taken":[{"damage":0.0,"enemies":"Cultist","floor":1.0,"turns":1.0},{"damage":0.0,"enemies":"Small Slimes","floor":2.0,"turns":1.0},{"damage":0,"enemies":"2 Louse","floor":5,"turns":1},{"damage":37,"enemies":"Lagavulin","floor":6,"turns":7},{"damage":0,"enemies":"Looter","floor":7,"turns":2},{"damage":0,"enemies":"3 Sentries","floor":8,"turns":9},{"damage":2,"enemies":"The Mushroom Lair","floor":11,"turns":3},{"damage":0,"enemies":"Lagavulin","floor":12,"turns":2},{"damage":10,"enemies":"Lagavulin Event","floor":13,"turns":4},{"damage":0,"enemies":"2 Fungi Beasts","floor":14,"turns":1},{"damage":26,"enemies":"Slime Boss","floor":16,"turns":12},{"damage":0,"enemies":"Chosen","floor":18,"turns":3},{"damage":10,"enemies":"Masked Bandits","floor":20,"turns":3},{"damage":0,"enemies":"3 Byrds","floor":21,"turns":3},{"damage":36,"enemies":"Gremlin Leader","floor":23,"turns":9},{"damage":9,"enemies":"Book of Stabbing","floor":25,"turns":4},{"damage":5,"enemies":"Slavers","floor":27,"turns":4},{"damage":3,"enemies":"Gremlin Leader","floor":29,"turns":1},{"damage":0,"enemies":"Cultist and Chosen","floor":30,"turns":4},{"damage":43,"enemies":"Champ","floor":33,"turns":6}],"seed_played":"1984803657552649959","potions_obtained":[{"floor":1.0,"key":"FearPotion"},{"floor":5,"key":"AttackPotion"},{"floor":6,"key":"DistilledChaos"},{"floor":8,"key":"PowerPotion"}],"is_trial":false,"path_per_floor":["M","M","$","?","M","E","M","E","T","?","?","E","?","M","R","B",null,"M","?","?","M","$","E","$","E","T","E","?","E","M","T","R","B"],"character_chosen":"THE_SILENT","items_purchased":["Finisher","Deflect","PrismaticShard","Backstab","Finisher","ClockworkSouvenir"],"campfire_rested":1,"item_purchase_floors":[3,3,22,22,22,24],"current_hp_per_floor":[70,70,70,58,58,23,23,25,35,56,54,54,44,44,44,18,68,70,70,62,62,62,26,26,17,17,14,14,11,11,11,38,0,0],"gold":260,"neow_bonus":"THREE_ENEMY_KILL","is_daily":false,"chose_seed":false,"campfire_upgraded":0,"win_rate":0.0,"timestamp":1612518952,"path_taken":["M","M","$","?","M","E","M","E","T","?","?","E","?","M","R","BOSS","M","?","?","M","$","E","$","E","T","E","?","E","M","?","R","BOSS"],"items_purchased_type":["Card","Card","Relic","Card","Card","Relic"],"build_version":"2020-12-22","purchased_purges":12,"victory":false,"max_hp_per_floor":[70,70,70,70,70,72,72,74,84,84,84,84,84,84,84,84,84,86,86,88,88,88,88,88,88,88,90,90,90,90,90,90,90,90],"card_choices":[{"not_picked":["Flechettes","Cloak And Dagger"],"picked":"Dagger Spray","floor":1.0},{"not_picked":["Sucker Punch","Heel Hook"],"picked":"Choke","floor":2.0},{"not_picked":["Concentrate","Finisher"],"picked":"Deflect","floor":5},{"not_picked":["Deflect","Bane","Poisoned Stab"],"picked":"Singing Bowl","floor":6},{"not_picked":["Tactician","Flying Knee"],"picked":"Dash","floor":7},{"not_picked":["PiercingWail","Reflex","Backflip"],"picked":"Singing Bowl","floor":8},{"not_picked":["Deadly Poison","Underhanded Strike","Predator"],"picked":"Backstab","floor":11},{"not_picked":["Bane","Quick Slash","Night Terror"],"picked":"Backstab","floor":12},{"not_picked":["Acrobatics","Sucker Punch","Bouncing Flask"],"picked":"Riddle With Holes","floor":13},{"not_picked":["Reflex","Bouncing Flask","Distraction"],"picked":"Footwork","floor":14},{"not_picked":["Venomology","Night Terror","Phantasmal Killer"],"picked":"Wraith Form v2","floor":16},{"not_picked":["Sucker Punch","All Out Attack","Masterful Stab","Outmaneuver+1"],"picked":"Singing Bowl","floor":18},{"not_picked":["Slice","Acrobatics+1","Catalyst+1","All Out Attack"],"picked":"Singing Bowl","floor":20},{"not_picked":["Bouncing Flask","Quick Slash","Eviscerate"],"picked":"Calculated Gamble","floor":21},{"not_picked":["Finesse","Sweeping Beam","Dark Shackles+1"],"picked":"FTL+1","floor":23},{"not_picked":["Auto Shields","Sword Boomerang+1","Shrug It Off"],"picked":"Grand Finale","floor":25},{"not_picked":["EmptyBody","Heel Hook","Acrobatics","Streamline"],"picked":"Singing Bowl","floor":27},{"not_picked":["LikeWater","Streamline+1","Magnetism"],"picked":"Cloak And Dagger+1","floor":29},{"not_picked":["Worship+1","Crippling Poison","Poisoned Stab+1"],"picked":"Tempest","floor":30}],"player_experience":1832636,"relics_obtained":[{"floor":6,"key":"StrikeDummy"},{"floor":8,"key":"Question Card"},{"floor":9,"key":"Pear"},{"floor":11,"key":"Odd Mushroom"},{"floor":12,"key":"Orichalcum"},{"floor":20,"key":"Red Mask"},{"floor":23,"key":"InkBottle"},{"floor":25,"key":"War Paint"},{"floor":27,"key":"Akabeko"},{"floor":29,"key":"MawBank"},{"floor":31,"key":"Nunchaku"}],"event_choices":[{"damage_healed":0,"gold_gain":0,"player_choice":"Success","damage_taken":12,"relics_obtained":["Singing Bowl"],"max_hp_gain":0,"max_hp_loss":0,"event_name":"Scrap Ooze","floor":4,"gold_loss":0},{"damage_healed":21,"gold_gain":0,"player_choice":"Healed","damage_taken":0,"max_hp_gain":0,"max_hp_loss":0,"event_name":"The Cleric","floor":10,"gold_loss":35},{"damage_healed":0,"gold_gain":0,"player_choice":"Fought Mushrooms","damage_taken":0,"max_hp_gain":0,"max_hp_loss":0,"event_name":"Mushrooms","floor":11,"gold_loss":0},{"damage_healed":0,"gold_gain":0,"player_choice":"Searched \u00273\u0027 times","damage_taken":0,"relics_obtained":["The Courier"],"max_hp_gain":0,"max_hp_loss":0,"event_name":"Dead Adventurer","floor":13,"gold_loss":0},{"cards_removed":["Survivor"],"damage_healed":0,"gold_gain":0,"player_choice":"Elegance","damage_taken":0,"max_hp_gain":0,"max_hp_loss":0,"event_name":"Back to Basics","floor":19,"gold_loss":0},{"damage_healed":0,"gold_gain":0,"player_choice":"Fought Bandits","damage_taken":0,"max_hp_gain":0,"max_hp_loss":0,"event_name":"Masked Bandits","floor":20,"gold_loss":0},{"damage_healed":0,"gold_gain":0,"player_choice":"Obtain J.A.X.","damage_taken":0,"max_hp_gain":0,"max_hp_loss":0,"event_name":"Drug Dealer","floor":28,"gold_loss":0,"cards_obtained":["J.A.X."]}],"is_beta":false,"boss_relics":[{"not_picked":["Ectoplasm","Empty Cage"],"picked":"Sozu"}],"items_purged_floors":[3,3,3,3,3,3,3,3,3,3,24,24],"is_endless":false,"potions_floor_spawned":[1,5,6,8,11,21,27,29],"killed_by":"Champ","ascension_level":5}}