{"host":"vl29iwkwnyytuw8q","time":1612540422,"event":{"mods":["BaseMod","Minty Spire (QoL Compilation)","Permanent Neow","Relic Stats","StSLib"],"gold_per_floor":[109,122,141,416,144,144,177,193,268,268,268],"floor_reached":10,"language":"ENG","playtime":324,"items_purged":["Regret"],"score":136,"play_id":"cf6a8e76-aa6a-4b14-869b-00ecf38c4eb2","local_time":"20210205165342","is_ascension_mode":true,"campfire_choices":[{"data":"Terror","floor":6.0,"key":"SMITH"}],"circlet_count":0,"master_deck":["AscendersBane","Strike_G","Strike_G","Strike_G","Strike_G","Strike_G","Defend_G","Defend_G","Defend_G","Defend_G","Defend_G","Survivor","Neutralize","Escape Plan","Terror+1","Quick Slash","Infinite Blades","Blur","Dagger Spray","Outmaneuver","Dodge and Roll"],"relics":["Sozu","Ice Cream","Kunai"],"acts_visited":["Exordium"],"potions_floor_usage":[],"damage_taken":[{"damage":1.0,"enemies":"Cultist","floor":1.0,"turns":5.0},{"damage":4.0,"enemies":"Small Slimes","floor":2.0,"turns":5.0},{"damage":0.0,"enemies":"2 Louse","floor":3.0,"turns":3.0},{"damage":15.0,"enemies":"3 Sentries","floor":7.0,"turns":8.0},{"damage":1.0,"enemies":"2 Fungi Beasts","floor":8.0,"turns":4.0},{"damage":62,"enemies":"Gremlin Nob","floor":10,"turns":4}],"seed_played":"6400173878892808069","potions_obtained":[],"is_trial":false,"path_per_floor":["M","M","M","?","$","R","E","M","T","E"],"character_chosen":"THE_SILENT","items_purchased":["Infinite Blades","Blur","Dagger Spray"],"campfire_rested":0,"item_purchase_floors":[5,5,5],"current_hp_per_floor":[58,54,54,54,54,54,39,38,38,0,0],"gold":268,"neow_bonus":"BOSS_RELIC","is_daily":false,"chose_seed":false,"campfire_upgraded":1,"win_rate":0.0,"timestamp":1612540422,"path_taken":["M","M","M","?","$","R","E","M","T","E"],"items_purchased_type":["Card","Card","Card"],"build_version":"2020-12-22","purchased_purges":1,"victory":false,"max_hp_per_floor":[66,66,66,66,66,66,66,66,66,66,66],"relic_stats":{"Sozu":2,"counters":[6,29],"Kunai":[3],"obtain_stats":[{"Sozu":0,"Ice Cream":7,"Kunai":9,"Ring of the Snake":0},{"Sozu":0,"Ice Cream":4,"Kunai":5,"Ring of the Snake":0},{"Sozu":0,"Ice Cream":21,"Kunai":25,"Ring of the Snake":0}]},"card_choices":[{"not_picked":["Flying Knee","Acrobatics"],"picked":"Escape Plan","floor":1.0},{"not_picked":["Dagger Spray","Sucker Punch"],"picked":"Terror","floor":2.0},{"not_picked":["PiercingWail","Acrobatics"],"picked":"Quick Slash","floor":3.0},{"not_picked":["Setup","Dodge and Roll"],"picked":"Outmaneuver","floor":7.0},{"not_picked":["Flechettes","Escape Plan"],"picked":"Dodge and Roll","floor":8.0}],"player_experience":665367,"relics_obtained":[{"floor":7.0,"key":"Ice Cream"},{"floor":9.0,"key":"Kunai"}],"event_choices":[{"damage_healed":0.0,"max_hp_gain":0.0,"max_hp_loss":0.0,"gold_gain":275.0,"event_name":"Golden Shrine","player_choice":"Desecrate","floor":4.0,"gold_loss":0.0,"damage_taken":0.0,"cards_obtained":["Regret"]}],"is_beta":false,"boss_relics":[],"items_purged_floors":[5],"is_endless":false,"potions_floor_spawned":[2,3],"killed_by":"Gremlin Nob","ascension_level":20}}