{"host":"fj97s2ebyjeio3oc","time":1612524964,"event":{"mods":["AchievementEnabler","BaseMod","Colored Map","Colored Powertips","Hermit","Hubris","Infinite Spire","Koishi","Minty Spire (QoL Compilation)","StSLib","The Animator","The Bug Knight","The Cursed","The Disciple","The Jungle","The Necromancer"],"gold_per_floor":[109,59,72,72,95,95,110,148,148,191,191,209,209,209],"floor_reached":13,"language":"ENG","playtime":886,"items_purged":[],"score":105,"play_id":"d65d8ddb-3f53-42fd-82ff-465a69aa2063","local_time":"20210205123604","is_ascension_mode":true,"campfire_choices":[{"data":"TheCursedMod:RavingStaff","floor":6,"key":"SMITH"}],"circlet_count":0,"master_deck":["TheCursedMod:Strike_TheCursed","TheCursedMod:Strike_TheCursed","TheCursedMod:Strike_TheCursed","TheCursedMod:Strike_TheCursed","TheCursedMod:Defend_TheCursed","TheCursedMod:Defend_TheCursed","TheCursedMod:Defend_TheCursed","TheCursedMod:Defend_TheCursed","TheCursedMod:CursedWand","TheCursedMod:CleanUpWorkshop","TheCursedMod:Dregs","TheCursedMod:Wield","TheCursedMod:Obscuration","Injury","TheCursedMod:RavingStaff+1","TheCursedMod:RavingStaff","TheCursedMod:HellfireBreathing","TheCursedMod:Evocation","TheCursedMod:CursedBoomerang+1"],"relics":["TheCursedMod:BlackMagic101","hubris:AstralHammer","Golden Idol","hubris:MysteriousPyramids","Molten Egg 2","Boot","hubris:Icosahedron"],"acts_visited":["Exordium"],"potions_floor_usage":[8,8,8],"damage_taken":[{"damage":0,"enemies":"2 Louse","floor":1,"turns":4},{"damage":2,"enemies":"Small Slimes","floor":3,"turns":4},{"damage":0,"enemies":"Jaw Worm","floor":5,"turns":3},{"damage":0,"enemies":"Blue Slaver","floor":7,"turns":4},{"damage":10,"enemies":"HollowMod:MossKnight","floor":8,"turns":3},{"damage":49,"enemies":"Lagavulin","floor":10,"turns":7},{"damage":0,"enemies":"Large Slime","floor":12,"turns":4},{"damage":21,"enemies":"3 Sentries","floor":13,"turns":4}],"seed_played":"-3868824780785894933","potions_obtained":[{"floor":1,"key":"DistilledChaos"},{"floor":5,"key":"SneckoOil"},{"floor":7,"key":"ColorlessPotion"},{"floor":8,"key":"SteroidPotion"}],"is_trial":false,"path_per_floor":["M","?","M","?","M","R","M","E","T","E","?","M","E"],"character_chosen":"THE_CURSED","items_purchased":[],"campfire_rested":0,"item_purchase_floors":[],"current_hp_per_floor":[75,75,73,73,73,73,73,63,63,14,14,14,0,0],"gold":209,"neow_bonus":"ONE_RARE_RELIC","is_daily":false,"chose_seed":false,"campfire_upgraded":1,"win_rate":0.0,"timestamp":1612524964,"path_taken":["M","?","M","?","M","R","M","E","T","E","?","M","E"],"items_purchased_type":[],"build_version":"2020-12-22","purchased_purges":0,"victory":false,"max_hp_per_floor":[75,75,75,75,75,75,75,75,75,75,75,75,75,75],"card_choices":[{"not_picked":["TheCursedMod:RavingStaff","TheCursedMod:FleshFromBone"],"picked":"TheCursedMod:Wield","floor":1},{"not_picked":["TheCursedMod:BloodBarrier","TheCursedMod:SpitefulPray"],"picked":"TheCursedMod:Obscuration","floor":3},{"not_picked":["TheCursedMod:FleshFromBone","TheCursedMod:Obscuration"],"picked":"TheCursedMod:RavingStaff","floor":5},{"not_picked":["TheCursedMod:Stretching","TheCursedMod:CursedSpellbook"],"picked":"TheCursedMod:RavingStaff","floor":7},{"not_picked":["TheCursedMod:NeowsMight","TheCursedMod:StingEye"],"picked":"TheCursedMod:HellfireBreathing","floor":8},{"not_picked":["TheCursedMod:UltimatePain","TheCursedMod:CircleOfFlame"],"picked":"TheCursedMod:Evocation","floor":10},{"not_picked":["TheCursedMod:CursedShiv+1","TheCursedMod:Mangle+1"],"picked":"TheCursedMod:CursedBoomerang+1","floor":12}],"player_experience":462470,"relics_obtained":[{"floor":8,"key":"hubris:MysteriousPyramids"},{"floor":9,"key":"Molten Egg 2"},{"floor":10,"key":"Boot"}],"event_choices":[{"cards_removed":["Normality"],"damage_healed":0,"gold_gain":0,"player_choice":"Card Removal","damage_taken":0,"max_hp_gain":0,"max_hp_loss":0,"event_name":"The Cleric","floor":2,"gold_loss":50},{"damage_healed":0,"gold_gain":0,"player_choice":"Take Wound","damage_taken":0,"relics_obtained":["Golden Idol"],"max_hp_gain":0,"max_hp_loss":0,"event_name":"Golden Idol","floor":4,"gold_loss":0,"cards_obtained":["Injury"]}],"is_beta":false,"boss_relics":[],"items_purged_floors":[],"is_endless":false,"potions_floor_spawned":[1,5,7,8],"killed_by":"3 Sentries","ascension_level":2}}