{"host":"l6elh4j9kblzg1qy","time":1612521699,"event":{"mods":["BaseMod","Downfall","Minty Spire (QoL Compilation)","Replay The Spire","StSLib"],"gold_per_floor":[217,229,288,288,303,303,333,393,442,462,487,487,507,522,522,623,623,597,624,624,644,98,125,125,136,163,143,143,160,14,25,25,129,129,146,146,146,146,163,163,188,188,214,214,214],"floor_reached":44,"language":"SPA","playtime":3127,"items_purged":[],"score":481,"play_id":"1f1d750a-120d-4ac8-ac25-09d2a20521e3","local_time":"20210205114139","is_ascension_mode":false,"campfire_choices":[{"data":"Prostrate","floor":6,"key":"SMITH"},{"floor":12,"key":"REST"},{"data":"Eruption","floor":15,"key":"SMITH"},{"data":"Establishment","floor":24,"key":"SMITH"},{"data":"BattleHymn","floor":28,"key":"SMITH"},{"floor":32,"key":"REST"},{"data":"Amnesia","floor":40,"key":"PURGE"}],"circlet_count":0,"master_deck":["Strike_P","Strike_P","Strike_P","Strike_P","Defend_P","Defend_P+1","Defend_P","Defend_P","Eruption+1","Vigilance","Prostrate+1","Perseverance","Conclude","Replay:AtTheReady","Establishment+1","CurseOfTheBell","Protect","WindmillStrike+1","BattleHymn+1","EmptyFist","Replay:Battleflow+1","ClearTheMind","Tantrum+1","Replay:BluntJabs+1","Conclude+1","FlurryOfBlows+1"],"relics":["PureWater","Garlic","Toy Ornithopter","Bronze Scales","Lantern","Calling Bell","Gremlin Food","Replay:Multitool","Replay:Bottled Snecko","Red Mask","Onion Ring","Unceasing Top","TheAbacus","Divine Protection","ReplayFunnel","Sling","Sozu","Ring of Fangs","Ring of Chaos","Pen Nib","Anchor"],"acts_visited":["Exordium","TheCity","TheBeyond"],"potions_floor_usage":[7,7,8,13,19,19,33,33,33,41],"damage_taken":[{"damage":5,"enemies":"Small Slimes","floor":1,"turns":5},{"damage":0,"enemies":"Cultist","floor":2,"turns":4},{"damage":0,"enemies":"2 Louse","floor":5,"turns":3},{"damage":0,"enemies":"3 Sentries","floor":7,"turns":4},{"damage":25,"enemies":"3 Sentries","floor":8,"turns":8},{"damage":4,"enemies":"Blue Slaver","floor":10,"turns":3},{"damage":0,"enemies":"Exordium Thugs","floor":13,"turns":3},{"damage":0,"enemies":"3 Louse","floor":14,"turns":3},{"damage":40,"enemies":"The Guardian","floor":16,"turns":13},{"damage":16,"enemies":"2 Thieves","floor":18,"turns":5},{"damage":0,"enemies":"Masked Bandits","floor":19,"turns":2},{"damage":3,"enemies":"Shell Parasite","floor":21,"turns":5},{"damage":25,"enemies":"Gremlin Leader","floor":23,"turns":6},{"damage":0,"enemies":"Snecko","floor":25,"turns":4},{"damage":0,"enemies":"Centurion and Healer","floor":29,"turns":6},{"damage":0,"enemies":"Shelled Parasite and Fungi","floor":31,"turns":4},{"damage":38,"enemies":"Automaton","floor":33,"turns":7},{"damage":0,"enemies":"Orb Walker","floor":35,"turns":3},{"damage":15,"enemies":"3 Darklings","floor":39,"turns":5},{"damage":35,"enemies":"Reptomancer","floor":41,"turns":9},{"damage":49,"enemies":"Giant Head","floor":44,"turns":7}],"seed_played":"6218438709177210811","potions_obtained":[{"floor":2,"key":"Energy Potion"},{"floor":3,"key":"Ambrosia"},{"floor":5,"key":"SkillPotion"},{"floor":8,"key":"Toxic Potion"},{"floor":14,"key":"FearPotion"},{"floor":16,"key":"Ancient Potion"},{"floor":18,"key":"FearPotion"},{"floor":23,"key":"Adrenaline Potion"},{"floor":27,"key":"SteroidPotion"},{"floor":33,"key":"LifebloodPotion"}],"is_trial":false,"path_per_floor":["M","M","?","?","M","R","E","?","T","M","T","R","M","M","R","B",null,"M","?","T","M","$","E","R","M","T","?","R","M","$","M","R","B",null,"M","$","?","?","M","R","E","$","T","E"],"character_chosen":"WATCHER","items_purchased":["BattleHymn","EmptyFist","Unceasing Top","TheAbacus","Sling"],"campfire_rested":2,"item_purchase_floors":[22,22,22,22,30],"current_hp_per_floor":[67,67,67,67,67,67,67,47,47,43,43,64,69,69,69,29,72,56,66,66,63,63,38,38,38,38,38,38,38,38,38,59,36,72,72,72,72,72,57,57,27,27,27,0,0],"gold":214,"neow_bonus":"HUNDRED_GOLD","is_daily":false,"chose_seed":false,"campfire_upgraded":4,"win_rate":0.0,"timestamp":1612521699,"path_taken":["M","M","?","?","?","R","E","?","T","M","?","R","M","M","R","BOSS","M","?","?","M","$","E","R","M","T","?","R","M","$","M","R","BOSS","M","$","?","?","?","R","E","?","T","E"],"items_purchased_type":["Card","Card","Relic","Relic","Relic"],"build_version":"2020-12-22","purchased_purges":0,"victory":false,"max_hp_per_floor":[72,72,72,72,72,72,72,72,72,72,72,72,72,72,72,72,72,72,72,72,72,72,72,72,72,72,72,72,72,72,72,72,72,72,72,72,72,72,72,72,72,72,72,72,72],"card_choices":[{"not_picked":["SashWhip","Vengeance"],"picked":"Prostrate","floor":1},{"not_picked":["Prostrate","PathToVictory"],"picked":"Perseverance","floor":2},{"not_picked":["MasterReality","Prostrate"],"picked":"Conclude","floor":5},{"not_picked":["Replay:Anticipation","Indignation","Vengeance"],"picked":"SKIP","floor":7},{"not_picked":["CrushJoints","Crescendo","FlurryOfBlows"],"picked":"SKIP","floor":10},{"not_picked":["Replay:ManipulateFuture","FlyingSleeves"],"picked":"Replay:AtTheReady","floor":13},{"not_picked":["Replay:AtTheReady","FollowUp","WreathOfFlame"],"picked":"SKIP","floor":14},{"not_picked":["Replay:AllIn","Brilliance"],"picked":"Establishment","floor":16},{"not_picked":["Evaluate+1","Nirvana"],"picked":"Protect","floor":18},{"not_picked":["FollowUp","Evaluate"],"picked":"WindmillStrike+1","floor":21},{"not_picked":["Ragnarok","FlurryOfBlows","CrushJoints"],"picked":"SKIP","floor":23},{"not_picked":["JustLucky","Prostrate"],"picked":"Replay:Battleflow+1","floor":25},{"not_picked":["JustLucky+1","WheelKick+1"],"picked":"ClearTheMind","floor":29},{"not_picked":["Replay:AtTheReady","CrushJoints"],"picked":"Tantrum+1","floor":31},{"not_picked":["Halt","PathToVictory"],"picked":"Replay:BluntJabs+1","floor":35},{"not_picked":["JustLucky+1","Tantrum"],"picked":"Conclude+1","floor":39},{"not_picked":["EmptyFist","LessonLearned"],"picked":"FlurryOfBlows+1","floor":41}],"player_experience":76273,"relics_obtained":[{"floor":3,"key":"Garlic"},{"floor":7,"key":"Toy Ornithopter"},{"floor":8,"key":"Bronze Scales"},{"floor":11,"key":"Lantern"},{"floor":17,"key":"Gremlin Food"},{"floor":17,"key":"Replay:Multitool"},{"floor":17,"key":"Replay:Bottled Snecko"},{"floor":19,"key":"Red Mask"},{"floor":20,"key":"Onion Ring"},{"floor":23,"key":"Divine Protection"},{"floor":26,"key":"ReplayFunnel"},{"floor":37,"key":"Ring of Fangs"},{"floor":37,"key":"Ring of Chaos"},{"floor":41,"key":"Pen Nib"},{"floor":43,"key":"Anchor"}],"event_choices":[{"damage_healed":0,"gold_gain":0,"player_choice":"Ignored","damage_taken":0,"max_hp_gain":0,"max_hp_loss":0,"event_name":"Purifier","floor":4,"gold_loss":0},{"damage_healed":0,"gold_gain":0,"player_choice":"Searched \u00271\u0027 times","damage_taken":0,"max_hp_gain":0,"max_hp_loss":0,"event_name":"Dead Adventurer","floor":8,"gold_loss":0},{"damage_healed":0,"gold_gain":0,"player_choice":"Fought Bandits","damage_taken":0,"max_hp_gain":0,"max_hp_loss":0,"event_name":"Masked Bandits","floor":19,"gold_loss":0},{"damage_healed":0,"gold_gain":0,"player_choice":"Bought 1 Potion","damage_taken":0,"max_hp_gain":0,"max_hp_loss":0,"event_name":"The Woman in Blue","floor":27,"gold_loss":0},{"damage_healed":0,"gold_gain":0,"player_choice":"Full Heal","damage_taken":0,"max_hp_gain":0,"max_hp_loss":0,"event_name":"Wheel of Change","floor":38,"gold_loss":0}],"is_beta":false,"boss_relics":[{"not_picked":["Coffee Dripper","Astrolabe"],"picked":"Calling Bell"},{"not_picked":["Empty Cage","Philosopher\u0027s Stone"],"picked":"Sozu"}],"items_purged_floors":[],"is_endless":false,"potions_floor_spawned":[2,5,8,14,16,18,23,29,33,39],"killed_by":"Giant Head","ascension_level":0}}