{"host":"seujf6kmfn3ctpoe","time":1612528986,"event":{"mods":["Aspiration","BaseMod","Colored Map","Minty Spire (QoL Compilation)","Permanent Neow","Relic Sorter","Relic Stats","StSLib"],"gold_per_floor":[116,291,291,291,316,316,127,154,154,154,81,6,26,45,45,143,143,160,173,73,73,85,85,105,105,105,120,120,120,120],"floor_reached":29,"language":"ENG","playtime":1250,"items_purged":["Regret","Strike_B"],"score":283,"play_id":"592e3136-986f-418f-9bc6-361ab6979b06","local_time":"20210205134306","is_ascension_mode":true,"campfire_choices":[{"data":"Darkness","floor":10,"key":"SMITH"},{"data":"Defragment","floor":15,"key":"SMITH"},{"floor":23,"key":"REST"},{"floor":25,"key":"REST"},{"floor":28,"key":"REST"}],"circlet_count":0,"master_deck":["Strike_B","Strike_B","Strike_B","Defend_B","Defend_B","Defend_B","Defend_B","Zap","Dualcast","Doom and Gloom","Darkness+1","Self Repair","Barrage","Capacitor","Defragment+1","Rip and Tear","Conserve Battery","Conserve Battery+1"],"relics":["Cracked Core","NeowsBlessing","InkBottle","Art of War","aspiration:ChemicalBlood","Pear","aspiration:Stellarator","aspiration:HiddenCompartment"],"acts_visited":["Exordium","TheCity"],"potions_floor_usage":[22,22,22,24,27,27,29,29,29],"damage_taken":[{"damage":0,"enemies":"2 Louse","floor":1,"turns":1},{"damage":0,"enemies":"3 Sentries","floor":8,"turns":1},{"damage":0,"enemies":"Jaw Worm","floor":13,"turns":1},{"damage":1,"enemies":"Cultist","floor":14,"turns":3},{"damage":44,"enemies":"The Guardian","floor":16,"turns":8},{"damage":11,"enemies":"Chosen","floor":18,"turns":5},{"damage":23,"enemies":"3 Byrds","floor":19,"turns":6},{"damage":48,"enemies":"Shelled Parasite and Fungi","floor":22,"turns":7},{"damage":46,"enemies":"Centurion and Healer","floor":24,"turns":8},{"damage":35,"enemies":"Snecko","floor":27,"turns":5},{"damage":83,"enemies":"Slavers","floor":29,"turns":6}],"seed_played":"-283611345545249911","potions_obtained":[{"floor":1,"key":"BlessingOfTheForge"},{"floor":14,"key":"GamblersBrew"},{"floor":16,"key":"FairyPotion"},{"floor":16,"key":"FocusPotion"},{"floor":18,"key":"Dexterity Potion"}],"is_trial":false,"path_per_floor":["M","?","?","?","T","R","$","E","T","R","$","$","M","M","R","B",null,"M","M","$","?","M","R","M","R","T","M","R","E"],"character_chosen":"DEFECT","items_purchased":["Darkness","Self Repair","Capacitor","Defragment"],"campfire_rested":3,"item_purchase_floors":[7,7,11,12],"current_hp_per_floor":[75,75,68,68,68,68,68,75,85,85,85,85,85,85,85,48,85,81,65,65,65,24,49,15,42,42,14,41,0,0],"gold":120,"neow_bonus":"THREE_ENEMY_KILL","is_daily":false,"chose_seed":false,"campfire_upgraded":2,"win_rate":0.0,"timestamp":1612528986,"path_taken":["M","?","?","?","?","R","$","E","T","R","?","$","?","M","R","BOSS","M","?","$","?","?","R","M","R","T","M","R","E"],"items_purchased_type":["Card","Card","Card","Card"],"build_version":"2020-12-22","purchased_purges":2,"victory":false,"max_hp_per_floor":[75,75,75,75,75,75,75,75,85,85,85,85,85,85,85,85,85,85,85,85,85,85,85,90,90,90,90,90,90,90],"relic_stats":{"counters":[11,51],"Art of War":[21],"obtain_stats":[{"Pear":9,"NeowsBlessing":0,"aspiration:Stellarator":17,"Art of War":5,"Cracked Core":0,"aspiration:HiddenCompartment":26,"InkBottle":4,"aspiration:ChemicalBlood":8},{"Pear":2,"NeowsBlessing":0,"aspiration:Stellarator":5,"Art of War":1,"Cracked Core":0,"aspiration:HiddenCompartment":9,"InkBottle":1,"aspiration:ChemicalBlood":2},{"Pear":2,"NeowsBlessing":0,"aspiration:Stellarator":14,"Art of War":1,"Cracked Core":0,"aspiration:HiddenCompartment":40,"InkBottle":1,"aspiration:ChemicalBlood":2}],"InkBottle":[14]},"card_choices":[{"not_picked":["Skim","Double Energy"],"picked":"Doom and Gloom","floor":1},{"not_picked":["Force Field","Ball Lightning"],"picked":"Barrage","floor":8},{"not_picked":["Beam Cell","Doom and Gloom"],"picked":"Rip and Tear","floor":13},{"not_picked":["Beam Cell","Ball Lightning"],"picked":"Conserve Battery","floor":14},{"not_picked":["Rebound","Recycle","Ball Lightning"],"picked":"SKIP","floor":18},{"not_picked":["Rip and Tear","Beam Cell","Stack+1"],"picked":"SKIP","floor":19},{"not_picked":["Heatsinks","Turbo+1","Stack"],"picked":"SKIP","floor":22},{"not_picked":["Echo Form","Leap"],"picked":"Conserve Battery+1","floor":24},{"not_picked":["Cold Snap","Streamline","Turbo+1"],"picked":"SKIP","floor":27}],"player_experience":416025,"relics_obtained":[{"floor":5,"key":"Art of War"},{"floor":8,"key":"aspiration:ChemicalBlood"},{"floor":9,"key":"Pear"},{"floor":26,"key":"aspiration:HiddenCompartment"}],"event_choices":[{"damage_healed":0,"gold_gain":175,"player_choice":"AGREE","damage_taken":0,"max_hp_gain":0,"max_hp_loss":0,"event_name":"Liars Game","floor":2,"gold_loss":0,"cards_obtained":["Doubt"]},{"cards_removed":["Doubt"],"damage_healed":0,"gold_gain":0,"player_choice":"Card Removal","damage_taken":7,"max_hp_gain":0,"max_hp_loss":0,"event_name":"Golden Wing","floor":3,"gold_loss":0},{"damage_healed":0,"gold_gain":0,"player_choice":"Box","damage_taken":0,"relics_obtained":["InkBottle"],"max_hp_gain":0,"max_hp_loss":0,"event_name":"Big Fish","floor":4,"gold_loss":0,"cards_obtained":["Regret"]},{"damage_healed":0,"gold_gain":0,"player_choice":"Bought 0 Potions","damage_taken":0,"max_hp_gain":0,"max_hp_loss":0,"event_name":"The Woman in Blue","floor":21,"gold_loss":0}],"is_beta":false,"boss_relics":[{"not_picked":["Tiny House","Pandora\u0027s Box"],"picked":"aspiration:Stellarator"}],"items_purged_floors":[7,20],"is_endless":false,"potions_floor_spawned":[1,14,16,18,24],"killed_by":"Slavers","ascension_level":1}}