{"host":"oewe6473mh2zp5ss","time":1612492036,"event":{"mods":["AchievementEnabler","Aspiration","Bard","BaseMod","Challenge The Spire","Conspire","Curses Come First","Custom Start","Downfall","Emptier Cage","Gremlin Mod","Halation","Hubris","Infinite Spire","Minty Spire (QoL Compilation)","Permanent Neow","Reliquary","Replay The Spire","Robot Space Explorer","Somnambulant","Spikes Relics","StSLib","The Cursed","The Disciple","The Jungle","The Senshi","thorton"],"gold_per_floor":[99,119,119,119,119,119,145,145,161,161,195,12,30,15,27,27,27],"floor_reached":16,"language":"ENG","playtime":1164,"items_purged":[],"score":98,"play_id":"7961c59a-bfa2-4e52-97b3-d1aa094031ce","local_time":"20210204182716","is_ascension_mode":false,"campfire_choices":[{"data":"Eruption","floor":1,"key":"SMITH"},{"data":"Replay:ManipulateFuture","floor":8,"key":"SMITH"}],"circlet_count":0,"master_deck":["Strike_P","Strike_P","Strike_P","Strike_P","Defend_P","Defend_P","Defend_P","Defend_P","Eruption+1","Vigilance","Replay:ManipulateFuture+1","ClearTheMind","LikeWater","Crescendo","FollowUp","Replay:Cycle","Devotion","FlyingSleeves"],"relics":["PureWater","infinitespire:Eraser","hubris:Towel","aspiration:Nostalgia","Ring of the Snake","Bronze Scales","aspiration:Nostalgia","somnambulantmod: DreamJournal","Blue Doll","halation:PromiseList"],"acts_visited":["Exordium"],"potions_floor_usage":[16,16],"damage_taken":[{"damage":2,"enemies":"Cultist","floor":2,"turns":3},{"damage":0,"enemies":"2 Louse","floor":9,"turns":1},{"damage":16,"enemies":"Gremlin Nob","floor":11,"turns":4},{"damage":15,"enemies":"downfall:FleeingMerchant","floor":12,"turns":4},{"damage":0,"enemies":"Jaw Worm","floor":13,"turns":2},{"damage":25,"enemies":"downfall:FleeingMerchant","floor":14,"turns":4},{"damage":6,"enemies":"Large Slime","floor":15,"turns":5},{"damage":40,"enemies":"DF_ARCHETYPE_STREAMLINE","floor":16,"turns":6}],"seed_played":"7084757273038864747","potions_obtained":[{"floor":2,"key":"BlessingOfTheForge"},{"floor":15,"key":"Adrenaline Potion"}],"is_trial":true,"path_per_floor":["R","M","?","WH","?","WH","T","R","M","WH","E","$","M","$","M","B"],"character_chosen":"WATCHER","items_purchased":["halation:PromiseList","FollowUp"],"campfire_rested":0,"item_purchase_floors":[12,12],"current_hp_per_floor":[72,70,70,70,70,70,70,70,70,70,54,39,39,14,8,0,0],"gold":27,"neow_bonus":"NOSTALGIA","is_daily":false,"chose_seed":false,"campfire_upgraded":2,"win_rate":0.0,"timestamp":1612492036,"path_taken":["R","M","?","WH","?","WH","T","R","M","WH","E","$","M","$","M","BOSS"],"items_purchased_type":["Relic","Card"],"build_version":"2020-12-22","purchased_purges":0,"victory":false,"max_hp_per_floor":[72,72,72,72,72,72,72,72,72,72,72,72,72,72,72,72,72],"card_choices":[{"not_picked":["FlurryOfBlows","Evaluate"],"picked":"Replay:ManipulateFuture","floor":2},{"not_picked":["CarveReality","ForeignInfluence"],"picked":"ClearTheMind","floor":9},{"not_picked":["ThirdEye","Study"],"picked":"LikeWater","floor":11},{"not_picked":["SashWhip","FlurryOfBlows"],"picked":"Crescendo","floor":12},{"not_picked":["BowlingBash","Vengeance"],"picked":"Replay:Cycle","floor":13},{"not_picked":["ClearTheMind","EmptyBody"],"picked":"Devotion","floor":14},{"not_picked":["CrushJoints","Perseverance"],"picked":"FlyingSleeves","floor":15}],"player_experience":78882,"relics_obtained":[{"floor":4,"key":"infinitespire:Eraser"},{"floor":7,"key":"Bronze Scales"},{"floor":11,"key":"Blue Doll"}],"event_choices":[],"is_beta":false,"boss_relics":[],"items_purged_floors":[],"is_endless":false,"potions_floor_spawned":[2,15],"killed_by":"DF_ARCHETYPE_STREAMLINE","ascension_level":0}}