{"host":"5mo0809oo9tcrmpl","time":1612496850,"event":{"mods":["BaseMod","Highlight Path","Minty Spire (QoL Compilation)","Relic Stats","Slay the Relics Exporter"],"gold_per_floor":[109,109,124,139,157,157,181,200,200,211,237,82,82,115,115,115,115],"floor_reached":16,"language":"ENG","playtime":651,"items_purged":["Strike_B"],"score":224,"play_id":"b84ea044-a856-4ee4-9dfa-fe0ade2d9737","local_time":"20210204214730","is_ascension_mode":true,"campfire_choices":[{"data":"Turbo","floor":6,"key":"SMITH"},{"data":"Biased Cognition","floor":13,"key":"SMITH"},{"data":"Coolheaded","floor":15,"key":"SMITH"}],"circlet_count":0,"master_deck":["AscendersBane","Strike_B","Strike_B","Strike_B","Defend_B","Defend_B","Defend_B","Defend_B","Zap+1","Dualcast","Streamline","Cold Snap","Leap","Turbo+1","Conserve Battery","Rebound+1","Biased Cognition+1","Coolheaded+1"],"relics":["Coffee Dripper","Anchor","Molten Egg 2","Potion Belt","WingedGreaves"],"acts_visited":["Exordium"],"potions_floor_usage":[14,14,16],"damage_taken":[{"damage":7,"enemies":"Small Slimes","floor":1,"turns":3},{"damage":2,"enemies":"Jaw Worm","floor":3,"turns":3},{"damage":0,"enemies":"2 Louse","floor":4,"turns":1},{"damage":7,"enemies":"Large Slime","floor":5,"turns":6},{"damage":1,"enemies":"3 Louse","floor":8,"turns":3},{"damage":0,"enemies":"Exordium Wildlife","floor":10,"turns":4},{"damage":21,"enemies":"Lagavulin","floor":11,"turns":6},{"damage":15,"enemies":"3 Sentries","floor":14,"turns":10},{"damage":15,"enemies":"The Guardian","floor":16,"turns":6}],"seed_played":"-994307147028879077","potions_obtained":[{"floor":1,"key":"Strength Potion"},{"floor":4,"key":"SmokeBomb"},{"floor":14,"key":"Block Potion"}],"is_trial":false,"path_per_floor":["M","?","M","M","M","R","T","M","T","M","E","$","R","E","R","B"],"character_chosen":"DEFECT","items_purchased":["LiquidMemories"],"campfire_rested":0,"item_purchase_floors":[12],"current_hp_per_floor":[57,57,55,55,48,48,48,47,47,47,26,26,26,11,11,0,0],"gold":115,"neow_bonus":"BOSS_RELIC","is_daily":false,"chose_seed":false,"campfire_upgraded":3,"win_rate":0.0,"timestamp":1612496850,"path_taken":["M","?","M","M","M","R","?","M","T","M","E","$","R","E","R","BOSS"],"items_purchased_type":["Potion"],"build_version":"2020-12-22","purchased_purges":1,"victory":false,"max_hp_per_floor":[71,71,71,71,71,71,71,71,71,71,71,71,71,71,71,71,71],"relic_stats":{"counters":[9,42],"obtain_stats":[{"Potion Belt":11,"Anchor":7,"Molten Egg 2":9,"WingedGreaves":14,"Coffee Dripper":0,"Cracked Core":0},{"Potion Belt":7,"Anchor":4,"Molten Egg 2":5,"WingedGreaves":8,"Coffee Dripper":0,"Cracked Core":0},{"Potion Belt":26,"Anchor":13,"Molten Egg 2":16,"WingedGreaves":36,"Coffee Dripper":0,"Cracked Core":0}]},"card_choices":[{"not_picked":["Scrape","Steam"],"picked":"Streamline","floor":1},{"not_picked":["Go for the Eyes","Steam Power"],"picked":"Cold Snap","floor":3},{"not_picked":["Double Energy","Streamline"],"picked":"Leap","floor":4},{"not_picked":["Chaos","Darkness"],"picked":"Turbo","floor":5},{"not_picked":["Darkness","Streamline"],"picked":"Conserve Battery","floor":8},{"not_picked":["Redo","Barrage+1"],"picked":"Rebound+1","floor":10},{"not_picked":["Hologram","Amplify"],"picked":"Biased Cognition","floor":11},{"not_picked":["Turbo","FTL+1"],"picked":"Coolheaded","floor":14}],"player_experience":1251362,"relics_obtained":[{"floor":7,"key":"Anchor"},{"floor":9,"key":"Molten Egg 2"},{"floor":11,"key":"Potion Belt"},{"floor":14,"key":"WingedGreaves"}],"event_choices":[{"damage_healed":0,"gold_gain":0,"player_choice":"Grow","damage_taken":0,"max_hp_gain":0,"max_hp_loss":0,"event_name":"Living Wall","floor":2,"gold_loss":0,"cards_upgraded":["Zap"]}],"is_beta":false,"boss_relics":[],"items_purged_floors":[12],"is_endless":false,"potions_floor_spawned":[1,4,14],"killed_by":"The Guardian","ascension_level":20}}