{"host":"e4mqwdeqkh64qloq","time":1612491647,"event":{"mods":["BaseMod","Downfall","Minty Spire (QoL Compilation)","Relic Stats","Replay The Spire","StSLib","The Cursed"],"gold_per_floor":[110,127,138,138,148,181,181,193,217,217,245,245,265,282,282,385,385,399,399,411,427,445,445,476,476,476,496,496,506,535,548,548,548,548],"floor_reached":33,"language":"ENG","playtime":1275,"items_purged":[],"score":333,"play_id":"44528926-8c1e-4b06-96d5-bde2a12abda8","local_time":"20210204212047","is_ascension_mode":true,"campfire_choices":[{"floor":7.0,"key":"REST"},{"floor":10.0,"key":"REST"},{"floor":12,"key":"REST"},{"floor":23,"key":"REST"},{"floor":25,"key":"REST"},{"floor":28,"key":"REST"},{"floor":32,"key":"REST"}],"circlet_count":0,"master_deck":["Strike_G","Strike_G","Strike_G","Defend_G","Defend_G","Defend_G+1","Defend_G+1","Defend_G+1","Survivor+1","Neutralize+1","Sucker Punch","Finisher","Heel Hook","Blade Dance","Malaise+1","Dagger Spray","Riddle With Holes","Blade Dance","Bouncing Flask+1","Eviscerate","Corpse Explosion+1","Leg Sweep","Deadly Poison+1","Dagger Throw","Noxious Fumes+1","Dagger Spray+1","Dash","Wraith Form v2","Night Terror","Bane+1"],"relics":["Ring of the Serpent","Replay:Bottled Flurry","Gremlin Food","Snake Skull","Pen Nib","Boot","War Paint"],"acts_visited":["Exordium","TheCity"],"potions_floor_usage":[11,24,24,30],"damage_taken":[{"damage":12.0,"enemies":"Small Slimes","floor":1.0,"turns":4.0},{"damage":0.0,"enemies":"Cultist","floor":2.0,"turns":4.0},{"damage":12.0,"enemies":"Jaw Worm","floor":3.0,"turns":3.0},{"damage":18.0,"enemies":"Lots of Slimes","floor":5.0,"turns":3.0},{"damage":24.0,"enemies":"Gremlin Nob","floor":6.0,"turns":4.0},{"damage":3.0,"enemies":"Gremlin Gang","floor":8.0,"turns":4.0},{"damage":18,"enemies":"3 Sentries","floor":11,"turns":4},{"damage":14,"enemies":"3 Louse","floor":13,"turns":2},{"damage":0,"enemies":"Exordium Wildlife","floor":14,"turns":1},{"damage":37,"enemies":"Fading Forest","floor":16,"turns":11},{"damage":0,"enemies":"Chosen","floor":18,"turns":3},{"damage":27,"enemies":"Spheric Guardian","floor":20,"turns":4},{"damage":10,"enemies":"Snecko","floor":21,"turns":4},{"damage":11,"enemies":"Sentry and Sphere","floor":22,"turns":3},{"damage":32,"enemies":"Slavers","floor":24,"turns":3},{"damage":10,"enemies":"Snake Plant","floor":27,"turns":4},{"damage":28,"enemies":"Shelled Parasite and Fungi","floor":29,"turns":6},{"damage":18,"enemies":"Gremlin Leader","floor":30,"turns":3},{"damage":2,"enemies":"Centurion and Healer","floor":31,"turns":6},{"damage":4,"enemies":"Automaton","floor":33,"turns":3}],"seed_played":"-5434558663159660422","potions_obtained":[{"floor":5.0,"key":"BlessingOfTheForge"},{"floor":6.0,"key":"Block Potion"},{"floor":13,"key":"Elixir"},{"floor":16,"key":"SkillPotion"},{"floor":27,"key":"hexamod:SoulburnPotion"},{"floor":30,"key":"Poison Potion"}],"is_trial":false,"path_per_floor":["M","M","M","?","M","E","R","M","T","R","E","R","M","M","R","B",null,"M","?","M","M","M","R","E","R","T","M","R","M","E","M","R","B"],"character_chosen":"THE_SILENT","items_purchased":[],"campfire_rested":7,"item_purchase_floors":[],"current_hp_per_floor":[65,65,53,53,35,11,34,31,31,54,36,59,45,45,45,18,77,77,77,50,40,29,52,20,43,43,33,56,28,10,8,31,27,27],"gold":548,"neow_bonus":"TEN_PERCENT_HP_BONUS","is_daily":false,"chose_seed":false,"campfire_upgraded":0,"win_rate":0.0,"timestamp":1612491647,"path_taken":["M","M","M","?","?","E","R","M","T","R","E","R","?","M","R","BOSS","M","?","M","M","?","R","E","R","T","M","R","M","E","M","R","BOSS"],"items_purchased_type":[],"build_version":"2020-12-22","purchased_purges":0,"victory":false,"max_hp_per_floor":[77,77,77,77,77,77,77,77,77,77,77,77,77,77,77,77,77,77,77,77,77,77,77,77,77,77,77,77,77,77,77,77,77,77],"relic_stats":{"counters":[20,79],"Snake Skull":[36],"Pen Nib":[5],"War Paint":["Corpse Explosion","Defend_G"],"Boot":[62],"obtain_stats":[{"Gremlin Food":9,"Snake Skull":11,"Pen Nib":24,"Replay:Bottled Flurry":6,"War Paint":30,"Boot":26,"Ring of the Serpent":17,"Ring of the Snake":0},{"Gremlin Food":6,"Snake Skull":7,"Pen Nib":15,"Replay:Bottled Flurry":5,"War Paint":18,"Boot":15,"Ring of the Serpent":10,"Ring of the Snake":0},{"Gremlin Food":22,"Snake Skull":26,"Pen Nib":57,"Replay:Bottled Flurry":18,"War Paint":70,"Boot":57,"Ring of the Serpent":40,"Ring of the Snake":0}]},"card_choices":[{"not_picked":["Backflip","Deflect"],"picked":"Sucker Punch","floor":1.0},{"not_picked":["Sucker Punch","Flying Knee"],"picked":"Finisher","floor":2.0},{"not_picked":["Dodge and Roll","Sucker Punch"],"picked":"Heel Hook","floor":3.0},{"not_picked":["Sucker Punch","Bane"],"picked":"Blade Dance","floor":5.0},{"not_picked":["Sucker Punch","Dodge and Roll"],"picked":"Malaise","floor":6.0},{"not_picked":["Poisoned Stab","Cloak And Dagger"],"picked":"Dagger Spray","floor":8.0},{"not_picked":["Cloak And Dagger","Endless Agony"],"picked":"Riddle With Holes","floor":11},{"not_picked":["Tactician","Setup"],"picked":"Blade Dance","floor":13},{"not_picked":["Dagger Throw","Footwork"],"picked":"Bouncing Flask","floor":14},{"not_picked":["Grand Finale","A Thousand Cuts"],"picked":"Corpse Explosion","floor":16},{"not_picked":["Dodge and Roll","Escape Plan"],"picked":"Leg Sweep","floor":18},{"not_picked":["Caltrops","Predator"],"picked":"Deadly Poison+1","floor":20},{"not_picked":["Dodge and Roll","ReplayTheSpireMod:Shiv Toss"],"picked":"Dagger Throw","floor":21},{"not_picked":["ReplayTheSpireMod:Scrap Shanks","Dagger Throw"],"picked":"Noxious Fumes","floor":22},{"not_picked":["Slice","Deflect"],"picked":"Dagger Spray+1","floor":24},{"not_picked":["Hidden Blade+1","Terror"],"picked":"Dash","floor":27},{"not_picked":["Acrobatics","Dodge and Roll"],"picked":"Wraith Form v2","floor":29},{"not_picked":["Blade Dance","Sneak Up"],"picked":"Night Terror","floor":30},{"not_picked":["Endless Agony","Dagger Spray+1"],"picked":"Bane+1","floor":31}],"player_experience":238333,"relics_obtained":[{"floor":6.0,"key":"Replay:Bottled Flurry"},{"floor":9.0,"key":"Gremlin Food"},{"floor":11,"key":"Snake Skull"},{"floor":24,"key":"Pen Nib"},{"floor":26,"key":"Boot"},{"floor":30,"key":"War Paint"}],"event_choices":[{"cards_removed":["Strike_G"],"damage_healed":0.0,"max_hp_gain":0.0,"max_hp_loss":0.0,"gold_gain":0.0,"event_name":"Bonfire Elementals","player_choice":"Offered Basic","floor":4.0,"gold_loss":0.0,"damage_taken":0.0},{"damage_healed":0,"gold_gain":0,"player_choice":"Forge","damage_taken":0,"max_hp_gain":0,"max_hp_loss":0,"event_name":"Accursed Blacksmith","floor":19,"gold_loss":0,"cards_upgraded":["Bouncing Flask"]}],"is_beta":false,"boss_relics":[{"not_picked":["ReplayTheSpireMod:DimensionalGlitch","Coffee Dripper"],"picked":"Ring of the Serpent"}],"items_purged_floors":[],"is_endless":false,"potions_floor_spawned":[5,6,13,16,20,27,30],"killed_by":"Automaton","ascension_level":2}}