{"host":"2i1rjl87isetstuj","time":1612507333,"event":{"mods":["BaseMod","Better Vampires","Challenge The Spire","Lobotomy","LobotomyExtend","Marked Mod","Minty Spire (QoL Compilation)","Quick Restart","Shop Mod","StSLib","Waifu the Spire","óô»ðÖ¸ÄÏ"],"gold_per_floor":[111,386,404,419,433,433,448,448,529,529,529,542,107,36,36,136,136,136,136],"floor_reached":18,"language":"ZHS","playtime":596,"items_purged":[],"score":152,"play_id":"c654f693-297f-4ca3-84e0-79b617f8039b","local_time":"20210205144213","is_ascension_mode":false,"campfire_choices":[],"circlet_count":0,"master_deck":[],"relics":["CogitoBucket","LetterFromLob","HornCleat","ResearcherNote","WingedGreaves","SlaversCollar"],"acts_visited":["Exordium","TheCity"],"potions_floor_usage":[5,5],"damage_taken":[{"damage":11,"enemies":"Jaw Worm","floor":1,"turns":3},{"damage":10,"enemies":"Cultist","floor":3,"turns":2},{"damage":7,"enemies":"2 Louse","floor":4,"turns":2},{"damage":56,"enemies":"Gremlin Gang","floor":5,"turns":2},{"damage":26,"enemies":"3 Louse","floor":7,"turns":3},{"damage":24,"enemies":"Exordium Thugs","floor":12,"turns":4},{"damage":28,"enemies":"Slime Boss","floor":16,"turns":6}],"seed_played":"2225738181913640868","potions_obtained":[{"floor":3,"key":"Explosive Potion"},{"floor":5,"key":"Fruit Juice"},{"floor":7,"key":"FearPotion"}],"is_trial":false,"path_per_floor":["M","?","M","M","M","R","M","R","T","R","?","M","$","$","R","B",null,"M"],"character_chosen":"Angela","items_purchased":["GoldRush","WingedGreaves","SwordSharpenedByTears"],"campfire_rested":0,"item_purchase_floors":[13,13,14],"current_hp_per_floor":[67,67,65,69,32,32,26,26,26,26,26,26,26,26,26,22,79,79,79],"gold":136,"neow_bonus":"THREE_CARDS","is_daily":false,"chose_seed":false,"campfire_upgraded":0,"win_rate":0.0,"timestamp":1612507333,"path_taken":["M","?","M","?","M","R","M","R","T","R","?","?","?","$","R","BOSS","M"],"items_purchased_type":["Card","Relic","Card"],"build_version":"2020-12-22","purchased_purges":0,"victory":false,"max_hp_per_floor":[70,70,70,70,75,75,75,75,75,75,75,79,79,79,79,79,79,79,79],"card_choices":[{"not_picked":["CUTE","FrostShard"],"picked":"Lantern","floor":0},{"not_picked":["FrostShard","Beak"],"picked":"SKIP","floor":1},{"not_picked":["Regret_ego"],"picked":"Galaxy","floor":3},{"not_picked":["Soda"],"picked":"SomewhereSpear","floor":4},{"not_picked":["OldLady","Bloodbath"],"picked":"QueenOfHatred","floor":5},{"not_picked":["Regret_ego","CherryBlossom"],"picked":"SKIP","floor":5},{"not_picked":["WallGazer","SnowQueen"],"picked":"Scorched","floor":7},{"not_picked":["TodaysExpression"],"picked":"Diffraction","floor":7},{"not_picked":["GreedKing","Laetitia"],"picked":"BlackSwan","floor":12},{"not_picked":["CrimsonScar"],"picked":"Amita","floor":12},{"not_picked":["CENSORED_ego"],"picked":"ParadiseLost","floor":16}],"player_experience":127840,"relics_obtained":[{"floor":1,"key":"LetterFromLob"},{"floor":9,"key":"HornCleat"}],"event_choices":[{"damage_healed":0,"gold_gain":275,"player_choice":"Desecrate","damage_taken":0,"max_hp_gain":0,"max_hp_loss":0,"event_name":"Golden Shrine","floor":2,"gold_loss":0,"cards_obtained":["Regret"]},{"damage_healed":0,"gold_gain":0,"player_choice":"Bought 0 Potions","damage_taken":0,"max_hp_gain":0,"max_hp_loss":0,"event_name":"The Woman in Blue","floor":11,"gold_loss":0}],"is_beta":false,"boss_relics":[{"not_picked":["Tiny House","Velvet Choker"],"picked":"SlaversCollar"}],"items_purged_floors":[],"is_endless":false,"potions_floor_spawned":[3,5,7],"ascension_level":0}}