{"host":"df48i9djcn92c5sx","time":1612530823,"event":{"mods":["Act Like it!","Arknights","BaseMod","Decade(王小明)","Downfall","Gensokyo","Marisa（F雨　魔理沙）","Minty Spire (QoL Compilation)","READ ME - Guardian Mod","READ ME - Snecko Mod","Reimu（博丽灵梦）","Remilia（蕾米莉亚）","Shop Mod","StSLib","The Jungle","The Servant 0.9.4"],"gold_per_floor":[115,126,61,61,74,101,101,101,101,101,336,336,347,67,67,67,67],"floor_reached":16,"language":"ZHS","playtime":616,"items_purged":[],"score":139,"play_id":"6b1ce035-6de4-4cf2-aa5a-39fcb74d26b8","local_time":"20210205211343","is_ascension_mode":true,"campfire_choices":[{"data":"KidneyShot","floor":7,"key":"SMITH"},{"data":"Sabotage","floor":10,"key":"SMITH"},{"data":"Luminosity","floor":12,"key":"SMITH"},{"data":"GearUp","floor":15,"key":"SMITH"}],"circlet_count":0,"master_deck":["Strike_S","Strike_S","Strike_S","Defend_S","Defend_S","Defend_S","Defend_S","KidneyShot+1","Exchange","Sabotage+1","SilverMatrix+1","FastForward","TrueSight","Luminosity+1","GearUp+1"],"relics":["Uniform","NeowsBlessing","Pear","Pen Nib","Bag of Preparation","Meat on the Bone","Question Card"],"acts_visited":["Exordium"],"potions_floor_usage":[6,6,6,16],"damage_taken":[{"damage":0,"enemies":"Gensokyo:Gryphon","floor":1,"turns":1},{"damage":0,"enemies":"Gensokyo:Python","floor":2,"turns":1},{"damage":0,"enemies":"Gensokyo:2_Kodama","floor":5,"turns":2},{"damage":10,"enemies":"Gensokyo:Mamizou","floor":6,"turns":11},{"damage":31,"enemies":"Gensokyo:Cirno","floor":11,"turns":7},{"damage":3,"enemies":"Gensokyo:Gryphon_and_Rabbit","floor":13,"turns":6},{"damage":22,"enemies":"Gensokyo:Kokoro","floor":16,"turns":14}],"seed_played":"2960363938954903918","potions_obtained":[{"floor":1,"key":"SpeedPotion"},{"floor":2,"key":"FearPotion"},{"floor":5,"key":"GamblersBrew"},{"floor":13,"key":"EssenceOfSteel"}],"is_trial":false,"path_per_floor":["M","M","COS","?","M","E","R","?","T","R","E","R","M","$","R","B"],"character_chosen":"THE_SERVANT","items_purchased":["GearUp","Question Card"],"campfire_rested":0,"item_purchase_floors":[14,14],"current_hp_per_floor":[59,59,59,54,54,44,44,44,44,44,13,13,22,22,22,0,0],"gold":67,"neow_bonus":"THREE_ENEMY_KILL","is_daily":false,"chose_seed":false,"campfire_upgraded":4,"win_rate":0.0,"timestamp":1612530823,"path_taken":["M","M","COS","?","M","E","R","?","T","R","E","R","M","$","R","BOSS"],"items_purchased_type":["Card","Relic"],"build_version":"2020-12-22","purchased_purges":0,"victory":false,"max_hp_per_floor":[65,65,65,75,75,75,75,75,75,75,75,75,75,75,75,75,75],"card_choices":[{"not_picked":["Deadline","Alleviate","MoonPhase"],"picked":"SKIP","floor":1},{"not_picked":["TimeWarp","Defy"],"picked":"Sabotage","floor":2},{"not_picked":["Defy+1","BottledTime+1"],"picked":"SilverMatrix+1","floor":5},{"not_picked":["Spin","TimeWarp"],"picked":"FastForward","floor":5},{"not_picked":["Manipulate","SilverMatrix"],"picked":"TrueSight","floor":6},{"not_picked":["WasteNot","Advance"],"picked":"Luminosity","floor":11},{"not_picked":["ShatteredReality","SurpressingFire","Defy"],"picked":"SKIP","floor":13}],"player_experience":1516119,"relics_obtained":[{"floor":6,"key":"Pen Nib"},{"floor":9,"key":"Bag of Preparation"},{"floor":11,"key":"Meat on the Bone"}],"event_choices":[],"is_beta":false,"boss_relics":[],"items_purged_floors":[],"is_endless":false,"potions_floor_spawned":[1,2,5,13],"killed_by":"Gensokyo:Kokoro","ascension_level":7}}