{"host":"vyjryxuuuxkt43k4","time":1612533181,"event":{"mods":["AchievementEnabler","BaseMod","Colored Map","DeckTracker","Highlight Path","Keyboard Shortcuts","Minty Spire (QoL Compilation)","Permanent Neow","Quick Restart","StSLib","SuperFastMode","everything is the same but u backflip on backflip"],"gold_per_floor":[112,112,124,144,196,196,247,247,247,260,275,37,68,86,86,159,159,172,182,202,4,21,21,32,32,32,32,32,32,32,61,61,61,61],"floor_reached":33,"language":"KOR","playtime":1448,"items_purged":["Defend_P"],"score":551,"play_id":"e0f29247-9be2-4dff-8a02-71a4b6a8abd5","local_time":"20210205225301","is_ascension_mode":true,"campfire_choices":[{"floor":6.0,"key":"REST"},{"data":"Eruption","floor":8.0,"key":"SMITH"},{"data":"TalkToTheHand","floor":15.0,"key":"SMITH"},{"data":"Halt","floor":23.0,"key":"SMITH"},{"data":"Master of Strategy","floor":25.0,"key":"SMITH"},{"data":"EmptyFist","floor":27.0,"key":"SMITH"},{"data":"CutThroughFate","floor":29.0,"key":"SMITH"},{"data":"DeusExMachina","floor":32.0,"key":"SMITH"}],"circlet_count":0,"master_deck":["AscendersBane","Strike_P","Strike_P","Strike_P","Defend_P","Defend_P","Defend_P","Eruption+1","Vigilance","EmptyFist+1","ReachHeaven","DeusExMachina+1","Wallop","TalkToTheHand+1","Ragnarok","CutThroughFate+1","Halt+1","Study+1","Master of Strategy+1","FollowUp+1"],"relics":["HolyWater","Mango","Happy Flower","White Beast Statue","Toy Ornithopter","Matryoshka","Blood Vial","Ancient Tea Set","Eternal Feather"],"acts_visited":["Exordium","TheCity"],"potions_floor_usage":[33],"damage_taken":[{"damage":47.0,"enemies":"Cultist","floor":1.0,"turns":8.0},{"damage":2.0,"enemies":"Small Slimes","floor":3.0,"turns":3.0},{"damage":0.0,"enemies":"Jaw Worm","floor":4.0,"turns":3.0},{"damage":0.0,"enemies":"Large Slime","floor":10.0,"turns":2.0},{"damage":0.0,"enemies":"3 Louse","floor":11.0,"turns":2.0},{"damage":0.0,"enemies":"Gremlin Nob","floor":13.0,"turns":2.0},{"damage":16.0,"enemies":"Lots of Slimes","floor":14.0,"turns":4.0},{"damage":18.0,"enemies":"Hexaghost","floor":16.0,"turns":6.0},{"damage":7.0,"enemies":"3 Byrds","floor":18.0,"turns":4.0},{"damage":11.0,"enemies":"2 Thieves","floor":19.0,"turns":3.0},{"damage":12.0,"enemies":"Sentry and Sphere","floor":20.0,"turns":3.0},{"damage":0.0,"enemies":"Centurion and Healer","floor":22.0,"turns":4.0},{"damage":0.0,"enemies":"Snake Plant","floor":24.0,"turns":2.0},{"damage":17.0,"enemies":"Book of Stabbing","floor":31.0,"turns":4.0},{"damage":94,"enemies":"Automaton","floor":33,"turns":6}],"seed_played":"-4752662307921165237","potions_obtained":[{"floor":1.0,"key":"LiquidMemories"},{"floor":10.0,"key":"GamblersBrew"},{"floor":11.0,"key":"AttackPotion"},{"floor":13.0,"key":"Dexterity Potion"},{"floor":14.0,"key":"AttackPotion"},{"floor":16.0,"key":"Fire Potion"},{"floor":18.0,"key":"Fire Potion"},{"floor":19.0,"key":"StancePotion"},{"floor":20.0,"key":"StancePotion"},{"floor":22.0,"key":"StancePotion"},{"floor":24.0,"key":"BottledMiracle"},{"floor":31.0,"key":"EssenceOfSteel"}],"is_trial":false,"path_per_floor":["M","?","M","M","T","R","?","R","T","M","M","$","E","M","R","B",null,"M","M","M","$","M","R","M","R","T","R","?","R","?","E","R","B"],"character_chosen":"WATCHER","items_purchased":["Toy Ornithopter","Master of Strategy"],"campfire_rested":1,"item_purchase_floors":[12,21],"current_hp_per_floor":[10,10,8,8,8,32,32,32,32,32,32,32,42,31,31,18,66,64,58,46,46,51,51,56,56,56,56,56,56,32,27,39,0,0],"gold":61,"neow_bonus":"ONE_RARE_RELIC","is_daily":false,"chose_seed":false,"campfire_upgraded":7,"win_rate":0.0,"timestamp":1612533181,"path_taken":["M","?","?","M","?","R","?","R","T","M","M","$","E","M","R","BOSS","M","M","M","$","M","R","M","R","T","R","?","R","?","E","R","BOSS"],"items_purchased_type":["Relic","Card"],"build_version":"2020-12-22","purchased_purges":1,"victory":false,"max_hp_per_floor":[82,82,82,82,82,82,82,82,82,82,82,82,82,82,82,82,82,82,82,82,82,82,82,82,82,82,82,82,82,87,87,87,87,87],"card_choices":[{"not_picked":["ClearTheMind","CarveReality"],"picked":"EmptyFist","floor":1.0},{"not_picked":["EmptyFist","FlurryOfBlows"],"picked":"ReachHeaven","floor":3.0},{"not_picked":["ThirdEye","EmptyFist","Crescendo"],"picked":"SKIP","floor":4.0},{"not_picked":["Prostrate","FlurryOfBlows"],"picked":"DeusExMachina","floor":10.0},{"not_picked":["EmptyFist","BowlingBash"],"picked":"Wallop","floor":11.0},{"not_picked":["PathToVictory","Wireheading"],"picked":"TalkToTheHand","floor":13.0},{"not_picked":["Consecrate","ClearTheMind","BowlingBash"],"picked":"SKIP","floor":14.0},{"not_picked":["Scrawl","Omniscience"],"picked":"Ragnarok","floor":16.0},{"not_picked":["Fasting2","EmptyFist"],"picked":"CutThroughFate","floor":18.0},{"not_picked":["PathToVictory","Devotion"],"picked":"Halt","floor":19.0},{"not_picked":["Collect","EmptyFist"],"picked":"Study+1","floor":20.0},{"not_picked":["Protect","PathToVictory","EmptyBody"],"picked":"SKIP","floor":22.0},{"not_picked":["Collect","DeceiveReality"],"picked":"FollowUp+1","floor":24.0},{"not_picked":["Nirvana","CutThroughFate","Vengeance"],"picked":"SKIP","floor":31.0}],"player_experience":760439,"relics_obtained":[{"floor":5.0,"key":"Happy Flower"},{"floor":9.0,"key":"White Beast Statue"},{"floor":13.0,"key":"Matryoshka"},{"floor":26.0,"key":"Blood Vial"},{"floor":26.0,"key":"Ancient Tea Set"},{"floor":31.0,"key":"Eternal Feather"}],"event_choices":[{"cards_removed":["Strike_P"],"damage_healed":0.0,"max_hp_gain":0.0,"max_hp_loss":0.0,"gold_gain":0.0,"event_name":"Bonfire Elementals","player_choice":"Offered Basic","floor":2.0,"gold_loss":0.0,"damage_taken":0.0},{"damage_healed":0.0,"max_hp_gain":0.0,"max_hp_loss":0.0,"gold_gain":51.0,"event_name":"Golden Wing","player_choice":"Gained Gold","floor":7.0,"gold_loss":0.0,"damage_taken":0.0},{"damage_healed":0.0,"max_hp_gain":5.0,"max_hp_loss":0.0,"gold_gain":0.0,"event_name":"Forgotten Altar","player_choice":"Shed Blood","floor":30.0,"gold_loss":0.0,"damage_taken":29.0}],"is_beta":false,"boss_relics":[{"not_picked":["Coffee Dripper","Velvet Choker"],"picked":"HolyWater"}],"items_purged_floors":[12],"is_endless":false,"potions_floor_spawned":[1,10,11,13,14,16,18,19,20,22,24,31],"killed_by":"Automaton","ascension_level":16}}