{"host":"c3lc60y5x60jlt1y","time":1612517348,"event":{"mods":["AchievementEnabler","BaseMod","Bestiary","Colored Map","Minty Spire (QoL Compilation)","Quick Restart","StSLib","ojb\u0027s Info Mod"],"gold_per_floor":[109,121,121,32,32,32,107,107,107,32,32,51,51,86,86,164,164,184,34,34,44,44,71,71,71,71,98,98,130,145,160,160,239,239,259,270,270,270,287,287,312,343,343,343,372,386,386,386,386],"floor_reached":48,"language":"ENG","playtime":28641,"items_purged":["Defend_P"],"score":1309,"play_id":"35b3737d-ebf6-4abb-8f8c-6b03f04a3631","local_time":"20210205112908","is_ascension_mode":true,"campfire_choices":[{"data":"Eruption","floor":6.0,"key":"SMITH"},{"data":"TalkToTheHand","floor":8.0,"key":"SMITH"},{"data":"Vigilance","floor":13.0,"key":"SMITH"},{"data":"BowlingBash","floor":15.0,"key":"SMITH"},{"data":"Worship","floor":24.0,"key":"SMITH"},{"data":"Vault","floor":28.0,"key":"SMITH"},{"data":"CrushJoints","floor":32.0,"key":"SMITH"},{"floor":40.0,"key":"REST"},{"floor":47.0,"key":"REST"}],"circlet_count":0,"master_deck":["AscendersBane","Defend_P","Eruption+1","Vigilance+1","Vengeance","BowlingBash+1","TalkToTheHand+1","CutThroughFate","Vault+1","Ragnarok+1","SpiritShield+1","WindmillStrike+1","Tantrum","DeusExMachina","JustLucky","Bite","Bite","Bite","Bite","Bite","Worship+1","DeusExMachina","CrushJoints+1","Evaluate","CutThroughFate","Devotion+1","ThirdEye","Wallop","Madness","Madness","Worship+1","Crescendo","FlurryOfBlows"],"relics":["PureWater","NeowsBlessing","Letter Opener","Oddly Smooth Stone","Astrolabe","Ornamental Fan","Shuriken","Strawberry","Vajra","Sozu","Smiling Mask","Ancient Tea Set","Prayer Wheel"],"acts_visited":["Exordium","TheCity","TheBeyond"],"potions_floor_usage":[],"damage_taken":[{"damage":0.0,"enemies":"Small Slimes","floor":1.0,"turns":1.0},{"damage":0.0,"enemies":"Cultist","floor":2.0,"turns":1.0},{"damage":0.0,"enemies":"2 Louse","floor":12.0,"turns":1.0},{"damage":25.0,"enemies":"3 Sentries","floor":14.0,"turns":6.0},{"damage":0.0,"enemies":"Slime Boss","floor":16.0,"turns":5.0},{"damage":12.0,"enemies":"3 Byrds","floor":18.0,"turns":5.0},{"damage":0.0,"enemies":"Shell Parasite","floor":21.0,"turns":1.0},{"damage":10.0,"enemies":"Book of Stabbing","floor":23.0,"turns":5.0},{"damage":10.0,"enemies":"Gremlin Leader","floor":27.0,"turns":6.0},{"damage":23.0,"enemies":"Book of Stabbing","floor":29.0,"turns":4.0},{"damage":0.0,"enemies":"Centurion and Healer","floor":30.0,"turns":4.0},{"damage":0.0,"enemies":"Chosen and Byrds","floor":31.0,"turns":4.0},{"damage":14.0,"enemies":"Collector","floor":33.0,"turns":6.0},{"damage":0.0,"enemies":"Orb Walker","floor":35.0,"turns":2.0},{"damage":23.0,"enemies":"3 Shapes","floor":36.0,"turns":6.0},{"damage":22.0,"enemies":"Jaw Worm Horde","floor":39.0,"turns":4.0},{"damage":31.0,"enemies":"Nemesis","floor":42.0,"turns":3.0},{"damage":0.0,"enemies":"Giant Head","floor":45.0,"turns":5.0},{"damage":8.0,"enemies":"Maw","floor":46.0,"turns":7.0},{"damage":34,"enemies":"Spire Growth","floor":48,"turns":2}],"seed_played":"8355400697141425577","potions_obtained":[{"floor":1.0,"key":"FearPotion"},{"floor":3.0,"key":"BottledMiracle"},{"floor":16.0,"key":"SpeedPotion"},{"floor":21.0,"key":"EntropicBrew"},{"floor":30.0,"key":"Ambrosia"},{"floor":33.0,"key":"SteroidPotion"}],"is_trial":false,"path_per_floor":["M","M","?","$","?","R","?","R","T","$","$","M","R","E","R","B",null,"M","$","?","M","?","E","R","?","T","E","R","E","M","M","R","B",null,"M","M","?","?","M","R","T","E","T","?","E","M","R","M"],"character_chosen":"WATCHER","items_purchased":["TalkToTheHand","DeusExMachina"],"campfire_rested":2,"item_purchase_floors":[4,19],"current_hp_per_floor":[61,61,61,61,66,66,55,55,55,55,55,55,55,30,30,30,62,50,50,50,50,50,51,51,51,51,58,58,37,41,45,45,41,54,56,41,31,31,15,32,32,7,7,7,13,9,26,0,0],"gold":386,"neow_bonus":"THREE_ENEMY_KILL","is_daily":false,"chose_seed":false,"campfire_upgraded":7,"win_rate":0.0,"timestamp":1612517348,"path_taken":["M","M","?","?","?","R","?","R","T","?","$","M","R","E","R","BOSS","M","$","?","M","?","E","R","?","T","E","R","E","?","M","R","BOSS","M","M","?","?","?","R","?","E","T","?","E","M","R","M"],"items_purchased_type":["Card","Card"],"build_version":"2020-12-22","purchased_purges":1,"victory":false,"max_hp_per_floor":[68,68,68,68,73,73,73,73,73,73,73,73,73,73,73,73,73,73,73,73,73,51,51,51,51,51,58,58,58,58,58,58,58,58,58,58,58,58,58,58,58,58,58,58,58,58,58,58,58],"card_choices":[{"not_picked":["DeceiveReality","FlyingSleeves"],"picked":"Vengeance","floor":1.0},{"not_picked":["Fasting2","Halt"],"picked":"BowlingBash","floor":2.0},{"not_picked":["ClearTheMind","Prostrate","SignatureMove"],"picked":"SKIP","floor":12.0},{"not_picked":["Prostrate","Consecrate"],"picked":"CutThroughFate","floor":14.0},{"not_picked":["Omniscience","Alpha"],"picked":"Vault","floor":16.0},{"not_picked":["BowlingBash","ThirdEye"],"picked":"Tantrum","floor":18.0},{"not_picked":["Prostrate","Study"],"picked":"JustLucky","floor":21.0},{"not_picked":["Prostrate","Pray"],"picked":"Worship","floor":23.0},{"not_picked":["Prostrate","Weave"],"picked":"DeusExMachina","floor":27.0},{"not_picked":["CarveReality","Conclude"],"picked":"CrushJoints","floor":29.0},{"not_picked":["EmptyFist","ClearTheMind"],"picked":"Evaluate","floor":30.0},{"not_picked":["PathToVictory","Judgement"],"picked":"CutThroughFate","floor":31.0},{"not_picked":["Brilliance","Blasphemy"],"picked":"Devotion","floor":33.0},{"not_picked":["Protect","Consecrate"],"picked":"ThirdEye","floor":35.0},{"not_picked":["Crescendo","Tantrum"],"picked":"Wallop","floor":36.0},{"not_picked":["ForeignInfluence","Vengeance"],"picked":"Worship+1","floor":39.0},{"not_picked":["LikeWater","FlyingSleeves","Weave"],"picked":"SKIP","floor":42.0},{"not_picked":["BowlingBash","Halt"],"picked":"Crescendo","floor":45.0},{"not_picked":["CarveReality","Halt"],"picked":"FlurryOfBlows","floor":46.0},{"not_picked":["Worship","FollowUp","BattleHymn"],"picked":"SKIP","floor":46.0}],"player_experience":9094451,"relics_obtained":[{"floor":9.0,"key":"Letter Opener"},{"floor":14.0,"key":"Oddly Smooth Stone"},{"floor":23.0,"key":"Ornamental Fan"},{"floor":26.0,"key":"Shuriken"},{"floor":27.0,"key":"Strawberry"},{"floor":29.0,"key":"Vajra"},{"floor":41.0,"key":"Smiling Mask"},{"floor":42.0,"key":"Ancient Tea Set"},{"floor":45.0,"key":"Prayer Wheel"}],"event_choices":[{"damage_healed":0.0,"max_hp_gain":0.0,"max_hp_loss":0.0,"gold_gain":0.0,"event_name":"Lab","player_choice":"Got Potions","floor":3.0,"gold_loss":0.0,"damage_taken":0.0},{"damage_healed":0.0,"max_hp_gain":5.0,"max_hp_loss":0.0,"gold_gain":0.0,"event_name":"Big Fish","player_choice":"Donut","floor":5.0,"gold_loss":0.0,"damage_taken":0.0},{"damage_healed":0.0,"max_hp_gain":0.0,"max_hp_loss":0.0,"gold_gain":75.0,"event_name":"World of Goop","player_choice":"Gather Gold","floor":7.0,"gold_loss":0.0,"damage_taken":11.0},{"damage_healed":0.0,"max_hp_gain":0.0,"max_hp_loss":22.0,"gold_gain":0.0,"event_name":"Vampires","player_choice":"Became a vampire","floor":22.0,"gold_loss":0.0,"damage_taken":0.0,"cards_obtained":["Bite","Bite","Bite","Bite","Bite"]},{"cards_removed":["Defend_P"],"damage_healed":0.0,"max_hp_gain":0.0,"max_hp_loss":0.0,"gold_gain":0.0,"event_name":"Back to Basics","player_choice":"Elegance","floor":25.0,"gold_loss":0.0,"damage_taken":0.0},{"damage_healed":0.0,"max_hp_gain":0.0,"max_hp_loss":0.0,"gold_gain":0.0,"event_name":"Winding Halls","player_choice":"Embrace Madness","floor":37.0,"gold_loss":0.0,"damage_taken":10.0,"cards_obtained":["Madness","Madness"]},{"damage_healed":0.0,"max_hp_gain":0.0,"max_hp_loss":0.0,"gold_gain":0.0,"event_name":"Accursed Blacksmith","player_choice":"Forge","floor":38.0,"gold_loss":0.0,"damage_taken":0.0,"cards_upgraded":["Devotion"]},{"damage_healed":0.0,"max_hp_gain":0.0,"max_hp_loss":0.0,"gold_gain":0.0,"event_name":"Mysterious Sphere","player_choice":"Ignored","floor":44.0,"gold_loss":0.0,"damage_taken":0.0}],"is_beta":false,"boss_relics":[{"not_picked":["Tiny House","Philosopher\u0027s Stone"],"picked":"Astrolabe"},{"not_picked":["Pandora\u0027s Box","Runic Dome"],"picked":"Sozu"}],"items_purged_floors":[10],"is_endless":false,"potions_floor_spawned":[1,14,16,21,30,33,36,39,45],"killed_by":"Spire Growth","ascension_level":20}}