{"host":"gknpnudn4hog7rzv","time":1612553153,"event":{"mods":["BaseMod","BetterRewards","Downfall","Hermit","Minty Spire (QoL Compilation)","Robot Space Explorer","StSLib","The Bug Knight"],"gold_per_floor":[118,193,193,293,49,49,62,62,89,116,116,135,147,158,158,255,255,236,12,23,23,34,62,62,62],"floor_reached":24,"language":"ENG","playtime":650,"items_purged":[],"score":227,"play_id":"4fb3ae1d-2df5-4e65-9891-9b46fcaff05c","local_time":"20210205122553","is_ascension_mode":true,"campfire_choices":[{"data":"RobotSpaceExplorer:MiniDrones","floor":6,"key":"SMITH"},{"data":"RobotSpaceExplorer:Pulsar","floor":8,"key":"SMITH"},{"data":"RobotSpaceExplorer:ImprovisedAttack","floor":11,"key":"SMITH"},{"floor":15,"key":"REST"}],"circlet_count":0,"master_deck":["RobotSpaceExplorer:Strike","RobotSpaceExplorer:Strike","RobotSpaceExplorer:Strike","RobotSpaceExplorer:Strike","RobotSpaceExplorer:Defend","RobotSpaceExplorer:Defend","RobotSpaceExplorer:Defend","RobotSpaceExplorer:Defend","RobotSpaceExplorer:Scan","RobotSpaceExplorer:MiniLasers","RobotSpaceExplorer:MiniDrones+1","RobotSpaceExplorer:ImprovisedAttack+1","RobotSpaceExplorer:Pulsar+1","RobotSpaceExplorer:MiniDrones","RobotSpaceExplorer:StarLightning","RobotSpaceExplorer:Pulsar","RobotSpaceExplorer:ShockMissile","RobotSpaceExplorer:ScrapMissile+1","RobotSpaceExplorer:Pulsar","RobotSpaceExplorer:PowerGlove"],"relics":["RobotSpaceExplorer:RoboCore","Eternal Feather","Bronze Scales","RobotSpaceExplorer:ClockworkSextant","Pen Nib","SacredBark","Membership Card","Blue Candle","Lantern"],"acts_visited":["Exordium","TheCity"],"potions_floor_usage":[12,13,22,22],"damage_taken":[{"damage":0,"enemies":"Cultist","floor":1,"turns":4},{"damage":2,"enemies":"Jaw Worm","floor":7,"turns":5},{"damage":34,"enemies":"Lagavulin","floor":10,"turns":8},{"damage":0,"enemies":"2 Louse","floor":12,"turns":1},{"damage":0,"enemies":"Lots of Slimes","floor":13,"turns":2},{"damage":0,"enemies":"Looter","floor":14,"turns":3},{"damage":55,"enemies":"Hexaghost","floor":16,"turns":11},{"damage":12,"enemies":"2 Thieves","floor":18,"turns":4},{"damage":1,"enemies":"Spheric Guardian","floor":20,"turns":4},{"damage":13,"enemies":"Snecko","floor":22,"turns":5},{"damage":25,"enemies":"Gremlin Leader","floor":23,"turns":5},{"damage":28,"enemies":"3 Cultists","floor":24,"turns":4}],"seed_played":"-6138260131850760336","potions_obtained":[{"floor":10,"key":"SteroidPotion"},{"floor":12,"key":"LiquidBronze"},{"floor":20,"key":"AttackPotion"}],"is_trial":false,"path_per_floor":["M","?","T","?","$","R","M","R","T","E","R","M","M","M","R","B",null,"M","$","M","?","M","E","M"],"character_chosen":"RobotSpaceExplorer","items_purchased":["RobotSpaceExplorer:MiniDrones","Bronze Scales","RobotSpaceExplorer:ImprovisedAttack","RobotSpaceExplorer:Pulsar","Membership Card","Explosive Potion"],"campfire_rested":1,"item_purchase_floors":[5,5,5,19,19,19],"current_hp_per_floor":[82,71,71,71,71,77,75,81,81,47,53,53,53,53,82,27,82,70,70,69,64,51,26,0,0],"gold":62,"neow_bonus":"TEN_PERCENT_HP_BONUS","is_daily":false,"chose_seed":false,"campfire_upgraded":3,"win_rate":0.0,"timestamp":1612553153,"path_taken":["M","?","?","?","$","R","M","R","T","E","R","M","M","?","R","BOSS","M","$","M","?","M","E","M"],"items_purchased_type":["Card","Relic","Card","Card","Relic","Potion"],"build_version":"2020-12-22","purchased_purges":0,"victory":false,"max_hp_per_floor":[82,82,82,82,82,82,82,82,82,82,82,82,82,82,82,82,82,82,82,82,82,82,82,82,82],"card_choices":[{"not_picked":["RobotSpaceExplorer:StunGrenade","RobotSpaceExplorer:MetalStrike","RobotSpaceExplorer:MiniBoosters"],"picked":"SKIP","floor":1},{"not_picked":["RobotSpaceExplorer:StunGrenade","RobotSpaceExplorer:FrostMissile"],"picked":"RobotSpaceExplorer:Pulsar","floor":7},{"not_picked":["RobotSpaceExplorer:FreezeRay","RobotSpaceExplorer:ScrapMissile"],"picked":"RobotSpaceExplorer:MiniDrones","floor":10},{"not_picked":["RobotSpaceExplorer:ImprovisedAttack","RobotSpaceExplorer:GlueShot","RobotSpaceExplorer:GlueSpray"],"picked":"SKIP","floor":12},{"not_picked":["RobotSpaceExplorer:Wormhole","RobotSpaceExplorer:FrostMissile"],"picked":"RobotSpaceExplorer:StarLightning","floor":13},{"not_picked":["RobotSpaceExplorer:PowerGlove","RobotSpaceExplorer:Ammunition"],"picked":"RobotSpaceExplorer:Pulsar","floor":14},{"not_picked":["RobotSpaceExplorer:Accelerator","RobotSpaceExplorer:DroneSwarm"],"picked":"RobotSpaceExplorer:ShockMissile","floor":16},{"not_picked":["RobotSpaceExplorer:ShockKick","RobotSpaceExplorer:Blitz"],"picked":"RobotSpaceExplorer:ScrapMissile+1","floor":18},{"not_picked":["RobotSpaceExplorer:MetalStrike+1","RobotSpaceExplorer:TurboDodge"],"picked":"RobotSpaceExplorer:PowerGlove","floor":20},{"not_picked":["RobotSpaceExplorer:Electropulse","RobotSpaceExplorer:Ammunition","RobotSpaceExplorer:SurgingStrike+1"],"picked":"SKIP","floor":22},{"not_picked":["RobotSpaceExplorer:Ammunition","RobotSpaceExplorer:GlueShot","RobotSpaceExplorer:SurgingShield"],"picked":"SKIP","floor":23}],"player_experience":377002,"relics_obtained":[{"floor":3,"key":"Eternal Feather"},{"floor":9,"key":"RobotSpaceExplorer:ClockworkSextant"},{"floor":10,"key":"Pen Nib"},{"floor":23,"key":"Lantern"}],"event_choices":[{"damage_healed":0,"gold_gain":75,"player_choice":"Gather Gold","damage_taken":11,"max_hp_gain":0,"max_hp_loss":0,"event_name":"World of Goop","floor":2,"gold_loss":0},{"damage_healed":0,"gold_gain":100,"player_choice":"Pray","damage_taken":0,"max_hp_gain":0,"max_hp_loss":0,"event_name":"Golden Shrine","floor":4,"gold_loss":0}],"is_beta":false,"boss_relics":[{"not_picked":["Sozu","Runic Dome"],"picked":"SacredBark"}],"items_purged_floors":[],"is_endless":false,"potions_floor_spawned":[10,12,20],"killed_by":"3 Cultists","ascension_level":1}}