{"host":"f9ntswufr8mq3t4y","time":1612552799,"event":{"mods":["AchievementEnabler","BaseMod","Best Route Mod","Block Reminder","Colored Map","Colored Powertips","Curses Come First","DeckTracker","Displayed Cursed Tome","Highlight Path","Minty Spire (QoL Compilation)","Permanent Neow","Quick Restart","Slay-I","StSLib"],"gold_per_floor":[115,190,210,65,84,84,84,84,111,111,111,111,123,135,135,234,234,234,234,234,234,52,52,52,52,52,52,52,52,52,52,52,52,52,52,52,52,52,52],"floor_reached":38,"language":"ENG","playtime":2689,"items_purged":[],"score":518,"play_id":"9da960e8-c31c-4d5e-8017-d5989091c0e1","local_time":"20210205221959","is_ascension_mode":true,"campfire_choices":[{"data":"Neutralize","floor":6.0,"key":"SMITH"},{"data":"Footwork","floor":8.0,"key":"SMITH"},{"data":"Footwork","floor":10.0,"key":"SMITH"},{"data":"Defend_G","floor":12.0,"key":"PURGE"},{"floor":15.0,"key":"REST"},{"floor":23.0,"key":"REST"},{"floor":29.0,"key":"REST"},{"data":"Apotheosis","floor":32.0,"key":"SMITH"}],"circlet_count":0,"master_deck":["Strike_G","Strike_G","Strike_G","Strike_G","Strike_G","Defend_G","Defend_G","Defend_G","Defend_G","Survivor","Neutralize+1","Footwork+1","Backstab","Footwork+1","All Out Attack","Unload","Apotheosis+1","Burst","Burst","Noxious Fumes+1","Bane+1","Bane"],"relics":["Ring of the Snake","Peace Pipe","Nunchaku","Snake Skull","Toy Ornithopter","Ectoplasm","Red Mask","Dream Catcher","Regal Pillow","SacredBark","Old Coin"],"acts_visited":["Exordium","TheCity","TheBeyond"],"potions_floor_usage":[],"damage_taken":[{"damage":0.0,"enemies":"Small Slimes","floor":1.0,"turns":5.0},{"damage":3.0,"enemies":"Cultist","floor":3.0,"turns":5.0},{"damage":0.0,"enemies":"Jaw Worm","floor":5.0,"turns":5.0},{"damage":12.0,"enemies":"Exordium Wildlife","floor":13.0,"turns":10.0},{"damage":0.0,"enemies":"Blue Slaver","floor":14.0,"turns":5.0},{"damage":37.0,"enemies":"Slime Boss","floor":16.0,"turns":19.0},{"damage":3.0,"enemies":"Spheric Guardian","floor":18.0,"turns":4.0},{"damage":20.0,"enemies":"Masked Bandits","floor":19.0,"turns":6.0},{"damage":6.0,"enemies":"Shell Parasite","floor":20.0,"turns":6.0},{"damage":3.0,"enemies":"Shelled Parasite and Fungi","floor":24.0,"turns":6.0},{"damage":18.0,"enemies":"Slavers","floor":27.0,"turns":8.0},{"damage":2.0,"enemies":"Snecko","floor":28.0,"turns":7.0},{"damage":12.0,"enemies":"Sentry and Sphere","floor":30.0,"turns":7.0},{"damage":36.0,"enemies":"Collector","floor":33.0,"turns":19.0},{"damage":0.0,"enemies":"Orb Walker","floor":35.0,"turns":5.0},{"damage":14,"enemies":"3 Shapes","floor":36,"turns":5},{"damage":0,"enemies":"Mind Bloom Boss Battle","floor":37,"turns":8},{"damage":43,"enemies":"Maw","floor":38,"turns":6}],"seed_played":"6626293827994280571","potions_obtained":[{"floor":3.0,"key":"SkillPotion"},{"floor":16.0,"key":"SkillPotion"},{"floor":28.0,"key":"GamblersBrew"},{"floor":30.0,"key":"SpeedPotion"},{"floor":33.0,"key":"SkillPotion"},{"floor":35.0,"key":"BlessingOfTheForge"},{"floor":37,"key":"PowerPotion"}],"is_trial":false,"path_per_floor":["M","?","M","$","M","R","$","R","T","R","?","R","M","M","R","B",null,"M","?","M","?","$","R","M","?","T","E","M","R","M","$","R","B",null,"M","M","?","M"],"character_chosen":"THE_SILENT","items_purchased":["Nunchaku","Apotheosis"],"campfire_rested":3,"item_purchase_floors":[4,22],"current_hp_per_floor":[63,57,54,54,54,54,54,54,54,54,42,42,30,30,48,16,51,48,28,22,22,22,40,37,37,37,24,22,55,43,43,43,17,52,57,43,43,0,0],"gold":52,"neow_bonus":"ONE_RARE_RELIC","is_daily":false,"chose_seed":false,"campfire_upgraded":4,"win_rate":0.0,"timestamp":1612552799,"path_taken":["M","?","M","$","M","R","?","R","T","R","?","R","?","M","R","BOSS","M","?","M","?","$","R","M","?","T","E","?","R","M","?","R","BOSS","M","M","?","M"],"items_purchased_type":["Relic","Card"],"build_version":"2020-12-22","purchased_purges":0,"victory":false,"max_hp_per_floor":[63,63,63,63,63,63,63,63,63,63,63,63,63,63,63,63,63,63,63,63,63,63,63,63,63,63,63,63,63,63,63,63,63,63,63,63,63,63,63],"card_choices":[{"not_picked":["Slice","Cloak And Dagger"],"picked":"Footwork","floor":1.0},{"not_picked":["Calculated Gamble","Riddle With Holes"],"picked":"Backstab","floor":3.0},{"not_picked":["Bane","Riddle With Holes"],"picked":"Footwork","floor":5.0},{"not_picked":["Acrobatics","Underhanded Strike","Bane"],"picked":"SKIP","floor":13.0},{"not_picked":["Heel Hook","Cloak And Dagger"],"picked":"All Out Attack","floor":14.0},{"not_picked":["Adrenaline","Phantasmal Killer"],"picked":"Unload","floor":16.0},{"not_picked":["PiercingWail","Quick Slash+1","Masterful Stab"],"picked":"SKIP","floor":18.0},{"not_picked":["Flying Knee","Heel Hook","Acrobatics+1"],"picked":"SKIP","floor":20.0},{"not_picked":["Slice","Eviscerate","Quick Slash+1"],"picked":"SKIP","floor":24.0},{"not_picked":["Finisher","Expertise+1","Deadly Poison"],"picked":"SKIP","floor":27.0},{"not_picked":["Dodge and Roll","Skewer+1","Prepared"],"picked":"SKIP","floor":28.0},{"not_picked":["Deadly Poison","Backflip"],"picked":"Burst","floor":29.0},{"not_picked":["Flechettes","Deflect","Blade Dance"],"picked":"SKIP","floor":30.0},{"not_picked":["Storm of Steel","Wraith Form v2"],"picked":"Burst","floor":33.0},{"not_picked":["Dodge and Roll+1","Distraction"],"picked":"Noxious Fumes+1","floor":35.0},{"not_picked":["Riddle With Holes+1","Blade Dance"],"picked":"Bane+1","floor":36},{"not_picked":["Dagger Throw","PiercingWail+1"],"picked":"Bane","floor":37}],"player_experience":402131,"relics_obtained":[{"floor":9.0,"key":"Snake Skull"},{"floor":19.0,"key":"Red Mask"},{"floor":26.0,"key":"Dream Catcher"},{"floor":27.0,"key":"Regal Pillow"},{"floor":37,"key":"Old Coin"}],"event_choices":[{"damage_healed":0.0,"max_hp_gain":0.0,"max_hp_loss":0.0,"gold_gain":75.0,"event_name":"FaceTrader","player_choice":"Touch","floor":2.0,"gold_loss":0.0,"damage_taken":6.0},{"damage_healed":0.0,"max_hp_gain":0.0,"max_hp_loss":0.0,"gold_gain":0.0,"event_name":"Scrap Ooze","player_choice":"Success","floor":11.0,"gold_loss":0.0,"damage_taken":12.0,"relics_obtained":["Toy Ornithopter"]},{"damage_healed":0.0,"max_hp_gain":0.0,"max_hp_loss":0.0,"gold_gain":0.0,"event_name":"Masked Bandits","player_choice":"Fought Bandits","floor":19.0,"gold_loss":0.0,"damage_taken":0.0},{"damage_healed":0.0,"max_hp_gain":0.0,"max_hp_loss":0.0,"gold_gain":0.0,"event_name":"Beggar","player_choice":"Ignored","floor":21.0,"gold_loss":0.0,"damage_taken":0.0},{"damage_healed":0,"gold_gain":0,"player_choice":"Fight","damage_taken":0,"max_hp_gain":0,"max_hp_loss":0,"event_name":"MindBloom","floor":37,"gold_loss":0}],"is_beta":false,"boss_relics":[{"not_picked":["Black Star","Tiny House"],"picked":"Ectoplasm"},{"not_picked":["Coffee Dripper","Runic Pyramid"],"picked":"SacredBark"}],"items_purged_floors":[],"is_endless":false,"potions_floor_spawned":[3,16,28,30,33,35,37],"killed_by":"Maw","ascension_level":7}}