{"host":"e5u7qs1emxzejr12","time":1612533411,"event":{"mods":["100% Spire Juice","2.2 Compatiblity","Act Like it!","Arknights","Ascension Unlocker","BaseMod","CapriCore","Card Forge","Colored Powertips","Custom Start","GifTheSpireLib","Highlight Path","Minty Spire (QoL Compilation)","MostiFishMod","Quick Restart","Relic Filter Mod","Reliquary","Replay The Spire","StSLib","SuperFastMode","The Blackbeard","WarShipGirlsR/战舰少女R mod","篝火指南"],"gold_per_floor":[138,138,138,183,240,330,408,483,483,558,651,753,852,954,954,1209,1209,1272,421,421,478,567,673,186,305,355,447,555,667,667,780,609,856,856,919,919,919,1042,1151,1262,1378,1491,1569,1668,1496,1607,1215,1319,994,1034,1070,1070,937,799,925,1003],"floor_reached":57,"language":"ZHS","playtime":1528,"items_purged":[],"score":5089,"play_id":"10c684fe-d6ad-4e92-b497-8b5a06478aff","local_time":"20210205215651","daily_mods":["Heirloom","Flight","DeadlyEvents","Elite Swarm","Midas"],"is_ascension_mode":true,"campfire_choices":[{"floor":15,"key":"RECALL"}],"circlet_count":0,"master_deck":["AscendersBane","Scrape+1","Core Surge+1","Seek+1","MostiFishMod:DeathFromBelow+1","MostiFishMod:ButterFly+1","Gash+1","Gash+1","MostiFishMod:Overload+1","Gash+1"],"relics":["Cracked Core","Hammer of Thor","Seething Fire","Anvil of the Gods","DaveBox","PatriotShield","Bird Faced Urn","SynthV:TestCard","Replay:Kaleidoscope","reliquary:Knoch","Garlic","Grinning Jar","reliquary:SharkskinSheath","Unceasing Top","Chameleon Ring","Bottled Lightning","Replay:Bandana","RhineSuit","BirthdayGift-Icosahedron","reliquary:QuartzCube","Lizard Tail","Ying","Ice Cream","Toy Ornithopter","reliquary:ShortFuse","reliquary:Buckler","reliquary:HotPoker","Oddly Smooth Stone","Runic Capacitor","reliquary:RedCape","StoneCalendar","Bronze Scales","reliquary:BoilingFlask","ReplayTheSpireMod:Shallot","reliquary:WeakTea","reliquary:ExpiredCoupon","Pantograph","Peace Pipe","MostiFishMod:AdaptiveDefenses","ThornShield","Dodecahedron","Anchor","Prayer Wheel","Membership Card","Replay:Baseball","Boot","ReplayTheSpireMod:Ninjato","ImprovedEquipment","Pondfish Scales"],"acts_visited":["Exordium","TheCity","TheBeyond","TheEnding"],"potions_floor_usage":[56],"damage_taken":[{"damage":0.0,"enemies":"Jaw Worm","floor":1.0,"turns":1.0},{"damage":0,"enemies":"Small Slimes","floor":4,"turns":2},{"damage":0,"enemies":"Cultist","floor":5,"turns":1},{"damage":0,"enemies":"Lagavulin","floor":6,"turns":2},{"damage":0,"enemies":"3 Sentries","floor":7,"turns":2},{"damage":0,"enemies":"Lagavulin","floor":8,"turns":2},{"damage":0,"enemies":"3 Sentries","floor":10,"turns":2},{"damage":0,"enemies":"Lagavulin","floor":11,"turns":2},{"damage":0,"enemies":"Gremlin Nob","floor":12,"turns":2},{"damage":0,"enemies":"Lagavulin","floor":13,"turns":2},{"damage":0,"enemies":"Gremlin Nob","floor":14,"turns":1},{"damage":32,"enemies":"The Guardian","floor":16,"turns":3},{"damage":0,"enemies":"3 Byrds","floor":18,"turns":3},{"damage":0,"enemies":"Chosen","floor":21,"turns":1},{"damage":0,"enemies":"Slavers","floor":22,"turns":1},{"damage":0,"enemies":"Book of Stabbing","floor":23,"turns":1},{"damage":0,"enemies":"Slavers","floor":25,"turns":3},{"damage":0,"enemies":"Book of Stabbing","floor":27,"turns":1},{"damage":0,"enemies":"Slavers","floor":28,"turns":3},{"damage":0,"enemies":"Book of Stabbing","floor":29,"turns":1},{"damage":0,"enemies":"Gremlin Leader","floor":31,"turns":1},{"damage":0,"enemies":"Collector","floor":33,"turns":1},{"damage":0,"enemies":"Orb Walker","floor":35,"turns":1},{"damage":0,"enemies":"R_Hoarder","floor":38,"turns":2},{"damage":0,"enemies":"Nemesis","floor":39,"turns":1},{"damage":0,"enemies":"R_Hoarder","floor":40,"turns":1},{"damage":0,"enemies":"Nemesis","floor":41,"turns":1},{"damage":0,"enemies":"R_Hoarder","floor":42,"turns":2},{"damage":0,"enemies":"Reptomancer","floor":44,"turns":1},{"damage":0,"enemies":"Nemesis","floor":46,"turns":1},{"damage":0,"enemies":"Giant Head","floor":48,"turns":1},{"damage":0,"enemies":"Donu and Deca","floor":50,"turns":1},{"damage":0,"enemies":"Time Eater","floor":51,"turns":2},{"damage":0,"enemies":"Shield and Spear","floor":55,"turns":1},{"damage":18,"enemies":"The Heart","floor":56,"turns":4}],"seed_played":"5502781892711807226","potions_obtained":[{"floor":1.0,"key":"Reflective Coating"},{"floor":3.0,"key":"LiquidMemories"},{"floor":3.0,"key":"EntropicBrew"}],"is_trial":true,"path_per_floor":["M","?","?","M","M","E","E","E","T","E","E","E","E","E","R","B",null,"M","$","?","M","E","E","$","E","T","E","E","E","$","E","R","B",null,"M","?","T","E","E","E","E","E","T","E","R","E","R","E","R","B","B",null,"R","$","E","B",null],"character_chosen":"DEFECT","items_purchased":["BirthdayGift-Icosahedron","MostiFishMod:ButterFly","Ying","Ice Cream","Runic Capacitor","MostiFishMod:AdaptiveDefenses","Dodecahedron","Anchor","Gash","Membership Card","Replay:Baseball","Boot","ReplayTheSpireMod:Ninjato","ImprovedEquipment"],"campfire_rested":0,"item_purchase_floors":[19,19,24,24,32,45,47,47,47,49,49,49,53,54],"current_hp_per_floor":[64,64,64,64,64,64,64,64,64,64,64,64,64,64,64,32,61,61,61,61,62,71,71,71,71,71,71,71,71,71,71,71,71,71,71,71,71,71,71,71,71,71,71,71,71,71,71,71,71,71,71,71,71,71,71,65],"gold":1003,"neow_bonus":"","is_daily":false,"chose_seed":false,"campfire_upgraded":0,"win_rate":0.0,"timestamp":1612533411,"path_taken":["M","?","?","?","?","E","E","E","T","E","E","E","E","E","R","BOSS","M","$","?","?","?","E","$","E","T","E","E","E","$","E","R","BOSS","M","?","?","?","?","E","E","E","T","E","R","E","R","E","R","BOSS","BOSS","R","$","E","BOSS"],"items_purchased_type":["Relic","Card","Relic","Relic","Relic","Relic","Relic","Relic","Card","Relic","Relic","Relic","Relic","Relic"],"build_version":"2020-12-22","purchased_purges":0,"victory":true,"max_hp_per_floor":[71,71,71,71,71,71,71,71,71,71,71,71,71,71,71,71,71,71,71,71,71,71,71,71,71,71,71,71,71,71,71,71,71,71,71,71,71,71,71,71,71,71,71,71,71,71,71,71,71,71,71,71,71,71,71,71],"card_choices":[{"not_picked":["FIFO Queue","Coolheaded","BootSequence"],"picked":"SKIP","floor":1.0},{"not_picked":["Steam","Streamline","BasicCrystalCard","FIFO Queue"],"picked":"Scrape","floor":4},{"not_picked":["ReplaySort","Beam Cell","Cold Snap","Time Bomb","Reinforced Body"],"picked":"SKIP","floor":5},{"not_picked":["MostiFishMod:Distribution","Multi-Cast","Fission","MostiFishMod:ActiveDefenseSystem","ReplayRNGCard"],"picked":"SKIP","floor":6},{"not_picked":["MostiFishMod:Overload","Echo Form","Biased Cognition","Buffer","Thunder Strike"],"picked":"SKIP","floor":7},{"not_picked":["Mirror Shield","MostiFishMod:InterfaceCompatibility","MostiFishMod:Distribution","Amplify","Hyperbeam"],"picked":"SKIP","floor":8},{"not_picked":["MostiFishMod:StarOceanB","MostiFishMod:TalkingToTheRain","MostiFishMod:SeaWaves","Buffer"],"picked":"Core Surge","floor":10},{"not_picked":["Electrodynamics","Machine Learning","MostiFishMod:Distribution","Reboot","MostiFishMod:ActiveDefenseSystem"],"picked":"SKIP","floor":11},{"not_picked":["Meteor Strike","MostiFishMod:SeaWaves","MostiFishMod:Prepare","MostiFishMod:Exploitation"],"picked":"Seek","floor":12},{"not_picked":["Mirror Shield","MostiFishMod:IntelligentEquipment","Fission","MostiFishMod:TalkingToTheRain","Seek"],"picked":"SKIP","floor":13},{"not_picked":["MostiFishMod:Distribution","Echo Form","MostiFishMod:Overload","Buffer","ReplayRNGCard"],"picked":"SKIP","floor":14},{"not_picked":["MostiFishMod:Prepare","MostiFishMod:Distribution","Amplify","MostiFishMod:ReadyAimFire"],"picked":"MostiFishMod:DeathFromBelow","floor":16},{"not_picked":["Cold Snap","Reinforced Body","Panic Button","Streamline","Sweeping Beam"],"picked":"SKIP","floor":18},{"not_picked":["Compile Driver","MostiFishMod:PushDownKick","Hello World","Glacier"],"picked":"Gash","floor":21},{"not_picked":["Mirror Shield","Echo Form","Meteor Strike","MostiFishMod:ActiveDefenseSystem","MostiFishMod:StarOceanB"],"picked":"SKIP","floor":22},{"not_picked":["Thunder Strike","Mirror Shield","MostiFishMod:ATRI","Meteor Strike","Electrodynamics"],"picked":"SKIP","floor":23},{"not_picked":["MostiFishMod:StarOceanB","MostiFishMod:ActiveDefenseSystem","MostiFishMod:DawningShadow","ReplayRNGCard","MostiFishMod:ReadyAimFire"],"picked":"SKIP","floor":25},{"not_picked":["Machine Learning","MostiFishMod:Overload","MostiFishMod:DawningShadow","Amplify","ReplayTheSpireMod:Omega Cannon"],"picked":"SKIP","floor":27},{"not_picked":["Seek","MostiFishMod:DeathFromBelow","Reboot","Electrodynamics","MostiFishMod:Exploitation"],"picked":"SKIP","floor":28},{"not_picked":["MostiFishMod:InterfaceCompatibility","Biased Cognition","Amplify","MostiFishMod:StrandedSiren","MostiFishMod:Prepare"],"picked":"SKIP","floor":29},{"not_picked":["MostiFishMod:IntelligentEquipment","All For One","MostiFishMod:Hijack","MostiFishMod:TalkingToTheRain","Reboot"],"picked":"SKIP","floor":31},{"not_picked":["Redo","Darkness","Leap+1","Barrage","Beam Cell+1"],"picked":"SKIP","floor":35},{"not_picked":["Multi-Cast","Biased Cognition","Meteor Strike","Amplify"],"picked":"ReplayTheSpireMod:Omega Cannon","floor":38},{"not_picked":["Amplify","MostiFishMod:StarOceanB","MostiFishMod:SeaWaves","ReplayTheSpireMod:Omega Cannon","Echo Form"],"picked":"SKIP","floor":39},{"not_picked":["MostiFishMod:Overload","Echo Form","Biased Cognition","MostiFishMod:IntelligentEquipment","Multi-Cast"],"picked":"SKIP","floor":40},{"not_picked":["Echo Form","Biased Cognition","MostiFishMod:IntelligentEquipment","Multi-Cast"],"picked":"MostiFishMod:Overload","floor":40},{"not_picked":["MostiFishMod:ReadyAimFire","Meteor Strike","MostiFishMod:StrandedSiren","MostiFishMod:Culaccino","MostiFishMod:TalkingToTheRain"],"picked":"SKIP","floor":41},{"not_picked":["Buffer","Fission","ReplayRNGCard","MostiFishMod:Hijack","MostiFishMod:Nova"],"picked":"SKIP","floor":42},{"not_picked":["MostiFishMod:Exploitation","Buffer","MostiFishMod:ATRI","Fission","Machine Learning"],"picked":"SKIP","floor":44},{"not_picked":["MostiFishMod:SeaWaves","MostiFishMod:Distribution","Meteor Strike","MostiFishMod:Hijack","MostiFishMod:Exploitation"],"picked":"SKIP","floor":46},{"not_picked":["Creative AI","Echo Form","MostiFishMod:ReadyAimFire","Meteor Strike","Mirror Shield"],"picked":"SKIP","floor":48},{"not_picked":["Machine Learning","MostiFishMod:StrandedSiren","MostiFishMod:ReadyAimFire","MostiFishMod:TalkingToTheRain","Rainbow"],"picked":"SKIP","floor":55}],"player_experience":80511,"relics_obtained":[{"floor":1.0,"key":"SynthV:TestCard"},{"floor":6,"key":"Replay:Kaleidoscope"},{"floor":7,"key":"reliquary:Knoch"},{"floor":8,"key":"Garlic"},{"floor":9,"key":"Grinning Jar"},{"floor":10,"key":"reliquary:SharkskinSheath"},{"floor":11,"key":"Unceasing Top"},{"floor":12,"key":"Chameleon Ring"},{"floor":13,"key":"Bottled Lightning"},{"floor":14,"key":"Replay:Bandana"},{"floor":22,"key":"reliquary:QuartzCube"},{"floor":23,"key":"Lizard Tail"},{"floor":25,"key":"Toy Ornithopter"},{"floor":27,"key":"reliquary:ShortFuse"},{"floor":28,"key":"reliquary:Buckler"},{"floor":29,"key":"reliquary:HotPoker"},{"floor":31,"key":"Oddly Smooth Stone"},{"floor":37,"key":"StoneCalendar"},{"floor":38,"key":"Bronze Scales"},{"floor":39,"key":"reliquary:BoilingFlask"},{"floor":40,"key":"ReplayTheSpireMod:Shallot"},{"floor":41,"key":"reliquary:WeakTea"},{"floor":42,"key":"reliquary:ExpiredCoupon"},{"floor":43,"key":"Pantograph"},{"floor":44,"key":"Peace Pipe"},{"floor":46,"key":"ThornShield"},{"floor":48,"key":"Prayer Wheel"},{"floor":55,"key":"Pondfish Scales"}],"event_choices":[{"damage_healed":0.0,"max_hp_gain":0.0,"max_hp_loss":0.0,"gold_gain":0.0,"event_name":"Shining Light","player_choice":"Ignored","floor":2.0,"gold_loss":0.0,"damage_taken":0.0},{"damage_healed":0.0,"max_hp_gain":0.0,"max_hp_loss":0.0,"gold_gain":0.0,"event_name":"Lab","player_choice":"Got Potions","floor":3.0,"gold_loss":0.0,"damage_taken":0.0},{"damage_healed":0,"gold_gain":0,"player_choice":"Read","damage_taken":0,"max_hp_gain":0,"max_hp_loss":0,"event_name":"The Library","floor":20,"gold_loss":0,"cards_obtained":["Beam Cell"]},{"damage_healed":0,"gold_gain":0,"player_choice":"Ignored","damage_taken":0,"max_hp_gain":0,"max_hp_loss":0,"event_name":"Tomb of Lord Red Mask","floor":36,"gold_loss":0}],"is_beta":false,"boss_relics":[{"not_picked":["NightmareShop","BloodWine"],"picked":"RhineSuit"},{"not_picked":["Replay:Drink Me","Astrolabe"],"picked":"reliquary:RedCape"}],"items_purged_floors":[],"is_endless":false,"potions_floor_spawned":[1,5,8,11,16,22,25,28,31,33,39,40,41,44,46],"ascension_level":20}}