{"host":"65bhxfoqsqjg61le","time":1612505601,"event":{"mods":["2.2 Compatiblity","AchievementEnabler","BaseMod","Better Third Choice","Conspire","Curses Come First","Downfall","Energized Spire","Evolution","GifTheSpireLib","Hubris","Minty Spire (QoL Compilation)","RRrroohrrRGHHhhh!!","Rare Cards Sparkle","Replay The Spire","StSLib","Stuff the Spire","Wandering Minibosses","everything is the same but u backflip on backflip","slay the spire mod where everything is the same but ironclad has a cowboy hat"],"gold_per_floor":[117,117,117,117,42,72,72,85,85,85,110,123,123,133,133,133,133],"floor_reached":16,"language":"ENG","playtime":837,"items_purged":["rorgmod:LRU Cache"],"score":119,"play_id":"ccb6818e-8ede-4716-8547-e71bf5974ec1","local_time":"20210205011321","is_ascension_mode":true,"campfire_choices":[{"floor":7,"key":"REST"},{"floor":15,"key":"REST"}],"circlet_count":0,"master_deck":["rorgmod:LRU Cache+1","Strike_B","Strike_B","Defend_B","Defend_B+1","Defend_B","Defend_B","Zap","Dualcast+1","Cold Snap"],"relics":["Cracked Core","EVO:Axolotl","Slimebound:PreparedRelic","PreservedInsect"],"acts_visited":["Exordium"],"potions_floor_usage":[11,16],"damage_taken":[{"damage":2,"enemies":"Jaw Worm","floor":1,"turns":3},{"damage":31,"enemies":"3 Sentries","floor":6,"turns":7},{"damage":0,"enemies":"2 Louse","floor":8,"turns":2},{"damage":31,"enemies":"Lagavulin","floor":11,"turns":7},{"damage":0,"enemies":"Small Slimes","floor":12,"turns":2},{"damage":14,"enemies":"3 Louse","floor":14,"turns":2},{"damage":44,"enemies":"Hexaghost","floor":16,"turns":12}],"seed_played":"3009488162057064053","potions_obtained":[{"floor":8,"key":"Regen Potion"},{"floor":11,"key":"Dexterity Potion"},{"floor":12,"key":"Explosive Potion"}],"is_trial":false,"path_per_floor":["M","?","?","?","$","E","R","M","T","$","E","M","?","M","R","B"],"character_chosen":"DEFECT","items_purchased":[],"campfire_rested":2,"item_purchase_floors":[],"current_hp_per_floor":[73,73,73,58,58,27,49,49,49,49,33,33,33,19,41,0,0],"gold":133,"neow_bonus":"RANDOM_EVENT","is_daily":false,"chose_seed":false,"campfire_upgraded":0,"win_rate":0.0,"timestamp":1612505601,"path_taken":["M","?","?","?","$","E","R","M","T","?","E","?","?","M","R","BOSS"],"items_purchased_type":[],"build_version":"2020-12-22","purchased_purges":1,"victory":false,"max_hp_per_floor":[75,75,75,75,75,75,75,75,75,75,75,75,75,75,75,75,75],"card_choices":[{"not_picked":["rorgmod:LRU Cache","Doom and Gloom","Conserve Battery"],"picked":"SKIP","floor":1},{"not_picked":["StuffTheSpire:LoadUp","rorgmod:Overcurrent","Glacier"],"picked":"SKIP","floor":6},{"not_picked":["Stack","StuffTheSpire:NuclearReactor","rorgmod:Hot Sockets"],"picked":"SKIP","floor":8},{"not_picked":["Consume","rorgmod:Antivirus"],"picked":"Cold Snap","floor":11},{"not_picked":["Redo","Rebound","rorgmod:Hardcode"],"picked":"SKIP","floor":12},{"not_picked":["StuffTheSpire:Synthwave","rorgmod:Fuse Blower","rorgmod:Fragmentation"],"picked":"SKIP","floor":14}],"player_experience":1061040,"relics_obtained":[{"floor":6,"key":"Slimebound:PreparedRelic"},{"floor":11,"key":"PreservedInsect"}],"event_choices":[{"damage_healed":0,"gold_gain":0,"player_choice":"Ignored","damage_taken":0,"max_hp_gain":0,"max_hp_loss":0,"event_name":"Golden Wing","floor":2,"gold_loss":0},{"damage_healed":73,"gold_gain":0,"player_choice":"Upgrade","damage_taken":15,"max_hp_gain":0,"max_hp_loss":75,"event_name":"betterThird:BetterShining","floor":4,"gold_loss":0,"cards_upgraded":["rorgmod:LRU Cache","Defend_B"]},{"damage_healed":0,"gold_gain":0,"player_choice":"Ignored","damage_taken":123,"max_hp_gain":0,"max_hp_loss":0,"event_name":"betterThird:BetterSerpent","floor":13,"gold_loss":0}],"is_beta":false,"boss_relics":[],"items_purged_floors":[5],"is_endless":false,"potions_floor_spawned":[8,11,12],"killed_by":"Hexaghost","ascension_level":2}}