{"host":"1q02rw1wpi0nrsss","time":1612547155,"event":{"mods":["AchievementEnabler","BaseMod","Better Note","Custom Start","Dark Map","DeckTracker","Disable Question Mark Monsters","Hermit","Minty Spire (QoL Compilation)","Permanent Neow","Quick Restart","Rare Cards Sparkle","Relic Stats","StSLib","??????REMEMod"],"gold_per_floor":[111,129,4,16,16,16,29,90,166,183,183,215,215,227,227,331,331,343,359,359,359],"floor_reached":20,"language":"ENG","playtime":740,"items_purged":["Clumsy"],"score":214,"play_id":"e52d6ebc-627a-46f5-b6bb-86cb3307d257","local_time":"20210205094555","is_ascension_mode":true,"campfire_choices":[{"data":"Dagger Spray","floor":6.0,"key":"SMITH"},{"floor":13.0,"key":"REST"},{"floor":15.0,"key":"REST"}],"circlet_count":0,"master_deck":["Strike_G","Strike_G","Strike_G","Strike_G","Strike_G","Defend_G","Defend_G","Defend_G","Defend_G","Defend_G","Survivor","Neutralize","Dagger Spray+1","Dagger Throw","Deadly Poison","Adrenaline","Backstab","Deadly Poison","Envenom","Infinite Blades","Dagger Spray"],"relics":["Ring of the Snake","REME_ComplimentaryCards","REME_IWantAll","Turnip","InkBottle","Snake Skull","HoveringKite"],"acts_visited":["Exordium","TheCity"],"potions_floor_usage":[],"damage_taken":[{"damage":0.0,"enemies":"Cultist","floor":1.0,"turns":5.0},{"damage":0.0,"enemies":"Small Slimes","floor":2.0,"turns":2.0},{"damage":2.0,"enemies":"Jaw Worm","floor":4.0,"turns":4.0},{"damage":1.0,"enemies":"Looter","floor":7.0,"turns":4.0},{"damage":28.0,"enemies":"Lagavulin","floor":8.0,"turns":8.0},{"damage":0.0,"enemies":"2 Fungi Beasts","floor":10.0,"turns":2.0},{"damage":12.0,"enemies":"3 Sentries","floor":12.0,"turns":9.0},{"damage":16.0,"enemies":"Exordium Wildlife","floor":14.0,"turns":5.0},{"damage":35.0,"enemies":"The Guardian","floor":16.0,"turns":9.0},{"damage":0.0,"enemies":"Chosen","floor":18.0,"turns":3.0},{"damage":12.0,"enemies":"2 Thieves","floor":19.0,"turns":3.0},{"damage":59,"enemies":"Centurion and Healer","floor":20,"turns":4}],"seed_played":"3891504836373364195","potions_obtained":[{"floor":2.0,"key":"CunningPotion"},{"floor":7.0,"key":"REME_GoldPotion"},{"floor":10.0,"key":"GamblersBrew"},{"floor":16.0,"key":"Block Potion"},{"floor":19.0,"key":"REME_GoldPotion"}],"is_trial":false,"path_per_floor":["M","M","$","M","$","R","M","E","T","M","?","E","R","M","R","B",null,"M","M","M"],"character_chosen":"THE_SILENT","items_purchased":["Deadly Poison"],"campfire_rested":2,"item_purchase_floors":[3],"current_hp_per_floor":[70,70,70,68,68,68,67,39,39,39,39,27,48,32,53,18,70,70,58,0,0],"gold":359,"neow_bonus":"ONE_RARE_RELIC","is_daily":false,"chose_seed":false,"campfire_upgraded":1,"win_rate":0.0,"timestamp":1612547155,"path_taken":["M","M","$","M","$","R","M","E","T","M","?","E","R","M","R","BOSS","M","M","M"],"items_purchased_type":["Card"],"build_version":"2020-12-22","purchased_purges":1,"victory":false,"max_hp_per_floor":[70,70,70,70,70,70,70,70,70,70,70,70,70,70,70,70,70,70,70,70,70],"relic_stats":{"counters":[12,58],"HoveringKite":[4],"Turnip":[0],"Snake Skull":[36],"obtain_stats":[{"HoveringKite":17,"Turnip":8,"Snake Skull":12,"REME_IWantAll":0,"InkBottle":9,"Ring of the Snake":0,"REME_ComplimentaryCards":0},{"HoveringKite":9,"Turnip":5,"Snake Skull":7,"REME_IWantAll":0,"InkBottle":5,"Ring of the Snake":0,"REME_ComplimentaryCards":0},{"HoveringKite":48,"Turnip":23,"Snake Skull":34,"REME_IWantAll":0,"InkBottle":23,"Ring of the Snake":0,"REME_ComplimentaryCards":0}],"InkBottle":[11],"Ring of the Snake":[24]},"card_choices":[{"not_picked":["Outmaneuver","Cloak And Dagger"],"picked":"Dagger Spray","floor":1.0},{"not_picked":["Flying Knee","Reflex"],"picked":"Dagger Throw","floor":2.0},{"not_picked":["Skewer","Outmaneuver","Reflex"],"picked":"SKIP","floor":4.0},{"not_picked":["Reflex","REME_ShadowStrike","Bane"],"picked":"SKIP","floor":7.0},{"not_picked":["Predator","Dodge and Roll"],"picked":"Adrenaline","floor":8.0},{"not_picked":["Quick Slash","Acrobatics"],"picked":"Backstab","floor":10.0},{"not_picked":["Setup","Dagger Throw","Underhanded Strike"],"picked":"SKIP","floor":12.0},{"not_picked":["Dodge and Roll","Deflect"],"picked":"Deadly Poison","floor":14.0},{"not_picked":["REME_ShadowForm","Phantasmal Killer"],"picked":"Envenom","floor":16.0},{"not_picked":["Dagger Throw","Slice+1"],"picked":"Infinite Blades","floor":18.0},{"not_picked":["Quick Slash","Dodge and Roll"],"picked":"Dagger Spray","floor":19.0}],"player_experience":90316,"relics_obtained":[{"floor":8.0,"key":"Turnip"},{"floor":9.0,"key":"InkBottle"},{"floor":12.0,"key":"Snake Skull"}],"event_choices":[{"damage_healed":0.0,"max_hp_gain":0.0,"max_hp_loss":0.0,"gold_gain":0.0,"event_name":"Dead Adventurer","player_choice":"Searched \u00271\u0027 times","floor":11.0,"gold_loss":0.0,"damage_taken":0.0}],"is_beta":false,"boss_relics":[{"not_picked":["Snecko Eye","REME_DuelDisc"],"picked":"HoveringKite"}],"items_purged_floors":[3],"is_endless":false,"potions_floor_spawned":[2,7,10,16,19],"killed_by":"Centurion and Healer","ascension_level":3}}