{"host":"eaiphzh066bwqdh7","time":1612530768,"event":{"mods":["BaseMod","Better Note","Halation","Hubris","Minty Spire (QoL Compilation)","Reliquary","Replay The Spire","StSLib"],"gold_per_floor":[14,14,39,57,73,73,104,104,104,147,147,147,181,193,205,217,217],"floor_reached":16,"language":"ENG","playtime":573,"items_purged":[],"score":136,"play_id":"2d188ee2-2065-498b-bc40-f585352bfa0d","local_time":"20210205081248","is_ascension_mode":true,"campfire_choices":[{"floor":6,"key":"REST"},{"floor":8,"key":"REST"},{"floor":11,"key":"REST"},{"floor":15,"key":"REST"}],"circlet_count":0,"master_deck":["Strike_P","Strike_P","Strike_P","Strike_P","Defend_P","Defend_P","Defend_P","Defend_P","Eruption","Vigilance","hubris:EnhanceAbility","Prostrate","Scrawl","Prostrate"],"relics":["PureWater","Golden Idol","Onion Ring","Quantum Egg","reliquary:Stiletto","ReplayTheSpireMod:Ring of Collecting","Ring of Searing","MawBank"],"acts_visited":["Exordium"],"potions_floor_usage":[4,4,10,16],"damage_taken":[{"damage":1,"enemies":"Small Slimes","floor":1,"turns":6},{"damage":0,"enemies":"Jaw Worm","floor":3,"turns":5},{"damage":0,"enemies":"Cultist","floor":4,"turns":3},{"damage":0,"enemies":"Blue Slaver","floor":5,"turns":5},{"damage":52,"enemies":"3 Sentries","floor":7,"turns":14},{"damage":27,"enemies":"Replay:BlueRogue","floor":10,"turns":5},{"damage":10,"enemies":"Lagavulin","floor":13,"turns":5},{"damage":47,"enemies":"Hexaghost","floor":16,"turns":12}],"seed_played":"4093985758682587205","potions_obtained":[{"floor":1,"key":"SteroidPotion"},{"floor":3,"key":"Strength Potion"},{"floor":7,"key":"Block Potion"},{"floor":13,"key":"Energy Potion"}],"is_trial":false,"path_per_floor":["M","?","M","M","M","R","E","R","T","E","R","?","E","$","R","B"],"character_chosen":"WATCHER","items_purchased":[],"campfire_rested":4,"item_purchase_floors":[],"current_hp_per_floor":[71,53,53,53,53,72,20,41,41,14,35,35,25,25,46,0,0],"gold":217,"neow_bonus":"RANDOM_COLORLESS_2","is_daily":false,"chose_seed":false,"campfire_upgraded":0,"win_rate":0.0,"timestamp":1612530768,"path_taken":["M","?","M","M","M","R","E","R","T","E","R","?","E","?","R","BOSS"],"items_purchased_type":[],"build_version":"2020-12-22","purchased_purges":0,"victory":false,"max_hp_per_floor":[72,72,72,72,72,72,72,72,72,72,72,72,72,72,72,72,72],"card_choices":[{"not_picked":["Magnetism","Sadistic Nature"],"picked":"hubris:EnhanceAbility","floor":0},{"not_picked":["WheelKick","Replay:ManipulateFuture"],"picked":"Prostrate","floor":1},{"not_picked":["ThirdEye","SignatureMove","Halt"],"picked":"SKIP","floor":3},{"not_picked":["Adaptation","Vengeance","JustLucky"],"picked":"SKIP","floor":4},{"not_picked":["CutThroughFate","ThirdEye","TalkToTheHand"],"picked":"SKIP","floor":5},{"not_picked":["FollowUp","Nirvana"],"picked":"Scrawl","floor":7},{"not_picked":["Evaluate","ClearTheMind","CrushJoints"],"picked":"SKIP","floor":10},{"not_picked":["ForeignInfluence","Replay:Battleflow"],"picked":"Prostrate","floor":13}],"player_experience":257689,"relics_obtained":[{"floor":7,"key":"Onion Ring"},{"floor":9,"key":"Quantum Egg"},{"floor":10,"key":"reliquary:Stiletto"},{"floor":12,"key":"ReplayTheSpireMod:Ring of Collecting"},{"floor":12,"key":"Ring of Searing"},{"floor":13,"key":"MawBank"}],"event_choices":[{"damage_healed":0,"gold_gain":0,"player_choice":"Take Damage","damage_taken":18,"relics_obtained":["Golden Idol"],"max_hp_gain":0,"max_hp_loss":0,"event_name":"Golden Idol","floor":2,"gold_loss":0}],"is_beta":false,"boss_relics":[],"items_purged_floors":[],"is_endless":false,"potions_floor_spawned":[1,3,7,13],"killed_by":"Hexaghost","ascension_level":3}}