{"host":"yecadp3kwkksam5a","time":1612531078,"event":{"mods":["100% Spire Juice","Arknights","BaseMod","Minty Spire (QoL Compilation)","StSLib","SuperFastMode","The Cursed","WarShipGirlsR/??á´Ò³R mod"],"gold_per_floor":[115,126,139,149,149,149,168,203,203,203,203],"floor_reached":10,"language":"KOR","playtime":334,"items_purged":[],"score":119,"play_id":"273e0a9c-c679-4d41-aa17-e41b0df08c69","local_time":"20210205221758","is_ascension_mode":true,"campfire_choices":[{"data":"Defragment","floor":6,"key":"SMITH"}],"circlet_count":0,"master_deck":["AscendersBane","Strike_B","Defend_B","Defend_B","Defend_B","Defend_B","Zap","Dualcast","Coolheaded","Coolheaded","Ball Lightning","FTL","Defragment+1","Self Repair"],"relics":["Cracked Core","Omamori","Matryoshka"],"acts_visited":["Exordium"],"potions_floor_usage":[7,7,7],"damage_taken":[{"damage":4,"enemies":"Jaw Worm","floor":1,"turns":4},{"damage":4,"enemies":"2 Louse","floor":2,"turns":2},{"damage":6,"enemies":"Small Slimes","floor":3,"turns":7},{"damage":4,"enemies":"Looter","floor":4,"turns":3},{"damage":12,"enemies":"Gremlin Gang","floor":7,"turns":4},{"damage":6,"enemies":"3 Sentries","floor":8,"turns":8},{"damage":31,"enemies":"Gremlin Nob","floor":10,"turns":5}],"seed_played":"3727217679671666253","potions_obtained":[{"floor":2,"key":"EntropicBrew"},{"floor":3,"key":"Strength Potion"},{"floor":7,"key":"Swift Potion"}],"is_trial":false,"path_per_floor":["M","M","M","M","?","R","M","E","T","E"],"character_chosen":"DEFECT","items_purchased":[],"campfire_rested":0,"item_purchase_floors":[],"current_hp_per_floor":[60,56,50,46,46,46,34,28,28,0,0],"gold":203,"neow_bonus":"REMOVE_TWO","is_daily":false,"chose_seed":false,"campfire_upgraded":1,"win_rate":0.0,"timestamp":1612531078,"path_taken":["M","M","M","M","?","R","M","E","T","E"],"items_purchased_type":[],"build_version":"2020-12-22","purchased_purges":0,"victory":false,"max_hp_per_floor":[64,64,64,64,64,64,64,64,64,64,64],"card_choices":[{"not_picked":["Redo","Rebound"],"picked":"Coolheaded","floor":1},{"not_picked":["Undo","Double Energy"],"picked":"Coolheaded","floor":2},{"not_picked":["Lockon","Static Discharge"],"picked":"Ball Lightning","floor":3},{"not_picked":["Darkness","Cold Snap"],"picked":"FTL","floor":4},{"not_picked":["Steam","Reprogram","Beam Cell"],"picked":"SKIP","floor":7},{"not_picked":["Leap","Melter"],"picked":"Self Repair","floor":8}],"player_experience":600668,"relics_obtained":[{"floor":8,"key":"Omamori"},{"floor":9,"key":"Matryoshka"}],"event_choices":[{"damage_healed":0,"gold_gain":0,"cards_transformed":["Strike_B"],"player_choice":"Change","damage_taken":0,"max_hp_gain":0,"max_hp_loss":0,"event_name":"Living Wall","floor":5,"gold_loss":0,"cards_obtained":["Defragment"]}],"is_beta":false,"boss_relics":[],"items_purged_floors":[],"is_endless":false,"potions_floor_spawned":[2,3,7],"killed_by":"Gremlin Nob","ascension_level":14}}