{"host":"cfx7gfywkfguge4j","time":1612509517,"event":{"mods":["BaseMod","Lobotomy","LobotomyExtend","Minty Spire (QoL Compilation)","Replay The Spire","Shop Mod","StSLib","The Servant 0.9.4","[IsaacMod]ÒÔÈö¼âËþ"],"gold_per_floor":[118,118,130,142,156,156,182,194,219,251,251,176,203,213,213,318,318,330,330,330,330,348,383,383,383],"floor_reached":24,"language":"ZHS","playtime":865,"items_purged":["Strike_S"],"score":358,"play_id":"f343e72b-850a-4033-9072-121aa3af0881","local_time":"20210205151837","is_ascension_mode":true,"campfire_choices":[{"data":"Moondial","floor":6,"key":"SMITH"},{"data":"Moondial","floor":11,"key":"SMITH"}],"circlet_count":0,"master_deck":["Strike_S","Strike_S","Strike_S","Defend_S","Defend_S","Defend_S","Defend_S","KidneyShot+1","Exchange","BloodyBrimstone","Gouge","Moondial+1","Moondial+1","Barrier","Rearm","SilverMatrix","BottledTime+1","Embodiment","Moondial","BottledTime","Barrier+1"],"relics":["Uniform","HushsDoor","Chaos","LetterFromLob","EdensBlessing","RomanBracelet","MysterySword","Bottled Flame","PocketWatch","Enchiridion","Ring of Peace","ReplayTheSpireMod:Ring of Challenge","Mummified Hand","MagicBullet_r"],"acts_visited":["Exordium","TheCity"],"potions_floor_usage":[16],"damage_taken":[{"damage":5,"enemies":"2 Louse","floor":1,"turns":3},{"damage":2,"enemies":"Cultist","floor":3,"turns":5},{"damage":0,"enemies":"Jaw Worm","floor":4,"turns":1},{"damage":19,"enemies":"Large Slime","floor":5,"turns":6},{"damage":5,"enemies":"Lagavulin","floor":7,"turns":5},{"damage":0,"enemies":"Looter","floor":8,"turns":3},{"damage":0,"enemies":"Replay:BlueRogue","floor":10,"turns":5},{"damage":0,"enemies":"Lagavulin","floor":13,"turns":5},{"damage":0,"enemies":"Blue Slaver","floor":14,"turns":2},{"damage":13,"enemies":"Hexaghost","floor":16,"turns":9},{"damage":0,"enemies":"3 Byrds","floor":18,"turns":1},{"damage":12,"enemies":"2 Thieves","floor":22,"turns":3},{"damage":0,"enemies":"Gremlin Leader","floor":23,"turns":3}],"seed_played":"-3713342517011987141","potions_obtained":[{"floor":5,"key":"FairyPotion"},{"floor":8,"key":"Regen Potion"},{"floor":10,"key":"Explosive Potion"},{"floor":16,"key":"ColorlessPotion"}],"is_trial":false,"path_per_floor":["M","?","M","M","M","R","E","M","T","E","R","$","E","M","R","B",null,"M","?","?","?","M","E","M"],"character_chosen":"THE_SERVANT","items_purchased":[],"campfire_rested":0,"item_purchase_floors":[],"current_hp_per_floor":[60,60,58,58,39,39,34,34,34,34,34,34,34,34,52,54,59,59,43,43,33,21,21,21,21],"gold":383,"neow_bonus":"THREE_CARDS","is_daily":false,"chose_seed":false,"campfire_upgraded":2,"win_rate":0.0,"timestamp":1612509517,"path_taken":["M","?","?","M","?","R","E","M","T","E","R","$","E","M","R","BOSS","M","?","?","?","M","E","M"],"items_purchased_type":[],"build_version":"2020-12-22","purchased_purges":1,"victory":false,"max_hp_per_floor":[65,65,65,65,65,65,62,62,62,62,62,62,62,62,62,59,59,59,59,59,64,64,64,64,64],"card_choices":[{"not_picked":[],"picked":"BloodyBrimstone","floor":0},{"not_picked":["Alleviate","Barrier"],"picked":"Bomb","floor":0},{"not_picked":["Potential","ShatteredReality"],"picked":"Gouge","floor":1},{"not_picked":["Starlight","Spin"],"picked":"Bomb","floor":3},{"not_picked":["BestPractice","Revamp"],"picked":"Moondial","floor":4},{"not_picked":["Advance","ForgedInTime"],"picked":"Moondial","floor":5},{"not_picked":["FastForward","Advance"],"picked":"Barrier","floor":7},{"not_picked":["Alleviate","Advance"],"picked":"Rearm","floor":8},{"not_picked":["Rearm","Alleviate","Starlight"],"picked":"SKIP","floor":10},{"not_picked":["RealityMarble","Alleviate"],"picked":"SilverMatrix","floor":13},{"not_picked":["TimeWarp","Potential"],"picked":"BottledTime","floor":14},{"not_picked":["MurderousAura","FloweringNight"],"picked":"Embodiment","floor":16},{"not_picked":["Starlight","Snipe"],"picked":"Moondial","floor":18},{"not_picked":["Ricochet+1","WasteNot"],"picked":"BottledTime","floor":22},{"not_picked":["Ricochet+1","Rewind"],"picked":"Barrier+1","floor":23}],"player_experience":101441,"relics_obtained":[{"floor":4,"key":"LetterFromLob"},{"floor":7,"key":"EdensBlessing"},{"floor":9,"key":"RomanBracelet"},{"floor":10,"key":"MysterySword"},{"floor":13,"key":"Bottled Flame"},{"floor":19,"key":"Enchiridion"},{"floor":20,"key":"Ring of Peace"},{"floor":20,"key":"ReplayTheSpireMod:Ring of Challenge"},{"floor":23,"key":"Mummified Hand"}],"event_choices":[{"damage_healed":0,"gold_gain":0,"player_choice":"Obtained Book","damage_taken":16,"max_hp_gain":0,"max_hp_loss":0,"event_name":"Cursed Tome","floor":19,"gold_loss":0},{"damage_healed":0,"gold_gain":0,"player_choice":"Shed Blood","damage_taken":15,"max_hp_gain":5,"max_hp_loss":0,"event_name":"Forgotten Altar","floor":21,"gold_loss":0}],"is_beta":false,"boss_relics":[{"not_picked":["Ectoplasm","Eternal Feather"],"picked":"PocketWatch"},{"not_picked":[]}],"items_purged_floors":[12],"is_endless":false,"potions_floor_spawned":[5,8,10,14,16,23],"ascension_level":3}}