{"host":"swphzoo6hmc78epl","time":1612496141,"event":{"mods":["BaseMod","Highlight Path","Minty Spire (QoL Compilation)","Quick Restart"],"gold_per_floor":[118,118,118,129,204,204,237,247,270,281,31,31,31,47,47,149,149,165,183,282,482,502,502,502],"floor_reached":23,"language":"ENG","playtime":755,"items_purged":[],"score":248,"play_id":"82a50a7f-5bbb-4f74-a3c7-a580ed982041","local_time":"20210204223541","is_ascension_mode":true,"campfire_choices":[{"data":"Rebound","floor":6,"key":"SMITH"},{"data":"Creative AI","floor":12,"key":"SMITH"},{"data":"Storm","floor":15,"key":"SMITH"}],"circlet_count":0,"master_deck":["Strike_B","Strike_B","Strike_B","Defend_B","Defend_B","Defend_B","Defend_B","Zap","Dualcast","Static Discharge","Rebound+1","Storm+1","Creative AI+1","Compile Driver","Tempest","Thunder Strike","Heatsinks+1","Hologram","Auto Shields"],"relics":["Cracked Core","NeowsBlessing","Bag of Marbles","HornCleat","Frozen Egg 2","SlaversCollar"],"acts_visited":["Exordium","TheCity"],"potions_floor_usage":[14,22,22],"damage_taken":[{"damage":0,"enemies":"Small Slimes","floor":1,"turns":1},{"damage":0,"enemies":"Jaw Worm","floor":4,"turns":1},{"damage":0,"enemies":"Gremlin Nob","floor":7,"turns":1},{"damage":1,"enemies":"2 Louse","floor":8,"turns":3},{"damage":8,"enemies":"Blue Slaver","floor":10,"turns":4},{"damage":10,"enemies":"Gremlin Gang","floor":14,"turns":3},{"damage":16,"enemies":"The Guardian","floor":16,"turns":9},{"damage":48,"enemies":"3 Byrds","floor":18,"turns":4},{"damage":19,"enemies":"Spheric Guardian","floor":19,"turns":4},{"damage":29,"enemies":"Snake Plant","floor":22,"turns":3},{"damage":10,"enemies":"Chosen and Byrds","floor":23,"turns":1}],"seed_played":"7126687701168237798","potions_obtained":[{"floor":1,"key":"FairyPotion"},{"floor":7,"key":"SpeedPotion"},{"floor":10,"key":"BlessingOfTheForge"},{"floor":14,"key":"PotionOfCapacity"},{"floor":18,"key":"PowerPotion"},{"floor":19,"key":"Regen Potion"}],"is_trial":false,"path_per_floor":["M","?","?","M","?","R","E","M","T","M","$","R","$","M","R","B",null,"M","M","?","?","M","M"],"character_chosen":"DEFECT","items_purchased":["Frozen Egg 2"],"campfire_rested":0,"item_purchase_floors":[11],"current_hp_per_floor":[75,75,57,57,46,46,46,45,45,37,37,37,37,27,27,11,75,27,8,8,8,6,0,0],"gold":502,"neow_bonus":"THREE_ENEMY_KILL","is_daily":false,"chose_seed":false,"campfire_upgraded":3,"win_rate":0.0,"timestamp":1612496141,"path_taken":["M","?","?","M","?","R","E","M","T","M","$","R","?","M","R","BOSS","M","M","?","?","?","M"],"items_purchased_type":["Relic"],"build_version":"2020-12-22","purchased_purges":0,"victory":false,"max_hp_per_floor":[75,75,75,75,75,75,75,75,75,75,75,75,75,75,75,75,75,75,75,75,75,75,75,75],"card_choices":[{"not_picked":["Recycle","Loop"],"picked":"Static Discharge","floor":1},{"not_picked":["Beam Cell","White Noise"],"picked":"Rebound","floor":4},{"not_picked":["Leap","Hologram"],"picked":"Storm","floor":7},{"not_picked":["Rebound","Streamline"],"picked":"Creative AI","floor":8},{"not_picked":["Turbo","Steam"],"picked":"Compile Driver","floor":10},{"not_picked":["Steam","Recycle"],"picked":"Tempest","floor":14},{"not_picked":["Amplify","Echo Form+1"],"picked":"Thunder Strike","floor":16},{"not_picked":["Coolheaded","Rebound"],"picked":"Heatsinks+1","floor":18},{"not_picked":["Turbo+1","Aggregate"],"picked":"Hologram","floor":19},{"not_picked":["Hello World+1","Aggregate"],"picked":"Auto Shields","floor":22}],"player_experience":868393,"relics_obtained":[{"floor":7,"key":"HornCleat"}],"event_choices":[{"cards_removed":["Strike_B"],"damage_healed":0,"gold_gain":0,"player_choice":"Forget","damage_taken":0,"max_hp_gain":0,"max_hp_loss":0,"event_name":"Living Wall","floor":2,"gold_loss":0},{"damage_healed":0,"gold_gain":0,"player_choice":"Success","damage_taken":18,"relics_obtained":["Bag of Marbles"],"max_hp_gain":0,"max_hp_loss":0,"event_name":"Scrap Ooze","floor":3,"gold_loss":0},{"damage_healed":0,"gold_gain":75,"player_choice":"Gather Gold","damage_taken":11,"max_hp_gain":0,"max_hp_loss":0,"event_name":"World of Goop","floor":5,"gold_loss":0},{"damage_healed":0,"gold_gain":99,"player_choice":"Stole From Cult","damage_taken":0,"max_hp_gain":0,"max_hp_loss":0,"event_name":"Nest","floor":20,"gold_loss":0},{"damage_healed":0,"gold_gain":200,"player_choice":"Gold","damage_taken":0,"max_hp_gain":0,"max_hp_loss":0,"event_name":"Wheel of Change","floor":21,"gold_loss":0}],"is_beta":false,"boss_relics":[{"not_picked":["Pandora\u0027s Box","Sozu"],"picked":"SlaversCollar"}],"items_purged_floors":[],"is_endless":false,"potions_floor_spawned":[1,7,10,14,18,19],"killed_by":"Chosen and Byrds","ascension_level":3}}