{"host":"1bzbl1adcbkdzqlf","time":1612563675,"event":{"mods":["BaseMod","Minty Spire (QoL Compilation)","Slay the Relics Exporter"],"gold_per_floor":[156,156,190,222,147,147,147,217,217,255,282,282,30,67,67,193,193,206,206,241,241,116,116,166,166,189,244,259,109,189,201,201,331,331,345,345,345,60,60,94,94,94,119,129,129,162,188,288,288,288,288,288,82,113,113,113],"floor_reached":55,"language":"ENG","playtime":4757,"items_purged":["Strike_R","Strike_R","Strike_R","Strike_R","Defend_R"],"score":1092,"play_id":"0ea39982-35d1-4067-899a-ef80cb20a27f","local_time":"20210205162115","is_ascension_mode":true,"campfire_choices":[{"data":"Uppercut","floor":6,"key":"SMITH"},{"data":"Armaments","floor":12,"key":"SMITH"},{"floor":15,"key":"REST"},{"data":"HandOfGreed","floor":23,"key":"SMITH"},{"data":"1","floor":25,"key":"LIFT"},{"data":"2","floor":32,"key":"LIFT"},{"data":"3","floor":42,"key":"LIFT"},{"floor":49,"key":"RECALL"},{"data":"Double Tap","floor":52,"key":"SMITH"}],"circlet_count":0,"master_deck":["Defend_R","Defend_R","Defend_R","Bash","HandOfGreed+1","Uppercut+1","Thunderclap","Carnage","Armaments+1","Cleave","Inflame+1","Reaper","Disarm+1","Inflame+1","Disarm","Barricade+1","Entrench+1","Double Tap+1","Havoc+1","Shrug It Off","Mayhem+1","Brutality+1","Madness","Madness","Flame Barrier+1","Double Tap+1","Blood for Blood+1"],"relics":["Burning Blood","Frozen Egg 2","Juzu Bracelet","Meat on the Bone","Pen Nib","Tiny Chest","Sozu","Girya","Akabeko","Dream Catcher","Unceasing Top","Coffee Dripper","Eternal Feather","Matryoshka","Charon\u0027s Ashes","Gremlin Horn","Potion Belt","Bag of Marbles","PreservedInsect","Smiling Mask","DollysMirror","Self Forming Clay"],"acts_visited":["Exordium","TheCity","TheBeyond","TheEnding"],"potions_floor_usage":[8,11,16],"damage_taken":[{"damage":4,"enemies":"2 Louse","floor":1,"turns":3},{"damage":13,"enemies":"Jaw Worm","floor":3,"turns":4},{"damage":0,"enemies":"Cultist","floor":4,"turns":3},{"damage":22,"enemies":"3 Sentries","floor":8,"turns":7},{"damage":6,"enemies":"Looter","floor":10,"turns":2},{"damage":30,"enemies":"Gremlin Nob","floor":11,"turns":4},{"damage":4,"enemies":"Blue Slaver","floor":14,"turns":2},{"damage":44,"enemies":"Hexaghost","floor":16,"turns":8},{"damage":0,"enemies":"Spheric Guardian","floor":18,"turns":3},{"damage":17,"enemies":"Shell Parasite","floor":20,"turns":4},{"damage":23,"enemies":"Gremlin Leader","floor":24,"turns":5},{"damage":27,"enemies":"Book of Stabbing","floor":27,"turns":6},{"damage":7,"enemies":"Cultist and Chosen","floor":28,"turns":4},{"damage":60,"enemies":"Slavers","floor":30,"turns":6},{"damage":48,"enemies":"Shelled Parasite and Fungi","floor":31,"turns":5},{"damage":96,"enemies":"Collector","floor":33,"turns":9},{"damage":6,"enemies":"3 Shapes","floor":35,"turns":3},{"damage":50,"enemies":"Nemesis","floor":40,"turns":8},{"damage":2,"enemies":"3 Darklings","floor":44,"turns":2},{"damage":17,"enemies":"Giant Head","floor":46,"turns":5},{"damage":80,"enemies":"Awakened One","floor":50,"turns":10},{"damage":50,"enemies":"Shield and Spear","floor":54,"turns":3},{"damage":94,"enemies":"The Heart","floor":55,"turns":5}],"seed_played":"6478373959658676392","potions_obtained":[{"floor":3,"key":"DistilledChaos"},{"floor":10,"key":"Fire Potion"},{"floor":14,"key":"LiquidBronze"}],"is_trial":false,"path_per_floor":["M","?","M","M","$","R","$","E","T","M","E","R","$","M","R","B",null,"M","?","M","?","$","R","E","R","T","E","M","$","E","M","R","B",null,"M","?","T","$","?","E","T","R","T","M","?","E","T","?","R","B",null,"R","$","E","B"],"character_chosen":"IRONCLAD","items_purchased":["Tiny Chest","Matryoshka","Shrug It Off","DollysMirror"],"campfire_rested":1,"item_purchase_floors":[13,38,38,53],"current_hp_per_floor":[53,46,39,45,45,45,45,29,29,41,29,29,29,43,67,41,70,76,76,65,65,65,65,80,80,80,75,74,74,68,58,58,20,65,80,80,80,80,70,80,80,80,80,80,70,80,80,80,80,31,68,80,80,48,0,0],"gold":113,"neow_bonus":"RANDOM_COLORLESS_2","is_daily":false,"chose_seed":false,"campfire_upgraded":4,"win_rate":0.0,"timestamp":1612563675,"path_taken":["M","?","M","M","$","R","?","E","T","M","E","R","$","M","R","BOSS","M","?","M","?","$","R","E","R","T","E","M","$","E","M","R","BOSS","M","?","?","$","?","E","?","R","T","M","?","E","?","?","R","BOSS","R","$","E","BOSS"],"items_purchased_type":["Relic","Relic","Card","Relic"],"build_version":"2020-12-22","purchased_purges":5,"victory":false,"max_hp_per_floor":[80,80,80,80,80,80,80,80,80,80,80,80,80,80,80,80,80,80,80,80,80,80,80,80,80,80,80,80,80,80,80,80,80,80,80,80,80,80,80,80,80,80,80,80,80,80,80,80,80,80,80,80,80,80,80,80],"card_choices":[{"not_picked":["Secret Weapon","Panache"],"picked":"HandOfGreed","floor":0},{"not_picked":["Anger","Fire Breathing"],"picked":"Headbutt","floor":1},{"not_picked":["Rampage","Perfected Strike"],"picked":"Uppercut","floor":3},{"not_picked":["Heavy Blade","Bloodletting"],"picked":"Thunderclap","floor":4},{"not_picked":["Pummel","Heavy Blade"],"picked":"Carnage","floor":8},{"not_picked":["Hemokinesis","Infernal Blade"],"picked":"Armaments","floor":10},{"not_picked":["Warcry","Thunderclap"],"picked":"Cleave","floor":11},{"not_picked":["Iron Wave","Thunderclap"],"picked":"Inflame+1","floor":14},{"not_picked":["Juggernaut+1","Barricade+1"],"picked":"Reaper","floor":16},{"not_picked":["Sword Boomerang","Pommel Strike"],"picked":"Disarm+1","floor":18},{"not_picked":["Clothesline","Sword Boomerang+1"],"picked":"Inflame+1","floor":20},{"not_picked":["Burning Pact+1","Power Through","Perfected Strike+1"],"picked":"SKIP","floor":24},{"not_picked":["Headbutt","Body Slam"],"picked":"Disarm","floor":27},{"not_picked":["Armaments","Headbutt"],"picked":"Barricade+1","floor":28},{"not_picked":["Carnage","Clothesline","Bloodletting"],"picked":"SKIP","floor":30},{"not_picked":["Shrug It Off","Second Wind+1"],"picked":"Entrench+1","floor":31},{"not_picked":["Reaper","Bludgeon"],"picked":"Double Tap","floor":33},{"not_picked":["Clash","Intimidate"],"picked":"Havoc+1","floor":35},{"not_picked":["Trip","Discovery"],"picked":"Mayhem+1","floor":39},{"not_picked":["Wild Strike","Twin Strike+1"],"picked":"Brutality+1","floor":40},{"not_picked":["Rampage","Reckless Charge","Combust+1"],"picked":"SKIP","floor":44},{"not_picked":["Clash+1","Reckless Charge"],"picked":"Flame Barrier+1","floor":46},{"not_picked":["Inflame+1","Brutality+1"],"picked":"Blood for Blood+1","floor":54}],"player_experience":326975,"relics_obtained":[{"floor":8,"key":"Juzu Bracelet"},{"floor":9,"key":"Meat on the Bone"},{"floor":11,"key":"Pen Nib"},{"floor":24,"key":"Girya"},{"floor":26,"key":"Akabeko"},{"floor":27,"key":"Dream Catcher"},{"floor":30,"key":"Unceasing Top"},{"floor":37,"key":"Eternal Feather"},{"floor":40,"key":"Charon\u0027s Ashes"},{"floor":41,"key":"Gremlin Horn"},{"floor":41,"key":"Potion Belt"},{"floor":43,"key":"Bag of Marbles"},{"floor":43,"key":"PreservedInsect"},{"floor":46,"key":"Smiling Mask"},{"floor":54,"key":"Self Forming Clay"}],"event_choices":[{"damage_healed":0,"gold_gain":0,"player_choice":"Success","damage_taken":7,"relics_obtained":["Frozen Egg 2"],"max_hp_gain":0,"max_hp_loss":0,"event_name":"Scrap Ooze","floor":2,"gold_loss":0},{"cards_removed":["Strike_R"],"damage_healed":0,"gold_gain":0,"player_choice":"Offered Basic","damage_taken":0,"max_hp_gain":0,"max_hp_loss":0,"event_name":"Bonfire Elementals","floor":19,"gold_loss":0},{"damage_healed":0,"gold_gain":0,"player_choice":"Ignored","damage_taken":0,"max_hp_gain":0,"max_hp_loss":0,"event_name":"Ghosts","floor":21,"gold_loss":0},{"cards_removed":["Headbutt"],"damage_healed":0,"gold_gain":0,"player_choice":"Removed Attack","damage_taken":0,"max_hp_gain":0,"max_hp_loss":0,"event_name":"Falling","floor":36,"gold_loss":0},{"damage_healed":0,"gold_gain":0,"player_choice":"Memory 3","damage_taken":10,"max_hp_gain":0,"max_hp_loss":0,"event_name":"SensoryStone","floor":39,"gold_loss":0},{"damage_healed":0,"gold_gain":0,"player_choice":"Embrace Madness","damage_taken":10,"max_hp_gain":0,"max_hp_loss":0,"event_name":"Winding Halls","floor":45,"gold_loss":0,"cards_obtained":["Madness","Madness"]},{"damage_healed":0,"gold_gain":100,"player_choice":"Pray","damage_taken":0,"max_hp_gain":0,"max_hp_loss":0,"event_name":"Golden Shrine","floor":48,"gold_loss":0}],"is_beta":false,"boss_relics":[{"not_picked":["Runic Cube","Cursed Key"],"picked":"Sozu"},{"not_picked":["SlaversCollar","Fusion Hammer"],"picked":"Coffee Dripper"}],"items_purged_floors":[5,13,22,29,53],"is_endless":false,"potions_floor_spawned":[3,10,14,27,28,30,31,35,44],"killed_by":"The Heart","ascension_level":8}}