{"host":"2oyocw5a2vo2ihzm","time":1612514862,"event":{"mods":["BaseMod","Googly Eyes","Hermit","Minty Spire (QoL Compilation)","Replay The Spire","StSLib","The Bug Knight"],"gold_per_floor":[114,114,132,132,132,132,149,149,172,172,272,272,272,289,309,329,329,432,432,445,94,94,164,164,164,214,214,214,245,245,345,359,392,414,434,434],"floor_reached":35,"language":"ENG","playtime":2105,"items_purged":[],"score":267,"play_id":"d2ff8c3d-55e0-48cc-ad27-02d363f866ae","local_time":"20210205034742","is_ascension_mode":false,"campfire_choices":[{"data":"Seeing Red","floor":6,"key":"SMITH"},{"data":"Clothesline","floor":8,"key":"SMITH"},{"data":"Inflame","floor":17,"key":"SMITH"},{"floor":25,"key":"REST"},{"floor":27,"key":"REST"},{"floor":30,"key":"REST"}],"circlet_count":0,"master_deck":["Strike_R","Strike_R","Strike_R","Strike_R+1","Strike_R","Defend_R","Defend_R","Defend_R","Bash","Seeing Red+1","Body Slam","Clothesline+1","Twin Strike","Headbutt","Inflame+1","Feed","Dropkick","Metallicize","Mayhem","Blood for Blood","ReplayTheSpireMod:Strike From Hell","Delirium","Ghostly Armor","Sword Boomerang","Inflame"],"relics":["Burning Blood","Nunchaku","Black Star","SsserpentHead","ReplayTheSpireMod:TigerMarble","HollowMod:PaleOreRelic","Bottled Flame","FossilizedHelix","Ring of Greed","Replay:Bandana","Blue Doll","Ice Cream"],"acts_visited":["Exordium","TheCity"],"potions_floor_usage":[15,18,23,24,33,33,35,35,35],"damage_taken":[{"damage":0,"enemies":"Small Slimes","floor":1,"turns":4},{"damage":5,"enemies":"Cultist","floor":3,"turns":4},{"damage":1,"enemies":"2 Louse","floor":7,"turns":2},{"damage":0,"enemies":"Large Slime","floor":14,"turns":4},{"damage":13,"enemies":"Lots of Slimes","floor":15,"turns":4},{"damage":11,"enemies":"3 Louse","floor":16,"turns":3},{"damage":38,"enemies":"Fading Forest","floor":18,"turns":11},{"damage":30,"enemies":"Spheric Guardian","floor":20,"turns":4},{"damage":32,"enemies":"2 Thieves","floor":23,"turns":4},{"damage":0,"enemies":"Centurion and Healer","floor":24,"turns":3},{"damage":48,"enemies":"Book of Stabbing","floor":29,"turns":5},{"damage":21,"enemies":"Snake Plant","floor":32,"turns":5},{"damage":15,"enemies":"Cultist and Chosen","floor":33,"turns":4},{"damage":28,"enemies":"Champ","floor":35,"turns":5}],"seed_played":"-511612855887153865","potions_obtained":[{"floor":7,"key":"AttackPotion"},{"floor":15,"key":"SmokeBomb"},{"floor":16,"key":"SteroidPotion"},{"floor":32,"key":"SteroidPotion"},{"floor":33,"key":"EntropicBrew"}],"is_trial":false,"path_per_floor":["M","?","M","$","?","R","M","R","T","?","?","PTL","PTL","M","M","M","R","B",null,"M","$","?","M","M","R","?","R","T","E","R","?","M","M","R","B"],"character_chosen":"IRONCLAD","items_purchased":["Metallicize","Fruit Juice","Mayhem"],"campfire_rested":3,"item_purchase_floors":[21,21,21],"current_hp_per_floor":[80,80,80,80,80,80,80,80,80,80,80,80,80,80,73,68,68,46,80,59,59,59,41,47,74,74,91,91,52,80,80,65,56,19,0,0],"gold":434,"neow_bonus":"","is_daily":false,"chose_seed":false,"campfire_upgraded":3,"win_rate":0.0,"timestamp":1612514862,"path_taken":["M","?","?","$","?","R","M","R","T","?","?","PTL","PTL","M","M","M","R","BOSS","M","$","?","?","M","R","?","R","T","E","R","?","M","M","R","BOSS"],"items_purchased_type":["Card","Potion","Card"],"build_version":"2020-12-22","purchased_purges":0,"victory":false,"max_hp_per_floor":[80,80,80,80,80,80,80,80,80,80,80,80,80,80,80,80,80,80,80,83,83,83,91,91,91,91,91,91,94,94,94,94,94,94,94,94],"card_choices":[{"not_picked":["Sword Boomerang","Dual Wield"],"picked":"Seeing Red","floor":1},{"not_picked":["Disarm","Power Through"],"picked":"Body Slam","floor":3},{"not_picked":["Warcry","Headbutt"],"picked":"Clothesline","floor":7},{"not_picked":["Sword Boomerang","Warcry"],"picked":"Twin Strike","floor":14},{"not_picked":["Second Wind","Clash"],"picked":"Headbutt","floor":15},{"not_picked":["Reckless Charge","Twin Strike"],"picked":"Inflame","floor":16},{"not_picked":["Fiend Fire","Berserk"],"picked":"Feed","floor":18},{"not_picked":["Sword Boomerang","ReplayTheSpireMod:Strike From Hell"],"picked":"Dropkick","floor":20},{"not_picked":["True Grit","Body Slam+1"],"picked":"Blood for Blood","floor":23},{"not_picked":["Second Wind+1","Clash"],"picked":"ReplayTheSpireMod:Strike From Hell","floor":29},{"not_picked":["Searing Blow","Feel No Pain"],"picked":"Ghostly Armor","floor":32},{"not_picked":["Clash","Headbutt"],"picked":"Sword Boomerang","floor":33},{"not_picked":["Metallicize","ReplayReversal+1"],"picked":"Inflame","floor":34}],"player_experience":0,"relics_obtained":[{"floor":9,"key":"Nunchaku"},{"floor":28,"key":"HollowMod:PaleOreRelic"},{"floor":29,"key":"Bottled Flame"},{"floor":29,"key":"FossilizedHelix"},{"floor":31,"key":"Ring of Greed"},{"floor":31,"key":"Replay:Bandana"},{"floor":31,"key":"Blue Doll"},{"floor":34,"key":"Ice Cream"}],"event_choices":[{"cards_removed":["Defend_R"],"damage_healed":0,"gold_gain":0,"player_choice":"Offered Basic","damage_taken":0,"max_hp_gain":0,"max_hp_loss":0,"event_name":"Bonfire Elementals","floor":2,"gold_loss":0},{"damage_healed":0,"gold_gain":0,"player_choice":"Ignored","damage_taken":0,"max_hp_gain":0,"max_hp_loss":0,"event_name":"Liars Game","floor":5,"gold_loss":0},{"damage_healed":0,"gold_gain":100,"player_choice":"Pray","damage_taken":0,"max_hp_gain":0,"max_hp_loss":0,"event_name":"Golden Shrine","floor":11,"gold_loss":0},{"damage_healed":0,"gold_gain":0,"player_choice":"Trade","damage_taken":0,"relics_obtained":["SsserpentHead"],"max_hp_gain":0,"max_hp_loss":0,"event_name":"FaceTrader","floor":22,"gold_loss":0}],"is_beta":false,"boss_relics":[{"not_picked":["Electric Blood","Fusion Hammer"],"picked":"Black Star"}],"items_purged_floors":[],"is_endless":false,"potions_floor_spawned":[7,15,16,32,33],"killed_by":"Champ","ascension_level":0}}