{"host":"5jdby9iqu3ct6557","time":1612492605,"event":{"mods":["BaseMod","DeckTracker","Highlight Path","Minty Spire (QoL Compilation)","Relic Stats","StSLib"],"gold_per_floor":[109,119,119,44,60,87,87,132,132,132,166,166,208,244,244,321,321,365,422,468,468,88,88,116,116,116,150,150,150,163,176,176,206,206],"floor_reached":33,"language":"ENG","playtime":4611,"items_purged":["Writhe"],"score":590,"play_id":"353af548-6119-41ef-ae20-4557c8f4ab5e","local_time":"20210204213645","is_ascension_mode":true,"campfire_choices":[{"data":"LessonLearned","floor":7.0,"key":"SMITH"},{"floor":10.0,"key":"REST"},{"data":"Wish","floor":15.0,"key":"SMITH"},{"floor":23,"key":"REST"},{"floor":25,"key":"REST"},{"floor":32,"key":"REST"}],"circlet_count":0,"master_deck":["AscendersBane","Defend_P+1","Defend_P+1","Eruption+1","Vigilance+1","LessonLearned+1","EmptyFist+1","ForeignInfluence+1","ThirdEye+1","CutThroughFate+1","Wish+1","EmptyBody+1","TalkToTheHand+1","Conclude+1","DeusExMachina+1","SignatureMove+1","Sanctity+1","Collect+1","BowlingBash+1","LessonLearned+1","WindmillStrike+1","Vault","Alpha","Vault"],"relics":["PureWater","Orichalcum","Molten Egg 2","Unceasing Top","CaptainsWheel","Astrolabe","Red Mask","PreservedInsect","Gambling Chip","Happy Flower","NlothsMask"],"acts_visited":["Exordium","TheCity"],"potions_floor_usage":[19,24],"damage_taken":[{"damage":1.0,"enemies":"Cultist","floor":1.0,"turns":3.0},{"damage":0.0,"enemies":"Small Slimes","floor":2.0,"turns":3.0},{"damage":8.0,"enemies":"2 Louse","floor":5.0,"turns":3.0},{"damage":16.0,"enemies":"Lagavulin","floor":6.0,"turns":5.0},{"damage":10.0,"enemies":"Looter","floor":8.0,"turns":4.0},{"damage":10.0,"enemies":"Gremlin Nob","floor":11.0,"turns":3.0},{"damage":1.0,"enemies":"Large Slime","floor":13.0,"turns":8.0},{"damage":0.0,"enemies":"Gremlin Gang","floor":14.0,"turns":6.0},{"damage":32,"enemies":"The Guardian","floor":16,"turns":13},{"damage":10,"enemies":"2 Thieves","floor":18,"turns":5},{"damage":0,"enemies":"Masked Bandits","floor":19,"turns":3},{"damage":3,"enemies":"Spheric Guardian","floor":20,"turns":4},{"damage":15,"enemies":"Slavers","floor":24,"turns":5},{"damage":5,"enemies":"Book of Stabbing","floor":27,"turns":5},{"damage":12,"enemies":"3 Cultists","floor":30,"turns":5},{"damage":21,"enemies":"Snake Plant","floor":31,"turns":5},{"damage":64,"enemies":"Collector","floor":33,"turns":9}],"seed_played":"3174666354167030434","potions_obtained":[{"floor":2.0,"key":"SkillPotion"},{"floor":5.0,"key":"DistilledChaos"},{"floor":8.0,"key":"Fire Potion"},{"floor":18,"key":"LiquidMemories"},{"floor":27,"key":"BlessingOfTheForge"}],"is_trial":false,"path_per_floor":["M","M","$","$","M","E","R","M","T","R","E","?","M","M","R","B",null,"M","?","M","?","$","R","E","R","T","E","?","?","M","M","R","B"],"character_chosen":"WATCHER","items_purchased":["Vault","Alpha","Swift Potion"],"campfire_rested":4,"item_purchase_floors":[22,22,22],"current_hp_per_floor":[60,60,60,60,52,36,36,26,26,46,36,36,35,35,35,3,52,42,42,39,39,39,59,44,64,64,59,59,59,47,26,46,0,0],"gold":206,"neow_bonus":"TRANSFORM_TWO_CARDS","is_daily":false,"chose_seed":false,"campfire_upgraded":2,"win_rate":0.0,"timestamp":1612492605,"path_taken":["M","M","?","$","M","E","R","M","T","R","E","?","M","M","R","BOSS","M","?","M","?","$","R","E","R","T","E","?","?","M","M","R","BOSS"],"items_purchased_type":["Card","Card","Potion"],"build_version":"2020-12-22","purchased_purges":1,"victory":false,"max_hp_per_floor":[68,68,68,68,68,68,68,68,68,68,68,68,68,68,68,68,68,68,68,68,68,68,68,68,68,68,68,68,68,68,68,68,68,68],"relic_stats":{"Happy Flower":[6],"counters":[17,89],"Astrolabe":["SignatureMove","Sanctity","Collect"],"Gambling Chip":[17],"PreservedInsect":43,"Orichalcum":[78],"obtain_stats":[{"CaptainsWheel":12,"Happy Flower":27,"Astrolabe":17,"Gambling Chip":26,"Molten Egg 2":9,"PreservedInsect":24,"Red Mask":19,"PureWater":0,"Orichalcum":6,"Unceasing Top":11,"NlothsMask":29},{"CaptainsWheel":6,"Happy Flower":14,"Astrolabe":9,"Gambling Chip":13,"Molten Egg 2":5,"PreservedInsect":13,"Red Mask":11,"PureWater":0,"Orichalcum":4,"Unceasing Top":6,"NlothsMask":14},{"CaptainsWheel":21,"Happy Flower":70,"Astrolabe":48,"Gambling Chip":65,"Molten Egg 2":18,"PreservedInsect":65,"Red Mask":56,"PureWater":0,"Orichalcum":14,"Unceasing Top":21,"NlothsMask":70}],"Unceasing Top":[0]},"card_choices":[{"not_picked":["PathToVictory","WreathOfFlame"],"picked":"ForeignInfluence","floor":1.0},{"not_picked":["JustLucky","Collect"],"picked":"ThirdEye","floor":2.0},{"not_picked":["Consecrate","DevaForm"],"picked":"CutThroughFate","floor":5.0},{"not_picked":["ReachHeaven","CutThroughFate"],"picked":"Wish","floor":6.0},{"not_picked":["CrushJoints","Wireheading"],"picked":"EmptyBody","floor":8.0},{"not_picked":["FlurryOfBlows+1","ClearTheMind"],"picked":"TalkToTheHand+1","floor":11.0},{"not_picked":["Worship","Prostrate"],"picked":"Conclude+1","floor":13.0},{"not_picked":["Judgement","Blasphemy"],"picked":"DeusExMachina","floor":16},{"not_picked":["FollowUp+1","ThirdEye"],"picked":"BowlingBash+1","floor":19},{"not_picked":["Collect+1","WheelKick+1"],"picked":"Nirvana","floor":20},{"not_picked":["JustLucky+1","Vengeance+1"],"picked":"Vault","floor":27}],"player_experience":2515352,"relics_obtained":[{"floor":6.0,"key":"Orichalcum"},{"floor":9.0,"key":"Molten Egg 2"},{"floor":11.0,"key":"Unceasing Top"},{"floor":19,"key":"Red Mask"},{"floor":24,"key":"PreservedInsect"},{"floor":26,"key":"Gambling Chip"},{"floor":27,"key":"Happy Flower"}],"event_choices":[{"damage_healed":0.0,"max_hp_gain":0.0,"max_hp_loss":0.0,"gold_gain":0.0,"event_name":"WeMeetAgain","player_choice":"Gave Potion","floor":12.0,"gold_loss":0.0,"damage_taken":0.0,"relics_obtained":["CaptainsWheel"]},{"damage_healed":0,"gold_gain":0,"player_choice":"Fought Bandits","damage_taken":0,"max_hp_gain":0,"max_hp_loss":0,"event_name":"Masked Bandits","floor":19,"gold_loss":0},{"damage_healed":0,"gold_gain":0,"cards_transformed":["Strike_P","Nirvana"],"player_choice":"Became Test Subject","damage_taken":0,"max_hp_gain":0,"max_hp_loss":0,"event_name":"Drug Dealer","floor":21,"gold_loss":0,"cards_obtained":["LessonLearned","WindmillStrike"]},{"damage_healed":0,"gold_gain":0,"player_choice":"Ignored","damage_taken":0,"max_hp_gain":0,"max_hp_loss":0,"event_name":"Beggar","floor":28,"gold_loss":0},{"damage_healed":0,"gold_gain":0,"player_choice":"Trade","damage_taken":0,"relics_obtained":["NlothsMask"],"max_hp_gain":0,"max_hp_loss":0,"event_name":"FaceTrader","floor":29,"gold_loss":0}],"is_beta":false,"boss_relics":[{"not_picked":["Coffee Dripper","Ectoplasm"],"picked":"Astrolabe"}],"items_purged_floors":[4],"is_endless":false,"potions_floor_spawned":[2,5,8,11,18,27],"killed_by":"Collector","ascension_level":20}}