{"host":"Bilverbakes","time":1612553940,"event":{"mods":["2.2 Compatiblity","AchievementEnabler","BaseMod","Bestiary","Colored Map","Minty Spire (QoL Compilation)","Relic Stats","StSLib","ojb\u0027s Info Mod"],"gold_per_floor":[109,79,97,97,107,133,133,161,161,180,180,23,52,64,64,64,64],"floor_reached":16,"language":"ENG","playtime":614,"items_purged":[],"score":220,"play_id":"17efbaf2-b734-4851-b6d0-85044cc1c2f3","local_time":"20210205133900","is_ascension_mode":true,"campfire_choices":[{"floor":7.0,"key":"REST"},{"data":"Finisher","floor":11.0,"key":"SMITH"},{"data":"Malaise","floor":15.0,"key":"SMITH"}],"circlet_count":0,"master_deck":["AscendersBane","Strike_G","Strike_G","Strike_G","Strike_G","Strike_G","Defend_G","Defend_G","Defend_G","Defend_G","Defend_G","Survivor","Neutralize","Deadly Poison","Riddle With Holes","Endless Agony","Finisher+1","Malaise+1","Cloak And Dagger","Dagger Spray","Venomology","Backstab","Dash"],"relics":["Ring of the Snake","CaptainsWheel","Prayer Wheel","Matryoshka","Letter Opener","Akabeko","Singing Bowl","OrangePellets","Odd Mushroom"],"acts_visited":["Exordium"],"potions_floor_usage":[16],"damage_taken":[{"damage":0.0,"enemies":"2 Louse","floor":1.0,"turns":4.0},{"damage":0.0,"enemies":"Cultist","floor":3.0,"turns":4.0},{"damage":1.0,"enemies":"Small Slimes","floor":5.0,"turns":3.0},{"damage":27.0,"enemies":"3 Sentries","floor":6.0,"turns":11.0},{"damage":9.0,"enemies":"Gremlin Nob","floor":8.0,"turns":4.0},{"damage":4.0,"enemies":"3 Louse","floor":10.0,"turns":3.0},{"damage":3.0,"enemies":"The Mushroom Lair","floor":13.0,"turns":3.0},{"damage":0.0,"enemies":"Large Slime","floor":14.0,"turns":3.0},{"damage":1,"enemies":"The Guardian","floor":16,"turns":7}],"seed_played":"4222025169083155161","potions_obtained":[{"floor":2.0,"key":"Regen Potion"},{"floor":2.0,"key":"FearPotion"},{"floor":5.0,"key":"CunningPotion"},{"floor":8.0,"key":"Weak Potion"},{"floor":10.0,"key":"BlessingOfTheForge"}],"is_trial":false,"path_per_floor":["M","?","M","?","M","E","R","E","T","M","R","$","?","M","R","B"],"character_chosen":"THE_SILENT","items_purchased":["OrangePellets"],"campfire_rested":1,"item_purchase_floors":[12],"current_hp_per_floor":[44,44,44,39,38,11,30,21,21,19,19,19,16,16,16,15,15],"gold":64,"neow_bonus":"ONE_RARE_RELIC","is_daily":false,"chose_seed":false,"campfire_upgraded":2,"win_rate":0.0,"timestamp":1612553940,"path_taken":["M","?","?","?","M","E","R","E","T","M","R","$","?","M","R","BOSS"],"items_purchased_type":["Relic"],"build_version":"2020-12-18","purchased_purges":0,"victory":false,"max_hp_per_floor":[66,66,66,66,66,66,66,66,66,68,68,68,68,68,68,68,68],"relic_stats":{"OrangePellets":[0],"Singing Bowl":2,"counters":[9,42],"Prayer Wheel":3,"Letter Opener":[5],"obtain_stats":[{"OrangePellets":12,"CaptainsWheel":0,"Matryoshka":6,"Singing Bowl":9,"Prayer Wheel":4,"Letter Opener":8,"Odd Mushroom":13,"Akabeko":9,"Ring of the Snake":0},{"OrangePellets":6,"CaptainsWheel":0,"Matryoshka":4,"Singing Bowl":5,"Prayer Wheel":2,"Letter Opener":5,"Odd Mushroom":7,"Akabeko":5,"Ring of the Snake":0},{"OrangePellets":29,"CaptainsWheel":0,"Matryoshka":22,"Singing Bowl":26,"Prayer Wheel":8,"Letter Opener":26,"Odd Mushroom":32,"Akabeko":26,"Ring of the Snake":0}],"Ring of the Snake":[19]},"card_choices":[{"not_picked":["Deflect","Infinite Blades"],"picked":"Deadly Poison","floor":1.0},{"not_picked":["Quick Slash","Slice"],"picked":"Riddle With Holes","floor":3.0},{"not_picked":["Masterful Stab","Acrobatics"],"picked":"Endless Agony","floor":5.0},{"not_picked":["Expertise","Reflex"],"picked":"Finisher","floor":5.0},{"not_picked":["Poisoned Stab","Acrobatics"],"picked":"Malaise","floor":6.0},{"not_picked":["Footwork","Bane"],"picked":"Cloak And Dagger","floor":8.0},{"not_picked":["Deflect","PiercingWail","Acrobatics"],"picked":"Singing Bowl","floor":10.0},{"not_picked":["Poisoned Stab","Distraction"],"picked":"Dagger Spray","floor":10.0},{"not_picked":["Prepared","Bane"],"picked":"Venomology","floor":13.0},{"not_picked":["Riddle With Holes","Underhanded Strike"],"picked":"Backstab","floor":14.0},{"not_picked":["Choke","Deflect"],"picked":"Dash","floor":14.0}],"player_experience":903047,"relics_obtained":[{"floor":6.0,"key":"Matryoshka"},{"floor":8.0,"key":"Letter Opener"},{"floor":9.0,"key":"Akabeko"},{"floor":9.0,"key":"Singing Bowl"},{"floor":13.0,"key":"Odd Mushroom"}],"event_choices":[{"damage_healed":0.0,"max_hp_gain":0.0,"max_hp_loss":0.0,"gold_gain":0.0,"event_name":"The Woman in Blue","player_choice":"Bought 2 Potions","floor":2.0,"gold_loss":0.0,"damage_taken":0.0},{"damage_healed":0.0,"max_hp_gain":0.0,"max_hp_loss":0.0,"gold_gain":0.0,"event_name":"Scrap Ooze","player_choice":"Success","floor":4.0,"gold_loss":0.0,"damage_taken":5.0,"relics_obtained":["Prayer Wheel"]},{"damage_healed":0.0,"max_hp_gain":0.0,"max_hp_loss":0.0,"gold_gain":0.0,"event_name":"Mushrooms","player_choice":"Fought Mushrooms","floor":13.0,"gold_loss":0.0,"damage_taken":0.0}],"is_beta":true,"boss_relics":[],"items_purged_floors":[],"is_endless":false,"potions_floor_spawned":[5,8,10,14],"killed_by":"The Guardian","ascension_level":20}}