{"host":"4333ugbd3tcpphs5","time":1612535711,"event":{"mods":["Act Like it!","Aspiration","Astrologer","Bard","BaseMod","Beaked The Cultist","Bestiary","BetterRewards","Block Reminder","Bossed Relics","Colored Map","Colored Powertips","Conspire","Curses Come First","Disable Question Mark Monsters","Energized Spire","Glutton Mod","Halation","Hermit","Hubris","Infinite Spire","Keyboard Shortcuts","Marisa????????","Minty Spire (QoL Compilation)","Prisma Mod","Quick Restart","Rare Cards Sparkle","Replay The Spire","Spicy Shops","StSLib","SuperFastMode","Synergy Search","The Cursed","The Necromancer","The Sage","Transform Curses","Treasure Hunter"],"gold_per_floor":[111,111,111,111,125,158,185,210,222,234,261,299,328,340,352,460,472,494,506,531,543,555,581,593,605,647,659,694,720,732,684,712,724,736,853,865,892,904,929,953,965,977,1023,1035,1116,1128,357,357,357,369,369,474,474,470,470,470,471,483,475,475,475,526,523,524,524,538,533,533,603,603,601,601,601,601,582,582],"floor_reached":75,"language":"ENG","playtime":3960,"items_purged":[],"score":1268,"play_id":"4bf8277e-2ad4-470b-8fb8-e5ffab74c955","local_time":"20210205093511","is_ascension_mode":false,"campfire_choices":[{"floor":10,"key":"REST"},{"data":"Summon_Undead","floor":15,"key":"SMITH"},{"data":"TH:BikiniMail","floor":25,"key":"SMITH"},{"data":"Death_March_Dance","floor":27,"key":"SMITH"},{"data":"TH:TreasureMap","floor":30,"key":"SMITH"},{"floor":34,"key":"DIG"},{"data":"Grasp_Heart","floor":42,"key":"SMITH"},{"data":"Hellfire","floor":44,"key":"SMITH"},{"data":"TH:ElvenBoots","floor":46,"key":"SMITH"},{"data":"TH:BikiniMail","floor":51,"key":"SMITH"},{"data":"Shackles_Of_Pain","floor":61,"key":"SMITH"},{"data":"Summon_Undead","floor":65,"key":"SMITH"},{"data":"Siphon_Strength","floor":68,"key":"SMITH"}],"circlet_count":1,"master_deck":["Defend_W","Defend_W","Defend_W+1","Defend_W","Negative_Energy_Arrows","Bone_Wall","Summon_Undead+1","Injury","Bone_Bullets","TH:TreasureMap+1","Summon_Undead+1","Corrupt+1","TH:TreasureMap","Blood_Shield+1","Pot Of Greed","Pot Of Greed","TH:PixieDust","Negative_Energy_Sphere","Parasite","TH:BikiniMail+1","Summon_Vampire_Lady+1","Bone_Prison","Pot Of Greed","Bite","Bite","Bite","Bite","Bite","Pandemic+1","Bones_to_Steel","Death_March_Dance+1","TH:TreasureMap","TH:DeckOfManyThings","Spectral_Armor","Grasp_Heart+1","Pot Of Greed","TH:BikiniMail+1","Summon_Death_Knight+1","Summon_Undead+1","infinitespire:Fortify","Summon_Undead+1","Skeleton_Dragon+1","Hellfire+1","TH:TreasureMap","TH:ElvenBoots+1","Amnesia","Blood_Shield+1","TH:BikiniMail","Pot Of Greed","Grasp_Heart","Summon_Lich+1","Bone_Armor","Siphon_Strength+1","Shackles_Of_Pain+1","TH:BikiniMail","Summon_Undead+1","Necromantic_Selection","Summon_Lich+1","TH:DeckOfManyThings+1","Deaths_Shadow","Cloudkill+1","Pot Of Greed","TH:CursedSword+1","ReplayTheSpireMod:Echo Chamber+1","Summon_Undead_Army+1"],"relics":["Vampire_Amulet","aspiration:Nostalgia","Circlet","Frozen Egg 2","MawBank","InkBottle","Grinning Jar","Tiny House","sagemod:Flying_Carpet","halation:KoshaPiece","War Paint","halation:EternalFortune","Strawberry","energizedSpire:RedRose","ReplayTheSpireMod:Lightbulb","infinitespire:EmpoweringShard","FossilizedHelix","hubris:EmptyBottle","Juzu Bracelet","Snack Pack","Toy Ornithopter","Ring of Fury","Ring of Fangs","hubris:ScarierMask","Black Star","Blood Vial","Boot","Golden Egg","Ring of Chaos","halation:PinkSoulGem"],"acts_visited":["Exordium","TheCity","TheBeyond","Exordium","TheCity"],"potions_floor_usage":[],"damage_taken":[{"damage":0.0,"enemies":"Small Slimes","floor":1.0,"turns":3.0},{"damage":0.0,"enemies":"Jaw Worm","floor":5.0,"turns":3.0},{"damage":29.0,"enemies":"3 Sentries","floor":6.0,"turns":9.0},{"damage":1.0,"enemies":"Cultist","floor":7.0,"turns":3.0},{"damage":4,"enemies":"Exordium Thugs","floor":8,"turns":5},{"damage":7,"enemies":"Looter","floor":11,"turns":4},{"damage":10,"enemies":"conspire:2 RoseBushes","floor":13,"turns":6},{"damage":67,"enemies":"Fading Forest","floor":16,"turns":11},{"damage":20,"enemies":"conspire:FuzzyDice","floor":18,"turns":7},{"damage":0,"enemies":"3 Byrds","floor":20,"turns":6},{"damage":6,"enemies":"conspire:HollyBat","floor":23,"turns":11},{"damage":19,"enemies":"Nightmare","floor":26,"turns":9},{"damage":9,"enemies":"Snake Plant","floor":29,"turns":6},{"damage":26,"enemies":"Snecko","floor":32,"turns":8},{"damage":12,"enemies":"conspire:MysteriousRune","floor":35,"turns":11},{"damage":31,"enemies":"3 Darklings","floor":37,"turns":8},{"damage":21,"enemies":"3 Shapes","floor":39,"turns":4},{"damage":4,"enemies":"Sphere and 2 Shapes","floor":40,"turns":6},{"damage":29,"enemies":"Giant Head","floor":43,"turns":12},{"damage":32,"enemies":"3 Darklings","floor":50,"turns":8},{"damage":53,"enemies":"infinitespire:MassOfShapes","floor":52,"turns":15},{"damage":2,"enemies":"infinitespire:Voidling","floor":54,"turns":5},{"damage":0,"enemies":"2 Louse","floor":57,"turns":3},{"damage":18,"enemies":"Jaw Worm","floor":58,"turns":4},{"damage":8,"enemies":"Exordium Wildlife","floor":59,"turns":5},{"damage":5,"enemies":"Blue Slaver","floor":60,"turns":3},{"damage":3,"enemies":"Looter","floor":63,"turns":4},{"damage":12,"enemies":"Lots of Slimes","floor":64,"turns":3},{"damage":40,"enemies":"Lagavulin","floor":66,"turns":5},{"damage":3,"enemies":"Large Slime","floor":67,"turns":6},{"damage":46,"enemies":"Slime Boss","floor":69,"turns":8},{"damage":26,"enemies":"Shell Parasite","floor":71,"turns":5},{"damage":77,"enemies":"conspire:MimicChest","floor":75,"turns":5}],"seed_played":"8368369341135809005","potions_obtained":[{"floor":1.0,"key":"AttackPotion"},{"floor":7,"key":"ColorlessPotion"},{"floor":11,"key":"Explosive Potion"},{"floor":32,"key":"LifebloodPotion"}],"is_trial":false,"path_per_floor":["M","?","?","?","M","E","M","M","T","R","M","T","M","?","R","B",null,"M","?","M","PTL","PTL","M","?","R","NM","R","T","M","R","?","M","?","R_BF","B",null,"M","?","M","M","?","R","E","R","T","R","$","?","?","M","R","B",null,"M","?","AVR","M","M","M","M","R","T","M","M","R","E","M","R","B",null,"M","?","?","AVR","?"],"character_chosen":"NECROMANCER","items_purchased":["FossilizedHelix","hubris:EmptyBottle","Juzu Bracelet","Snack Pack","Toy Ornithopter"],"campfire_rested":1,"item_purchase_floors":[47,47,47,47,47],"current_hp_per_floor":[75,75,60,60,65,45,49,49,49,71,66,66,60,75,75,28,75,68,52,52,52,52,52,36,36,36,36,36,36,36,36,36,39,46,49,49,47,35,34,49,49,49,39,39,39,39,39,39,39,49,49,49,49,49,45,45,49,38,39,38,38,38,41,49,49,32,49,49,49,49,36,36,36,36,0,0],"gold":582,"neow_bonus":"NOSTALGIA","is_daily":false,"chose_seed":false,"campfire_upgraded":11,"win_rate":0.0,"timestamp":1612535711,"path_taken":["M","?","?","?","?","E","M","?","T","R","M","?","M","?","R","BOSS","M","?","M","PTL","PTL","M","?","R","NM","R","T","M","R","?","M","?","R_BF","BOSS","M","?","M","M","?","R","E","R","T","R","?","?","?","M","R","BOSS","M","?","AVR","M","M","M","M","R","T","M","M","R","E","M","R","BOSS","M","?","?","AVR","?"],"items_purchased_type":["Relic","Relic","Relic","Relic","Relic"],"build_version":"2020-12-22","purchased_purges":0,"victory":false,"max_hp_per_floor":[75,75,75,75,75,75,75,75,75,75,75,75,75,75,75,75,75,75,52,52,52,52,52,36,36,36,36,36,36,36,36,36,39,46,49,49,49,49,49,49,49,49,49,49,49,49,49,49,49,49,49,49,49,49,49,49,49,49,49,49,49,49,49,49,49,49,49,49,49,49,49,49,49,49,49,49],"card_choices":[{"not_picked":["Death_March_Dance","Siphon_Strength"],"picked":"Summon_Undead","floor":1.0},{"not_picked":["Shackles_Of_Pain","Scare"],"picked":"Bone_Bullets","floor":5.0},{"not_picked":["TH:EnergyPotion"],"picked":"TH:TreasureMap","floor":6.0},{"not_picked":["Perfected Strike","Finger_Of_Death"],"picked":"Summon_Undead","floor":6.0},{"not_picked":["Epidemic","Finger_Of_Death","Bone_Shift"],"picked":"SKIP","floor":7},{"not_picked":["Consume_Illness","Toxic_Smoke_Screen"],"picked":"Corrupt","floor":8},{"not_picked":["TH:PixieDust"],"picked":"TH:TreasureMap","floor":9},{"not_picked":["Negative_Energy_Shield","Death_Knell"],"picked":"Blood_Shield","floor":11},{"not_picked":["TH:TreasureMap"],"picked":"TH:PixieDust","floor":12},{"not_picked":["Blood_Curse","Negative_Energy_Shield"],"picked":"Negative_Energy_Sphere","floor":13},{"not_picked":["TH:ArmorSpikes"],"picked":"TH:BikiniMail","floor":16},{"not_picked":["Negative_Energy_Bomb","Cloudkill"],"picked":"Summon_Vampire_Lady+1","floor":16},{"not_picked":["Necromantic_Selection","Blood_Shield+1"],"picked":"Bone_Prison","floor":18},{"not_picked":["Death_Coil","Vampiric_Strike+1"],"picked":"Pandemic+1","floor":20},{"not_picked":["Finger_Of_Death","Consume_Illness"],"picked":"Bones_to_Steel","floor":23},{"not_picked":["Thousand_Bone_Knives","Vampiric_Strike"],"picked":"Death_March_Dance","floor":26},{"not_picked":["TH:Mimic"],"picked":"TH:TreasureMap","floor":26},{"not_picked":["TH:EnergyPotion"],"picked":"TH:DeckOfManyThings","floor":28},{"not_picked":["Negative_Energy_Javelin","Blood_Shield"],"picked":"Spectral_Armor","floor":29},{"not_picked":["Bone_Bullets","Blood_Whip"],"picked":"Grasp_Heart","floor":32},{"not_picked":["TH:ArmorSpikes"],"picked":"TH:BikiniMail","floor":35},{"not_picked":["Hellfire","Grasp_Heart"],"picked":"Summon_Death_Knight+1","floor":35},{"not_picked":["Consume_Illness","Shade_Step"],"picked":"Summon_Undead+1","floor":37},{"not_picked":["infinitespire:FutureSight","infinitespire:Menacing"],"picked":"infinitespire:Fortify","floor":38},{"not_picked":["Bone_Spikes","Death_March_Dance+1"],"picked":"Summon_Undead+1","floor":39},{"not_picked":["Pandemic+1","Bone_Bullets"],"picked":"Skeleton_Dragon+1","floor":40},{"not_picked":["Blood_for_Blood+1","Spectral_Armor"],"picked":"Hellfire","floor":43},{"not_picked":["TH:PixieDust"],"picked":"TH:TreasureMap","floor":43},{"not_picked":["TH:ArmorSpikes"],"picked":"TH:ElvenBoots","floor":45},{"not_picked":["Bone_Spikes+1","Death_March_Dance"],"picked":"Blood_Shield+1","floor":50},{"not_picked":["TH:ElvenBoots"],"picked":"TH:BikiniMail","floor":52},{"not_picked":["Requiem","Reap_The_Weak"],"picked":"Grasp_Heart","floor":52},{"not_picked":["Negative_Energy_Javelin","Negative_Energy_Sphere"],"picked":"Summon_Lich+1","floor":54},{"not_picked":["Necromantic_Selection","Blood_Shield"],"picked":"Bone_Armor","floor":57},{"not_picked":["Negative_Energy_Shield","Scare"],"picked":"Siphon_Strength","floor":58},{"not_picked":["Bone_Bullets","Death_Knell","Negative_Energy_Sphere"],"picked":"SKIP","floor":59},{"not_picked":["Blood_Curse","Blood_Whip"],"picked":"Shackles_Of_Pain","floor":60},{"not_picked":["TH:PixieDust"],"picked":"TH:BikiniMail","floor":62},{"not_picked":["Negative_Energy_Javelin","Detonate_Bones"],"picked":"Summon_Undead","floor":63},{"not_picked":["Bone_Shift","Bones_to_Steel"],"picked":"Necromantic_Selection","floor":64},{"not_picked":["Hellfire","Bone_Spikes"],"picked":"Summon_Lich+1","floor":66},{"not_picked":["TH:PixieDust"],"picked":"TH:DeckOfManyThings","floor":66},{"not_picked":["Death_March_Dance","Blood_Whip"],"picked":"Deaths_Shadow","floor":67},{"not_picked":["Requiem","Grasp_Heart"],"picked":"Cloudkill","floor":69},{"not_picked":["TH:DeckOfManyThings"],"picked":"TH:CursedSword","floor":69},{"not_picked":["infinitespire:SevenWalls","ReplayTheSpireMod:Echoes of Time"],"picked":"ReplayTheSpireMod:Echo Chamber","floor":71},{"not_picked":["Bone_Bullets","Chill_Blood"],"picked":"Summon_Undead_Army+1","floor":71}],"player_experience":252638,"relics_obtained":[{"floor":6.0,"key":"MawBank"},{"floor":9,"key":"InkBottle"},{"floor":12,"key":"Grinning Jar"},{"floor":26,"key":"halation:KoshaPiece"},{"floor":28,"key":"War Paint"},{"floor":34,"key":"Strawberry"},{"floor":35,"key":"halation:EternalFortune"},{"floor":43,"key":"ReplayTheSpireMod:Lightbulb"},{"floor":45,"key":"infinitespire:EmpoweringShard"},{"floor":49,"key":"Ring of Fury"},{"floor":49,"key":"Ring of Fangs"},{"floor":62,"key":"Blood Vial"},{"floor":66,"key":"Boot"},{"floor":66,"key":"Golden Egg"}],"event_choices":[{"damage_healed":0.0,"max_hp_gain":0.0,"max_hp_loss":0.0,"gold_gain":0.0,"event_name":"Shining Light","player_choice":"Entered Light","floor":3.0,"gold_loss":0.0,"damage_taken":15.0,"cards_upgraded":["Defend_W","Strike_W"]},{"damage_healed":18,"gold_gain":0,"player_choice":"Healed and dodged fight","damage_taken":0,"max_hp_gain":0,"max_hp_loss":0,"event_name":"Mushrooms","floor":14,"gold_loss":0,"cards_obtained":["Parasite"]},{"damage_healed":0,"gold_gain":0,"player_choice":"Became a vampire","damage_taken":0,"max_hp_gain":0,"max_hp_loss":23,"event_name":"Vampires","floor":19,"gold_loss":0,"cards_obtained":["Bite","Bite","Bite","Bite","Bite"]},{"damage_healed":0,"gold_gain":0,"player_choice":"Ignored","damage_taken":0,"max_hp_gain":0,"max_hp_loss":0,"event_name":"Tomb of Lord Red Mask","floor":41,"gold_loss":0},{"damage_healed":0,"gold_gain":0,"player_choice":"Damaged","damage_taken":4,"max_hp_gain":0,"max_hp_loss":0,"event_name":"Wheel of Change","floor":55,"gold_loss":0},{"damage_healed":0,"gold_gain":0,"player_choice":"Ignored","damage_taken":0,"max_hp_gain":0,"max_hp_loss":0,"event_name":"Ghosts","floor":73,"gold_loss":0}],"is_beta":false,"boss_relics":[{"not_picked":["energizedSpire:NeverEndingSparkler","hubris:VirtuousBlindfold"],"picked":"Tiny House"},{"not_picked":["conspire:RoyalGoblet","halation:LoveArrow"],"picked":"energizedSpire:RedRose"},{"not_picked":["hubris:Stopwatch","hubris:CrackedHourglass"],"picked":"hubris:ScarierMask"},{"not_picked":["Calling Bell","Replay:Drink Me"],"picked":"Ring of Chaos"}],"items_purged_floors":[],"is_endless":true,"potions_floor_spawned":[1,7,11,13,16,20,23,32,37,40,43,57,64,66,69],"killed_by":"conspire:MimicChest","ascension_level":0}}