{"host":"sav7uxregyirlf69","time":1612540694,"event":{"mods":["AchievementEnabler","BaseMod","Colored Map","DeckTracker","Keyboard Shortcuts","Minty Spire (QoL Compilation)","READ ME - Guardian Mod","StSLib","SuperFastMode"],"gold_per_floor":[115,127,147,158,83,83,102,136,136,52,68,87,103,122,122,196,196,215,215,215,229,229,229],"floor_reached":22,"language":"KOR","playtime":513,"items_purged":["Defend_G"],"score":384,"play_id":"1b19d01e-d4f1-431c-9ffd-a33478e61543","local_time":"20210206005814","is_ascension_mode":true,"campfire_choices":[{"floor":6,"key":"REST"},{"floor":15,"key":"REST"}],"circlet_count":0,"master_deck":["AscendersBane","Strike_G+1","Strike_G+1","Strike_G+1","Strike_G+1","Strike_G+1","Defend_G+1","Defend_G+1","Defend_G+1","Defend_G+1","Survivor","Neutralize+1","Quick Slash","Deadly Poison","Masterful Stab","Poisoned Stab","Adrenaline","Blade Dance","Cloak And Dagger","Deflect","Escape Plan","Well Laid Plans","Distraction+1"],"relics":["Ring of the Snake","Bag of Preparation","Kunai","WristBlade"],"acts_visited":["Exordium","TheCity"],"potions_floor_usage":[8,12,13],"damage_taken":[{"damage":3,"enemies":"Cultist","floor":1,"turns":4},{"damage":4,"enemies":"Small Slimes","floor":2,"turns":3},{"damage":1,"enemies":"Jaw Worm","floor":3,"turns":4},{"damage":37,"enemies":"3 Louse","floor":4,"turns":6},{"damage":1,"enemies":"Blue Slaver","floor":7,"turns":5},{"damage":29,"enemies":"Lagavulin","floor":8,"turns":9},{"damage":0,"enemies":"2 Fungi Beasts","floor":11,"turns":2},{"damage":0,"enemies":"Large Slime","floor":12,"turns":3},{"damage":0,"enemies":"3 Louse","floor":13,"turns":1},{"damage":1,"enemies":"Lots of Slimes","floor":14,"turns":5},{"damage":1,"enemies":"The Guardian","floor":16,"turns":12},{"damage":22,"enemies":"Shell Parasite","floor":18,"turns":5},{"damage":15,"enemies":"3 Byrds","floor":21,"turns":6}],"seed_played":"5150379197116535132","potions_obtained":[{"floor":7,"key":"Weak Potion"},{"floor":11,"key":"CunningPotion"},{"floor":12,"key":"Explosive Potion"},{"floor":18,"key":"EssenceOfSteel"},{"floor":21,"key":"Fire Potion"}],"is_trial":false,"path_per_floor":["M","M","M","M","$","R","M","E","T","$","M","M","M","M","R","B",null,"M","?","?","M","?"],"character_chosen":"THE_SILENT","items_purchased":["Blade Dance","Cloak And Dagger"],"campfire_rested":2,"item_purchase_floors":[10,10],"current_hp_per_floor":[56,52,51,14,14,33,32,3,3,3,3,3,3,2,21,20,55,33,33,33,18,0,0],"gold":229,"neow_bonus":"UPGRADE_CARD","is_daily":false,"chose_seed":false,"campfire_upgraded":0,"win_rate":0.0,"timestamp":1612540694,"path_taken":["M","M","M","M","$","R","M","E","T","?","M","?","?","M","R","BOSS","M","?","?","M","?"],"items_purchased_type":["Card","Card"],"build_version":"2020-12-22","purchased_purges":1,"victory":false,"max_hp_per_floor":[66,66,66,66,66,66,66,66,66,66,66,66,66,66,66,66,66,66,66,66,66,71,71],"card_choices":[{"not_picked":["Bane","Prepared"],"picked":"Quick Slash","floor":1},{"not_picked":["Accuracy","Quick Slash"],"picked":"Deadly Poison","floor":2},{"not_picked":["Deflect","Concentrate","Flying Knee"],"picked":"SKIP","floor":3},{"not_picked":["Dash","Deadly Poison"],"picked":"Masterful Stab","floor":4},{"not_picked":["Deflect","Eviscerate"],"picked":"Poisoned Stab","floor":7},{"not_picked":["Sucker Punch","Blur"],"picked":"Adrenaline","floor":8},{"not_picked":["Flying Knee","Acrobatics"],"picked":"Deflect","floor":11},{"not_picked":["Tactician","Skewer","Dagger Throw"],"picked":"SKIP","floor":12},{"not_picked":["Expertise","Poisoned Stab","Prepared"],"picked":"SKIP","floor":13},{"not_picked":["Dodge and Roll","Catalyst"],"picked":"Escape Plan","floor":14},{"not_picked":["Underhanded Strike","Sucker Punch"],"picked":"Well Laid Plans","floor":18},{"not_picked":["Tactician","Well Laid Plans"],"picked":"Distraction+1","floor":21}],"player_experience":1500161,"relics_obtained":[{"floor":8,"key":"Bag of Preparation"},{"floor":9,"key":"Kunai"}],"event_choices":[{"damage_healed":0,"gold_gain":0,"player_choice":"Simplicity","damage_taken":0,"max_hp_gain":0,"max_hp_loss":0,"event_name":"Back to Basics","floor":19,"gold_loss":0,"cards_upgraded":["Strike_G","Strike_G","Strike_G","Strike_G","Strike_G","Defend_G","Defend_G","Defend_G","Defend_G"]},{"damage_healed":0,"gold_gain":0,"player_choice":"Ignored","damage_taken":0,"max_hp_gain":0,"max_hp_loss":0,"event_name":"Cursed Tome","floor":20,"gold_loss":0}],"is_beta":false,"boss_relics":[{"not_picked":["Fusion Hammer","SacredBark"],"picked":"WristBlade"}],"items_purged_floors":[5],"is_endless":false,"potions_floor_spawned":[7,11,12,18,21],"ascension_level":20}}