{"host":"fphx8wbbf0fkj0os","time":1612494390,"event":{"mods":["BaseMod","Bestiary","Colored Map","Colored Powertips","Dio Mod","Downfall","Hermit","Hubris","Infinite Spire","Minty Spire (QoL Compilation)","Rare Cards Sparkle","Relic Stats","Replay The Spire","Shop Mod","StSLib","The Blackbeard"],"gold_per_floor":[110,110,126,201,218,218,252,252,302,329,340,372,383,383,383,482,482,482,482],"floor_reached":18,"language":"ENG","playtime":853,"items_purged":[],"score":180,"play_id":"88aea2d4-6a7d-41f3-a1de-9dec406f0062","local_time":"20210205030630","is_ascension_mode":false,"campfire_choices":[{"data":"Inflame","floor":6,"key":"SMITH"},{"data":"Metallicize","floor":8,"key":"SMITH"},{"data":"Strike_R","floor":15,"key":"PURGE"}],"circlet_count":0,"master_deck":["Strike_R+1","Strike_R","Strike_R","Strike_R","Defend_R","Defend_R+1","Defend_R","Bash","ReplayTheSpireMod:Stacked","Inflame+1","Metallicize+1","Replay:Undeath\u0027s Touch","Barricade","Twin Strike","Iron Wave","Hemogenesis"],"relics":["Burning Blood","NeowsBlessing","Bronze Scales","Simple Rune","Centennial Puzzle","Ice Cream","hubris:Towel","hubris:Backtick","HornCleat"],"acts_visited":["Exordium","TheCity"],"potions_floor_usage":[10],"damage_taken":[{"damage":0,"enemies":"2 Louse","floor":1,"turns":1},{"damage":0,"enemies":"Jaw Worm","floor":3,"turns":1},{"damage":0,"enemies":"Cultist","floor":5,"turns":1},{"damage":7,"enemies":"Gremlin Nob","floor":7,"turns":4},{"damage":10,"enemies":"3 Sentries","floor":10,"turns":8},{"damage":7,"enemies":"2 Fungi Beasts","floor":11,"turns":3},{"damage":14,"enemies":"Gremlin Nob","floor":12,"turns":3},{"damage":6,"enemies":"Looter","floor":13,"turns":3},{"damage":27,"enemies":"The Guardian","floor":16,"turns":14},{"damage":0,"enemies":"3 Byrds","floor":18,"turns":1}],"seed_played":"3544047008786123870","potions_obtained":[{"floor":3,"key":"Strength Potion"},{"floor":7,"key":"DistilledChaos"},{"floor":12,"key":"Swift Potion"},{"floor":16,"key":"Elixir"}],"is_trial":false,"path_per_floor":["M","?","M","?","M","R","E","R","T","E","M","E","M","?","R_BF","B",null,"M"],"character_chosen":"IRONCLAD","items_purchased":[],"campfire_rested":0,"item_purchase_floors":[],"current_hp_per_floor":[80,73,79,71,77,77,76,76,76,72,71,63,63,63,63,42,80,80,80],"gold":482,"neow_bonus":"THREE_ENEMY_KILL","is_daily":false,"chose_seed":false,"campfire_upgraded":2,"win_rate":0.0,"timestamp":1612494390,"path_taken":["M","?","M","?","?","R","E","R","T","E","M","E","M","?","R_BF","BOSS","M"],"items_purchased_type":[],"build_version":"2020-11-29","purchased_purges":0,"victory":false,"max_hp_per_floor":[80,80,80,80,80,80,80,80,80,80,80,80,80,80,80,80,80,80,80],"relic_stats":{"Centennial Puzzle":[12],"counters":[10,39],"Bronze Scales":[88],"obtain_stats":[{"Ice Cream":12,"Centennial Puzzle":10,"hubris:Backtick":17,"HornCleat":17,"NeowsBlessing":0,"Bronze Scales":7,"Simple Rune":9,"hubris:Towel":14,"Burning Blood":0},{"Ice Cream":7,"Centennial Puzzle":5,"hubris:Backtick":9,"HornCleat":9,"NeowsBlessing":0,"Bronze Scales":4,"Simple Rune":4,"hubris:Towel":8,"Burning Blood":0},{"Ice Cream":21,"Centennial Puzzle":15,"hubris:Backtick":38,"HornCleat":38,"NeowsBlessing":0,"Bronze Scales":7,"Simple Rune":7,"hubris:Towel":24,"Burning Blood":0}],"Burning Blood":48},"card_choices":[{"not_picked":["Headbutt","Perfected Strike","Shrug It Off"],"picked":"SKIP","floor":1},{"not_picked":["hubris:ReadiedAction","Perfected Strike"],"picked":"ReplayTheSpireMod:Stacked","floor":3},{"not_picked":["Pommel Strike","Replay:Undeath\u0027s Touch"],"picked":"Inflame","floor":5},{"not_picked":["Bloodletting","Body Slam"],"picked":"Metallicize","floor":7},{"not_picked":["Clash","Pommel Strike"],"picked":"Replay:Undeath\u0027s Touch","floor":10},{"not_picked":["Anger","hubris:ReadiedAction"],"picked":"Barricade","floor":11},{"not_picked":["Run Through","Sword Boomerang"],"picked":"Twin Strike","floor":12},{"not_picked":["Clothesline","True Grit"],"picked":"Iron Wave","floor":13},{"not_picked":["Reaper","Offering"],"picked":"Hemogenesis","floor":16}],"player_experience":382,"relics_obtained":[{"floor":7,"key":"Bronze Scales"},{"floor":9,"key":"Simple Rune"},{"floor":10,"key":"Centennial Puzzle"},{"floor":12,"key":"Ice Cream"}],"event_choices":[{"cards_removed":["Defend_R"],"damage_healed":0,"gold_gain":0,"player_choice":"Card Removal","damage_taken":7,"max_hp_gain":0,"max_hp_loss":0,"event_name":"Golden Wing","floor":2,"gold_loss":0},{"damage_healed":0,"gold_gain":75,"player_choice":"Touch","damage_taken":8,"max_hp_gain":0,"max_hp_loss":0,"event_name":"FaceTrader","floor":4,"gold_loss":0}],"is_beta":false,"boss_relics":[{"not_picked":["Fusion Hammer","Mark of Pain"],"picked":"hubris:Backtick"}],"items_purged_floors":[],"is_endless":false,"potions_floor_spawned":[3,7,12,16],"killed_by":"3 Byrds","ascension_level":0}}