{"host":"2qyxu97h6u4ukicb","time":1612567924,"event":{"mods":["AchievementEnabler","BaseMod","BetterRewards","Colored Map","Colored Powertips","Minty Spire (QoL Compilation)","Replay The Spire","Shop Mod","StSLib"],"gold_per_floor":[109,109,109,284,284,284,299,299,299,299,299,374,374,425,425,554,563,567,666,581,609,618,618,618],"floor_reached":23,"language":"ENG","playtime":3468,"items_purged":[],"score":223,"play_id":"2b66ceeb-8c50-4a29-81f9-7f6beeaaf672","local_time":"20210205173204","is_ascension_mode":false,"campfire_choices":[{"data":"Dash","floor":6,"key":"SMITH"},{"data":"Neutralize","floor":8,"key":"SMITH"},{"data":"Survivor","floor":10,"key":"SMITH"},{"floor":13,"key":"RECALL"},{"floor":15,"key":"REST"}],"circlet_count":0,"master_deck":["Strike_G","Strike_G","Strike_G","Strike_G","Strike_G","Defend_G","Defend_G","Defend_G+1","Defend_G","Defend_G+1","Survivor+1","Neutralize+1","Dash+1","Regret","Doubt","Injury","Venomology","CurseOfTheBell","Slice","Outmaneuver+1","J.A.X."],"relics":["Ring of the Snake","NeowsBlessing","Pet Ghost","Golden Idol","CeramicFish","Calling Bell","Replay:Mystery Machine","Onion Ring","Replay:Towering Pillar of Hats","Simple Rune"],"acts_visited":["Exordium","TheCity"],"potions_floor_usage":[18,21,21,23],"damage_taken":[{"damage":0,"enemies":"Jaw Worm","floor":1,"turns":1},{"damage":0,"enemies":"Small Slimes","floor":7,"turns":1},{"damage":0,"enemies":"The Guardian","floor":16,"turns":1},{"damage":22,"enemies":"2 Thieves","floor":18,"turns":4},{"damage":15,"enemies":"Spheric Guardian","floor":21,"turns":4},{"damage":35,"enemies":"Gremlin Leader","floor":23,"turns":3}],"seed_played":"-9113035348593180945","potions_obtained":[{"floor":1,"key":"Adrenaline Potion"},{"floor":16,"key":"Adrenaline Potion"},{"floor":18,"key":"ColorlessPotion"}],"is_trial":false,"path_per_floor":["M","?","?","?","$","R","M","R","T","R","?","?","R","T","R","B",null,"M","?","?","M","?","E"],"character_chosen":"THE_SILENT","items_purchased":[],"campfire_rested":1,"item_purchase_floors":[],"current_hp_per_floor":[70,70,70,70,70,70,70,70,70,70,70,59,59,59,70,70,70,48,48,48,33,33,0,0],"gold":618,"neow_bonus":"THREE_ENEMY_KILL","is_daily":false,"chose_seed":false,"campfire_upgraded":3,"win_rate":0.0,"timestamp":1612567924,"path_taken":["M","?","?","?","$","R","M","R","T","R","?","?","R","?","R","BOSS","M","?","?","M","?","E"],"items_purchased_type":[],"build_version":"2020-12-22","purchased_purges":0,"victory":false,"max_hp_per_floor":[70,70,70,70,70,70,70,70,70,70,70,70,70,70,70,70,70,70,70,70,70,70,70,70],"card_choices":[{"not_picked":["Distraction","Dagger Spray"],"picked":"Dash","floor":1},{"not_picked":["Hidden Blade","Dodge and Roll","Outmaneuver"],"picked":"SKIP","floor":7},{"not_picked":["Night Terror","Malaise"],"picked":"Venomology","floor":16},{"not_picked":["Terror","Acrobatics"],"picked":"Slice","floor":18},{"not_picked":["Sucker Punch","Dagger Throw"],"picked":"Outmaneuver+1","floor":21}],"player_experience":783001,"relics_obtained":[{"floor":14,"key":"CeramicFish"},{"floor":17,"key":"Replay:Mystery Machine"},{"floor":17,"key":"Onion Ring"},{"floor":17,"key":"Replay:Towering Pillar of Hats"}],"event_choices":[{"damage_healed":0,"gold_gain":0,"player_choice":"Leave","damage_taken":0,"max_hp_gain":0,"max_hp_loss":0,"event_name":"The Cleric","floor":2,"gold_loss":0},{"damage_healed":0,"gold_gain":0,"player_choice":"Box","damage_taken":0,"relics_obtained":["Pet Ghost"],"max_hp_gain":0,"max_hp_loss":0,"event_name":"Big Fish","floor":3,"gold_loss":0,"cards_obtained":["Regret"]},{"damage_healed":0,"gold_gain":175,"player_choice":"AGREE","damage_taken":0,"max_hp_gain":0,"max_hp_loss":0,"event_name":"Liars Game","floor":4,"gold_loss":0,"cards_obtained":["Doubt"]},{"damage_healed":0,"gold_gain":0,"player_choice":"Take Wound","damage_taken":0,"relics_obtained":["Golden Idol"],"max_hp_gain":0,"max_hp_loss":0,"event_name":"Golden Idol","floor":11,"gold_loss":0,"cards_obtained":["Injury"]},{"damage_healed":0,"gold_gain":75,"player_choice":"Gather Gold","damage_taken":11,"max_hp_gain":0,"max_hp_loss":0,"event_name":"World of Goop","floor":12,"gold_loss":0},{"damage_healed":0,"gold_gain":99,"player_choice":"Stole From Cult","damage_taken":0,"max_hp_gain":0,"max_hp_loss":0,"event_name":"Nest","floor":19,"gold_loss":0},{"damage_healed":0,"gold_gain":0,"player_choice":"Obtained Relic","damage_taken":0,"relics_obtained":["Simple Rune"],"max_hp_gain":0,"max_hp_loss":0,"event_name":"Addict","floor":20,"gold_loss":85},{"damage_healed":0,"gold_gain":0,"player_choice":"Obtain J.A.X.","damage_taken":0,"max_hp_gain":0,"max_hp_loss":0,"event_name":"Drug Dealer","floor":22,"gold_loss":0,"cards_obtained":["J.A.X."]}],"is_beta":false,"boss_relics":[{"not_picked":["ReplayTheSpireMod:DimensionalGlitch","Replay:Ancient Bell"],"picked":"Calling Bell"}],"items_purged_floors":[],"is_endless":false,"potions_floor_spawned":[1,16,18],"killed_by":"Gremlin Leader","ascension_level":0}}