{"host":"nlh1m2716594vj2h","time":1612498003,"event":{"mods":["AchievementEnabler","BaseMod","Beaked The Cultist","BetterRewards","Downfall","Glutton Mod","Googly Eyes","Hermit","Hubris","Infinite Spire","Jorbs\u0027s Wanderer Trilogy","Marisa????????","Minty Spire (QoL Compilation)","Replay The Spire","Shop Mod","StSLib","The Animator","The Blackbeard","The Bug Knight","The Cursed","The Hierophant","The Necromancer","The Runesmith","The Servant 0.9.4"],"gold_per_floor":[99,99,99,119,131,31,31,59,59,76,86,98,98,198,210,310,310,210,224,236,250,250,267,349,349,249,249,268,385,396,18,29,128,128,128,143,143,193,246,118,142,142,142,155,155,168,195,195,214,214,214,247,42,42,42,42],"floor_reached":57,"language":"ENG","playtime":6591,"items_purged":["Clumsy","animator:Curse_Nutcracker","Delirium"],"score":1536,"play_id":"49b60364-9723-464c-afa9-1ed7a819634f","local_time":"20210204230643","is_ascension_mode":false,"campfire_choices":[{"floor":1,"key":"RECALL"},{"data":"bronze:BronzeOrb","floor":6,"key":"SMITH"},{"floor":9,"key":"REST"},{"data":"bronze:AlphaBuild","floor":18,"key":"SMITH"},{"data":"bronze:Mutator","floor":26,"key":"SMITH"},{"data":"bronze:Terminator","floor":35,"key":"SMITH"},{"floor":42,"key":"REST"},{"data":"expansioncontent:DashGenerateEvil","floor":42,"key":"SMITH"},{"floor":45,"key":"REST"},{"data":"bronze:FineTuning","floor":45,"key":"SMITH"},{"floor":54,"key":"REST"},{"data":"bronze:FindAndReplace","floor":54,"key":"SMITH"}],"circlet_count":0,"master_deck":["bronze:Strike","bronze:Strike","bronze:Strike","bronze:Strike","bronze:Defend","bronze:Defend","bronze:Defend","bronze:Defend","bronze:Replicate","bronze:Goto","bronze:Boost+1","bronze:Branch","bronze:BronzeOrb+1","bronze:Assembly","bronze:Iterate","bronze:FineTuning","bronze:Fortify","bronze:Goto","bronze:Branch","bronze:Safeguard","bronze:FindAndReplace","ReplayTheSpireMod:Private Reserves","bronze:FineTuning","bronze:Optimize","bronze:AlphaBuild+1","CurseOfTheBell","bronze:Terminator+1","bronze:Mutator+1","bronze:HyperBeam","bronze:Philosophize+1","bronze:ChildClass","bronze:BugBarrage","hubris:NaturalOne","bronze:Repair","bronze:Constructor","bronze:FineTuning+1","bronze:DelayedGuard","bronze:Virus","stsjorbsmod:Procrastination","bronze:Optimize+1","bronze:GetLatest+1","bronze:Separator+1","bronze:Allocate+1","expansioncontent:DashGenerateEvil+1","bronze:ChosenStrike","bronze:Constructor","bronze:Overheat","bronze:FindAndReplace+1","bronze:Constructor+1","bronze:FineTuning+1","bronze:BronzeOrb","bronze:BronzeOrb"],"relics":["bronze:BronzeCore","Pen Nib","downfall:HeartBlessingRed","beaked:ShinyBauble","Pear","hubris:Towel","downfall:GremlinSack","Replay:Grab Bag","ReplayTheSpireMod:Onyx Gauntlets","bronze:MakeshiftBattery","Calling Bell","infinitespire:Lucky Rock","Pantograph","Incense Burner","downfall:HeartBlessingGreen","hubris:BottledHeart","hubris:Icosahedron","downfall:HeartBlessingBlue","Gambling Chip","FossilizedHelix","Replay:Ancient Bell","infinitespire:Satchel","Mirror","Durian","Darkstone Periapt","infinitespire:CursedDice","infinitespire:Magic Flask","Anchor","Juzu Bracelet","PreservedInsect","bronze:BottledCode","ReplayTheSpireMod:TigerMarble","ReplayFunnel"],"acts_visited":["Exordium","TheCity","TheBeyond","TheEnding"],"potions_floor_usage":[16,40,40,50,55],"damage_taken":[{"damage":0,"enemies":"Small Slimes","floor":4,"turns":3},{"damage":0,"enemies":"Jaw Worm","floor":5,"turns":3},{"damage":42,"enemies":"Lagavulin","floor":8,"turns":10},{"damage":0,"enemies":"Cultist","floor":10,"turns":3},{"damage":0,"enemies":"2 Fungi Beasts","floor":11,"turns":2},{"damage":0,"enemies":"3 Louse","floor":12,"turns":4},{"damage":21,"enemies":"3 Louse","floor":14,"turns":4},{"damage":0,"enemies":"Red Slaver","floor":15,"turns":1},{"damage":0,"enemies":"WA_ARCHETYPE_RETAIN","floor":16,"turns":5},{"damage":0,"enemies":"Spheric Guardian","floor":19,"turns":3},{"damage":5,"enemies":"3 Byrds","floor":20,"turns":5},{"damage":9,"enemies":"Centurion and Healer","floor":21,"turns":3},{"damage":0,"enemies":"Cultist and Chosen","floor":23,"turns":3},{"damage":0,"enemies":"Snake Plant","floor":28,"turns":2},{"damage":0,"enemies":"Chosen and Byrds","floor":29,"turns":3},{"damage":0,"enemies":"Cultist and Chosen","floor":30,"turns":2},{"damage":0,"enemies":"downfall:FleeingMerchant","floor":31,"turns":4},{"damage":0,"enemies":"Snecko","floor":32,"turns":4},{"damage":0,"enemies":"DF_ARCHETYPE_CLAW","floor":33,"turns":4},{"damage":0,"enemies":"Orb Walker","floor":36,"turns":2},{"damage":0,"enemies":"Orb Walker","floor":38,"turns":5},{"damage":0,"enemies":"2 Orb Walkers","floor":39,"turns":5},{"damage":0,"enemies":"downfall:FleeingMerchant","floor":40,"turns":4},{"damage":0,"enemies":"3 Shapes","floor":44,"turns":3},{"damage":0,"enemies":"Sphere and 2 Shapes","floor":46,"turns":1},{"damage":0,"enemies":"R_Hoarder","floor":47,"turns":7},{"damage":0,"enemies":"4 Shapes","floor":49,"turns":1},{"damage":0,"enemies":"SI_POISON_ARCHETYPE","floor":50,"turns":8},{"damage":0,"enemies":"downfall:CharBossMerchant","floor":52,"turns":8},{"damage":0,"enemies":"downfall:NeowBoss","floor":55,"turns":15},{"damage":0,"enemies":"downfall:NeowBossFinal","floor":56,"turns":15}],"seed_played":"8036836202100251992","potions_obtained":[{"floor":4,"key":"Energy Potion"},{"floor":10,"key":"LifebloodPotion"},{"floor":11,"key":"FairyPotion"},{"floor":12,"key":"SkillPotion"},{"floor":20,"key":"FearPotion"},{"floor":28,"key":"LiquidMemories"},{"floor":44,"key":"Swift Potion"},{"floor":46,"key":"Elixir"}],"is_trial":false,"path_per_floor":["R","?","?","M","M","R","T","E","R","M","M","M","?","?","M","B",null,"R","M","M","M","?","M","T","?","R","AVR","M","M","M","$","M","B",null,"R","M","?","?","?","$","T","R","AVR","M","R","M","E","?","M","B",null,"E","$","R","B","B",null],"character_chosen":"THE_AUTOMATON","items_purchased":["FossilizedHelix","bronze:FineTuning","expansioncontent:DashGenerateEvil","Anchor","bronze:ChosenStrike","bronze:BronzeOrb","ReplayFunnel"],"campfire_rested":4,"item_purchase_floors":[31,31,40,40,40,53,53],"current_hp_per_floor":[70,70,70,70,70,70,70,38,62,62,62,62,62,41,41,41,80,80,80,75,66,1,1,1,1,1,1,1,1,1,1,1,1,1,1,1,1,1,1,1,1,1,1,1,1,1,1,1,1,1,1,1,1,1,1,1],"gold":42,"neow_bonus":"RANDOM_COMMON_RELIC","is_daily":false,"chose_seed":false,"campfire_upgraded":7,"win_rate":0.0,"timestamp":1612498003,"path_taken":["R","?","?","M","?","R","T","E","R","M","M","M","?","?","M","BOSS","R","M","M","M","?","M","T","?","R","AVR","M","M","?","?","M","BOSS","R","M","?","?","?","?","T","R","AVR","M","R","M","E","?","M","BOSS","E","$","R","BOSS","BOSS"],"items_purchased_type":["Relic","Card","Card","Relic","Card","Card","Relic"],"build_version":"2020-12-22","purchased_purges":3,"victory":true,"max_hp_per_floor":[70,70,70,70,70,70,70,80,80,80,80,80,80,80,80,80,80,80,80,80,80,1,1,1,1,1,1,1,1,1,1,1,1,1,1,1,1,1,1,1,1,1,1,1,1,1,1,1,1,1,1,1,1,1,1,1],"card_choices":[{"not_picked":["bronze:DelayedSlice","bronze:WhirlingStrike"],"picked":"bronze:Branch","floor":4},{"not_picked":["bronze:NullPointer","bronze:DelayedGuard"],"picked":"bronze:BronzeOrb","floor":5},{"not_picked":["bronze:Overheat","bronze:NullPointer"],"picked":"bronze:Assembly","floor":8},{"not_picked":["bronze:Shell","bronze:BuggyMess"],"picked":"bronze:Iterate","floor":10},{"not_picked":["bronze:Invalidate","bronze:DelayedGuard"],"picked":"bronze:FineTuning","floor":11},{"not_picked":["bronze:Deprecate","bronze:CleanCode"],"picked":"bronze:Fortify","floor":12},{"not_picked":["bronze:DarkDash","bronze:Constructor"],"picked":"bronze:FineTuning","floor":14},{"not_picked":["bronze:Iterate","bronze:Frontload"],"picked":"bronze:Optimize","floor":15},{"not_picked":["bronze:ThunderWave","bronze:SpaghettiCode"],"picked":"bronze:AlphaBuild","floor":16},{"not_picked":["bronze:WhirlingStrike","bronze:BronzeOrb"],"picked":"bronze:Terminator","floor":19},{"not_picked":["bronze:Iterate","bronze:DelayedSlice"],"picked":"bronze:Mutator","floor":20},{"not_picked":["bronze:Frontload","bronze:Turbo"],"picked":"bronze:HyperBeam","floor":21},{"not_picked":["bronze:OilSpill+1","bronze:FineTuning"],"picked":"bronze:Philosophize+1","floor":23},{"not_picked":["bronze:Branch","bronze:DelayedSlice+1"],"picked":"bronze:ChildClass","floor":28},{"not_picked":["bronze:Invalidate","bronze:BronzeArmor"],"picked":"bronze:BugBarrage","floor":29},{"not_picked":["bronze:Safeguard","bronze:FineTuning"],"picked":"bronze:Repair","floor":30},{"not_picked":["bronze:Assembly","bronze:Separator"],"picked":"bronze:Constructor","floor":31},{"not_picked":["bronze:BronzeOrb+1","bronze:WildBeam"],"picked":"bronze:DelayedGuard","floor":32},{"not_picked":["bronze:HyperBeam","bronze:CleanCode"],"picked":"bronze:Virus","floor":33},{"not_picked":["Overencumbered","Parasite"],"picked":"animator:Curse_Nutcracker","floor":34},{"not_picked":["Clumsy","ReplayTheSpireMod:Faulty Equipment"],"picked":"stsjorbsmod:Procrastination","floor":34},{"not_picked":["Languid","ReplayTheSpireMod:Restless Dread"],"picked":"Delirium","floor":34},{"not_picked":["bronze:Philosophize","bronze:CutThrough+1"],"picked":"bronze:Optimize+1","floor":36},{"not_picked":["bronze:Repulsor","bronze:Return"],"picked":"bronze:GetLatest+1","floor":38},{"not_picked":["bronze:Shield+1","bronze:WhirlingStrike"],"picked":"bronze:Separator+1","floor":39},{"not_picked":["bronze:NullPointer","bronze:Safeguard"],"picked":"bronze:Allocate+1","floor":40},{"not_picked":["bronze:Separator","bronze:Mutator"],"picked":"bronze:Constructor","floor":44},{"not_picked":["bronze:Deprecate+1","bronze:Return"],"picked":"bronze:Overheat","floor":46},{"not_picked":["bronze:BronzeOrb+1","bronze:DigitalCarnage"],"picked":"bronze:FindAndReplace","floor":47},{"not_picked":["bronze:WildBeam","bronze:Overheat"],"picked":"bronze:Constructor+1","floor":49},{"not_picked":["bronze:Terminator","bronze:Separator+1"],"picked":"bronze:FineTuning+1","floor":52}],"player_experience":460219,"relics_obtained":[{"floor":7,"key":"beaked:ShinyBauble"},{"floor":8,"key":"Pear"},{"floor":14,"key":"downfall:GremlinSack"},{"floor":17,"key":"infinitespire:Lucky Rock"},{"floor":17,"key":"Pantograph"},{"floor":17,"key":"Incense Burner"},{"floor":37,"key":"Darkstone Periapt"},{"floor":38,"key":"infinitespire:CursedDice"},{"floor":39,"key":"infinitespire:Magic Flask"},{"floor":41,"key":"Juzu Bracelet"},{"floor":47,"key":"PreservedInsect"},{"floor":52,"key":"ReplayTheSpireMod:TigerMarble"}],"event_choices":[{"damage_healed":0,"gold_gain":0,"player_choice":"Fight","damage_taken":0,"max_hp_gain":0,"max_hp_loss":0,"event_name":"Mysterious Sphere","floor":39,"gold_loss":0}],"is_beta":false,"boss_relics":[{"not_picked":["SacredBark","Painkiller Herb"],"picked":"Replay:Grab Bag"},{"not_picked":["Philosopher\u0027s Stone","Replay:Bronze Core"],"picked":"ReplayTheSpireMod:Onyx Gauntlets"},{"not_picked":["Replay:Wanted Poster","hubris:CrackedHourglass"],"picked":"bronze:MakeshiftBattery"},{"not_picked":["hubris:Stopwatch","Replay:Drink Me"],"picked":"Calling Bell"},{"not_picked":["hubris:GrandSneckoEye","Runesmith:UraniumAnvil"],"picked":"Replay:Ancient Bell"},{"not_picked":["Runesmith:AutoHammer","hubris:ToyBattleship"],"picked":"infinitespire:Satchel"},{"not_picked":["infinitespire:Bottled Soul","hubris:Metronome"],"picked":"Mirror"},{"not_picked":["Replay:Kaleidoscope","Counterbalance"],"picked":"Durian"}],"items_purged_floors":[27,40,43],"is_endless":false,"potions_floor_spawned":[4,10,11,12,20,28,30,32,38,44,46,47],"ascension_level":0}}