{"host":"h1qktzcccqnez8tx","time":1612496454,"event":{"mods":["AchievementEnabler","BaseMod","Bestiary","Better Note","Block Reminder","Colored Map","Colored Powertips","Curses Come First","Downfall","Highlight Path","Infinite Spire","Minty Spire (QoL Compilation)","Permanent Neow","Quick Restart","Relic Stats","Replay The Spire","Say the Spire","StSLib","The Cursed","UnlockEverythingMod"],"gold_per_floor":[113,113,113,113,132,158,177,207,207,240,240,240,254,26,26,131,131,149,248,148,162,179,179,179,205,232,232,251,251,108,108,108,213,213,232,246,246,246,216,216,234,269,318,332,332,332,70,70,70,70],"floor_reached":51,"language":"ENG","playtime":2759,"items_purged":["Cleave","ReplayTheSpireMod:Strike From Hell","Pommel Strike"],"score":1116,"play_id":"a911a9cf-e0f7-4c3f-89df-f191cf3e6eab","local_time":"20210205044054","daily_mods":["Draft","Red Cards"],"is_ascension_mode":true,"campfire_choices":[{"data":"hexamod:NightmareStrike","floor":15,"key":"SMITH"},{"data":"Dark Embrace","floor":23,"key":"SMITH"},{"data":"Barricade","floor":27,"key":"SMITH"},{"data":"Armaments","floor":29,"key":"SMITH"},{"data":"hexamod:EtherealExpedition","floor":32,"key":"SMITH"},{"data":"Hemogenesis","floor":40,"key":"SMITH"},{"data":"hexamod:GhostShield","floor":46,"key":"SMITH"},{"data":"infinitespire:Fortify","floor":49,"key":"SMITH"}],"circlet_count":0,"master_deck":["hexamod:ShieldOfDarkness","hexamod:NightmareGuise","Whirlwind+1","Metallicize+1","Shrug It Off","hexamod:Hexaguard","Replay:Undeath\u0027s Touch","Disarm","Warcry","hexamod:BacktrackSmack","Metallicize","Dark Embrace+1","Armaments+1","hexamod:SwordOfDarkness","hexamod:NightmareStrike+1","Havoc","Whirlwind+1","Barricade+1","hexamod:SpectersWail+1","hexamod:EtherealExpedition+1","Warcry+1","Armaments+1","Hemogenesis+1","hexamod:GhostShield","True Grit+1","Rage+1","hexamod:GhostShield+1","infinitespire:Fortify+1"],"relics":["champ:ChampionCrown","Onion Ring","Replay:Rubber Ducky","Peace Pipe","Counterbalance","WingedGreaves","infinitespire:Cubic Diamond","DollysMirror","Honey Jar","MutagenicStrength","infinitespire:Golems Mask","hexamod:MatchstickCase","Lee\u0027s Waffle","Darkstone Periapt","Snecko Heart","infinitespire:Lucky Rock","Philosopher\u0027s Stone","HornCleat","Omamori","hexamod:CandleOfCauterizing"],"acts_visited":["Exordium","TheCity","TheBeyond"],"potions_floor_usage":[18,33,50,50,50],"damage_taken":[{"damage":0,"enemies":"Jaw Worm","floor":1,"turns":5},{"damage":0,"enemies":"2 Louse","floor":5,"turns":2},{"damage":1,"enemies":"3 Sentries","floor":6,"turns":4},{"damage":0,"enemies":"Small Slimes","floor":7,"turns":3},{"damage":0,"enemies":"Gremlin Nob","floor":8,"turns":3},{"damage":10,"enemies":"3 Sentries","floor":10,"turns":3},{"damage":0,"enemies":"2 Fungi Beasts","floor":13,"turns":2},{"damage":0,"enemies":"The Guardian","floor":16,"turns":11},{"damage":8,"enemies":"2 Thieves","floor":18,"turns":4},{"damage":0,"enemies":"Spheric Guardian","floor":21,"turns":4},{"damage":12,"enemies":"Cultist and Chosen","floor":22,"turns":5},{"damage":15,"enemies":"Gremlin Leader","floor":25,"turns":4},{"damage":0,"enemies":"Sentry and Sphere","floor":28,"turns":3},{"damage":0,"enemies":"Champ","floor":33,"turns":13},{"damage":0,"enemies":"3 Darklings","floor":35,"turns":3},{"damage":5,"enemies":"3 Shapes","floor":36,"turns":4},{"damage":3,"enemies":"Transient","floor":41,"turns":5},{"damage":0,"enemies":"Nemesis","floor":42,"turns":9},{"damage":0,"enemies":"4 Shapes","floor":44,"turns":4},{"damage":12,"enemies":"Awakened One","floor":50,"turns":16}],"seed_played":"6751706476770678732","potions_obtained":[{"floor":1,"key":"champ:CounterPotion"},{"floor":5,"key":"Death Potion"},{"floor":7,"key":"BlessingOfTheForge"},{"floor":21,"key":"SmokeBomb"},{"floor":25,"key":"Weak Potion"},{"floor":39,"key":"Dexterity Potion"},{"floor":39,"key":"SkillPotion"}],"is_trial":true,"path_per_floor":["M","?","T","?","M","E","M","E","T","E","?","?","M","$","R","B",null,"M","?","$","M","M","R","?","E","T","R","M","R","$","T","R","B",null,"M","M","?","AVR","?","R","M","E","T","M","?","R","$","?","R","B",null],"character_chosen":"THE_SPIRIT","items_purchased":["DollysMirror","Lee\u0027s Waffle","hexamod:CandleOfCauterizing"],"campfire_rested":0,"item_purchase_floors":[14,30,47],"current_hp_per_floor":[70,70,70,70,70,69,69,69,69,59,59,59,59,59,59,59,70,62,62,62,62,50,50,50,35,35,35,35,35,77,77,77,77,77,77,72,72,72,72,72,74,77,77,77,77,77,77,58,58,54],"gold":70,"neow_bonus":"","is_daily":false,"chose_seed":false,"campfire_upgraded":8,"win_rate":0.0,"timestamp":1612496454,"path_taken":["M","?","?","?","M","E","M","E","T","E","?","?","M","$","R","BOSS","M","?","$","M","M","R","?","E","T","R","M","R","$","?","R","BOSS","M","M","?","AVR","?","R","M","E","T","?","?","R","?","?","R","BOSS"],"items_purchased_type":["Relic","Relic","Relic"],"build_version":"2020-12-22","purchased_purges":3,"victory":true,"max_hp_per_floor":[70,70,70,70,70,70,70,70,70,70,70,70,70,70,70,70,70,70,70,70,70,70,70,70,70,70,70,70,70,77,77,77,77,77,77,77,77,77,77,77,77,77,77,77,77,77,77,77,77,77],"relic_stats":{"Peace Pipe":0,"Darkstone Periapt":0,"Lee\u0027s Waffle":42,"counters":[20,107],"obtain_stats":[{"Darkstone Periapt":31,"Lee\u0027s Waffle":30,"hexamod:CandleOfCauterizing":47,"Snecko Heart":34,"Counterbalance":9,"champ:ChampionCrown":12,"infinitespire:Cubic Diamond":12,"Omamori":43,"infinitespire:Lucky Rock":38,"Replay:Rubber Ducky":6,"hexamod:MatchstickCase":26,"Peace Pipe":8,"HornCleat":42,"DollysMirror":14,"MutagenicStrength":24,"Honey Jar":17,"Onion Ring":3,"infinitespire:Golems Mask":25,"Philosopher\u0027s Stone":38,"WingedGreaves":10,"hexamod:SpiritBrand":0},{"Darkstone Periapt":13,"Lee\u0027s Waffle":13,"hexamod:CandleOfCauterizing":19,"Snecko Heart":14,"Counterbalance":5,"champ:ChampionCrown":6,"infinitespire:Cubic Diamond":6,"Omamori":18,"infinitespire:Lucky Rock":16,"Replay:Rubber Ducky":3,"hexamod:MatchstickCase":12,"Peace Pipe":5,"HornCleat":18,"DollysMirror":7,"MutagenicStrength":11,"Honey Jar":8,"Onion Ring":1,"infinitespire:Golems Mask":12,"Philosopher\u0027s Stone":16,"WingedGreaves":6,"hexamod:SpiritBrand":0},{"Darkstone Periapt":53,"Lee\u0027s Waffle":53,"hexamod:CandleOfCauterizing":91,"Snecko Heart":66,"Counterbalance":17,"champ:ChampionCrown":20,"infinitespire:Cubic Diamond":20,"Omamori":87,"infinitespire:Lucky Rock":73,"Replay:Rubber Ducky":11,"hexamod:MatchstickCase":50,"Peace Pipe":17,"HornCleat":87,"DollysMirror":22,"MutagenicStrength":46,"Honey Jar":33,"Onion Ring":5,"infinitespire:Golems Mask":50,"Philosopher\u0027s Stone":73,"WingedGreaves":20,"hexamod:SpiritBrand":0}]},"card_choices":[{"not_picked":["Sword Boomerang","Pummel"],"picked":"hexamod:ShieldOfDarkness","floor":0},{"not_picked":["Run Through","Anger"],"picked":"hexamod:NightmareGuise","floor":0},{"not_picked":["hexamod:NightmareGuise","Sword Boomerang"],"picked":"Cleave","floor":0},{"not_picked":["Battle Trance","Life Link"],"picked":"Whirlwind","floor":0},{"not_picked":["Clothesline","Body Slam"],"picked":"Metallicize","floor":0},{"not_picked":["hexamod:SoulSteal","Wild Strike"],"picked":"Shrug It Off","floor":0},{"not_picked":["hexamod:SpectersWail","hexamod:HauntingEcho"],"picked":"hexamod:Hexaguard","floor":0},{"not_picked":["hexamod:InspiringFlames","Headbutt"],"picked":"Replay:Undeath\u0027s Touch","floor":0},{"not_picked":["Clothesline","hexamod:NecessarySacrifice"],"picked":"Disarm","floor":0},{"not_picked":["Rampage","hexamod:GhostLash"],"picked":"Warcry","floor":0},{"not_picked":["ReplayTheSpireMod:Stacked","hexamod:SuperheatedStrike"],"picked":"hexamod:BacktrackSmack","floor":0},{"not_picked":["hexamod:BurningTouch","hexamod:GhostLash"],"picked":"Metallicize","floor":0},{"not_picked":["Blood for Blood","Evolve"],"picked":"Dark Embrace","floor":0},{"not_picked":["hexamod:InspiringFlames","hexamod:SuperheatedStrike"],"picked":"ReplayTheSpireMod:Strike From Hell","floor":0},{"not_picked":["Heavy Blade","Twin Strike"],"picked":"Armaments","floor":0},{"not_picked":["Replay:Undeath\u0027s Touch","hexamod:NightmareGuise"],"picked":"hexamod:SwordOfDarkness","floor":1},{"not_picked":["Shrug It Off","Heavy Blade","hexamod:FlamesFromBeyond"],"picked":"SKIP","floor":5},{"not_picked":["Shrug It Off","hexamod:SkipABeat","Clash"],"picked":"SKIP","floor":6},{"not_picked":["True Grit","hexamod:SearingWound"],"picked":"hexamod:NightmareStrike","floor":7},{"not_picked":["hexamod:UnleashSpirits","Seeing Red"],"picked":"Havoc","floor":8},{"not_picked":["hexamod:AdvancingGuard","Rupture","Double Tap"],"picked":"SKIP","floor":10},{"not_picked":["hexamod:BurningTouch","hexamod:SwordOfDarkness","hexamod:InspiringFlames"],"picked":"SKIP","floor":13},{"not_picked":["hexamod:GhostOfSpirePresent","Bludgeon"],"picked":"Barricade","floor":16},{"not_picked":["Perfected Strike","hexamod:HeatMetal","Massacre"],"picked":"Pommel Strike","floor":18},{"not_picked":["Dual Wield","Perfected Strike","Replay:Undeath\u0027s Touch"],"picked":"hexamod:SpectersWail+1","floor":21},{"not_picked":["hexamod:NightmareGuise","hexamod:FlamesFromBeyond+1","hexamod:SuperheatedStrike"],"picked":"hexamod:EtherealExpedition","floor":22},{"not_picked":["Perfected Strike+1","hexamod:HeatShield","Headbutt"],"picked":"Warcry+1","floor":25},{"not_picked":["Defy Death","Pummel","Anger"],"picked":"Armaments","floor":28},{"not_picked":["hexamod:HexaLevel","Replay:Many Hands","Brutality"],"picked":"Hemogenesis","floor":33},{"not_picked":["hexamod:ShieldOfDarkness+1","Anger","Havoc+1"],"picked":"hexamod:GhostShield","floor":35},{"not_picked":["Replay:Undeath\u0027s Touch+1","Warcry","Pummel"],"picked":"True Grit+1","floor":36},{"not_picked":["Run Through+1","ReplayTheSpireMod:Strike From Hell","Replay:Many Hands"],"picked":"Rage+1","floor":41},{"not_picked":["hexamod:GhostOfSpireFuture","hexamod:AdvancingGuard","Flex","ReplayTheSpireMod:Corrosion Curse+1"],"picked":"SKIP","floor":42},{"not_picked":["Rage","Sentinel","Clash+1"],"picked":"hexamod:GhostShield","floor":44},{"not_picked":["infinitespire:SevenWalls","infinitespire:TheBestDefense"],"picked":"infinitespire:Fortify","floor":48}],"player_experience":376901,"relics_obtained":[{"floor":3,"key":"Onion Ring"},{"floor":6,"key":"Replay:Rubber Ducky"},{"floor":8,"key":"Peace Pipe"},{"floor":9,"key":"Counterbalance"},{"floor":10,"key":"WingedGreaves"},{"floor":25,"key":"infinitespire:Golems Mask"},{"floor":26,"key":"hexamod:MatchstickCase"},{"floor":31,"key":"Darkstone Periapt"},{"floor":42,"key":"HornCleat"},{"floor":43,"key":"Omamori"}],"event_choices":[{"damage_healed":0,"gold_gain":0,"player_choice":"Grow","damage_taken":0,"max_hp_gain":0,"max_hp_loss":0,"event_name":"Living Wall","floor":4,"gold_loss":0,"cards_upgraded":["Whirlwind"]},{"damage_healed":0,"gold_gain":99,"player_choice":"Stole From Cult","damage_taken":0,"max_hp_gain":0,"max_hp_loss":0,"event_name":"Nest","floor":19,"gold_loss":0},{"damage_healed":0,"gold_gain":0,"player_choice":"Inject Mutagens","damage_taken":0,"relics_obtained":["MutagenicStrength"],"max_hp_gain":0,"max_hp_loss":0,"event_name":"Drug Dealer","floor":24,"gold_loss":0},{"damage_healed":0,"gold_gain":0,"player_choice":"Ignored","damage_taken":0,"max_hp_gain":0,"max_hp_loss":0,"event_name":"Tomb of Lord Red Mask","floor":37,"gold_loss":0},{"damage_healed":0,"gold_gain":0,"player_choice":"Bought 2 Potions","damage_taken":0,"max_hp_gain":0,"max_hp_loss":0,"event_name":"The Woman in Blue","floor":39,"gold_loss":0},{"damage_healed":0,"gold_gain":0,"player_choice":"Forge","damage_taken":0,"max_hp_gain":0,"max_hp_loss":0,"event_name":"Accursed Blacksmith","floor":45,"gold_loss":0,"cards_upgraded":["Armaments"]}],"is_beta":false,"boss_relics":[{"not_picked":["Ectoplasm","Painkiller Herb"],"picked":"Honey Jar"},{"not_picked":["Snecko Eye","SlaversCollar"],"picked":"Snecko Heart"}],"items_purged_floors":[14,20,38],"is_endless":false,"potions_floor_spawned":[1,5,7,10,16,21,25,41,42],"ascension_level":4}}