{"host":"yuhy0i501zzmn1iz","time":1612551145,"event":{"mods":["AchievementEnabler","BaseMod","Bestiary","Better Match","Better Note","Better Sensory Stone","Better Third Choice","Block Reminder","Curses Come First","Downfall","Minty Spire (QoL Compilation)","StSLib","slay the spire mod where everything is the same but ironclad has a cowboy hat"],"gold_per_floor":[19,33,33,49,68,68,101,117,117,130,141,141,155,165,165,261,261,279,292,48,48,67,101,101,120,120,120,145,145,145,163,163,163,163],"floor_reached":33,"language":"ENG","playtime":1188,"items_purged":["Injury"],"score":381,"play_id":"721b2ffb-4aa9-47a9-a1bd-8d64d872f7d0","local_time":"20210205135225","is_ascension_mode":true,"campfire_choices":[{"floor":6.0,"key":"DIG"},{"floor":12,"key":"REST"},{"floor":15,"key":"DIG"},{"floor":24,"key":"REST"},{"data":"Heavy Blade","floor":27,"key":"PURGE"},{"floor":32,"key":"REST"}],"circlet_count":0,"master_deck":["Strike_R","Strike_R","Strike_R","Strike_R","Strike_R","Defend_R","Defend_R","Defend_R","Defend_R","Bash+1","True Grit","Bloodletting","Disarm","Whirlwind","Heavy Blade","Whirlwind","Perfected Strike+1","Disarm","Shockwave","Double Tap","CurseOfTheBell","True Grit+1","Perfected Strike","Perfected Strike","Wild Strike","Metallicize","Armaments+1","Decay","Shrug It Off+1"],"relics":["Burning Blood","Shovel","Question Card","CaptainsWheel","StrikeDummy","Mercury Hourglass","Calling Bell","Regal Pillow","White Beast Statue","Peace Pipe","Whetstone","Letter Opener","Toxic Egg 2","Pen Nib","CultistMask"],"acts_visited":["Exordium","TheCity"],"potions_floor_usage":[7,8,16,19,23,23],"damage_taken":[{"damage":8.0,"enemies":"Jaw Worm","floor":1.0,"turns":5.0},{"damage":6.0,"enemies":"2 Louse","floor":2.0,"turns":4.0},{"damage":8.0,"enemies":"Cultist","floor":4.0,"turns":4.0},{"damage":11.0,"enemies":"3 Louse","floor":5.0,"turns":4.0},{"damage":39,"enemies":"Lagavulin","floor":7,"turns":9},{"damage":4,"enemies":"Blue Slaver","floor":8,"turns":4},{"damage":0,"enemies":"Lots of Slimes","floor":10,"turns":1},{"damage":28,"enemies":"Exordium Thugs","floor":11,"turns":4},{"damage":9,"enemies":"Looter","floor":13,"turns":2},{"damage":10,"enemies":"Blue Slaver","floor":14,"turns":3},{"damage":6,"enemies":"Hexaghost","floor":16,"turns":11},{"damage":8,"enemies":"Chosen","floor":18,"turns":4},{"damage":9,"enemies":"Shell Parasite","floor":19,"turns":3},{"damage":28,"enemies":"Snake Plant","floor":22,"turns":4},{"damage":43,"enemies":"Slavers","floor":23,"turns":7},{"damage":14,"enemies":"Snecko","floor":25,"turns":3},{"damage":39,"enemies":"Book of Stabbing","floor":28,"turns":5},{"damage":9,"enemies":"Cultist and Chosen","floor":31,"turns":5},{"damage":65,"enemies":"Automaton","floor":33,"turns":6}],"seed_played":"2140032094564518086","potions_obtained":[{"floor":4.0,"key":"LiquidBronze"},{"floor":7,"key":"Swift Potion"},{"floor":13,"key":"ColorlessPotion"},{"floor":14,"key":"ElixirPotion"},{"floor":16,"key":"Fire Potion"},{"floor":18,"key":"DuplicationPotion"},{"floor":19,"key":"Regen Potion"},{"floor":22,"key":"FearPotion"},{"floor":23,"key":"Ancient Potion"},{"floor":25,"key":"ElixirPotion"}],"is_trial":false,"path_per_floor":["M","M","?","M","M","R","E","M","T","M","M","R","M","M","R","B",null,"M","M","$","?","M","E","R","M","T","R","E","?","?","M","R","B"],"character_chosen":"IRONCLAD","items_purchased":["Perfected Strike","Whetstone"],"campfire_rested":3,"item_purchase_floors":[20,20],"current_hp_per_floor":[70,70,70,68,63,63,30,32,32,38,16,40,37,33,33,33,68,66,63,63,63,41,19,58,50,50,50,17,17,17,14,53,0,0],"gold":163,"neow_bonus":"ONE_RARE_RELIC","is_daily":false,"chose_seed":false,"campfire_upgraded":0,"win_rate":0.0,"timestamp":1612551145,"path_taken":["M","M","?","M","M","R","E","M","T","M","M","R","M","M","R","BOSS","M","M","$","?","M","E","R","M","T","R","E","?","?","?","R","BOSS"],"items_purchased_type":["Card","Relic"],"build_version":"2020-12-22","purchased_purges":1,"victory":false,"max_hp_per_floor":[80,80,80,80,80,80,80,80,80,80,80,80,80,80,80,80,80,80,80,80,80,80,80,80,80,80,80,80,80,80,80,80,80,80],"card_choices":[{"not_picked":["Blood for Blood","Rage"],"picked":"True Grit","floor":1.0},{"not_picked":["Iron Wave","Clothesline"],"picked":"Bloodletting","floor":2.0},{"not_picked":["Body Slam","True Grit"],"picked":"Heavy Blade","floor":4.0},{"not_picked":["Twin Strike","Corruption"],"picked":"Disarm","floor":5.0},{"not_picked":["Pommel Strike","Armaments","Seeing Red"],"picked":"Whirlwind","floor":7},{"not_picked":["Clothesline","Brutality","Warcry"],"picked":"Heavy Blade","floor":8},{"not_picked":["Iron Wave","Heavy Blade","Combust"],"picked":"Whirlwind","floor":10},{"not_picked":["Pommel Strike","Anger","Searing Blow"],"picked":"Perfected Strike","floor":11},{"not_picked":["Intimidate","Sword Boomerang","Anger"],"picked":"Disarm","floor":13},{"not_picked":["Iron Wave","Havoc","Seeing Red"],"picked":"Shockwave","floor":14},{"not_picked":["Offering","Limit Break","Barricade"],"picked":"Double Tap","floor":16},{"not_picked":["Headbutt+1","Heavy Blade+1","Clothesline"],"picked":"True Grit+1","floor":18},{"not_picked":["Havoc","Fire Breathing+1","Seeing Red+1"],"picked":"Perfected Strike","floor":19},{"not_picked":["Havoc","Blood for Blood","Rampage+1"],"picked":"Metallicize","floor":22},{"not_picked":["Havoc+1","Spot Weakness","Body Slam+1","Limit Break"],"picked":"SKIP","floor":23},{"not_picked":["Headbutt","Body Slam","Heavy Blade","Clothesline"],"picked":"SKIP","floor":25},{"not_picked":["Entrench+1","Warcry+1","Anger"],"picked":"Armaments+1","floor":28},{"not_picked":["Second Wind+1","Rage+1","True Grit+1"],"picked":"Shrug It Off+1","floor":31}],"player_experience":349774,"relics_obtained":[{"floor":6.0,"key":"Question Card"},{"floor":7,"key":"CaptainsWheel"},{"floor":9,"key":"StrikeDummy"},{"floor":15,"key":"Mercury Hourglass"},{"floor":17,"key":"Regal Pillow"},{"floor":17,"key":"White Beast Statue"},{"floor":17,"key":"Peace Pipe"},{"floor":23,"key":"Letter Opener"},{"floor":26,"key":"Toxic Egg 2"},{"floor":28,"key":"Pen Nib"}],"event_choices":[{"damage_healed":0.0,"max_hp_gain":0.0,"max_hp_loss":0.0,"gold_gain":1.0,"event_name":"betterStone:BetterStone","player_choice":"4","floor":3.0,"gold_loss":0.0,"damage_taken":0.0,"cards_obtained":["Injury"]},{"damage_healed":0,"gold_gain":0,"player_choice":"Read","damage_taken":0,"max_hp_gain":0,"max_hp_loss":0,"event_name":"The Library","floor":21,"gold_loss":0,"cards_obtained":["Wild Strike"]},{"damage_healed":0,"gold_gain":0,"player_choice":"Smashed Altar","damage_taken":0,"max_hp_gain":0,"max_hp_loss":0,"event_name":"Forgotten Altar","floor":29,"gold_loss":0,"cards_obtained":["Decay"]},{"damage_healed":0,"gold_gain":0,"player_choice":"Trade","damage_taken":0,"relics_obtained":["CultistMask"],"max_hp_gain":0,"max_hp_loss":0,"event_name":"FaceTrader","floor":30,"gold_loss":0}],"is_beta":false,"boss_relics":[{"not_picked":["Runic Cube","Runic Pyramid"],"picked":"Calling Bell"}],"items_purged_floors":[20],"is_endless":false,"potions_floor_spawned":[4,7,13,14,16,18,19,22,23,25,28,31],"killed_by":"Automaton","ascension_level":6}}