{"host":"rantoq7h0pygex6x","time":1612530985,"event":{"mods":["AchievementEnabler","BaseMod","BetterRewards","Minty Spire (QoL Compilation)"],"gold_per_floor":[118,130,2,18,37,70,70,104,127,161,173,173,201,221,221,298,298,312,312,33,33,44,71,88,122,174,205,205,218,218,142,142,215,215,232,246,246,196,211,242,257,84,84,109,126,142,174,187,187,187,187],"floor_reached":50,"language":"ENG","playtime":2054,"items_purged":["Strike_B","Defend_B","Strike_B","Strike_B","Defend_B","Biased Cognition"],"score":2023,"play_id":"f545367b-67f8-43f0-bb79-5a8744d0aaac","local_time":"20210205211625","is_ascension_mode":true,"campfire_choices":[{"floor":7.0,"key":"REST"},{"floor":12.0,"key":"REST"},{"data":"Defragment","floor":15.0,"key":"SMITH"},{"data":"Capacitor","floor":28.0,"key":"SMITH"},{"data":"Defragment","floor":32.0,"key":"SMITH"},{"floor":49.0,"key":"REST"}],"circlet_count":0,"master_deck":["AscendersBane","Zap","Dualcast","BootSequence","Loop","Defragment+1","Ball Lightning","Glacier+1","Heatsinks","Capacitor+1","Hologram","Melter","Conserve Battery","Coolheaded","Defragment+1","Sunder+1","Force Field","Stack","Electrodynamics","Chill","White Noise","Barrage","Capacitor","Defragment","Buffer","Genetic Algorithm","Barrage","Defragment","Hologram+1","Stack+1","BootSequence+1","Amplify","Go for the Eyes+1"],"relics":["Cracked Core","FossilizedHelix","Omamori","PreservedInsect","Ancient Tea Set","Blood Vial","MealTicket","Pen Nib","Lizard Tail","Busted Crown","Cables","Bag of Marbles","Regal Pillow","Prayer Wheel","Pandora\u0027s Box","Juzu Bracelet","Mummified Hand","Vajra","StoneCalendar"],"acts_visited":["Exordium","TheCity","TheBeyond"],"potions_floor_usage":[50],"damage_taken":[{"damage":0.0,"enemies":"Jaw Worm","floor":1.0,"turns":2.0},{"damage":0.0,"enemies":"Cultist","floor":2.0,"turns":3.0},{"damage":0.0,"enemies":"Small Slimes","floor":4.0,"turns":4.0},{"damage":0.0,"enemies":"2 Fungi Beasts","floor":5.0,"turns":4.0},{"damage":10.0,"enemies":"3 Sentries","floor":6.0,"turns":5.0},{"damage":0.0,"enemies":"Gremlin Nob","floor":8.0,"turns":3.0},{"damage":10.0,"enemies":"3 Sentries","floor":10.0,"turns":5.0},{"damage":0.0,"enemies":"Blue Slaver","floor":11.0,"turns":3.0},{"damage":0.0,"enemies":"Gremlin Nob","floor":13.0,"turns":4.0},{"damage":10.0,"enemies":"Exordium Thugs","floor":14.0,"turns":6.0},{"damage":0.0,"enemies":"The Guardian","floor":16.0,"turns":10.0},{"damage":0.0,"enemies":"Shell Parasite","floor":18.0,"turns":5.0},{"damage":0.0,"enemies":"Spheric Guardian","floor":22.0,"turns":4.0},{"damage":0.0,"enemies":"Gremlin Leader","floor":23.0,"turns":5.0},{"damage":22.0,"enemies":"Snecko","floor":24.0,"turns":5.0},{"damage":10.0,"enemies":"Book of Stabbing","floor":25.0,"turns":4.0},{"damage":0.0,"enemies":"Slavers","floor":27.0,"turns":3.0},{"damage":12.0,"enemies":"3 Cultists","floor":29.0,"turns":4.0},{"damage":0.0,"enemies":"Champ","floor":33.0,"turns":9.0},{"damage":11.0,"enemies":"3 Shapes","floor":35.0,"turns":6.0},{"damage":0.0,"enemies":"Orb Walker","floor":36.0,"turns":4.0},{"damage":0.0,"enemies":"4 Shapes","floor":39.0,"turns":6.0},{"damage":14.0,"enemies":"Reptomancer","floor":40.0,"turns":6.0},{"damage":33.0,"enemies":"Transient","floor":41.0,"turns":6.0},{"damage":0.0,"enemies":"Giant Head","floor":44.0,"turns":7.0},{"damage":33.0,"enemies":"Sphere and 2 Shapes","floor":45.0,"turns":4.0},{"damage":0.0,"enemies":"Writhing Mass","floor":46.0,"turns":7.0},{"damage":7.0,"enemies":"Nemesis","floor":47.0,"turns":7.0},{"damage":17.0,"enemies":"Jaw Worm Horde","floor":48.0,"turns":6.0},{"damage":84,"enemies":"Awakened One","floor":50,"turns":4}],"seed_played":"-1251194743218777306","potions_obtained":[{"floor":1.0,"key":"FocusPotion"},{"floor":6.0,"key":"EssenceOfSteel"},{"floor":8.0,"key":"Weak Potion"},{"floor":14.0,"key":"Regen Potion"},{"floor":18.0,"key":"BlessingOfTheForge"},{"floor":33.0,"key":"Regen Potion"},{"floor":36.0,"key":"DuplicationPotion"},{"floor":44.0,"key":"GamblersBrew"}],"is_trial":false,"path_per_floor":["M","M","$","M","M","E","R","E","T","E","M","R","E","M","R","B",null,"M","?","$","?","M","E","M","E","T","E","R","M","?","$","R","B",null,"M","M","$","?","M","E","M","$","T","E","M","M","E","M","R","B"],"character_chosen":"DEFECT","items_purchased":["FossilizedHelix","BootSequence","Loop","Defragment","Ball Lightning","Omamori","Glacier","Heatsinks","PreservedInsect","Capacitor","Barrage","Hologram","Melter","Conserve Battery","Defragment","Sunder","Chill","Defragment","Amplify"],"campfire_rested":3,"item_purchase_floors":[0,0,0,0,0,0,0,0,0,0,0,0,0,0,3,3,20,31,42],"current_hp_per_floor":[22,22,22,22,22,12,33,33,33,25,27,48,50,42,42,44,64,66,66,71,71,71,71,49,41,41,43,43,33,33,48,48,50,66,57,59,71,71,71,57,38,53,53,55,24,26,21,6,42,0,0],"gold":187,"neow_bonus":"","is_daily":false,"chose_seed":false,"campfire_upgraded":3,"win_rate":0.0,"timestamp":1612530985,"path_taken":["M","M","$","M","M","E","R","E","T","E","M","R","E","M","R","BOSS","M","?","?","?","M","E","M","E","T","E","R","M","?","$","R","BOSS","M","M","$","?","M","E","M","$","T","E","M","M","E","M","R","BOSS"],"items_purchased_type":["Relic","Card","Card","Card","Card","Relic","Card","Card","Relic","Card","Card","Card","Card","Card","Card","Card","Card","Card","Card"],"build_version":"2020-12-22","purchased_purges":6,"victory":false,"max_hp_per_floor":[71,71,71,71,71,71,71,71,71,71,71,71,71,71,71,71,71,71,71,71,71,71,71,71,71,71,71,71,71,71,71,71,71,71,71,71,71,71,71,71,71,71,71,71,71,71,71,71,71,71,71],"card_choices":[{"not_picked":["Heatsinks","Stack"],"picked":"Coolheaded","floor":1.0},{"not_picked":["Consume","Coolheaded","Scrape"],"picked":"SKIP","floor":2.0},{"not_picked":["Steam Power","Chaos","Rebound"],"picked":"SKIP","floor":4.0},{"not_picked":["Turbo","Gash"],"picked":"Force Field","floor":5.0},{"not_picked":["Rebound","Darkness","Static Discharge"],"picked":"SKIP","floor":6.0},{"not_picked":["Melter","Compile Driver","Steam Power"],"picked":"SKIP","floor":8.0},{"not_picked":["Multi-Cast","Beam Cell","Rebound"],"picked":"SKIP","floor":10.0},{"not_picked":["Aggregate","Go for the Eyes","Reinforced Body"],"picked":"SKIP","floor":11.0},{"not_picked":["Compile Driver","Go for the Eyes"],"picked":"Stack","floor":13.0},{"not_picked":["Leap","Hologram","Coolheaded"],"picked":"SKIP","floor":14.0},{"not_picked":["Creative AI","Thunder Strike"],"picked":"Electrodynamics","floor":16.0},{"not_picked":["Darkness+1"],"picked":"SKIP","floor":18.0},{"not_picked":["Conserve Battery"],"picked":"SKIP","floor":22.0},{"not_picked":["Reprogram+1"],"picked":"SKIP","floor":23.0},{"not_picked":[],"picked":"Barrage","floor":24.0},{"not_picked":["Machine Learning"],"picked":"SKIP","floor":25.0},{"not_picked":[],"picked":"Capacitor","floor":27.0},{"not_picked":["Glacier"],"picked":"SKIP","floor":29.0},{"not_picked":["Recycle"],"picked":"SKIP","floor":29.0},{"not_picked":[],"picked":"Buffer","floor":33.0},{"not_picked":[],"picked":"Defragment","floor":35.0},{"not_picked":["Turbo"],"picked":"SKIP","floor":35.0},{"not_picked":["Leap"],"picked":"SKIP","floor":36.0},{"not_picked":["Redo"],"picked":"SKIP","floor":36.0},{"not_picked":[],"picked":"Hologram+1","floor":39.0},{"not_picked":["Leap"],"picked":"SKIP","floor":39.0},{"not_picked":["Beam Cell"],"picked":"SKIP","floor":40.0},{"not_picked":[],"picked":"Stack+1","floor":41.0},{"not_picked":[],"picked":"BootSequence+1","floor":41.0},{"not_picked":[],"picked":"Go for the Eyes+1","floor":44.0},{"not_picked":["Stack"],"picked":"SKIP","floor":45.0},{"not_picked":["Reprogram"],"picked":"SKIP","floor":45.0},{"not_picked":["Chaos"],"picked":"SKIP","floor":46.0},{"not_picked":["Steam"],"picked":"SKIP","floor":46.0},{"not_picked":["Double Energy"],"picked":"SKIP","floor":47.0},{"not_picked":["Barrage"],"picked":"SKIP","floor":48.0},{"not_picked":["Streamline"],"picked":"SKIP","floor":48.0}],"player_experience":979832,"relics_obtained":[{"floor":6.0,"key":"Ancient Tea Set"},{"floor":8.0,"key":"Blood Vial"},{"floor":9.0,"key":"MealTicket"},{"floor":10.0,"key":"Pen Nib"},{"floor":13.0,"key":"Lizard Tail"},{"floor":23.0,"key":"Cables"},{"floor":25.0,"key":"Bag of Marbles"},{"floor":26.0,"key":"Regal Pillow"},{"floor":27.0,"key":"Prayer Wheel"},{"floor":40.0,"key":"Juzu Bracelet"},{"floor":43.0,"key":"Mummified Hand"},{"floor":44.0,"key":"Vajra"},{"floor":47.0,"key":"StoneCalendar"}],"event_choices":[{"damage_healed":0.0,"max_hp_gain":0.0,"max_hp_loss":0.0,"gold_gain":0.0,"cards_transformed":["Strike_B"],"event_name":"Transmorgrifier","player_choice":"Transformed","floor":19.0,"gold_loss":0.0,"damage_taken":0.0,"cards_obtained":["Biased Cognition"]},{"damage_healed":0.0,"max_hp_gain":0.0,"max_hp_loss":0.0,"gold_gain":0.0,"event_name":"The Library","player_choice":"Read","floor":21.0,"gold_loss":0.0,"damage_taken":0.0,"cards_obtained":["White Noise"]},{"damage_healed":0.0,"max_hp_gain":0.0,"max_hp_loss":0.0,"gold_gain":0.0,"event_name":"The Mausoleum","player_choice":"Ignored","floor":30.0,"gold_loss":0.0,"damage_taken":0.0},{"damage_healed":0.0,"max_hp_gain":0.0,"max_hp_loss":0.0,"gold_gain":0.0,"event_name":"Designer","player_choice":"Upgraded Two","floor":38.0,"gold_loss":50.0,"damage_taken":0.0,"cards_upgraded":["Glacier","Sunder"]}],"is_beta":false,"boss_relics":[{"not_picked":["Runic Dome","Ectoplasm"],"picked":"Busted Crown"},{"not_picked":["Snecko Eye","Astrolabe"],"picked":"Pandora\u0027s Box"}],"items_purged_floors":[0,0,0,0,0,20],"is_endless":false,"potions_floor_spawned":[1,6,8,11,14,18,22,24,33,35,36,44,45,46],"killed_by":"Awakened One","ascension_level":20}}