{"host":"erjc6dqs793djrmy","time":1612495480,"event":{"mods":["BaseMod","Minty Spire (QoL Compilation)","StSLib","The Animator"],"gold_per_floor":[130,31,55,5,5,35,66,66,90,90,122,31,64,91,91,96,96],"floor_reached":16,"language":"ENG","playtime":1341,"items_purged":[],"score":243,"play_id":"7f573fb1-a0aa-4359-a673-20f75a355734","local_time":"20210204222440","is_ascension_mode":true,"campfire_choices":[{"data":"animator:Pride","floor":8,"key":"SMITH"},{"data":"animator:Elsword","floor":10,"key":"SMITH"},{"data":"animator:Cirno","floor":15,"key":"SMITH"}],"circlet_count":0,"master_deck":["AscendersBane","animator:Strike_FullmetalAlchemist","animator:Defend_FullmetalAlchemist","animator:ElricEdward","animator:ElricAlphonse","animator:Witch+1","animator:Defend_Kancolle","animator:Defend_AccelWorld","animator:Defend_Konosuba","animator:Elsword+1","animator:KyokoSakura","animator:Pride+1","animator:Cirno+1","animator:YuiTsuruno","animator:Nanami"],"relics":["animator:TheMissingPiece","Empty Cage","animator:HeavyHalberd","Bag of Preparation","Paper Crane","Anchor"],"acts_visited":["Exordium"],"potions_floor_usage":[6,11,13,16],"damage_taken":[{"damage":3,"enemies":"Jaw Worm","floor":1,"turns":4},{"damage":9,"enemies":"2 Louse","floor":3,"turns":3},{"damage":6,"enemies":"Lagavulin","floor":6,"turns":6},{"damage":4,"enemies":"Cultist","floor":7,"turns":3},{"damage":0,"enemies":"Gremlin Nob","floor":11,"turns":3},{"damage":20,"enemies":"3 Sentries","floor":13,"turns":5},{"damage":0,"enemies":"2 Fungi Beasts","floor":14,"turns":2},{"damage":42,"enemies":"Slime Boss","floor":16,"turns":8}],"seed_played":"-9166183473289257768","potions_obtained":[{"floor":1,"key":"LiquidMemories"},{"floor":11,"key":"FairyPotion"},{"floor":13,"key":"SkillPotion"}],"is_trial":false,"path_per_floor":["M","?","M","?","?","E","M","R","T","R","E","$","E","M","R","B"],"character_chosen":"THE_ANIMATOR","items_purchased":["animator:Cirno"],"campfire_rested":0,"item_purchase_floors":[12],"current_hp_per_floor":[51,51,42,42,42,36,32,32,32,32,32,32,12,12,12,0,0],"gold":96,"neow_bonus":"BOSS_RELIC","is_daily":false,"chose_seed":false,"campfire_upgraded":3,"win_rate":0.0,"timestamp":1612495480,"path_taken":["M","?","M","?","?","E","?","R","T","R","E","$","E","M","R","BOSS"],"items_purchased_type":["Card"],"build_version":"2020-12-22","purchased_purges":0,"victory":false,"max_hp_per_floor":[60,60,60,60,60,60,60,60,60,60,60,60,60,60,60,60,60],"card_choices":[{"not_picked":["animator:MamiTomoe","animator:Souei"],"picked":"animator:Witch","floor":1},{"not_picked":["animator:IrohaTamaki","animator:Kaijin"],"picked":"animator:Elsword","floor":3},{"not_picked":["animator:Hitei","animator:HighElfArcher"],"picked":"animator:KyokoSakura","floor":6},{"not_picked":["animator:ElricAlphonse","animator:Sloth"],"picked":"animator:Pride","floor":7},{"not_picked":["animator:Hans","animator:MadokaKaname","animator:Chris"],"picked":"SKIP","floor":11},{"not_picked":["animator:Chung","animator:LizardPriest"],"picked":"animator:YuiTsuruno","floor":13},{"not_picked":["animator:Ara","animator:Millim"],"picked":"animator:Nanami","floor":14}],"player_experience":440850,"relics_obtained":[{"floor":6,"key":"animator:HeavyHalberd"},{"floor":9,"key":"Bag of Preparation"},{"floor":11,"key":"Paper Crane"},{"floor":13,"key":"Anchor"}],"event_choices":[{"cards_removed":["animator:Strike_HitsugiNoChaika"],"damage_healed":0,"gold_gain":0,"player_choice":"Card Removal","damage_taken":0,"max_hp_gain":0,"max_hp_loss":0,"event_name":"The Cleric","floor":4,"gold_loss":50},{"damage_healed":0,"gold_gain":0,"player_choice":"Forge","damage_taken":0,"max_hp_gain":0,"max_hp_loss":0,"event_name":"Accursed Blacksmith","floor":5,"gold_loss":0,"cards_upgraded":["animator:Witch"]}],"is_beta":false,"boss_relics":[],"items_purged_floors":[],"is_endless":false,"potions_floor_spawned":[1,11,13],"killed_by":"Slime Boss","ascension_level":14}}