{"host":"xi8yg1ddhptuxb9d","time":1612484959,"event":{"mods":["AchievementEnabler","BaseMod","Block Reminder","Minty Spire (QoL Compilation)","Relic Sorter","StSLib"],"gold_per_floor":[116,128,38,49,49,49,77,94,94,13,13,13,43,56,56,130,130,141,141,141],"floor_reached":19,"language":"ENG","playtime":829,"items_purged":[],"score":326,"play_id":"9e0bbd3b-9338-4982-980b-7121d57ed648","local_time":"20210204192919","is_ascension_mode":true,"campfire_choices":[{"data":"Feed","floor":6.0,"key":"SMITH"},{"floor":11.0,"key":"REST"},{"data":"Rupture","floor":15,"key":"SMITH"}],"circlet_count":0,"master_deck":["AscendersBane","Strike_R","Strike_R","Strike_R","Strike_R","Strike_R","Defend_R","Defend_R","Defend_R","Defend_R","Bash","Parasite","Feed+1","Pummel","Pummel","Rupture+1","Shrug It Off","Heavy Blade","Hemokinesis","Inflame","Shockwave","Pommel Strike","Limit Break","Seeing Red"],"relics":["Burning Blood","Regal Pillow","Question Card","Odd Mushroom","Black Star"],"acts_visited":["Exordium","TheCity"],"potions_floor_usage":[16,16,19],"damage_taken":[{"damage":2.0,"enemies":"2 Louse","floor":1.0,"turns":2.0},{"damage":10.0,"enemies":"Cultist","floor":2.0,"turns":5.0},{"damage":7.0,"enemies":"Small Slimes","floor":4.0,"turns":5.0},{"damage":59.0,"enemies":"3 Sentries","floor":7.0,"turns":16.0},{"damage":9.0,"enemies":"2 Fungi Beasts","floor":8.0,"turns":4.0},{"damage":27,"enemies":"The Mushroom Lair","floor":13,"turns":4},{"damage":9,"enemies":"Looter","floor":14,"turns":3},{"damage":39,"enemies":"Hexaghost","floor":16,"turns":9},{"damage":57,"enemies":"Spheric Guardian","floor":18,"turns":6},{"damage":34,"enemies":"Shell Parasite","floor":19,"turns":5}],"seed_played":"-187397396533212121","potions_obtained":[{"floor":2.0,"key":"PowerPotion"},{"floor":4.0,"key":"ColorlessPotion"},{"floor":5.0,"key":"GamblersBrew"},{"floor":8.0,"key":"Weak Potion"},{"floor":16,"key":"Weak Potion"}],"is_trial":false,"path_per_floor":["M","M","$","M","?","R","E","M","T","$","R","$","?","M","R","B",null,"M","M"],"character_chosen":"IRONCLAD","items_purchased":["Rupture","Inflame"],"campfire_rested":1,"item_purchase_floors":[3,10],"current_hp_per_floor":[75,74,74,76,76,76,27,28,28,28,70,70,53,50,50,17,76,29,0,0],"gold":141,"neow_bonus":"THREE_RARE_CARDS","is_daily":false,"chose_seed":false,"campfire_upgraded":2,"win_rate":0.0,"timestamp":1612484959,"path_taken":["M","M","$","M","?","R","E","?","T","$","R","?","?","M","R","BOSS","M","M"],"items_purchased_type":["Card","Card"],"build_version":"2020-12-22","purchased_purges":0,"victory":false,"max_hp_per_floor":[78,81,81,84,84,84,88,92,92,92,92,92,96,96,96,96,96,100,100,100],"card_choices":[{"not_picked":["Exhume","Corruption"],"picked":"Feed","floor":0.0},{"not_picked":["Disarm","Perfected Strike"],"picked":"Pummel","floor":1.0},{"not_picked":["True Grit","Clash"],"picked":"Pummel","floor":2.0},{"not_picked":["Clothesline","Twin Strike"],"picked":"Shrug It Off","floor":4.0},{"not_picked":["Twin Strike","Headbutt"],"picked":"Heavy Blade","floor":7.0},{"not_picked":["Body Slam","Uppercut"],"picked":"Hemokinesis","floor":8.0},{"not_picked":["Warcry","Thunderclap","Flex"],"picked":"Shockwave","floor":13},{"not_picked":["Cleave","Entrench","Dark Embrace"],"picked":"Pommel Strike","floor":14},{"not_picked":["Exhume","Barricade","Fiend Fire"],"picked":"Limit Break","floor":16},{"not_picked":["Clothesline","Armaments","Inflame"],"picked":"Seeing Red","floor":18}],"player_experience":702004,"relics_obtained":[{"floor":7.0,"key":"Regal Pillow"},{"floor":9.0,"key":"Question Card"},{"floor":13,"key":"Odd Mushroom"}],"event_choices":[{"damage_healed":0.0,"max_hp_gain":0.0,"max_hp_loss":0.0,"gold_gain":0.0,"event_name":"Lab","player_choice":"Got Potions","floor":5.0,"gold_loss":0.0,"damage_taken":0.0},{"damage_healed":0,"gold_gain":0,"player_choice":"Fought Mushrooms","damage_taken":0,"max_hp_gain":0,"max_hp_loss":0,"event_name":"Mushrooms","floor":13,"gold_loss":0}],"is_beta":false,"boss_relics":[{"not_picked":["Pandora\u0027s Box","SacredBark"],"picked":"Black Star"}],"items_purged_floors":[],"is_endless":false,"potions_floor_spawned":[2,4,8,14,16],"killed_by":"Shell Parasite","ascension_level":16}}