{"host":"i0dcpa89fcfo7o2v","time":1612529544,"event":{"mods":["2.2 Compatiblity","AchievementEnabler","Alarm Clock","AlwaysNeverKeys","BaseMod","Better Altar","Better Match","Better Note","Better Sensory Stone","Better Skull","Better Third Choice","Better Vampires","BetterRewards","Block Reminder","Colored Map","Colored Powertips","Conspire","Curses Come First","Defuse TimeMaze Blight","Displayed Cursed Tome","Downfall","Energized Spire","Gold Saver","Halation","Highlight Path","Hubris","Minty Spire (QoL Compilation)","Quick Restart","Relic Stats","Replay The Spire","Shop Mod","Spicy Shops","StSLib","Synergy Search","The Jungle","Transform Curses","Uncapped","Wandering Minibosses"],"gold_per_floor":[99,115,115,115,115,15,15,28,88,88,88,119,138,163,193,205,205,205],"floor_reached":16,"language":"ENG","playtime":554,"items_purged":[],"score":160,"play_id":"1c8df231-a35b-442e-b9fb-09757b83278e","local_time":"20210205135224","is_ascension_mode":true,"campfire_choices":[{"data":"bronze:Hardcode","floor":6.0,"key":"SMITH"},{"data":"bronze:Replicate","floor":10.0,"key":"SMITH"}],"circlet_count":0,"master_deck":["bronze:Strike","bronze:Strike","bronze:Strike","bronze:Defend","bronze:Defend","bronze:Defend","bronze:Defend","bronze:Replicate+1","bronze:FunctionCard","bronze:Allocate","bronze:Branch","bronze:WhirlingStrike","bronze:Return"],"relics":["bronze:BronzeCore","hubris:Towel","halation:PinkSoulGem","downfall:HeartBlessingGreen","Blue Doll","conspire:Boomerang","HornCleat","MawBank"],"acts_visited":["Exordium"],"potions_floor_usage":[16,16],"damage_taken":[{"damage":11.0,"enemies":"conspire:RoseBush","floor":2.0,"turns":6.0},{"damage":8.0,"enemies":"Small Slimes","floor":8.0,"turns":3.0},{"damage":0.0,"enemies":"Lagavulin Event","floor":9.0,"turns":2.0},{"damage":0.0,"enemies":"Cultist","floor":11.0,"turns":1.0},{"damage":14.0,"enemies":"3 Sentries","floor":12.0,"turns":4.0},{"damage":0.0,"enemies":"Blue Slaver","floor":13.0,"turns":3.0},{"damage":27.0,"enemies":"Replay:BlueRogue","floor":14.0,"turns":5.0},{"damage":0.0,"enemies":"2 Fungi Beasts","floor":15.0,"turns":1.0},{"damage":4,"enemies":"SI_SHIV_ARCHETYPE","floor":16,"turns":5}],"seed_played":"-7674863159829135355","potions_obtained":[{"floor":8.0,"key":"Dexterity Potion"},{"floor":14.0,"key":"champ:CounterPotion"},{"floor":15.0,"key":"Milkshake"}],"is_trial":false,"path_per_floor":["R_BF","M","?","?","?","R","T","M","?","R","M","E","M","E","M","B"],"character_chosen":"THE_AUTOMATON","items_purchased":[],"campfire_rested":0,"item_purchase_floors":[],"current_hp_per_floor":[70,59,59,59,59,59,59,51,51,51,51,37,37,10,10,6,6,6],"gold":205,"neow_bonus":"ONE_RANDOM_RARE_CARD","is_daily":false,"chose_seed":false,"campfire_upgraded":2,"win_rate":0.0,"timestamp":1612529544,"path_taken":["R_BF","M","?","?","?","R","T","?","?","R","M","E","M","E","M","BOSS"],"items_purchased_type":[],"build_version":"2020-12-22","purchased_purges":0,"victory":false,"max_hp_per_floor":[70,70,70,70,70,70,70,70,70,70,70,70,70,70,70,70,70,70],"relic_stats":{"counters":[9,30],"MawBank":24,"obtain_stats":[{"bronze:BronzeCore":0,"downfall:BrokenWingStatue":3,"HornCleat":12,"downfall:HeartBlessingGreen":6,"Blue Doll":7,"conspire:Boomerang":9,"hubris:Towel":1,"halation:PinkSoulGem":4,"MawBank":14},{"bronze:BronzeCore":0,"downfall:BrokenWingStatue":1,"HornCleat":5,"downfall:HeartBlessingGreen":1,"Blue Doll":1,"conspire:Boomerang":3,"hubris:Towel":0,"halation:PinkSoulGem":1,"MawBank":7},{"bronze:BronzeCore":0,"downfall:BrokenWingStatue":6,"HornCleat":16,"downfall:HeartBlessingGreen":6,"Blue Doll":6,"conspire:Boomerang":11,"hubris:Towel":0,"halation:PinkSoulGem":6,"MawBank":24}]},"card_choices":[{"not_picked":["bronze:Shell","bronze:Overload"],"picked":"bronze:Flail","floor":2.0},{"not_picked":["bronze:BitShift","bronze:BronzeOrb"],"picked":"bronze:Invalidate","floor":8.0},{"not_picked":["bronze:Invalidate","bronze:Deprecate"],"picked":"bronze:Allocate","floor":9.0},{"not_picked":["bronze:MaxOutput","bronze:DarkDash"],"picked":"bronze:Branch","floor":11.0},{"not_picked":["bronze:MaxOutput","bronze:ItsAFeature"],"picked":"bronze:WhirlingStrike","floor":12.0},{"not_picked":["bronze:BuggyMess","bronze:DigitalCarnage","bronze:BronzeArmor"],"picked":"SKIP","floor":13.0},{"not_picked":["bronze:Fortify","bronze:FineTuning","bronze:Deprecate"],"picked":"SKIP","floor":14.0},{"not_picked":["bronze:Frontload","bronze:Branch"],"picked":"bronze:Return","floor":15.0}],"player_experience":223793,"relics_obtained":[{"floor":7.0,"key":"Blue Doll"},{"floor":9.0,"key":"conspire:Boomerang"},{"floor":12.0,"key":"HornCleat"},{"floor":14.0,"key":"MawBank"}],"event_choices":[{"cards_removed":["bronze:Strike"],"damage_healed":0.0,"max_hp_gain":0.0,"max_hp_loss":0.0,"gold_gain":0.0,"event_name":"Bonfire Elementals","player_choice":"Offered Basic","floor":5.0,"gold_loss":0.0,"damage_taken":0.0}],"is_beta":false,"boss_relics":[],"items_purged_floors":[],"is_endless":false,"potions_floor_spawned":[8,14,15],"killed_by":"SI_SHIV_ARCHETYPE","ascension_level":4}}