{"host":"dztixnx9b0gu6w9i","time":1612540277,"event":{"mods":["BaseMod","Bestiary","Minty Spire (QoL Compilation)","Relic Stats","Slay the Relics Exporter","SpireBot","ojb\u0027s Better Paths Mod","ojb\u0027s Info Mod"],"gold_per_floor":[211,211,224,31,31,31,71,94,142,142,166,185,185,220,220,309,309,333,333,333,110,26,62,62,81,81,97,97,97,120,151,151,242,242,263,19,19,352,367,367,396,396,468,487,506,537,537,555,555,555,555,555,555,41,72,72,72],"floor_reached":56,"language":"ENG","playtime":9603,"items_purged":["Writhe"],"score":2031,"play_id":"091bee8d-e08f-48f4-9aec-6bb146300ebb","local_time":"20210205105117","is_ascension_mode":true,"campfire_choices":[{"data":"Beam Cell","floor":6.0,"key":"SMITH"},{"data":"Hologram","floor":15.0,"key":"SMITH"},{"data":"Defragment","floor":24.0,"key":"SMITH"},{"data":"Loop","floor":28.0,"key":"SMITH"},{"data":"RitualDagger","floor":32.0,"key":"SMITH"},{"data":"Seek","floor":40.0,"key":"SMITH"},{"data":"Hologram","floor":42.0,"key":"SMITH"},{"floor":49.0,"key":"RECALL"},{"data":"Defragment","floor":53,"key":"SMITH"}],"circlet_count":0,"master_deck":["AscendersBane","Defend_B","Defend_B","Defend_B","Zap","Dualcast","Beam Cell+1","Ball Lightning","Sweeping Beam","Cold Snap","Hologram+1","Rip and Tear","Compile Driver","Echo Form","Go for the Eyes+1","Bite","Bite","Bite","Bite","Bite","Defragment+1","All For One","Cold Snap+1","Core Surge","Clumsy","Loop+1","RitualDagger+1","Conserve Battery","Hologram+1","Seek+1","Sunder+1","Madness","Madness","Capacitor","Compile Driver","Defragment+1","Seek","Secret Technique","Coolheaded"],"relics":["Cracked Core","Medical Kit","Potion Belt","Strawberry","Dream Catcher","Cursed Key","Membership Card","DataDisk","Unceasing Top","Boot","Nuclear Battery","Strange Spoon","Anchor","Happy Flower","Ancient Tea Set","Oddly Smooth Stone","Bottled Lightning","ClockworkSouvenir","Pocketwatch"],"acts_visited":["Exordium","TheCity","TheBeyond","TheEnding"],"potions_floor_usage":[56,56,56,56],"damage_taken":[{"damage":0.0,"enemies":"2 Louse","floor":1.0,"turns":3.0},{"damage":4.0,"enemies":"Small Slimes","floor":3.0,"turns":3.0},{"damage":15.0,"enemies":"3 Sentries","floor":7.0,"turns":5.0},{"damage":0.0,"enemies":"Cultist","floor":8.0,"turns":2.0},{"damage":11.0,"enemies":"Blue Slaver","floor":11.0,"turns":3.0},{"damage":2.0,"enemies":"Exordium Wildlife","floor":12.0,"turns":3.0},{"damage":28.0,"enemies":"Lagavulin","floor":14.0,"turns":5.0},{"damage":25.0,"enemies":"Hexaghost","floor":16.0,"turns":8.0},{"damage":0.0,"enemies":"Chosen","floor":18.0,"turns":4.0},{"damage":11.0,"enemies":"Book of Stabbing","floor":23.0,"turns":4.0},{"damage":28.0,"enemies":"Shell Parasite","floor":25.0,"turns":12.0},{"damage":8.0,"enemies":"Centurion and Healer","floor":27.0,"turns":6.0},{"damage":28.0,"enemies":"Shelled Parasite and Fungi","floor":30.0,"turns":20.0},{"damage":31.0,"enemies":"Gremlin Leader","floor":31.0,"turns":14.0},{"damage":46.0,"enemies":"Collector","floor":33.0,"turns":18.0},{"damage":40.0,"enemies":"3 Darklings","floor":35.0,"turns":23.0},{"damage":0.0,"enemies":"Orb Walker","floor":39.0,"turns":2.0},{"damage":48.0,"enemies":"Reptomancer","floor":41.0,"turns":6.0},{"damage":12.0,"enemies":"Writhing Mass","floor":44.0,"turns":9.0},{"damage":24.0,"enemies":"3 Darklings","floor":45.0,"turns":14.0},{"damage":28.0,"enemies":"Nemesis","floor":46.0,"turns":23.0},{"damage":41.0,"enemies":"Jaw Worm Horde","floor":48.0,"turns":4.0},{"damage":10.0,"enemies":"Time Eater","floor":50.0,"turns":54.0},{"damage":49,"enemies":"Awakened One","floor":51,"turns":24},{"damage":0,"enemies":"Shield and Spear","floor":55,"turns":1},{"damage":49,"enemies":"The Heart","floor":56,"turns":11}],"seed_played":"-3425931153921642675","potions_obtained":[{"floor":3.0,"key":"Explosive Potion"},{"floor":8.0,"key":"BlessingOfTheForge"},{"floor":13.0,"key":"Ancient Potion"},{"floor":13.0,"key":"LiquidBronze"},{"floor":16.0,"key":"Explosive Potion"},{"floor":30.0,"key":"Fire Potion"},{"floor":41.0,"key":"Block Potion"},{"floor":44.0,"key":"Explosive Potion"},{"floor":45.0,"key":"ColorlessPotion"},{"floor":55,"key":"SteroidPotion"}],"is_trial":false,"path_per_floor":["M","?","M","$","?","R","E","M","T","?","M","M","?","E","R","B",null,"M","?","?","$","$","E","R","M","T","M","R","?","M","E","R","B",null,"M","$","?","?","M","R","E","R","T","M","M","E","?","M","R","B","B",null,"R","$","E","B"],"character_chosen":"DEFECT","items_purchased":["Medical Kit","Sweeping Beam","Membership Card","EntropicBrew","All For One","Strange Spoon","Anchor","Happy Flower","Bottled Lightning","ClockworkSouvenir","FocusPotion","Seek","Secret Technique","Regen Potion"],"campfire_rested":0,"item_purchase_floors":[4,4,21,21,22,36,36,36,54,54,54,54,54,54],"current_hp_per_floor":[64,57,53,53,53,53,38,38,45,68,57,55,55,27,27,2,54,54,49,49,49,49,44,44,49,49,49,49,43,47,49,49,43,48,49,49,40,40,42,42,16,16,16,30,49,49,49,22,22,49,49,49,49,49,49,25,25],"gold":72,"neow_bonus":"HUNDRED_GOLD","is_daily":false,"chose_seed":false,"campfire_upgraded":8,"win_rate":0.0,"timestamp":1612540277,"path_taken":["M","?","M","$","?","R","E","M","T","?","M","M","?","E","R","BOSS","M","?","?","?","$","E","R","M","T","?","R","?","M","E","R","BOSS","M","$","?","?","?","R","E","R","T","M","M","E","?","M","R","BOSS","BOSS","R","$","E","BOSS"],"items_purchased_type":["Relic","Card","Relic","Potion","Card","Relic","Relic","Relic","Relic","Relic","Potion","Card","Card","Potion"],"build_version":"2020-12-22","purchased_purges":1,"victory":false,"max_hp_per_floor":[71,71,71,71,64,64,64,64,71,71,71,71,71,71,71,71,71,71,49,49,49,49,49,49,49,49,49,49,49,49,49,49,49,49,49,49,49,49,49,49,49,49,49,49,49,49,49,49,49,49,49,49,49,49,49,49,49],"relic_stats":{"Strange Spoon":[56],"Dream Catcher":0,"Happy Flower":[49],"counters":[26,281],"Medical Kit":[42],"Cursed Key":2,"Boot":[157],"obtain_stats":[{"Potion Belt":7,"Happy Flower":36,"Golden Idol":5,"Oddly Smooth Stone":46,"Medical Kit":4,"Cursed Key":17,"Boot":31,"Ancient Tea Set":41,"Nuclear Battery":34,"ClockworkSouvenir":54,"Strange Spoon":36,"Dream Catcher":14,"DataDisk":23,"Anchor":36,"Strawberry":9,"Membership Card":21,"Bottled Lightning":54,"Cracked Core":0,"Unceasing Top":26,"Pocketwatch":55},{"Potion Belt":3,"Happy Flower":16,"Golden Idol":2,"Oddly Smooth Stone":21,"Medical Kit":2,"Cursed Key":8,"Boot":14,"Ancient Tea Set":18,"Nuclear Battery":15,"ClockworkSouvenir":24,"Strange Spoon":16,"Dream Catcher":7,"DataDisk":10,"Anchor":16,"Strawberry":4,"Membership Card":9,"Bottled Lightning":24,"Cracked Core":0,"Unceasing Top":11,"Pocketwatch":25},{"Potion Belt":11,"Happy Flower":133,"Golden Idol":6,"Oddly Smooth Stone":187,"Medical Kit":6,"Cursed Key":32,"Boot":92,"Ancient Tea Set":141,"Nuclear Battery":110,"ClockworkSouvenir":269,"Strange Spoon":133,"Dream Catcher":24,"DataDisk":40,"Anchor":133,"Strawberry":13,"Membership Card":36,"Bottled Lightning":269,"Cracked Core":0,"Unceasing Top":52,"Pocketwatch":270}],"Unceasing Top":[18],"Pocketwatch":[0]},"card_choices":[{"not_picked":["Skim","Redo"],"picked":"Beam Cell","floor":1.0},{"not_picked":["Glacier","Streamline"],"picked":"Ball Lightning","floor":3.0},{"not_picked":["Meteor Strike","Turbo","Heatsinks"],"picked":"SKIP","floor":7.0},{"not_picked":["FTL","Coolheaded"],"picked":"Cold Snap","floor":8.0},{"not_picked":["Beam Cell","Rip and Tear"],"picked":"Hologram","floor":11.0},{"not_picked":["Reinforced Body","Turbo"],"picked":"Rip and Tear","floor":12.0},{"not_picked":["Gash","Go for the Eyes"],"picked":"Compile Driver","floor":14.0},{"not_picked":["Thunder Strike","All For One"],"picked":"Echo Form","floor":16.0},{"not_picked":["Hologram+1","Sweeping Beam"],"picked":"Go for the Eyes+1","floor":18.0},{"not_picked":["Conserve Battery","Compile Driver"],"picked":"Cold Snap+1","floor":23.0},{"not_picked":["Scrape","Ball Lightning+1"],"picked":"Core Surge","floor":25.0},{"not_picked":["Cold Snap","Stack"],"picked":"Loop","floor":27.0},{"not_picked":["Fusion","Reinforced Body+1"],"picked":"Conserve Battery","floor":30.0},{"not_picked":["Barrage","FTL"],"picked":"Hologram","floor":31.0},{"not_picked":["Multi-Cast","Electrodynamics"],"picked":"Seek","floor":33.0},{"not_picked":["Beam Cell","Gash"],"picked":"Sunder+1","floor":35.0},{"not_picked":["Self Repair","Reprogram","Chill"],"picked":"SKIP","floor":39.0},{"not_picked":["Gash+1","Rebound","Static Discharge+1"],"picked":"SKIP","floor":41.0},{"not_picked":["Barrage","Ball Lightning"],"picked":"Capacitor","floor":44.0},{"not_picked":["Lockon+1","Rebound"],"picked":"Compile Driver","floor":45.0},{"not_picked":["Coolheaded","Turbo"],"picked":"Defragment","floor":46.0},{"not_picked":["Sunder","Steam","Streamline"],"picked":"SKIP","floor":48.0},{"not_picked":["Coolheaded","Ball Lightning","Doom and Gloom"],"picked":"SKIP","floor":55},{"not_picked":["Ball Lightning","Doom and Gloom"],"picked":"Coolheaded","floor":55}],"player_experience":8456630,"relics_obtained":[{"floor":7.0,"key":"Potion Belt"},{"floor":9.0,"key":"Strawberry"},{"floor":14.0,"key":"Dream Catcher"},{"floor":23.0,"key":"DataDisk"},{"floor":26.0,"key":"Unceasing Top"},{"floor":31.0,"key":"Boot"},{"floor":41.0,"key":"Ancient Tea Set"},{"floor":46.0,"key":"Oddly Smooth Stone"},{"floor":55,"key":"Pocketwatch"}],"event_choices":[{"cards_removed":["Defend_B"],"damage_healed":0.0,"max_hp_gain":0.0,"max_hp_loss":0.0,"gold_gain":0.0,"event_name":"Golden Wing","player_choice":"Card Removal","floor":2.0,"gold_loss":0.0,"damage_taken":7.0},{"damage_healed":0.0,"max_hp_gain":0.0,"max_hp_loss":7.0,"gold_gain":0.0,"event_name":"Golden Idol","player_choice":"Lose Max HP","floor":5.0,"gold_loss":0.0,"damage_taken":0.0,"relics_obtained":["Golden Idol"]},{"damage_healed":23.0,"max_hp_gain":0.0,"max_hp_loss":0.0,"gold_gain":0.0,"event_name":"Big Fish","player_choice":"Banana","floor":10.0,"gold_loss":0.0,"damage_taken":0.0},{"damage_healed":0.0,"max_hp_gain":0.0,"max_hp_loss":0.0,"gold_gain":0.0,"event_name":"Lab","player_choice":"Got Potions","floor":13.0,"gold_loss":0.0,"damage_taken":0.0},{"damage_healed":0.0,"max_hp_gain":0.0,"max_hp_loss":22.0,"gold_gain":0.0,"event_name":"Vampires","player_choice":"Became a vampire","floor":19.0,"gold_loss":0.0,"damage_taken":0.0,"cards_obtained":["Bite","Bite","Bite","Bite","Bite"]},{"damage_healed":0.0,"max_hp_gain":0.0,"max_hp_loss":0.0,"gold_gain":0.0,"event_name":"The Library","player_choice":"Read","floor":20.0,"gold_loss":0.0,"damage_taken":0.0,"cards_obtained":["Defragment"]},{"damage_healed":0.0,"max_hp_gain":0.0,"max_hp_loss":0.0,"gold_gain":0.0,"event_name":"Nest","player_choice":"Joined the Cult","floor":29.0,"gold_loss":0.0,"damage_taken":6.0,"cards_obtained":["RitualDagger"]},{"damage_healed":0.0,"max_hp_gain":0.0,"max_hp_loss":0.0,"gold_gain":0.0,"event_name":"Winding Halls","player_choice":"Embrace Madness","floor":37.0,"gold_loss":0.0,"damage_taken":9.0,"cards_obtained":["Madness","Madness"]},{"damage_healed":0.0,"max_hp_gain":0.0,"max_hp_loss":0.0,"gold_gain":333.0,"event_name":"The Moai Head","player_choice":"Gave Idol","floor":38.0,"relics_lost":["Golden Idol"],"gold_loss":0.0,"damage_taken":0.0},{"damage_healed":0.0,"max_hp_gain":0.0,"max_hp_loss":0.0,"gold_gain":0.0,"event_name":"Tomb of Lord Red Mask","player_choice":"Ignored","floor":47.0,"gold_loss":0.0,"damage_taken":0.0}],"is_beta":false,"boss_relics":[{"not_picked":["SacredBark","Tiny House"],"picked":"Cursed Key"},{"not_picked":["Empty Cage","FrozenCore"],"picked":"Nuclear Battery"}],"items_purged_floors":[54],"is_endless":false,"potions_floor_spawned":[3,8,16,30,41,44,45,55],"killed_by":"The Heart","ascension_level":20}}