{"host":"gg","time":1612509511,"event":{"mods":["BaseMod","Colored Map","Googly Eyes","Minty Spire (QoL Compilation)","Permanent Neow","Relic Stats","The IronCluck"],"gold_per_floor":[117,132,132,142,156,183,183,212,212,212,246,171,171,213,213,290,290,338,3,3,3,3,3,47,47,47,47,47],"floor_reached":27,"language":"ENG","playtime":1527,"items_purged":[],"score":508,"play_id":"d940e65b-21f9-4b3a-9bcd-3f963e8e6294","local_time":"20210204231831","is_ascension_mode":true,"campfire_choices":[{"data":"Wallop","floor":7.0,"key":"SMITH"},{"data":"CrushJoints","floor":10.0,"key":"SMITH"},{"data":"Halt","floor":15.0,"key":"SMITH"},{"data":"Judgement","floor":23.0,"key":"SMITH"},{"data":"EmptyFist","floor":25.0,"key":"SMITH"}],"circlet_count":0,"master_deck":["AscendersBane","Strike_P+1","Strike_P+1","Strike_P+1","Defend_P+1","Defend_P+1","Eruption","Vigilance","FollowUp","EmptyFist+1","CrushJoints+1","Wallop+1","Halt+1","Wish+1","LessonLearned","FlurryOfBlows","Judgement+1","FlurryOfBlows+1"],"relics":["Philosopher\u0027s Stone","Letter Opener","Meat on the Bone","Frozen Egg 2","Juzu Bracelet","SlaversCollar","OrangePellets","Bag of Marbles","Eternal Feather"],"acts_visited":["Exordium","TheCity"],"potions_floor_usage":[],"damage_taken":[{"damage":9.0,"enemies":"Small Slimes","floor":1.0,"turns":5.0},{"damage":5.0,"enemies":"Jaw Worm","floor":2.0,"turns":4.0},{"damage":0.0,"enemies":"Cultist","floor":4.0,"turns":2.0},{"damage":2.0,"enemies":"2 Fungi Beasts","floor":5.0,"turns":3.0},{"damage":22.0,"enemies":"3 Sentries","floor":6.0,"turns":8.0},{"damage":0.0,"enemies":"Lagavulin","floor":8.0,"turns":5.0},{"damage":9.0,"enemies":"Gremlin Nob","floor":11.0,"turns":3.0},{"damage":14.0,"enemies":"Blue Slaver","floor":14.0,"turns":4.0},{"damage":11.0,"enemies":"The Guardian","floor":16.0,"turns":9.0},{"damage":33.0,"enemies":"3 Byrds","floor":18.0,"turns":5.0},{"damage":13.0,"enemies":"Shell Parasite","floor":24.0,"turns":4.0},{"damage":50,"enemies":"Slavers","floor":27,"turns":4}],"seed_played":"6392489543147818625","potions_obtained":[{"floor":4.0,"key":"AttackPotion"},{"floor":5.0,"key":"Dexterity Potion"},{"floor":11.0,"key":"BottledMiracle"},{"floor":14.0,"key":"LiquidMemories"},{"floor":18.0,"key":"AttackPotion"}],"is_trial":false,"path_per_floor":["M","M","?","M","M","E","R","E","T","R","E","?","?","M","R","B",null,"M","$","?","?","?","R","M","R","T","E"],"character_chosen":"WATCHER","items_purchased":["OrangePellets","Bag of Marbles"],"campfire_rested":0,"item_purchase_floors":[19,19],"current_hp_per_floor":[52,47,47,47,45,23,23,23,23,23,26,26,26,24,24,25,57,36,36,36,36,36,36,35,35,35,0,0],"gold":47,"neow_bonus":"BOSS_RELIC","is_daily":false,"chose_seed":false,"campfire_upgraded":5,"win_rate":0.0,"timestamp":1612509511,"path_taken":["M","M","?","M","M","E","R","E","T","R","E","?","?","M","R","BOSS","M","$","?","?","?","R","M","R","T","E"],"items_purchased_type":["Relic","Relic"],"build_version":"2020-12-18","purchased_purges":0,"victory":false,"max_hp_per_floor":[68,68,68,68,68,68,68,68,68,68,68,68,68,68,68,68,68,68,68,68,68,68,68,68,68,68,68,68],"relic_stats":{"OrangePellets":[0],"counters":[12,56],"Eternal Feather":0,"Juzu Bracelet":1,"Letter Opener":[18],"obtain_stats":[{"SlaversCollar":17,"OrangePellets":19,"Philosopher\u0027s Stone":0,"Eternal Feather":26,"Juzu Bracelet":11,"Bag of Marbles":19,"Letter Opener":6,"PureWater":0,"Frozen Egg 2":9,"Meat on the Bone":8},{"SlaversCollar":9,"OrangePellets":10,"Philosopher\u0027s Stone":0,"Eternal Feather":11,"Juzu Bracelet":7,"Bag of Marbles":10,"Letter Opener":5,"PureWater":0,"Frozen Egg 2":6,"Meat on the Bone":6},{"SlaversCollar":43,"OrangePellets":48,"Philosopher\u0027s Stone":0,"Eternal Feather":52,"Juzu Bracelet":30,"Bag of Marbles":48,"Letter Opener":22,"PureWater":0,"Frozen Egg 2":27,"Meat on the Bone":27}],"Meat on the Bone":60},"card_choices":[{"not_picked":["ClearTheMind","EmptyFist"],"picked":"FollowUp","floor":1.0},{"not_picked":["Crescendo","Halt"],"picked":"EmptyFist","floor":2.0},{"not_picked":["Prostrate","Protect"],"picked":"CrushJoints","floor":4.0},{"not_picked":["FlyingSleeves","EmptyBody"],"picked":"Wallop","floor":5.0},{"not_picked":["Devotion","Perseverance"],"picked":"Halt","floor":6.0},{"not_picked":["LikeWater","Nirvana","ReachHeaven"],"picked":"SKIP","floor":8.0},{"not_picked":["DeceiveReality","WaveOfTheHand"],"picked":"Wish","floor":11.0},{"not_picked":["SashWhip","Vengeance"],"picked":"FlurryOfBlows","floor":14.0},{"not_picked":["SpiritShield","Ragnarok"],"picked":"Judgement","floor":16.0},{"not_picked":["CutThroughFate","BattleHymn+1"],"picked":"FlurryOfBlows+1","floor":18.0},{"not_picked":["EmptyFist","FlyingSleeves+1","CarveReality+1"],"picked":"SKIP","floor":24.0}],"player_experience":1293116,"relics_obtained":[{"floor":6.0,"key":"Letter Opener"},{"floor":8.0,"key":"Meat on the Bone"},{"floor":9.0,"key":"Frozen Egg 2"},{"floor":11.0,"key":"Juzu Bracelet"},{"floor":26.0,"key":"Eternal Feather"}],"event_choices":[{"damage_healed":0.0,"max_hp_gain":0.0,"max_hp_loss":0.0,"gold_gain":0.0,"event_name":"Liars Game","player_choice":"Ignored","floor":3.0,"gold_loss":0.0,"damage_taken":0.0},{"cards_removed":["Defend_P"],"damage_healed":0.0,"max_hp_gain":0.0,"max_hp_loss":0.0,"gold_gain":0.0,"event_name":"The Cleric","player_choice":"Card Removal","floor":12.0,"gold_loss":75.0,"damage_taken":0.0},{"damage_healed":0.0,"max_hp_gain":0.0,"max_hp_loss":0.0,"gold_gain":0.0,"cards_transformed":["Defend_P"],"event_name":"Living Wall","player_choice":"Change","floor":13.0,"gold_loss":0.0,"damage_taken":0.0,"cards_obtained":["LessonLearned"]},{"cards_removed":["Strike_P"],"damage_healed":0.0,"max_hp_gain":0.0,"max_hp_loss":0.0,"gold_gain":0.0,"event_name":"Bonfire Elementals","player_choice":"Offered Basic","floor":20.0,"gold_loss":0.0,"damage_taken":0.0},{"damage_healed":0.0,"max_hp_gain":0.0,"max_hp_loss":0.0,"gold_gain":0.0,"event_name":"Back to Basics","player_choice":"Simplicity","floor":21.0,"gold_loss":0.0,"damage_taken":0.0,"cards_upgraded":["Strike_P","Strike_P","Strike_P","Defend_P","Defend_P"]},{"damage_healed":0.0,"max_hp_gain":0.0,"max_hp_loss":0.0,"gold_gain":0.0,"event_name":"Vampires","player_choice":"Ignored","floor":22.0,"gold_loss":0.0,"damage_taken":0.0}],"is_beta":true,"boss_relics":[{"not_picked":["Ectoplasm","Tiny House"],"picked":"SlaversCollar"}],"items_purged_floors":[],"is_endless":false,"potions_floor_spawned":[4,5,11,14,18],"killed_by":"Slavers","ascension_level":20}}