{"host":"k919bq8mkuzdqhzi","time":1612520211,"event":{"mods":["AchievementEnabler","BaseMod","Colored Map","Colored Powertips","DeckTracker","Minty Spire (QoL Compilation)","Relic Sorter","SuperFastMode"],"gold_per_floor":[117,135,145,145,145,145,158,189,213,239,263,263,301,2,2,121,121,46,145,95,114,114,114,14,14,39,60,60,83,7,22,22,147,147,172,172,0,0,0,0],"floor_reached":39,"language":"ENG","playtime":4170,"items_purged":["Strike_B","Strike_B"],"score":385,"play_id":"0686d829-acec-4aa5-9611-7c6a9b07a092","local_time":"20210205051651","is_ascension_mode":false,"campfire_choices":[{"data":"Dualcast","floor":6,"key":"SMITH"},{"data":"Zap","floor":12,"key":"SMITH"},{"floor":15,"key":"REST"},{"floor":23,"key":"REST"},{"data":"Reprogram","floor":28,"key":"SMITH"},{"floor":32,"key":"REST"}],"circlet_count":0,"master_deck":["Strike_B","Strike_B","Defend_B","Defend_B","Defend_B","Defend_B","Zap+1","Dualcast+1","Coolheaded","Barrage","Gash+1","Conserve Battery","FTL","Go for the Eyes","Reprogram+1","Self Repair","Leap","Thunder Strike","Beam Cell+1","Cold Snap","Cold Snap+1","Darkness","Genetic Algorithm","Doom and Gloom+1","Capacitor","Scrape","Machine Learning","Hologram+1","Writhe"],"relics":["FrozenCore","Golden Idol","CultistMask","Dream Catcher","Regal Pillow","Happy Flower","Pen Nib","Juzu Bracelet","Potion Belt","Runic Pyramid","Red Mask"],"acts_visited":["Exordium","TheCity","TheBeyond"],"potions_floor_usage":[13,13,13,33,33],"damage_taken":[{"damage":5,"enemies":"Jaw Worm","floor":1,"turns":6},{"damage":0,"enemies":"Small Slimes","floor":2,"turns":3},{"damage":0,"enemies":"Cultist","floor":3,"turns":5},{"damage":5,"enemies":"Exordium Thugs","floor":7,"turns":4},{"damage":31,"enemies":"Lagavulin","floor":8,"turns":9},{"damage":0,"enemies":"2 Fungi Beasts","floor":11,"turns":2},{"damage":1,"enemies":"Gremlin Nob","floor":13,"turns":3},{"damage":59,"enemies":"The Guardian","floor":16,"turns":14},{"damage":28,"enemies":"2 Thieves","floor":18,"turns":5},{"damage":31,"enemies":"Chosen","floor":21,"turns":7},{"damage":14,"enemies":"Shelled Parasite and Fungi","floor":27,"turns":7},{"damage":24,"enemies":"Snecko","floor":29,"turns":7},{"damage":13,"enemies":"Centurion and Healer","floor":31,"turns":6},{"damage":86,"enemies":"Collector","floor":33,"turns":11},{"damage":42,"enemies":"3 Shapes","floor":35,"turns":3},{"damage":67,"enemies":"2 Orb Walkers","floor":39,"turns":4}],"seed_played":"-4236256089325387310","potions_obtained":[{"floor":2,"key":"FocusPotion"},{"floor":3,"key":"Fire Potion"},{"floor":8,"key":"FocusPotion"},{"floor":16,"key":"Regen Potion"},{"floor":21,"key":"LiquidMemories"},{"floor":29,"key":"Strength Potion"},{"floor":31,"key":"SteroidPotion"},{"floor":35,"key":"PowerPotion"}],"is_trial":false,"path_per_floor":["M","M","M","?","?","R","M","E","T","T","M","R","E","$","R","B",null,"M","?","?","M","?","R","$","?","T","M","R","M","$","M","R","B",null,"M","?","?","$","?"],"character_chosen":"DEFECT","items_purchased":["Self Repair","Juzu Bracelet","Capacitor"],"campfire_rested":3,"item_purchase_floors":[14,14,30],"current_hp_per_floor":[77,77,77,76,76,76,71,40,40,40,40,40,39,39,76,17,76,55,55,55,31,31,68,68,68,68,61,61,44,44,38,75,11,76,34,53,53,53,0,0],"gold":0,"neow_bonus":"TEN_PERCENT_HP_BONUS","is_daily":false,"chose_seed":false,"campfire_upgraded":3,"win_rate":0.0,"timestamp":1612520211,"path_taken":["M","M","M","?","?","R","?","E","T","?","M","R","E","$","R","BOSS","M","?","?","M","?","R","?","?","T","M","R","M","$","M","R","BOSS","M","?","?","$","?"],"items_purchased_type":["Card","Relic","Card"],"build_version":"2020-12-22","purchased_purges":2,"victory":false,"max_hp_per_floor":[82,82,82,76,76,76,76,76,76,76,76,76,76,76,76,76,76,76,76,76,76,76,76,76,76,76,76,76,76,76,76,76,76,76,76,76,76,76,76,76],"card_choices":[{"not_picked":["Gash","Scrape"],"picked":"Coolheaded","floor":1},{"not_picked":["Storm","Sweeping Beam"],"picked":"Barrage","floor":2},{"not_picked":["Barrage","Compile Driver"],"picked":"Gash","floor":3},{"not_picked":["FTL","Sweeping Beam"],"picked":"Conserve Battery","floor":7},{"not_picked":["Steam Power","Redo"],"picked":"FTL","floor":8},{"not_picked":["Heatsinks","Hologram"],"picked":"Go for the Eyes","floor":11},{"not_picked":["Blizzard","White Noise"],"picked":"Reprogram","floor":13},{"not_picked":["Coolheaded","Doom and Gloom"],"picked":"Leap","floor":15},{"not_picked":["Fission","Rainbow"],"picked":"Thunder Strike","floor":16},{"not_picked":["Blizzard","Doom and Gloom"],"picked":"Beam Cell+1","floor":18},{"not_picked":["Self Repair+1","Compile Driver"],"picked":"Cold Snap","floor":21},{"not_picked":["Barrage","Streamline"],"picked":"Cold Snap+1","floor":23},{"not_picked":["Go for the Eyes","Barrage"],"picked":"Genetic Algorithm","floor":27},{"not_picked":["Beam Cell","Coolheaded+1"],"picked":"Doom and Gloom+1","floor":29},{"not_picked":["Barrage+1","Conserve Battery"],"picked":"Scrape","floor":31},{"not_picked":["Reboot","Thunder Strike"],"picked":"Machine Learning","floor":33},{"not_picked":["Reprogram+1","Tempest+1"],"picked":"Hologram+1","floor":35}],"player_experience":104887,"relics_obtained":[{"floor":8,"key":"Dream Catcher"},{"floor":9,"key":"Regal Pillow"},{"floor":10,"key":"Happy Flower"},{"floor":13,"key":"Pen Nib"},{"floor":26,"key":"Potion Belt"}],"event_choices":[{"damage_healed":0,"gold_gain":0,"player_choice":"Lose Max HP","damage_taken":0,"relics_obtained":["Golden Idol"],"max_hp_gain":0,"max_hp_loss":6,"event_name":"Golden Idol","floor":4,"gold_loss":0},{"damage_healed":0,"gold_gain":0,"player_choice":"Trade","damage_taken":0,"relics_obtained":["CultistMask"],"max_hp_gain":0,"max_hp_loss":0,"event_name":"FaceTrader","floor":5,"gold_loss":0},{"damage_healed":0,"gold_gain":99,"player_choice":"Stole From Cult","damage_taken":0,"max_hp_gain":0,"max_hp_loss":0,"event_name":"Nest","floor":19,"gold_loss":0},{"damage_healed":0,"gold_gain":0,"player_choice":"Bet on Murderer","damage_taken":0,"max_hp_gain":0,"max_hp_loss":0,"event_name":"The Joust","floor":20,"gold_loss":50},{"damage_healed":0,"gold_gain":0,"player_choice":"Forge","damage_taken":0,"max_hp_gain":0,"max_hp_loss":0,"event_name":"Accursed Blacksmith","floor":22,"gold_loss":0,"cards_upgraded":["Gash"]},{"damage_healed":0,"gold_gain":0,"player_choice":"1 cards matched","damage_taken":0,"max_hp_gain":0,"max_hp_loss":0,"event_name":"Match and Keep!","floor":25,"gold_loss":0,"cards_obtained":["Darkness"]},{"damage_healed":19,"gold_gain":0,"player_choice":"Writhe","damage_taken":0,"max_hp_gain":0,"max_hp_loss":0,"event_name":"Winding Halls","floor":36,"gold_loss":0,"cards_obtained":["Writhe"]},{"damage_healed":0,"gold_gain":0,"player_choice":"Paid","damage_taken":0,"relics_obtained":["Red Mask"],"max_hp_gain":0,"max_hp_loss":0,"event_name":"Tomb of Lord Red Mask","floor":37,"gold_loss":172},{"damage_healed":0,"gold_gain":0,"player_choice":"Fight","damage_taken":0,"max_hp_gain":0,"max_hp_loss":0,"event_name":"Mysterious Sphere","floor":39,"gold_loss":0}],"is_beta":false,"boss_relics":[{"not_picked":["SlaversCollar","Inserter"],"picked":"FrozenCore"},{"not_picked":["SacredBark","Snecko Eye"],"picked":"Runic Pyramid"}],"items_purged_floors":[14,24],"is_endless":false,"potions_floor_spawned":[2,3,8,16,21,29,31,35],"killed_by":"2 Orb Walkers","ascension_level":0}}