{"host":"lku4gktzilv18rfq","time":1612555924,"event":{"mods":["BaseMod","Minty Spire (QoL Compilation)","Permanent Neow","StSLib","thorton"],"gold_per_floor":[120,140,20,95,95,127,27,27,54,79,79,79,97,114,114,119,119,119],"floor_reached":16,"language":"ENG","playtime":619,"items_purged":["Normality","thethorton:Strike"],"score":105,"play_id":"40606898-152b-46f5-bbd7-965d5e95cc75","local_time":"20210205121204","is_ascension_mode":true,"campfire_choices":[{"data":"thethorton:BoardroomBlast","floor":8,"key":"SMITH"},{"data":"thethorton:TrueForm","floor":11,"key":"SMITH"},{"floor":15,"key":"REST"}],"circlet_count":0,"master_deck":["thethorton:Defend","thethorton:Defend","thethorton:Defend","thethorton:Defend","thethorton:Heckle","thethorton:CreditCard","thethorton:FearfulRun","thethorton:PowerUp","thethorton:BoardroomBlast+1","thethorton:LongDaysWork","thethorton:BusinessCard","thethorton:WhirlingBriefcase","thethorton:TrueForm+1","thethorton:CashBash","thethorton:WhirlingBriefcase"],"relics":["thethorton:CouragePotion","Boot","Toy Ornithopter"],"acts_visited":["Exordium"],"potions_floor_usage":[16],"damage_taken":[{"damage":4,"enemies":"Small Slimes","floor":1,"turns":7},{"damage":0,"enemies":"2 Louse","floor":2,"turns":1},{"damage":19,"enemies":"Gremlin Nob","floor":6,"turns":4},{"damage":5,"enemies":"Jaw Worm","floor":10,"turns":4},{"damage":0,"enemies":"Lots of Slimes","floor":13,"turns":1},{"damage":0,"enemies":"3 Louse","floor":14,"turns":1},{"damage":30,"enemies":"Hexaghost","floor":16,"turns":9}],"seed_played":"1340624012671280319","potions_obtained":[{"floor":6,"key":"GamblersBrew"},{"floor":10,"key":"GamblersBrew"},{"floor":14,"key":"Fire Potion"}],"is_trial":false,"path_per_floor":["M","M","$","?","?","E","$","R","T","M","R","$","M","M","R","B"],"character_chosen":"THE_THORT","items_purchased":["thethorton:BusinessCard"],"campfire_rested":1,"item_purchase_floors":[3],"current_hp_per_floor":[46,46,46,35,28,9,9,9,9,4,4,4,4,4,24,0,0,0],"gold":119,"neow_bonus":"TRANSFORM_TWO_CARDS","is_daily":false,"chose_seed":false,"campfire_upgraded":2,"win_rate":0.0,"timestamp":1612555924,"path_taken":["M","M","$","?","?","E","?","R","T","?","R","$","M","M","R","BOSS"],"items_purchased_type":["Card"],"build_version":"2020-12-22","purchased_purges":2,"victory":false,"max_hp_per_floor":[68,68,68,68,68,68,68,68,68,68,68,68,68,68,68,68,68,68],"card_choices":[{"not_picked":["thethorton:StumblingSlap","thethorton:SnowDay"],"picked":"thethorton:BoardroomBlast","floor":1},{"not_picked":["thethorton:PocketChange","thethorton:ElbowSmash"],"picked":"thethorton:LongDaysWork","floor":2},{"not_picked":["thethorton:Distance","thethorton:BookBash"],"picked":"thethorton:WhirlingBriefcase","floor":6},{"not_picked":["thethorton:PocketChange","thethorton:DesperateRun"],"picked":"thethorton:TrueForm","floor":10},{"not_picked":["thethorton:FearfulRun","thethorton:Crash"],"picked":"thethorton:CashBash","floor":13},{"not_picked":["thethorton:AngerMoment","thethorton:BookBash"],"picked":"thethorton:WhirlingBriefcase","floor":14}],"player_experience":913651,"relics_obtained":[{"floor":6,"key":"Boot"},{"floor":9,"key":"Toy Ornithopter"}],"event_choices":[{"damage_healed":0,"gold_gain":75,"player_choice":"Gather Gold","damage_taken":11,"max_hp_gain":0,"max_hp_loss":0,"event_name":"World of Goop","floor":4,"gold_loss":0},{"cards_removed":["thethorton:Strike"],"damage_healed":0,"gold_gain":0,"player_choice":"Card Removal","damage_taken":7,"max_hp_gain":0,"max_hp_loss":0,"event_name":"Golden Wing","floor":5,"gold_loss":0}],"is_beta":false,"boss_relics":[],"items_purged_floors":[3,7],"is_endless":false,"potions_floor_spawned":[6,10,14],"killed_by":"Hexaghost","ascension_level":1}}