{"host":"ormi09wwzv7sq47a","time":1612503289,"event":{"mods":["2.2 Compatiblity","AchievementEnabler","Act Like it!","BaseMod","Bestiary","Better Altar","Better Note","Better Sensory Stone","Better Silent Start","Better Skull","Better Third Choice","Better Vampires","BetterRewards","Block Reminder","Card Forge","Colored Map","Colored Powertips","Curses Come First","DeckTracker","Downfall","Highlight Path","Minty Spire (QoL Compilation)","Permanent Neow","Quick Restart","Rare Cards Sparkle","Relic Stats","Shop Mod","StSLib","The Jungle"],"gold_per_floor":[114,114,128,28,40,59,74,74,146,2,2,21,21,35,35,133,133,149,149,169,204,204,204,230,230,230,230,262,274,131,145,145,244,244,257,275,497,497,225,225,251,251,251,266,276,309,325,40,40,40,40,40,40,73,73,73,73],"floor_reached":55,"language":"ENG","playtime":3891,"items_purged":["Slimebound:Tackle","Slimebound:Defend_Slimebound","Slimebound:Strike_Slimebound"],"score":1293,"play_id":"7440065c-fe9b-4e1b-a1bf-9e71878bd32c","local_time":"20210205033449","is_ascension_mode":true,"campfire_choices":[{"data":"Slimebound:LeechEnergy","floor":8.0,"key":"SMITH"},{"data":"Slimebound:Split","floor":13.0,"key":"SMITH"},{"data":"Slimebound:CorrosiveSpit","floor":15.0,"key":"SMITH"},{"data":"Slimebound:GrowthPunch","floor":23.0,"key":"SMITH"},{"data":"Slimebound:FormOfPuddle","floor":25.0,"key":"SMITH"},{"data":"Slimebound:SlimeSpikes","floor":27.0,"key":"SMITH"},{"data":"Slimebound:Darklings","floor":32.0,"key":"SMITH"},{"floor":40.0,"key":"RECALL"},{"data":"Slimebound:Dissolve","floor":42,"key":"SMITH"},{"data":"Slimebound:DouseInSlime","floor":49,"key":"SMITH"},{"data":"Slimebound:SpikyOuterGoop","floor":52,"key":"SMITH"}],"circlet_count":0,"master_deck":["Slimebound:Strike_Slimebound","Slimebound:Defend_Slimebound","Slimebound:Defend_Slimebound","Slimebound:Split+1","Slimebound:CorrosiveSpit+1","Master of Strategy","Slimebound:FormOfPuddle+1","Slimebound:SlimeSpikes+1","Slimebound:GrowthPunch+1","Slimebound:LeechEnergy+1","Slimebound:LeechingTouch","Slimebound:Recollect","Slimebound:Recollect","Slimebound:Darklings+1","Slimebound:GoopSpray+1","Slimebound:MassFeed+1","Slimebound:Dissolve+1","Slimebound:SpikyOuterGoop+1","Slimebound:ProtectTheBoss","Slimebound:HauntingLick+1","Slimebound:MassFeed+1","Slimebound:GoopSpray+1","Slimebound:Schlurp+1","Slimebound:Repurpose+1","Slimebound:RainOfGoop+1","Slimebound:DouseInSlime+1","Slimebound:Gluttony+1","Slimebound:Equalize+1"],"relics":["Slimebound:AbsorbEndCombat","Hammer of Thor","Seething Fire","Anvil of the Gods","Slimebound:SlimedTailRelic","Happy Flower","Molten Egg 2","ClockworkSouvenir","SacredBark","Red Mask","Enchiridion","Incense Burner","Akabeko","Slimebound:StickyStick","Guardian:BottledAnomaly","bronze:MakeshiftBattery","Lantern","Pear","Bag of Preparation","Ginger","Centennial Puzzle"],"acts_visited":["Exordium","TheCity","TheBeyond","TheEnding"],"potions_floor_usage":[45,45,55,55],"damage_taken":[{"damage":1.0,"enemies":"Small Slimes","floor":1.0,"turns":5.0},{"damage":1.0,"enemies":"Cultist","floor":3.0,"turns":4.0},{"damage":17.0,"enemies":"Jaw Worm","floor":5.0,"turns":4.0},{"damage":7.0,"enemies":"Exordium Wildlife","floor":6.0,"turns":4.0},{"damage":9.0,"enemies":"2 Fungi Beasts","floor":7.0,"turns":3.0},{"damage":2.0,"enemies":"Large Slime","floor":12.0,"turns":6.0},{"damage":4.0,"enemies":"Exordium Thugs","floor":14.0,"turns":5.0},{"damage":10.0,"enemies":"Hexaghost","floor":16.0,"turns":10.0},{"damage":8.0,"enemies":"Spheric Guardian","floor":18.0,"turns":5.0},{"damage":11.0,"enemies":"2 Thieves","floor":20.0,"turns":3.0},{"damage":9.0,"enemies":"Masked Bandits","floor":21.0,"turns":4.0},{"damage":13.0,"enemies":"Gremlin Leader","floor":24.0,"turns":9.0},{"damage":0.0,"enemies":"Book of Stabbing","floor":28.0,"turns":5.0},{"damage":0.0,"enemies":"Centurion and Healer","floor":29.0,"turns":6.0},{"damage":8.0,"enemies":"Sentry and Sphere","floor":31.0,"turns":4.0},{"damage":0.0,"enemies":"Automaton","floor":33.0,"turns":11.0},{"damage":0.0,"enemies":"3 Shapes","floor":35.0,"turns":4.0},{"damage":6.0,"enemies":"3 Darklings","floor":36.0,"turns":3.0},{"damage":0,"enemies":"Reptomancer","floor":41,"turns":8},{"damage":0,"enemies":"Maw","floor":44,"turns":7},{"damage":0,"enemies":"4 Shapes","floor":45,"turns":3},{"damage":22,"enemies":"Nemesis","floor":46,"turns":7},{"damage":0,"enemies":"3 Darklings","floor":47,"turns":4},{"damage":1,"enemies":"Donu and Deca","floor":50,"turns":9},{"damage":0,"enemies":"Shield and Spear","floor":54,"turns":5},{"damage":132,"enemies":"The Heart","floor":55,"turns":11}],"seed_played":"7248552767669324588","potions_obtained":[{"floor":3.0,"key":"Dexterity Potion"},{"floor":12.0,"key":"Strength Potion"},{"floor":14.0,"key":"Slimebound:SlimedPotion"},{"floor":16.0,"key":"Fire Potion"},{"floor":24.0,"key":"DuplicationPotion"},{"floor":31.0,"key":"PowerPotion"},{"floor":33.0,"key":"SneckoOil"},{"floor":41,"key":"SmokeBomb"},{"floor":44,"key":"DistilledChaos"},{"floor":47,"key":"GamblersBrew"},{"floor":54,"key":"Dexterity Potion"}],"is_trial":false,"path_per_floor":["M","?","M","$","M","M","M","R","T","$","?","M","R","M","R","B",null,"M","?","M","?","?","R","E","R","T","R","E","M","$","M","R","B",null,"M","M","?","?","$","R","E","R","T","M","M","E","M","$","R","B",null,"R","$","E","B"],"character_chosen":"SLIMEBOUND","items_purchased":["Master of Strategy","Happy Flower","BlessingOfTheForge","ClockworkSouvenir","Guardian:BottledAnomaly","Lantern","Ginger"],"campfire_rested":0,"item_purchase_floors":[0,0,0,10,30,39,48],"current_hp_per_floor":[48,48,55,55,46,41,36,36,36,36,36,42,42,42,42,40,59,57,57,54,57,41,41,36,36,36,36,44,56,56,60,60,68,81,93,91,91,91,91,91,107,107,107,107,111,99,111,111,111,118,119,119,119,123,0,0,0],"gold":73,"neow_bonus":"","is_daily":false,"chose_seed":false,"campfire_upgraded":10,"win_rate":0.0,"timestamp":1612503289,"path_taken":["M","?","M","$","M","?","M","R","T","?","?","M","R","?","R","BOSS","M","?","M","?","?","R","E","R","T","R","E","M","$","M","R","BOSS","M","M","?","?","$","R","E","R","T","?","M","E","M","?","R","BOSS","R","$","E","BOSS"],"items_purchased_type":["Card","Relic","Potion","Relic","Relic","Relic","Relic"],"build_version":"2020-12-22","purchased_purges":3,"victory":false,"max_hp_per_floor":[65,65,65,65,65,65,65,65,65,65,65,65,65,65,65,65,65,65,65,69,73,73,73,73,73,73,73,73,77,77,85,85,85,85,93,97,97,97,97,97,107,107,107,107,111,115,119,119,119,119,119,119,119,123,123,123,123],"relic_stats":{"Centennial Puzzle":[3],"Happy Flower":[49],"counters":[26,147],"Bag of Preparation":[8],"Ginger":[2],"obtain_stats":[{"Lantern":39,"Pear":41,"Happy Flower":0,"SacredBark":17,"Enchiridion":22,"Hammer of Thor":0,"Incense Burner":24,"Bag of Preparation":46,"Seething Fire":0,"Ginger":48,"Akabeko":26,"ClockworkSouvenir":10,"Centennial Puzzle":54,"Anvil of the Gods":0,"Slimebound:StickyStick":28,"Molten Egg 2":9,"Slimebound:AbsorbEndCombat":0,"Red Mask":21,"Guardian:BottledAnomaly":30,"Slimebound:SlimedTailRelic":0,"bronze:MakeshiftBattery":34},{"Lantern":18,"Pear":19,"Happy Flower":0,"SacredBark":8,"Enchiridion":11,"Hammer of Thor":0,"Incense Burner":12,"Bag of Preparation":22,"Seething Fire":0,"Ginger":23,"Akabeko":12,"ClockworkSouvenir":5,"Centennial Puzzle":25,"Anvil of the Gods":0,"Slimebound:StickyStick":13,"Molten Egg 2":5,"Slimebound:AbsorbEndCombat":0,"Red Mask":11,"Guardian:BottledAnomaly":14,"Slimebound:SlimedTailRelic":0,"bronze:MakeshiftBattery":16},{"Lantern":94,"Pear":101,"Happy Flower":0,"SacredBark":40,"Enchiridion":52,"Hammer of Thor":0,"Incense Burner":61,"Bag of Preparation":118,"Seething Fire":0,"Ginger":122,"Akabeko":61,"ClockworkSouvenir":20,"Centennial Puzzle":136,"Anvil of the Gods":0,"Slimebound:StickyStick":66,"Molten Egg 2":20,"Slimebound:AbsorbEndCombat":0,"Red Mask":52,"Guardian:BottledAnomaly":72,"Slimebound:SlimedTailRelic":0,"bronze:MakeshiftBattery":87}]},"card_choices":[{"not_picked":["Slimebound:FinishingTackle","Slimebound:Equalize"],"picked":"Slimebound:FormOfPuddle","floor":1.0},{"not_picked":["Slimebound:LeadByExample","Slimebound:Repurpose"],"picked":"Slimebound:SlimeSpikes","floor":3.0},{"not_picked":["Slimebound:SplitAcid","Slimebound:Gluttony"],"picked":"Slimebound:GrowthPunch","floor":5.0},{"not_picked":["Slimebound:Chomp","Slimebound:DisruptingSlam"],"picked":"Slimebound:LeechEnergy","floor":6.0},{"not_picked":["Slimebound:SplitMire","Slimebound:PressTheAttack"],"picked":"Slimebound:LeechingTouch","floor":7.0},{"not_picked":["Slimebound:Schlurp","Slimebound:ItLooksTasty+1"],"picked":"Slimebound:Recollect","floor":12.0},{"not_picked":["Slimebound:SlimeBrawl","Slimebound:PressTheAttack+1"],"picked":"Slimebound:Recollect","floor":14.0},{"not_picked":["Slimebound:MassRepurpose","Slimebound:SelfFormingGoo"],"picked":"Slimebound:Darklings","floor":16.0},{"not_picked":["Slimebound:SplitMire+1","Slimebound:SplitLeeching"],"picked":"Slimebound:GoopSpray+1","floor":18.0},{"not_picked":["Slimebound:GoopSpray","Slimebound:SlimeBarrage+1"],"picked":"Slimebound:Dissolve","floor":20.0},{"not_picked":["Slimebound:LivingWall","Slimebound:Schlurp"],"picked":"Slimebound:SpikyOuterGoop","floor":21.0},{"not_picked":["Slimebound:PressTheAttack+1","Slimebound:TongueLash+1","Slimebound:SelfFormingGoo"],"picked":"SKIP","floor":24.0},{"not_picked":["Slimebound:DisruptingSlam+1","Slimebound:Schlurp"],"picked":"Slimebound:ProtectTheBoss","floor":28.0},{"not_picked":["Slimebound:LeechEnergy+1","Slimebound:SplitLeeching"],"picked":"Slimebound:HauntingLick+1","floor":29.0},{"not_picked":["Slimebound:DisruptingSlam+1","Slimebound:SlimeSpikes","Slimebound:ItLooksTasty+1"],"picked":"SKIP","floor":31.0},{"not_picked":["Slimebound:Darklings","Slimebound:TagTeam+1"],"picked":"Slimebound:MassFeed+1","floor":33.0},{"not_picked":["Slimebound:SlimeSpikes+1","Slimebound:HungryTackle+1"],"picked":"Slimebound:GoopSpray+1","floor":35.0},{"not_picked":["Slimebound:FinishingTackle+1","Slimebound:LivingWall"],"picked":"Slimebound:Schlurp+1","floor":36.0},{"not_picked":["Slimebound:LeechEnergy+1","Slimebound:RainOfGoop"],"picked":"Slimebound:Repurpose+1","floor":41},{"not_picked":["Slimebound:Grow","Slimebound:Schlurp"],"picked":"Slimebound:RainOfGoop+1","floor":44},{"not_picked":["Slimebound:GoopSpray","Slimebound:Equalize+1"],"picked":"Slimebound:DouseInSlime","floor":45},{"not_picked":["Slimebound:DivideAndConquer+1","Slimebound:GoopSpray"],"picked":"Slimebound:Gluttony+1","floor":46},{"not_picked":["Slimebound:GoopTackle+1","Slimebound:RainOfGoop","Slimebound:TongueLash+1"],"picked":"SKIP","floor":47},{"not_picked":["Slimebound:MassFeed+1","Slimebound:SplitLeeching"],"picked":"Slimebound:Equalize+1","floor":54}],"player_experience":1007093,"relics_obtained":[{"floor":9.0,"key":"Molten Egg 2"},{"floor":21.0,"key":"Red Mask"},{"floor":22.0,"key":"Enchiridion"},{"floor":24.0,"key":"Incense Burner"},{"floor":26.0,"key":"Akabeko"},{"floor":28.0,"key":"Slimebound:StickyStick"},{"floor":41,"key":"Pear"},{"floor":46,"key":"Bag of Preparation"},{"floor":54,"key":"Centennial Puzzle"}],"event_choices":[{"cards_removed":["Slimebound:Defend_Slimebound"],"damage_healed":0.0,"max_hp_gain":0.0,"max_hp_loss":0.0,"gold_gain":0.0,"event_name":"Purifier","player_choice":"Purged","floor":2.0,"gold_loss":0.0,"damage_taken":0.0},{"damage_healed":0.0,"max_hp_gain":0.0,"max_hp_loss":0.0,"gold_gain":0.0,"event_name":"Match and Keep!","player_choice":"0 cards matched","floor":11.0,"gold_loss":0.0,"damage_taken":0.0,"cards_obtained":[]},{"cards_removed":["Master of Strategy"],"damage_healed":0.0,"max_hp_gain":0.0,"max_hp_loss":0.0,"gold_gain":0.0,"event_name":"betterNote:BetterNote","player_choice":"Take \u0026 Give","floor":19.0,"gold_loss":0.0,"damage_taken":0.0,"cards_obtained":["Slimebound:MassFeed"]},{"damage_healed":0.0,"max_hp_gain":0.0,"max_hp_loss":0.0,"gold_gain":0.0,"event_name":"Masked Bandits","player_choice":"Fought Bandits","floor":21.0,"gold_loss":0.0,"damage_taken":0.0},{"damage_healed":0.0,"max_hp_gain":0.0,"max_hp_loss":0.0,"gold_gain":0.0,"event_name":"Cursed Tome","player_choice":"Obtained Book","floor":22.0,"gold_loss":0.0,"damage_taken":16.0},{"damage_healed":0.0,"max_hp_gain":0.0,"max_hp_loss":0.0,"gold_gain":222.0,"event_name":"Tomb of Lord Red Mask","player_choice":"Wore Mask","floor":37.0,"gold_loss":0.0,"damage_taken":0.0},{"cards_removed":["Slimebound:Strike_Slimebound"],"damage_healed":0.0,"max_hp_gain":0.0,"max_hp_loss":0.0,"gold_gain":0.0,"event_name":"Bonfire Elementals","player_choice":"Offered Basic","floor":38.0,"gold_loss":0.0,"damage_taken":0.0}],"is_beta":false,"boss_relics":[{"not_picked":["Fusion Hammer","Runic Dome"],"picked":"SacredBark"},{"not_picked":["Coffee Dripper","Pandora\u0027s Box"],"picked":"bronze:MakeshiftBattery"}],"items_purged_floors":[0,4,39],"is_endless":false,"potions_floor_spawned":[3,12,14,16,24,31,33,41,44,47,54],"killed_by":"The Heart","ascension_level":9}}