{"host":"7tvb1em0d2fx72q7","time":1612499133,"event":{"mods":["BaseMod","Challenge The Spire","Minty Spire (QoL Compilation)","StSLib","everything is the same but u backflip on backflip"],"gold_per_floor":[115,115,134,134,3,3,33,50,50,70,99,99,129,190,190,264,264,278,278,278,278,292,319,141,152,152,152,152,122,139,139,139],"floor_reached":31,"language":"ENG","playtime":1709,"items_purged":["Regret","Cleave"],"score":542,"play_id":"94312205-8a60-4482-b4b5-f0c897653b52","local_time":"20210204232533","is_ascension_mode":true,"campfire_choices":[{"data":"Bash","floor":6,"key":"SMITH"},{"floor":12,"key":"REST"},{"floor":15,"key":"REST"},{"floor":28,"key":"REST"}],"circlet_count":0,"master_deck":["AscendersBane","Strike_R+1","Strike_R+1","Strike_R+1","Strike_R+1","Defend_R+1","Defend_R+1","Defend_R+1","Defend_R+1","Bash+1","Shrug It Off","Brutality","Cleave","Twin Strike","Armaments","Intimidate","Power Through","Immolate","Rupture","Flame Barrier","Pummel","Fire Breathing","Fire Breathing","Pummel","True Grit","Fire Breathing"],"relics":["Velvet Choker","StrikeDummy","Bag of Preparation","Darkstone Periapt","Shovel","Omamori","Dream Catcher","Calling Bell","Bag of Marbles","Paper Frog","Ginger","Regal Pillow"],"acts_visited":["Exordium","TheCity"],"potions_floor_usage":[10,16,22,25],"damage_taken":[{"damage":2.0,"enemies":"Small Slimes","floor":1.0,"turns":4.0},{"damage":0.0,"enemies":"Cultist","floor":3.0,"turns":3.0},{"damage":35,"enemies":"3 Sentries","floor":7,"turns":10},{"damage":0,"enemies":"2 Louse","floor":8,"turns":2},{"damage":2,"enemies":"Large Slime","floor":10,"turns":3},{"damage":6,"enemies":"Gremlin Nob","floor":11,"turns":3},{"damage":21,"enemies":"Lagavulin","floor":13,"turns":6},{"damage":8,"enemies":"Gremlin Nob","floor":14,"turns":3},{"damage":17,"enemies":"The Guardian","floor":16,"turns":9},{"damage":21,"enemies":"Spheric Guardian","floor":18,"turns":5},{"damage":0,"enemies":"Chosen","floor":22,"turns":2},{"damage":25,"enemies":"Book of Stabbing","floor":23,"turns":5},{"damage":20,"enemies":"Centurion and Healer","floor":25,"turns":7},{"damage":19,"enemies":"Snake Plant","floor":30,"turns":2},{"damage":41,"enemies":"Shelled Parasite and Fungi","floor":31,"turns":4}],"seed_played":"-4586363219548267664","potions_obtained":[{"floor":3.0,"key":"LiquidMemories"},{"floor":10,"key":"BloodPotion"},{"floor":16,"key":"Dexterity Potion"},{"floor":22,"key":"DuplicationPotion"}],"is_trial":false,"path_per_floor":["M","?","M","?","$","R","E","M","T","M","E","R","E","?","R","B",null,"M","?","?","?","M","E","$","M","T","T","R","$","M","M"],"character_chosen":"IRONCLAD","items_purchased":["Fire Potion","Fire Breathing","True Grit"],"campfire_rested":3,"item_purchase_floors":[5,24,29],"current_hp_per_floor":[66,66,66,66,66,66,31,31,31,29,23,45,24,16,38,21,62,41,41,41,41,56,31,31,11,11,11,48,48,29,0,0],"gold":139,"neow_bonus":"BOSS_RELIC","is_daily":false,"chose_seed":false,"campfire_upgraded":1,"win_rate":0.0,"timestamp":1612499133,"path_taken":["M","?","?","?","$","R","E","M","T","M","E","R","E","?","R","BOSS","M","?","?","?","?","E","$","M","T","?","R","?","M","M"],"items_purchased_type":["Potion","Card","Card"],"build_version":"2020-12-22","purchased_purges":2,"victory":false,"max_hp_per_floor":[75,75,75,75,75,75,75,75,75,75,75,75,75,75,75,75,75,75,75,75,75,75,75,75,75,75,75,75,75,75,75,75],"card_choices":[{"not_picked":["Shrug It Off","Thunderclap"],"picked":"Cleave","floor":1.0},{"not_picked":["Metallicize","Reckless Charge"],"picked":"Shrug It Off","floor":3.0},{"not_picked":["Havoc","Iron Wave"],"picked":"Brutality","floor":7},{"not_picked":["Flex","Clash"],"picked":"Cleave","floor":8},{"not_picked":["Pommel Strike","Perfected Strike"],"picked":"Twin Strike","floor":10},{"not_picked":["Sword Boomerang","Limit Break"],"picked":"Armaments","floor":11},{"not_picked":["Hemokinesis","Warcry"],"picked":"Intimidate","floor":13},{"not_picked":["Anger","Bloodletting"],"picked":"Power Through","floor":15},{"not_picked":["Feed","Barricade"],"picked":"Immolate","floor":16},{"not_picked":["Perfected Strike","Hemokinesis"],"picked":"Rupture","floor":18},{"not_picked":["Clash","Seeing Red+1","Cleave+1"],"picked":"SKIP","floor":22},{"not_picked":["Blood for Blood","Headbutt"],"picked":"Pummel","floor":23},{"not_picked":["Flex","Reckless Charge+1"],"picked":"Fire Breathing","floor":25},{"not_picked":["Thunderclap","Anger"],"picked":"Pummel","floor":28},{"not_picked":["Burning Pact","Iron Wave"],"picked":"Fire Breathing","floor":30}],"player_experience":2019733,"relics_obtained":[{"floor":7,"key":"Bag of Preparation"},{"floor":9,"key":"Darkstone Periapt"},{"floor":11,"key":"Shovel"},{"floor":13,"key":"Omamori"},{"floor":14,"key":"Dream Catcher"},{"floor":17,"key":"Bag of Marbles"},{"floor":17,"key":"Paper Frog"},{"floor":17,"key":"Ginger"},{"floor":23,"key":"Regal Pillow"}],"event_choices":[{"cards_removed":["Strike_R"],"damage_healed":0.0,"max_hp_gain":0.0,"max_hp_loss":0.0,"gold_gain":0.0,"event_name":"Wheel of Change","player_choice":"Card Removal","floor":2.0,"gold_loss":0.0,"damage_taken":0.0},{"damage_healed":0,"gold_gain":0,"player_choice":"Box","damage_taken":0,"relics_obtained":["StrikeDummy"],"max_hp_gain":0,"max_hp_loss":0,"event_name":"Big Fish","floor":4,"gold_loss":0,"cards_obtained":["Regret"]},{"damage_healed":0,"gold_gain":0,"player_choice":"Searched \u00271\u0027 times","damage_taken":0,"max_hp_gain":0,"max_hp_loss":0,"event_name":"Dead Adventurer","floor":14,"gold_loss":0},{"damage_healed":0,"gold_gain":0,"player_choice":"Simplicity","damage_taken":0,"max_hp_gain":0,"max_hp_loss":0,"event_name":"Back to Basics","floor":19,"gold_loss":0,"cards_upgraded":["Strike_R","Strike_R","Strike_R","Strike_R","Defend_R","Defend_R","Defend_R","Defend_R"]},{"damage_healed":0,"gold_gain":0,"player_choice":"Smashed Altar","damage_taken":0,"max_hp_gain":0,"max_hp_loss":0,"event_name":"Forgotten Altar","floor":20,"gold_loss":0,"cards_obtained":["Decay"]},{"damage_healed":0,"gold_gain":0,"player_choice":"Read","damage_taken":0,"max_hp_gain":0,"max_hp_loss":0,"event_name":"The Library","floor":21,"gold_loss":0,"cards_obtained":["Flame Barrier"]}],"is_beta":false,"boss_relics":[{"not_picked":["Ectoplasm","Astrolabe"],"picked":"Calling Bell"}],"items_purged_floors":[5,24],"is_endless":false,"potions_floor_spawned":[3,10,16,22],"killed_by":"Shelled Parasite and Fungi","ascension_level":20}}