{"host":"qvcm5n1ry1q9iv9x","time":1612546502,"event":{"mods":["Act Like it!","BaseMod","BetterRewards","Colored Map","Colored Powertips","Downfall","Friendly Minions","Highlight Path","Minty Spire (QoL Compilation)","Quick Restart","Relic Sorter","Shop Mod","StSLib"],"gold_per_floor":[99,549,724,724,724,724,724,739,761,761,11,44,44,70,85,85,85,85],"floor_reached":16,"language":"ZHS","playtime":723,"items_purged":[],"score":104,"play_id":"b87f1c94-0982-4b32-a1d3-f675918c2478","local_time":"20210206013502","is_ascension_mode":false,"campfire_choices":[{"data":"Guardian:TwinSlam","floor":1.0,"key":"SMITH"},{"data":"Guardian:RefractedBeam","floor":13.0,"key":"SMITH"}],"circlet_count":0,"master_deck":["Guardian:Strike_Guardian","Guardian:Strike_Guardian","Guardian:Strike_Guardian","Guardian:Strike_Guardian","Guardian:Defend_Guardian","Guardian:Defend_Guardian","Guardian:Defend_Guardian","Guardian:Defend_Guardian","Guardian:CurlUp","Guardian:TwinSlam+1","downfall:Icky","downfall:Icky","downfall:Icky","Guardian:Planning","Guardian:Gem_Green","Guardian:Emergency","Guardian:Incinerate","Guardian:MultiBeam","expansioncontent:StudyTheSpire+1","Guardian:TimeCapacitor+1","Guardian:SphericShield","Guardian:RefractedBeam+1","Guardian:StasisField","Guardian:Preprogram"],"relics":["Guardian:ModeShifter","downfall:HeartsMalice","Darkstone Periapt","Odd Mushroom","Frozen Egg 2","Bag of Preparation","Oddly Smooth Stone","Peace Pipe"],"acts_visited":["Exordium"],"potions_floor_usage":[16],"damage_taken":[{"damage":0.0,"enemies":"Small Slimes","floor":4.0,"turns":1.0},{"damage":0.0,"enemies":"2 Louse","floor":5.0,"turns":1.0},{"damage":0.0,"enemies":"Jaw Worm","floor":6.0,"turns":1.0},{"damage":6.0,"enemies":"2 Fungi Beasts","floor":8.0,"turns":5.0},{"damage":30.0,"enemies":"The Mushroom Lair","floor":9.0,"turns":7.0},{"damage":10.0,"enemies":"downfall:FleeingMerchant","floor":11.0,"turns":4.0},{"damage":18.0,"enemies":"3 Sentries","floor":12.0,"turns":5.0},{"damage":18.0,"enemies":"Lagavulin","floor":14.0,"turns":7.0},{"damage":16.0,"enemies":"Exordium Thugs","floor":15.0,"turns":6.0},{"damage":13,"enemies":"DF_ARCHETYPE_STREAMLINE","floor":16,"turns":10}],"seed_played":"-9073374849674164427","potions_obtained":[{"floor":8.0,"key":"SpeedPotion"},{"floor":9.0,"key":"FairyPotion"},{"floor":14.0,"key":"FearPotion"},{"floor":15.0,"key":"DistilledChaos"}],"is_trial":false,"path_per_floor":["R","?","?","M","M","M","T","M","?","?","$","E","R","E","M","B"],"character_chosen":"GUARDIAN","items_purchased":["Frozen Egg 2","expansioncontent:StudyTheSpire+1","Guardian:TimeCapacitor+1","Guardian:SphericShield","Bag of Preparation"],"campfire_rested":0,"item_purchase_floors":[11,11,11,11,11],"current_hp_per_floor":[80,80,80,80,80,80,80,74,44,44,34,16,16,24,8,0,0,0],"gold":85,"neow_bonus":"THREE_ENEMY_KILL","is_daily":false,"chose_seed":false,"campfire_upgraded":2,"win_rate":0.0,"timestamp":1612546502,"path_taken":["R","?","?","M","M","M","T","M","?","?","?","E","R","E","M","BOSS"],"items_purchased_type":["Relic","Card","Card","Card","Relic"],"build_version":"2020-12-22","purchased_purges":0,"victory":false,"max_hp_per_floor":[80,80,80,80,80,80,80,80,80,80,80,80,80,80,80,80,80,80],"card_choices":[{"not_picked":["Guardian:SpikerProtocol","Guardian:Gem_Lightblue"],"picked":"Guardian:Planning","floor":4.0},{"not_picked":["Guardian:TimeBomb","Guardian:EvasiveProtocol"],"picked":"Guardian:Gem_Green","floor":5.0},{"not_picked":["Guardian:Planning","Guardian:Suspension"],"picked":"Guardian:Emergency","floor":6.0},{"not_picked":["Guardian:BronzeArmor","Guardian:ShieldCharger"],"picked":"Guardian:Gem_Fragmented","floor":8.0},{"not_picked":["Guardian:ShieldCharger","Guardian:Gem_Cyan"],"picked":"Guardian:Incinerate","floor":9.0},{"not_picked":["Guardian:Suspension","Guardian:ShieldCharger"],"picked":"Guardian:MultiBeam","floor":11.0},{"not_picked":["Guardian:Recover","Guardian:PolyBeam"],"picked":"Guardian:RefractedBeam","floor":12.0},{"not_picked":["Guardian:Gem_Yellow","Guardian:DonusPower"],"picked":"Guardian:StasisField","floor":14.0},{"not_picked":["Guardian:Gem_Cyan","Guardian:TemporalShield"],"picked":"Guardian:Preprogram","floor":15.0}],"player_experience":183420,"relics_obtained":[{"floor":7.0,"key":"Darkstone Periapt"},{"floor":9.0,"key":"Odd Mushroom"},{"floor":12.0,"key":"Oddly Smooth Stone"},{"floor":14.0,"key":"Peace Pipe"}],"event_choices":[{"damage_healed":0.0,"max_hp_gain":0.0,"max_hp_loss":0.0,"gold_gain":0.0,"event_name":"Mushrooms","player_choice":"Fought Mushrooms","floor":9.0,"gold_loss":0.0,"damage_taken":0.0},{"cards_removed":["Doubt"],"damage_healed":0.0,"max_hp_gain":0.0,"max_hp_loss":0.0,"gold_gain":0.0,"event_name":"Living Wall","player_choice":"Forget","floor":10.0,"gold_loss":0.0,"damage_taken":0.0}],"is_beta":false,"boss_relics":[],"items_purged_floors":[],"is_endless":false,"potions_floor_spawned":[8,9,14,15],"killed_by":"DF_ARCHETYPE_STREAMLINE","ascension_level":0}}