{"host":"k7m72kgq8xdir5ne","time":1612545133,"event":{"mods":["ATMod(阿瑾Mod)","AchievementEnabler","Act Like it!","BaseMod","Friendly Minions","Gensokyo","LagranYue(拉格朗・月)","Minty Spire (QoL Compilation)","Quick Restart","RumiaBox-露米娅的神秘盒子","Shop Mod","Spicy Shops","StSLib","SuperFastMode","TestMod","Yakumo Yukari mod","【功能Mod】Neow奖励","【功能Mod】混沌之环修复补丁","篝火指南"],"gold_per_floor":[137,155,155,173,192,227,237,271,294,26,26,43,56,231,231,326,326,345,97,97,497,509,9,23,39,39,65,108,71,131,218,102,247,247,389,504,504,560,650,760,631,631,656,715,783,823,600,664,200,266,278,15,27,150,224],"floor_reached":56,"language":"ZHS","playtime":2364,"items_purged":["AT_purpleEX","MNeedle_purple","RealityDreamConfluencek_purple"],"score":1617,"play_id":"dfa05bde-c7c8-490e-9014-fc5e18bb23b4","local_time":"20210206011213","is_ascension_mode":false,"campfire_choices":[{"floor":15,"key":"RECALL"}],"circlet_count":0,"master_deck":["AT_ChampionStep","Boundary_LifeAndDeath_purple+1","Mirror_WaveAndshot_purple","RuleDissolution_purple","Boundary_LifeAndDeath_purple","AT_ChampionStep","Mirror_WaveAndshot_purple","Mirror_Drifter_purple","WangLiang_LineAndCurveDreams_purple","WorldDissolvedintheRealm_purple","BarrageBoundary_PipeDream_purple","WatchEChange_purple+1","WatchEChange_purple","AdvanceAttack_purple+1","Mirror_Drifter_purple+1","Line_surface_state_purple"],"relics":["Boundary_crack","Memoryfragments_purpleEX","AT_ATBox","testmod-SaigiyounoYou","LagranYue:RandomDrawCardRelic","Ancient Tea Set","Mango","Potion Belt","MerchantsRug","AT_SunfireAegis","testmod-Temperance","testmod-CrystalShield","AT_SpeedBoots","PreservedInsect","Membership Card","White Beast Statue","Bag of Preparation","AT_ImmortalShieldbow","DollysMirror","testmod-Acrobat","AT_MibuBalloonWealth","Orrery","AT_BellDemon","AT_BellowingDragoncrestRing","War Paint","AT_BladeRuinedKing","Cauldron","Happy Flower","testmod-Brilliant","Shovel","Matryoshka","MagicDraw4","Omamori","testmod-IndustrialRevolution","AT_RedNoBalance","TheAbacus","Vajra","Molten Egg 2","testmod-Justice","Frozen Egg 2","ZombieArmy","testmod-CasingShield","Lantern","SSSystem","MawBank","LagranYue:NewUniverseRelic","LagranYue:GuidanceLightRelic","LagranYue:RareGoldArmorRelic","ClockworkSouvenir","AT_ChloranthyRing","Oddly Smooth Stone","Ccalipers","testmod-RainbowHikingShoes","testmod-LifeArmor","Sling","HornCleat","AT_ArchangelStaff","Blood Vial"],"acts_visited":["Exordium","TheCity","TheBeyond","TheEnding"],"potions_floor_usage":[6,8,8,8,16,37,52,55,55],"damage_taken":[{"damage":1,"enemies":"Jaw Worm","floor":1,"turns":4},{"damage":0,"enemies":"Cultist","floor":2,"turns":2},{"damage":12,"enemies":"Small Slimes","floor":4,"turns":4},{"damage":7,"enemies":"2 Fungi Beasts","floor":5,"turns":2},{"damage":35,"enemies":"Gremlin Nob","floor":6,"turns":3},{"damage":16,"enemies":"Large Slime","floor":7,"turns":3},{"damage":16,"enemies":"Lagavulin","floor":8,"turns":3},{"damage":2,"enemies":"Exordium Thugs","floor":12,"turns":2},{"damage":0,"enemies":"Gremlin Gang","floor":13,"turns":2},{"damage":29,"enemies":"The Guardian","floor":16,"turns":8},{"damage":10,"enemies":"3 Byrds","floor":18,"turns":3},{"damage":1,"enemies":"Chosen","floor":22,"turns":5},{"damage":0,"enemies":"Shelled Parasite and Fungi","floor":24,"turns":1},{"damage":0,"enemies":"Centurion and Healer","floor":25,"turns":1},{"damage":0,"enemies":"Sentry and Sphere","floor":27,"turns":2},{"damage":25,"enemies":"Gremlin Leader","floor":28,"turns":1},{"damage":0,"enemies":"Snecko","floor":30,"turns":2},{"damage":0,"enemies":"Centurion and Healer","floor":31,"turns":1},{"damage":0,"enemies":"Automaton","floor":33,"turns":1},{"damage":0,"enemies":"3 Darklings","floor":35,"turns":1},{"damage":0,"enemies":"2 Orb Walkers","floor":36,"turns":1},{"damage":0,"enemies":"Orb Walker","floor":37,"turns":1},{"damage":0,"enemies":"Writhing Mass","floor":38,"turns":1},{"damage":0,"enemies":"Sphere and 2 Shapes","floor":39,"turns":1},{"damage":0,"enemies":"4 Shapes","floor":40,"turns":1},{"damage":0,"enemies":"Giant Head","floor":44,"turns":1},{"damage":0,"enemies":"Transient","floor":45,"turns":1},{"damage":0,"enemies":"Writhing Mass","floor":46,"turns":1},{"damage":0,"enemies":"Maw","floor":48,"turns":1},{"damage":0,"enemies":"Donu and Deca","floor":50,"turns":1},{"damage":0,"enemies":"Shield and Spear","floor":54,"turns":1},{"damage":0,"enemies":"The Heart","floor":55,"turns":3}],"seed_played":"1699302271472723744","potions_obtained":[{"floor":1,"key":"Fire Potion"},{"floor":2,"key":"SneckoOil"},{"floor":3,"key":"SkillPotion"},{"floor":7,"key":"FearPotion"},{"floor":12,"key":"testmod-TestPotion"},{"floor":16,"key":"AttackPotion"},{"floor":18,"key":"Regen Potion"},{"floor":24,"key":"Explosive Potion"},{"floor":25,"key":"Ancient Potion"},{"floor":27,"key":"Weak Potion"},{"floor":28,"key":"Block Potion"},{"floor":30,"key":"ColorlessPotion"},{"floor":31,"key":"FearPotion"},{"floor":32,"key":"Dexterity Potion"},{"floor":32,"key":"Swift Potion"},{"floor":32,"key":"AttackPotion"},{"floor":32,"key":"Weak Potion"},{"floor":33,"key":"testmod-EscapePotion"},{"floor":37,"key":"Strength Potion"},{"floor":39,"key":"BlessingOfTheForge"},{"floor":44,"key":"ColorlessPotion"},{"floor":45,"key":"Fire Potion"},{"floor":46,"key":"FearPotion"},{"floor":48,"key":"testmod-SpacePotion"},{"floor":54,"key":"Block Potion"}],"is_trial":false,"path_per_floor":["M","M","?","M","M","E","M","E","T","R","?","M","M","?","R","B",null,"M","$","?","?","M","R","M","M","T","M","E","$","M","M","R","B",null,"M","?","M","M","M","M","R","?","T","E","M","M","R","M","R","B",null,"R","$","E","B",null],"character_chosen":"Youkari","items_purchased":["MerchantsRug","StateErode_purple","testmod-CrystalShield","AT_SpeedBoots","PreservedInsect","Membership Card","White Beast Statue","Bag of Preparation","AT_ImmortalShieldbow","DollysMirror","Orrery","AT_BellDemon","AT_BladeRuinedKing","Cauldron","TheAbacus","Vajra","Molten Egg 2","WatchEChange_purple","SSSystem","MawBank","LagranYue:NewUniverseRelic","LagranYue:RareGoldArmorRelic","ClockworkSouvenir","AT_ChloranthyRing","Oddly Smooth Stone","Ccalipers","testmod-RainbowHikingShoes","testmod-LifeArmor","Sling","HornCleat"],"campfire_rested":0,"item_purchase_floors":[10,10,19,19,19,23,23,23,23,23,29,29,32,32,41,41,41,41,47,47,47,49,49,49,49,49,52,52,52,52],"current_hp_per_floor":[60,68,68,65,65,44,37,48,48,48,48,56,66,66,66,71,84,79,79,55,55,69,69,79,84,84,84,60,60,70,81,81,84,84,84,84,84,84,84,84,84,84,84,48,57,48,48,54,54,64,84,84,84,84,84],"gold":236,"neow_bonus":"THREE_RARE_CARDS","is_daily":false,"chose_seed":false,"campfire_upgraded":0,"win_rate":0.0,"timestamp":1612545133,"path_taken":["M","M","?","?","M","E","M","E","T","R","?","?","?","?","R","BOSS","M","$","?","?","?","R","?","M","T","M","E","?","M","M","R","BOSS","M","?","M","M","M","M","R","?","T","E","?","M","R","M","R","BOSS","R","$","E","BOSS"],"items_purchased_type":["Relic","Card","Relic","Relic","Relic","Relic","Relic","Relic","Relic","Relic","Relic","Relic","Relic","Relic","Relic","Relic","Relic","Card","Relic","Relic","Relic","Relic","Relic","Relic","Relic","Relic","Relic","Relic","Relic","Relic"],"build_version":"2020-12-22","purchased_purges":3,"victory":true,"max_hp_per_floor":[70,70,70,70,70,70,70,84,84,84,84,84,84,84,84,84,84,84,84,84,84,84,84,84,84,84,84,84,84,84,84,84,84,84,84,84,84,84,84,84,84,84,84,84,84,84,84,84,84,84,84,84,84,84,84],"card_choices":[{"not_picked":["MagicEyes_LaplaceDemon_purple","Monsters_DoubleDeathButterfly_purple"],"picked":"Boundary_LifeAndDeath_purple","floor":0},{"not_picked":["SharpContractionReality_purple","Yakumo_Ran_purple"],"picked":"WatchEChange_purple","floor":1},{"not_picked":["OmniscientAndOmnipotent_Monster_purple","WeekHit_purple","SfantasyHide_purple"],"picked":"SKIP","floor":2},{"not_picked":["Nest_LightFlightworm_purple","Fantasy_PerpetualMotionMachine_purple","Realm_recovery_purpleEX"],"picked":"SKIP","floor":4},{"not_picked":["Nest_LightFlightworm_purple","Fantasy_PerpetualMotionMachine_purple","Realm_recovery_purpleEX"],"picked":"SKIP","floor":4},{"not_picked":["PositiveMatter_Antimatter_Universe_purple","SharpContractionReality_purple"],"picked":"Mirror_FormAndEmptin_purple","floor":5},{"not_picked":["MonsterNeedle_purple","StateDuplicate_purple"],"picked":"Mirror_WaveAndshot_purple","floor":6},{"not_picked":["Photoelasticity_Doppler_Effect_purple","Boundary_of_Extermination_purpleEX"],"picked":"DarkRealmRedLine_purple","floor":7},{"not_picked":["DarkRealmRedLine_purple","OmniscientAndOmnipotent_Monster_purple"],"picked":"ContainerChange_purple","floor":8},{"not_picked":["ExistenceContinue_purple","Worldmountain_purple"],"picked":"Boundary_DreamRealityDamnation_purple","floor":12},{"not_picked":["AdvanceAttack_purple","Realm_recovery_purpleEX"],"picked":"RuleDissolution_purple","floor":13},{"not_picked":["WangLiang_LineAndCurveDreams_purple","ProofOfUnderstanding_purple"],"picked":"Boundary_LifeAndDeath_purple","floor":16},{"not_picked":["Mirror_FourBoundary_purple+1","DimensionStaggered_purple"],"picked":"Line_surface_state_purple+1","floor":18},{"not_picked":["Realm_recovery_purpleEX","Bait_Toxicbait_purple+1"],"picked":"Shallow_ocean_purpleEX","floor":22},{"not_picked":["Realm_recovery_purpleEX","PurpleNeedle_purple"],"picked":"Mirror_WaveAndshot_purple","floor":24},{"not_picked":["AdvanceAttack_purple","Mirror_FormAndEmptin_purple","DimensionStaggered_purple"],"picked":"SKIP","floor":25},{"not_picked":["Erosivefilter_purple+1","ExistenceContinue_purple+1"],"picked":"Mirror_Drifter_purple","floor":27},{"not_picked":["Umbrella_purple+1","Yakumo_Ran_purple","SharpContractionReality_purple+1"],"picked":"SKIP","floor":28},{"not_picked":["SfantasyHide_purple+1","DimensionStaggered_purple"],"picked":"WeekHit_purple","floor":29},{"not_picked":["Bait_Toxicbait_purple+1","MetroBOOM_purple"],"picked":"WangLiang_LineAndCurveDreams_purple","floor":29},{"not_picked":["Charmbait_purple","Nest_LightFlightworm_purple"],"picked":"WorldDissolvedintheRealm_purple","floor":29},{"not_picked":["Boundary_LightAndDark_purple","Fantasy_PerpetualMotionMachine_purple+1"],"picked":"MNeedle_purple","floor":30},{"not_picked":["Mirror_FourBoundary_purple","Boundary_of_Extermination_purpleEX","Realm_recovery_purpleEX"],"picked":"SKIP","floor":31},{"not_picked":["LoveAcrossDimensions_purple","WangLiang_LineAndCurveDreams_purple"],"picked":"BarrageBoundary_PipeDream_purple","floor":33},{"not_picked":["SharpContractionReality_purple","MeetDecomposer_purple"],"picked":"Mirror_Drifter_purple","floor":35},{"not_picked":["MeetDecomposer_purple+1","StateErode_purple"],"picked":"RealityDreamConfluencek_purple","floor":36},{"not_picked":["OmniscientAndOmnipotent_Monster_purple+1","StateDuplicate_purple"],"picked":"Shallow_ocean_purpleEX","floor":37},{"not_picked":["Charmbait_purple","Bait_Toxicbait_purple+1"],"picked":"Shallow_ocean_purpleEX","floor":38},{"not_picked":["EighthInstrument_OneDividesIntoTwo_purple+1","SfantasyHide_purple+1"],"picked":"StateErode_purple","floor":39},{"not_picked":["CommonSense_AntiCommonSense_purple","MetroBOOM_purple+1"],"picked":"WatchEChange_purple+1","floor":40},{"not_picked":["OmniscientAndOmnipotent_Monster_purple+1","Mirror_TwoAndThreeElementRealm_purple"],"picked":"AdvanceAttack_purple+1","floor":44},{"not_picked":["DimensionStaggered_purple","Worldmountain_purple+1"],"picked":"Mirror_Drifter_purple+1","floor":45},{"not_picked":["CommonSense_AntiCommonSense_purple+1","EighthInstrument_OneDividesIntoTwo_purple+1","Line_surface_state_purple"],"picked":"SKIP","floor":46},{"not_picked":["CommonSense_AntiCommonSense_purple+1","EighthInstrument_OneDividesIntoTwo_purple+1"],"picked":"Line_surface_state_purple","floor":46},{"not_picked":["Nest_LightFlightworm_purple+1","Mirror_FormAndEmptin_purple+1","OmniscientAndOmnipotent_Monster_purple+1"],"picked":"SKIP","floor":48},{"not_picked":["ButterflyHabitatTemple_purple","Fantasy_PerpetualMotionMachine_purple+1","Price_of_realm_purpleEX"],"picked":"SKIP","floor":54}],"player_experience":64982,"relics_obtained":[{"floor":6,"key":"Ancient Tea Set"},{"floor":8,"key":"Mango"},{"floor":9,"key":"Potion Belt"},{"floor":26,"key":"testmod-Acrobat"},{"floor":28,"key":"AT_MibuBalloonWealth"},{"floor":30,"key":"AT_BellowingDragoncrestRing"},{"floor":31,"key":"War Paint"},{"floor":33,"key":"Happy Flower"},{"floor":35,"key":"testmod-Brilliant"},{"floor":36,"key":"Shovel"},{"floor":36,"key":"Matryoshka"},{"floor":37,"key":"MagicDraw4"},{"floor":38,"key":"Omamori"},{"floor":39,"key":"testmod-IndustrialRevolution"},{"floor":40,"key":"AT_SilverBalance"},{"floor":43,"key":"testmod-Justice"},{"floor":44,"key":"Frozen Egg 2"},{"floor":44,"key":"ZombieArmy"},{"floor":45,"key":"testmod-CasingShield"},{"floor":46,"key":"Lantern"},{"floor":48,"key":"LagranYue:GuidanceLightRelic"},{"floor":54,"key":"AT_ArchangelStaff"},{"floor":54,"key":"Blood Vial"}],"event_choices":[{"damage_healed":0,"gold_gain":0,"player_choice":"Got Potions","damage_taken":0,"max_hp_gain":0,"max_hp_loss":0,"event_name":"Lab","floor":3,"gold_loss":0},{"cards_removed":["WatchEChange_purple"],"damage_healed":0,"gold_gain":0,"player_choice":"Gave Card","damage_taken":0,"relics_obtained":["AT_SunfireAegis"],"max_hp_gain":0,"max_hp_loss":0,"event_name":"WeMeetAgain","floor":11,"gold_loss":0},{"damage_healed":0,"gold_gain":175,"player_choice":"AGREE","damage_taken":0,"max_hp_gain":0,"max_hp_loss":0,"event_name":"Liars Game","floor":14,"gold_loss":0,"cards_obtained":["Doubt"]},{"damage_healed":0,"gold_gain":400,"player_choice":"Sell","damage_taken":0,"max_hp_gain":0,"max_hp_loss":0,"event_name":"恩洛斯的盘子","floor":21,"relics_lost":["testmod-TestBox"],"gold_loss":0},{"damage_healed":0,"gold_gain":0,"player_choice":"Fight","damage_taken":0,"max_hp_gain":0,"max_hp_loss":0,"event_name":"Mysterious Sphere","floor":36,"gold_loss":0},{"damage_healed":0,"gold_gain":0,"player_choice":"Ignored","damage_taken":0,"max_hp_gain":0,"max_hp_loss":0,"event_name":"NoteForYourself","floor":42,"gold_loss":0}],"is_beta":false,"boss_relics":[{"not_picked":["Runic Dome","EasyGame_NEW"],"picked":"testmod-Temperance"},{"not_picked":["testmod-Fanaticism","testmod-GoldenSoul"],"picked":"testmod-KeyOfTheVoid"}],"items_purged_floors":[10,41,49],"is_endless":false,"potions_floor_spawned":[1,2,7,12,16,18,24,25,27,28,30,31,33,35,36,37,38,39,40,44,45,46,48,54],"ascension_level":0}}