{"host":"2g68u5ewu4bp0ui7","time":1612545030,"event":{"mods":["AchievementEnabler","BaseMod","Best Route Mod","Block Reminder","Colored Map","Colored Powertips","Highlight Path","Minty Spire (QoL Compilation)","Quick Restart","Shop Mod","SuperFastMode","everything is the same but u backflip on backflip","slay the spire mod where everything is the same but ironclad has a cowboy hat"],"gold_per_floor":[111,130,230,246,258,258,291,291,314,314,314,333,354,256,256,256,256],"floor_reached":16,"language":"ENG","playtime":484,"items_purged":["Defend_R"],"score":125,"play_id":"13a17225-da71-4f68-9bbf-2ff0794df86c","local_time":"20210205191030","is_ascension_mode":false,"campfire_choices":[{"floor":6,"key":"REST"},{"data":"Disarm","floor":8,"key":"SMITH"},{"floor":10,"key":"REST"},{"data":"Flame Barrier","floor":15,"key":"SMITH"}],"circlet_count":0,"master_deck":["Strike_R","Strike_R+1","Strike_R","Strike_R","Strike_R","Defend_R","Defend_R","Defend_R","Bash","True Grit","Headbutt","Disarm+1","Iron Wave+1","Flame Barrier+1","Body Slam","Iron Wave"],"relics":["Burning Blood","Whetstone","Centennial Puzzle","Odd Mushroom"],"acts_visited":["Exordium"],"potions_floor_usage":[5,16,16],"damage_taken":[{"damage":16,"enemies":"Jaw Worm","floor":1,"turns":5},{"damage":4,"enemies":"Cultist","floor":2,"turns":4},{"damage":0,"enemies":"2 Louse","floor":4,"turns":3},{"damage":27,"enemies":"Gremlin Gang","floor":5,"turns":6},{"damage":26,"enemies":"3 Sentries","floor":7,"turns":13},{"damage":2,"enemies":"2 Fungi Beasts","floor":12,"turns":4},{"damage":32,"enemies":"The Mushroom Lair","floor":13,"turns":6},{"damage":85,"enemies":"Slime Boss","floor":16,"turns":12}],"seed_played":"-7993893732669368889","potions_obtained":[{"floor":1,"key":"Explosive Potion"},{"floor":2,"key":"SteroidPotion"},{"floor":7,"key":"Energy Potion"}],"is_trial":false,"path_per_floor":["M","M","?","M","M","R","E","R","T","R","?","M","?","$","R","B"],"character_chosen":"IRONCLAD","items_purchased":["Iron Wave"],"campfire_rested":2,"item_purchase_floors":[14],"current_hp_per_floor":[62,64,64,70,49,77,57,57,57,85,96,96,70,70,70,0,0],"gold":256,"neow_bonus":"TWENTY_PERCENT_HP_BONUS","is_daily":false,"chose_seed":false,"campfire_upgraded":2,"win_rate":0.0,"timestamp":1612545030,"path_taken":["M","M","?","?","?","R","E","R","T","R","?","?","?","?","R","BOSS"],"items_purchased_type":["Card"],"build_version":"2020-12-22","purchased_purges":1,"victory":false,"max_hp_per_floor":[96,96,96,96,96,96,96,96,96,96,96,96,96,96,96,96,96],"card_choices":[{"not_picked":["Feel No Pain","Rupture"],"picked":"True Grit","floor":1},{"not_picked":["Warcry","Shrug It Off"],"picked":"Headbutt","floor":2},{"not_picked":["Cleave","Pummel"],"picked":"Disarm","floor":4},{"not_picked":["Ghostly Armor","Rupture"],"picked":"Iron Wave","floor":5},{"not_picked":["Sword Boomerang","Juggernaut","True Grit"],"picked":"SKIP","floor":7},{"not_picked":["Sever Soul","Thunderclap"],"picked":"Flame Barrier","floor":12},{"not_picked":["Clothesline","Searing Blow"],"picked":"Body Slam","floor":13}],"player_experience":75016,"relics_obtained":[{"floor":7,"key":"Whetstone"},{"floor":9,"key":"Centennial Puzzle"},{"floor":13,"key":"Odd Mushroom"}],"event_choices":[{"damage_healed":0,"gold_gain":100,"player_choice":"Pray","damage_taken":0,"max_hp_gain":0,"max_hp_loss":0,"event_name":"Golden Shrine","floor":3,"gold_loss":0},{"damage_healed":11,"gold_gain":0,"player_choice":"Full Heal","damage_taken":0,"max_hp_gain":0,"max_hp_loss":0,"event_name":"Wheel of Change","floor":11,"gold_loss":0},{"damage_healed":0,"gold_gain":0,"player_choice":"Fought Mushrooms","damage_taken":0,"max_hp_gain":0,"max_hp_loss":0,"event_name":"Mushrooms","floor":13,"gold_loss":0}],"is_beta":false,"boss_relics":[],"items_purged_floors":[14],"is_endless":false,"potions_floor_spawned":[1,2,7],"killed_by":"Slime Boss","ascension_level":0}}