{"host":"am0cr9xwekqmrere","time":1612563963,"event":{"mods":["AchievementEnabler","Act Like it!","BaseMod","Better Altar","Better Match","Better Note","Better Sensory Stone","Better Skull","Better Third Choice","BetterRewards","Conspire","Downfall","Hubris","Infinite Spire","Minty Spire (QoL Compilation)","Rare Cards Sparkle","Spicy Shops","StSLib","Unceasing Turn Reminder"],"gold_per_floor":[99,113,23,37,48,148,148,173,188,225,25,24,55,115,144,294,294,294,308,366,46,92,92,115,149,232,294,355,155,155,168,188,213,213,213],"floor_reached":33,"language":"ENG","playtime":1847,"items_purged":[],"score":383,"play_id":"8d1d1ed0-ddcd-4f8a-ba6d-ea2b826884d5","local_time":"20210205162603","is_ascension_mode":true,"campfire_choices":[{"data":"champ:Taunt","floor":1,"key":"SMITH"},{"data":"champ:Improvising","floor":18,"key":"SMITH"},{"floor":23,"key":"REST"},{"floor":29,"key":"RECALL"}],"circlet_count":0,"master_deck":["champ:Strike","champ:Strike","champ:Strike","champ:Strike","champ:Defend","champ:Defend","champ:Defend","champ:Defend","champ:Execute","champ:Taunt+1","champ:FlashCut","champ:SkillfulDodge","champ:UltimateStance","champ:ShieldWall","champ:SkillfulDodge","champ:Lariat","champ:EnGarde","champ:DefensiveStyle","champ:ShieldSigil","champ:StanceDance","conspire:SpireCoStock","conspire:SpireCoStock","conspire:SpireCoStock","conspire:SpireCoStock","champ:StanceDance","champ:FocusedDefense","champ:SwordSigil","champ:Improvising+1","champ:Haymaker+1","champ:CalledShot+1","champ:Shatter","champ:LastStand","champ:Circumvent","champ:ShieldWall","champ:RageSigil","champ:TornadoPunch+1","downfall:Bewildered","champ:SkillfulDodge+1"],"relics":["champ:ChampionCrown","CloakClasp","Mercury Hourglass","CaptainsWheel","Bag of Preparation","hubris:Stopwatch","champ:FightingForDummies","Strawberry","Shovel","downfall:HeartBlessingGreen","downfall:HeartBlessingBlue","sneckomod:BabySnecko"],"acts_visited":["Exordium","TheCity"],"potions_floor_usage":[8,9,12,16,16,20,21,22,25,31,31],"damage_taken":[{"damage":21,"enemies":"infinitespire:Voidling","floor":2,"turns":4},{"damage":20,"enemies":"downfall:FleeingMerchant","floor":3,"turns":4},{"damage":10,"enemies":"2 Louse","floor":4,"turns":4},{"damage":8,"enemies":"Small Slimes","floor":5,"turns":5},{"damage":60,"enemies":"Small Slimes","floor":6,"turns":17},{"damage":11,"enemies":"Gremlin Nob","floor":8,"turns":3},{"damage":6,"enemies":"2 Fungi Beasts","floor":9,"turns":5},{"damage":27,"enemies":"conspire:MimicChest","floor":10,"turns":6},{"damage":0,"enemies":"downfall:FleeingMerchant","floor":12,"turns":4},{"damage":19,"enemies":"3 Louse","floor":13,"turns":3},{"damage":0,"enemies":"Blue Slaver","floor":14,"turns":3},{"damage":8,"enemies":"conspire:2 RoseBushes","floor":15,"turns":3},{"damage":12,"enemies":"DF_ARCHETYPE_STREAMLINE","floor":16,"turns":9},{"damage":6,"enemies":"Shell Parasite","floor":19,"turns":3},{"damage":35,"enemies":"conspire:FuzzyDice","floor":20,"turns":4},{"damage":0,"enemies":"downfall:FleeingMerchant","floor":21,"turns":4},{"damage":21,"enemies":"Cultist and Chosen","floor":22,"turns":7},{"damage":40,"enemies":"Centurion and Healer","floor":25,"turns":5},{"damage":30,"enemies":"Book of Stabbing","floor":26,"turns":7},{"damage":21,"enemies":"conspire:HollyBat","floor":27,"turns":8},{"damage":25,"enemies":"conspire:SneckoGhost","floor":28,"turns":7},{"damage":34,"enemies":"Snake Plant","floor":31,"turns":2},{"damage":22,"enemies":"Shelled Parasite and Fungi","floor":32,"turns":4},{"damage":26,"enemies":"IC_MUSHROOM_ARCHETYPE","floor":33,"turns":8}],"seed_played":"-7806180083646886197","potions_obtained":[{"floor":4,"key":"champ:TechniquePotion"},{"floor":5,"key":"Strength Potion"},{"floor":8,"key":"Regen Potion"},{"floor":10,"key":"BlessingOfTheForge"},{"floor":15,"key":"hexamod:SoulburnPotion"},{"floor":16,"key":"AttackPotion"},{"floor":20,"key":"champ:TechniquePotion"},{"floor":22,"key":"Fire Potion"},{"floor":27,"key":"champ:TechniquePotion"},{"floor":28,"key":"hexamod:SoulburnPotion"}],"is_trial":false,"path_per_floor":["R","M","$","M","M","?","T","E","M","?","?","$","M","M","M","B",null,"R","M","M","$","M","R","T","M","E","M","E","R","?","M","M","B"],"character_chosen":"THE_CHAMP","items_purchased":["champ:ShieldWall","champ:FightingForDummies","champ:LastStand","Block Potion"],"campfire_rested":1,"item_purchase_floors":[3,21,21,21],"current_hp_per_floor":[90,86,86,86,83,58,58,57,63,46,46,46,27,27,24,12,90,90,84,59,59,48,75,75,75,72,66,41,51,51,42,25,0,0,0],"gold":213,"neow_bonus":"THREE_CARDS","is_daily":false,"chose_seed":false,"campfire_upgraded":2,"win_rate":0.0,"timestamp":1612563963,"path_taken":["R","M","$","?","M","?","T","E","M","?","?","$","M","M","M","BOSS","R","M","M","$","M","R","T","M","E","M","E","R","?","M","M","BOSS"],"items_purchased_type":["Card","Relic","Card","Potion"],"build_version":"2020-12-22","purchased_purges":0,"victory":false,"max_hp_per_floor":[90,90,90,90,90,90,90,90,90,90,90,90,90,90,90,90,90,90,90,90,90,90,90,90,90,97,97,97,107,107,107,107,107,107,107],"card_choices":[{"not_picked":["champ:Circumvent","champ:DefensiveShout"],"picked":"champ:FlashCut","floor":0},{"not_picked":["champ:CrownThrow","champ:FanOfKnives"],"picked":"champ:SkillfulDodge","floor":2},{"not_picked":["champ:TornadoPunch","champ:Haymaker"],"picked":"champ:UltimateStance","floor":3},{"not_picked":["champ:BladeFlurry","champ:ViciousMockery"],"picked":"champ:SkillfulDodge","floor":4},{"not_picked":["champ:FanOfKnives","champ:ShieldSigil"],"picked":"champ:Lariat","floor":5},{"not_picked":["champ:VampiricStrike","champ:GladiatorStyle"],"picked":"champ:EnGarde","floor":6},{"not_picked":["champ:EndlessRage","champ:Shatter"],"picked":"champ:DefensiveStyle","floor":8},{"not_picked":["champ:EnGarde","champ:CrownThrow"],"picked":"champ:ShieldSigil","floor":9},{"not_picked":["champ:CrookedStrike","champ:RapidStrikes"],"picked":"champ:StanceDance","floor":10},{"not_picked":["champ:FalseCounter","champ:AdrenalArmor"],"picked":"champ:StanceDance","floor":12},{"not_picked":["champ:GutPunch","champ:Encircle","champ:PerfectedStrike"],"picked":"SKIP","floor":13},{"not_picked":["champ:Backstep","champ:FlashCut"],"picked":"champ:FocusedDefense","floor":14},{"not_picked":["champ:Endure","champ:CrownThrow"],"picked":"champ:SwordSigil","floor":15},{"not_picked":["champ:ShieldThrow","champ:StrikeOfGenius"],"picked":"champ:Improvising","floor":16},{"not_picked":["champ:Backstep","champ:Circumvent+1"],"picked":"champ:Haymaker+1","floor":19},{"not_picked":["champ:Backstep+1","champ:CrownThrow+1"],"picked":"champ:CalledShot+1","floor":20},{"not_picked":["champ:StanceDance","champ:TornadoPunch"],"picked":"champ:Shatter","floor":21},{"not_picked":["champ:Haymaker+1","champ:CheapShot"],"picked":"champ:Circumvent","floor":22},{"not_picked":["champ:RisingSlash+1","champ:PreciseThrust"],"picked":"champ:ShieldWall","floor":25},{"not_picked":["champ:PerfectedStrike","champ:SetATrap"],"picked":"champ:RageSigil","floor":26},{"not_picked":["champ:BringItOn","champ:BladeFlurry"],"picked":"champ:TornadoPunch+1","floor":27},{"not_picked":["champ:HeartStrike","champ:ViciousMockery","champ:Shatter"],"picked":"SKIP","floor":28},{"not_picked":["champ:BerserkersShout","champ:PerfectedStrike"],"picked":"champ:SkillfulDodge+1","floor":31},{"not_picked":["champ:Circumvent","champ:ViciousMockery","champ:Haymaker"],"picked":"SKIP","floor":32},{"not_picked":["champ:Circumvent","champ:ViciousMockery","champ:Haymaker"],"picked":"SKIP","floor":32}],"player_experience":2729163,"relics_obtained":[{"floor":6,"key":"CloakClasp"},{"floor":7,"key":"Mercury Hourglass"},{"floor":8,"key":"CaptainsWheel"},{"floor":10,"key":"Bag of Preparation"},{"floor":26,"key":"Strawberry"},{"floor":28,"key":"Shovel"}],"event_choices":[{"damage_healed":0,"gold_gain":0,"player_choice":"Invest 4","damage_taken":0,"max_hp_gain":0,"max_hp_loss":0,"event_name":"conspire:Investor","floor":11,"gold_loss":0}],"is_beta":false,"boss_relics":[{"not_picked":["hubris:CrackedHourglass","Coffee Dripper"],"picked":"hubris:Stopwatch"}],"items_purged_floors":[],"is_endless":false,"potions_floor_spawned":[4,5,8,10,15,16,20,22,27,28],"killed_by":"IC_MUSHROOM_ARCHETYPE","ascension_level":1}}