{"host":"gl5rgsfncjl28cj1","time":1612520187,"event":{"mods":["BaseMod","Colored Map","Highlight Path","Minty Spire (QoL Compilation)","Permanent Neow","StSLib"],"gold_per_floor":[114,125,138,152,168,168,195,195,219,219,64,64,78,3,3,3,3],"floor_reached":16,"language":"KOR","playtime":711,"items_purged":["Strike_G"],"score":204,"play_id":"66c022bb-c154-4b3e-9780-5d142249297a","local_time":"20210205191627","is_ascension_mode":true,"campfire_choices":[{"floor":6,"key":"REST"},{"floor":8,"key":"REST"},{"data":"Envenom","floor":12,"key":"SMITH"},{"data":"Dagger Spray","floor":15,"key":"SMITH"}],"circlet_count":0,"master_deck":["AscendersBane","Strike_G","Strike_G","Strike_G","Defend_G","Defend_G","Defend_G","Defend_G","Defend_G","Survivor","Neutralize","Envenom+1","Endless Agony","Terror","Dagger Spray+1","Choke","Dash","Bane","Backflip","Well Laid Plans"],"relics":["Ring of the Snake","Bottled Flame","Anchor"],"acts_visited":["Exordium"],"potions_floor_usage":[7,7,16],"damage_taken":[{"damage":3,"enemies":"2 Louse","floor":1,"turns":4},{"damage":6,"enemies":"Jaw Worm","floor":2,"turns":4},{"damage":6,"enemies":"Small Slimes","floor":3,"turns":4},{"damage":23,"enemies":"2 Fungi Beasts","floor":4,"turns":4},{"damage":5,"enemies":"3 Louse","floor":5,"turns":4},{"damage":24,"enemies":"Gremlin Nob","floor":7,"turns":4},{"damage":0,"enemies":"Exordium Wildlife","floor":13,"turns":3},{"damage":30,"enemies":"Hexaghost","floor":16,"turns":11}],"seed_played":"4729096992648670474","potions_obtained":[{"floor":3,"key":"DuplicationPotion"},{"floor":4,"key":"SteroidPotion"},{"floor":13,"key":"Block Potion"}],"is_trial":false,"path_per_floor":["M","M","M","M","M","R","E","R","T","?","$","R","M","?","R","B"],"character_chosen":"THE_SILENT","items_purchased":["Bane","Backflip"],"campfire_rested":2,"item_purchase_floors":[11,11],"current_hp_per_floor":[56,50,44,21,16,35,11,30,30,30,30,30,30,30,30,0,0],"gold":3,"neow_bonus":"ONE_RANDOM_RARE_CARD","is_daily":false,"chose_seed":false,"campfire_upgraded":2,"win_rate":0.0,"timestamp":1612520187,"path_taken":["M","M","M","M","M","R","E","R","T","?","$","R","M","?","R","BOSS"],"items_purchased_type":["Card","Card"],"build_version":"2020-12-22","purchased_purges":1,"victory":false,"max_hp_per_floor":[66,66,66,66,66,66,66,66,66,66,66,66,66,66,66,66,66],"card_choices":[{"not_picked":["Prepared","Expertise","Bouncing Flask"],"picked":"SKIP","floor":1},{"not_picked":["Underhanded Strike","Deadly Poison"],"picked":"Endless Agony","floor":2},{"not_picked":["Flechettes","Well Laid Plans"],"picked":"Terror","floor":3},{"not_picked":["Dagger Throw","Concentrate"],"picked":"Dagger Spray","floor":4},{"not_picked":["Catalyst","Calculated Gamble"],"picked":"Choke","floor":5},{"not_picked":["Heel Hook","Catalyst"],"picked":"Dash","floor":7},{"not_picked":["Flying Knee","Deflect"],"picked":"Well Laid Plans","floor":13}],"player_experience":1018524,"relics_obtained":[{"floor":7,"key":"Bottled Flame"},{"floor":9,"key":"Anchor"}],"event_choices":[{"damage_healed":0,"gold_gain":0,"player_choice":"Ignored","damage_taken":0,"max_hp_gain":0,"max_hp_loss":0,"event_name":"Golden Idol","floor":10,"gold_loss":0},{"cards_removed":["Strike_G"],"damage_healed":0,"gold_gain":0,"player_choice":"Card Removal","damage_taken":0,"max_hp_gain":0,"max_hp_loss":0,"event_name":"The Cleric","floor":14,"gold_loss":75}],"is_beta":false,"boss_relics":[],"items_purged_floors":[11],"is_endless":false,"potions_floor_spawned":[3,4,5,13],"killed_by":"Hexaghost","ascension_level":20}}