{"host":"0x0gr83ly0vxzjzg","time":1612493296,"event":{"mods":["BaseMod","Bestiary","Better Skull","Curses Come First","Downfall","Hubris","Infinite Spire","Minty Spire (QoL Compilation)","Replay The Spire","Shop Mod","Spire Arcade","StSLib","The Cursed","The Servant 0.9.4"],"gold_per_floor":[117,42,58,70,21,49,49,79,153,153,184,184,184,201,201,299,299,310,310,34,34,34,34,46,46,70,86,97,14,33,33,33,136,136,148,148,159,159,172,172,202,215,238,272,272,272,446,461,461,461,461],"floor_reached":50,"language":"ENG","playtime":3837,"items_purged":["downfall:Malfunctioning"],"score":743,"play_id":"a425666d-780d-47eb-bd1b-3b0140b5ba64","local_time":"20210204214816","is_ascension_mode":false,"campfire_choices":[{"data":"TheCursedMod:CleanUpWorkshop","floor":7.0,"key":"SMITH"},{"data":"TheCursedMod:NeowsMight","floor":10.0,"key":"SMITH"},{"data":"TheCursedMod:HellfireBreathing","floor":12.0,"key":"SMITH"},{"data":"TheCursedMod:SurpriseAttack","floor":15.0,"key":"SMITH"},{"data":"TheCursedMod:CircleOfCorruption","floor":23.0,"key":"SMITH"},{"data":"infinitespire:FutureSight","floor":49.0,"key":"SMITH"}],"circlet_count":0,"master_deck":["TheCursedMod:AbyssShockwave+1","TheCursedMod:Strike_TheCursed","TheCursedMod:Strike_TheCursed","TheCursedMod:Strike_TheCursed","TheCursedMod:Strike_TheCursed","TheCursedMod:Defend_TheCursed+1","TheCursedMod:Defend_TheCursed","TheCursedMod:Defend_TheCursed","TheCursedMod:Defend_TheCursed+1","TheCursedMod:CursedWand","TheCursedMod:CleanUpWorkshop+1","TheCursedMod:Dregs","TheCursedMod:HellfireBreathing+1","TheCursedMod:CursedBlade","TheCursedMod:CursedAmulet","TheCursedMod:SurpriseAttack+1","TheCursedMod:SpitefulStrike","TheCursedMod:NeowsMight+1","TheCursedMod:SurpriseAttack+1","TheCursedMod:SurpriseAttack+1","TheCursedMod:DemonSword+1","TheCursedMod:CursedAmulet","TheCursedMod:CircleOfCorruption+1","TheCursedMod:HellfireBreathing","TheCursedMod:CursedMace+1","Looming Evil","TheCursedMod:Hemoplague","TheCursedMod:Dregs","Guardian:TwinSlam+1","TheCursedMod:Neurasthenia+1","Panacea","infinitespire:TheBestDefense","TheCursedMod:WearCloak+1","TheCursedMod:FleshFromBone","TheCursedMod:SpitefulStrike+1","TheCursedMod:CursedStaff+1","TheCursedMod:SurpriseAttack+1","TheCursedMod:DarkBarrier","TheCursedMod:CursedAmulet+1","TheCursedMod:DoubleShield+1","infinitespire:FutureSight+1","TheCursedMod:Obscuration","TheCursedMod:Stigma+1","TheCursedMod:ShockAndAwe+1","TheCursedMod:CursedMace+1","Replay:Sssssssssstrike+1","ReplayTheSpireMod:Uncanny Aura","Violence","hubris:Envy","ReplayTheSpireMod:Chaos Vortex","infinitespire:FutureSight","TheCursedMod:ReleasedKnowledge"],"relics":["TheCursedMod:BlackMagic101","infinitespire:Joker Card","Simple Rune","Molten Egg 2","Gremlin Food","infinitespire:Satchel","MerchantsRug","hubris:Towel","Ring of Fangs","ReplayTheSpireMod:Ring of Addiction","SacredBark","Chameleon Ring","ReplayTheSpireMod:SealedPack","TheCursedMod:Tack","Replay:Wax Seal","Pantograph","Black Star","Nunchaku","PreservedInsect","War Paint","hubris:SlimyHat","Bag of Preparation","infinitespire:FocusingShard","Durian","Replay:Accelerometer"],"acts_visited":["Exordium","TheCity","TheBeyond"],"potions_floor_usage":[50,50],"damage_taken":[{"damage":0.0,"enemies":"2 Louse","floor":1.0,"turns":1.0},{"damage":0.0,"enemies":"Small Slimes","floor":3.0,"turns":3.0},{"damage":1.0,"enemies":"Jaw Worm","floor":4.0,"turns":3.0},{"damage":0.0,"enemies":"Replay:BlueRogue","floor":6.0,"turns":7.0},{"damage":7.0,"enemies":"3 Sentries","floor":8.0,"turns":3.0},{"damage":8.0,"enemies":"Lagavulin","floor":11.0,"turns":4.0},{"damage":1.0,"enemies":"Looter","floor":14.0,"turns":2.0},{"damage":5.0,"enemies":"Slime Boss","floor":16.0,"turns":4.0},{"damage":0.0,"enemies":"Spheric Guardian","floor":18.0,"turns":1.0},{"damage":1.0,"enemies":"Shell Parasite","floor":24.0,"turns":2.0},{"damage":5.0,"enemies":"Chosen and Byrds","floor":27.0,"turns":3.0},{"damage":0.0,"enemies":"Snake Plant","floor":28.0,"turns":2.0},{"damage":9.0,"enemies":"Centurion and Healer","floor":30.0,"turns":4.0},{"damage":0.0,"enemies":"Collector","floor":33.0,"turns":5.0},{"damage":0.0,"enemies":"Orb Walker","floor":35.0,"turns":3.0},{"damage":18.0,"enemies":"3 Darklings","floor":37.0,"turns":5.0},{"damage":7.0,"enemies":"Transient","floor":39.0,"turns":5.0},{"damage":6.0,"enemies":"Nightmare","floor":41.0,"turns":7.0},{"damage":34.0,"enemies":"Writhing Mass","floor":42.0,"turns":5.0},{"damage":4.0,"enemies":"R_Hoarder","floor":44.0,"turns":5.0},{"damage":13.0,"enemies":"infinitespire:Three Voidlings","floor":47.0,"turns":3.0},{"damage":47.0,"enemies":"Nightmare_Alpha","floor":47.0,"turns":6.0},{"damage":0.0,"enemies":"Spire Growth","floor":48.0,"turns":1.0},{"damage":263,"enemies":"Replay:Hell Engine","floor":50,"turns":12}],"seed_played":"2837050574914168380","potions_obtained":[{"floor":3.0,"key":"Energy Potion"},{"floor":6.0,"key":"GamblersBrew"},{"floor":14.0,"key":"Flashbang"},{"floor":18.0,"key":"BlessingOfTheForge"},{"floor":22.0,"key":"AttackPotion"},{"floor":22.0,"key":"SpeedPotion"},{"floor":24.0,"key":"Ancient Potion"},{"floor":30.0,"key":"Flashbang"},{"floor":32.0,"key":"Regen Potion"},{"floor":32.0,"key":"hexamod:SoulburnPotion"},{"floor":35.0,"key":"Regen Potion"},{"floor":37.0,"key":"LifebloodPotion"},{"floor":39.0,"key":"EntropicBrew"},{"floor":40.0,"key":"Languid Potion"},{"floor":40.0,"key":"FairyPotion"},{"floor":42.0,"key":"LiquidBronze"},{"floor":47.0,"key":"TheCursedMod:DregsPotion"}],"is_trial":false,"path_per_floor":["M","$","M","M","$","E","R","E","T","R","E","R","?","M","R","B",null,"M","?","$","?","?","R","M","AVR","T","M","M","$","M","T","R","B",null,"M","?","M","AVR","M","R","NM","M","T","E","?","?","?","M","R","B"],"character_chosen":"THE_CURSED","items_purchased":["TheCursedMod:SurpriseAttack","TheCursedMod:HellfireBreathing","MerchantsRug","TheCursedMod:CursedMace+1","Replay:Wax Seal","TheCursedMod:SpitefulStrike+1","TheCursedMod:CursedStaff+1"],"campfire_rested":0,"item_purchase_floors":[5,20,20,20,29,29,29],"current_hp_per_floor":[89,89,89,88,88,88,88,81,81,81,73,73,73,72,72,67,89,89,89,89,89,89,89,88,88,88,83,83,83,74,74,74,89,89,89,88,89,89,82,82,83,49,49,48,38,38,83,83,83,0,0],"gold":461,"neow_bonus":"TWENTY_PERCENT_HP_BONUS","is_daily":false,"chose_seed":false,"campfire_upgraded":6,"win_rate":0.0,"timestamp":1612493296,"path_taken":["M","$","M","M","$","E","R","E","T","R","E","R","?","M","R","BOSS","M","?","$","?","?","R","M","AVR","T","M","M","?","M","?","R","BOSS","M","?","M","AVR","M","R","NM","M","T","E","?","?","?","M","R","BOSS"],"items_purchased_type":["Card","Card","Relic","Card","Relic","Card","Card"],"build_version":"2020-12-22","purchased_purges":1,"victory":false,"max_hp_per_floor":[89,89,89,89,89,89,89,89,89,89,89,89,89,89,89,89,89,89,89,89,89,89,89,89,89,89,89,89,89,89,89,89,89,89,89,89,89,89,89,89,89,89,89,89,89,89,94,94,94,94,94],"card_choices":[{"not_picked":["TheCursedMod:Mangle","TheCursedMod:CursedShiv"],"picked":"TheCursedMod:HellfireBreathing","floor":1.0},{"not_picked":["TheCursedMod:Stigma","TheCursedMod:TacticalStrike"],"picked":"TheCursedMod:CursedBlade","floor":3.0},{"not_picked":["TheCursedMod:SmokeScreen","TheCursedMod:CircleOfAmplification"],"picked":"TheCursedMod:CursedAmulet","floor":4.0},{"not_picked":["TheCursedMod:TroublousMinions","TheCursedMod:CircleOfBlood"],"picked":"TheCursedMod:SpitefulStrike","floor":6.0},{"not_picked":["TheCursedMod:SurpriseAttack","TheCursedMod:WearCloak"],"picked":"TheCursedMod:NeowsMight","floor":8.0},{"not_picked":["TheCursedMod:CursedStaff+1","TheCursedMod:CircleOfFocus"],"picked":"TheCursedMod:SurpriseAttack+1","floor":11.0},{"not_picked":["TheCursedMod:SpitefulPlan","TheCursedMod:CursedAmulet"],"picked":"TheCursedMod:SurpriseAttack+1","floor":14.0},{"not_picked":["TheCursedMod:ParallelWorld","TheCursedMod:CollectTribute"],"picked":"TheCursedMod:DemonSword+1","floor":16.0},{"not_picked":[],"picked":"TheCursedMod:CursedAmulet","floor":18.0},{"not_picked":[],"picked":"TheCursedMod:Hemoplague","floor":24.0},{"not_picked":[],"picked":"Guardian:TwinSlam","floor":25.0},{"not_picked":[],"picked":"TheCursedMod:Neurasthenia","floor":25.0},{"not_picked":[],"picked":"Panacea","floor":25.0},{"not_picked":[],"picked":"infinitespire:TheBestDefense","floor":25.0},{"not_picked":[],"picked":"TheCursedMod:WearCloak","floor":27.0},{"not_picked":[],"picked":"TheCursedMod:FleshFromBone","floor":28.0},{"not_picked":["TheCursedMod:SmokeScreen+1","TheCursedMod:FleshFromBone+1"],"picked":"TheCursedMod:SurpriseAttack+1","floor":30.0},{"not_picked":["TheCursedMod:OutForBlood","TheCursedMod:ParallelWorld"],"picked":"TheCursedMod:DarkBarrier","floor":33.0},{"not_picked":["TheCursedMod:BloodBarrier+1","TheCursedMod:Stigma+1"],"picked":"TheCursedMod:CursedAmulet+1","floor":35.0},{"not_picked":["TheCursedMod:FleshFromBone","TheCursedMod:WearCloak"],"picked":"TheCursedMod:DoubleShield+1","floor":37.0},{"not_picked":["TheCursedMod:Stigma+1","TheCursedMod:BloodBarrier"],"picked":"TheCursedMod:Obscuration","floor":39.0},{"not_picked":["TheCursedMod:CursedRelics+1","TheCursedMod:Torture"],"picked":"TheCursedMod:Stigma+1","floor":41.0},{"not_picked":["TheCursedMod:EmpowerCircles+1","TheCursedMod:WearCloak"],"picked":"TheCursedMod:ShockAndAwe+1","floor":42.0},{"not_picked":["TheCursedMod:CircleOfWindfury","TheCursedMod:SmokeScreen"],"picked":"TheCursedMod:CursedMace+1","floor":44.0},{"not_picked":["Survey Options","hubris:Ssssneak"],"picked":"Replay:Sssssssssstrike+1","floor":45.0},{"not_picked":["Blind","Panacea"],"picked":"ReplayTheSpireMod:Uncanny Aura","floor":45.0},{"not_picked":["Trip","Good Instincts"],"picked":"Violence","floor":45.0},{"not_picked":["infinitespire:FutureSight","infinitespire:FinalStrike"],"picked":"ReplayTheSpireMod:Chaos Vortex","floor":46.0},{"not_picked":["ReplayTheSpireMod:Echoes of Time","infinitespire:FinalStrike"],"picked":"infinitespire:FutureSight","floor":47.0},{"not_picked":["TheCursedMod:CircleOfAmplification","TheCursedMod:CircleOfFocus+1"],"picked":"TheCursedMod:ReleasedKnowledge","floor":48.0}],"player_experience":155138,"relics_obtained":[{"floor":6.0,"key":"infinitespire:Joker Card"},{"floor":8.0,"key":"Simple Rune"},{"floor":9.0,"key":"Molten Egg 2"},{"floor":11.0,"key":"Gremlin Food"},{"floor":13.0,"key":"infinitespire:Satchel"},{"floor":22.0,"key":"Ring of Fangs"},{"floor":22.0,"key":"ReplayTheSpireMod:Ring of Addiction"},{"floor":22.0,"key":"SacredBark"},{"floor":22.0,"key":"Chameleon Ring"},{"floor":26.0,"key":"TheCursedMod:Tack"},{"floor":31.0,"key":"Pantograph"},{"floor":41.0,"key":"PreservedInsect"},{"floor":41.0,"key":"War Paint"},{"floor":43.0,"key":"hubris:SlimyHat"},{"floor":44.0,"key":"Bag of Preparation"},{"floor":44.0,"key":"infinitespire:FocusingShard"},{"floor":47.0,"key":"Durian"},{"floor":47.0,"key":"Replay:Accelerometer"}],"event_choices":[{"damage_healed":0.0,"max_hp_gain":0.0,"max_hp_loss":0.0,"gold_gain":0.0,"event_name":"SensoryStone","player_choice":"Memory 3","floor":45.0,"gold_loss":0.0,"damage_taken":10.0}],"is_beta":false,"boss_relics":[{"not_picked":["ReplayTheSpireMod:DimensionalGlitch","SacredBark"],"picked":"Busted Crown"},{"not_picked":["infinitespire:Cupcake","Coffee Dripper"],"picked":"Black Star"}],"items_purged_floors":[2],"is_endless":true,"potions_floor_spawned":[3,6,14,18,24,30,35,37,39,42,47],"killed_by":"Replay:Hell Engine","ascension_level":0}}