{"host":"vqgrg90fv56geajp","time":1612558012,"event":{"mods":["BaseMod","Colored Map","Colored Powertips","Minty Spire (QoL Compilation)","Quick Restart","Rare Cards Sparkle","Relic Stats"],"gold_per_floor":[114,127,52,127,127,157,157,187,213,213,213,256,256,279,279,361,388,415,394,28,43,52,52,86,86,111,111,111,111,111,139,139,139,139],"floor_reached":33,"language":"ENG","playtime":1533,"items_purged":["Regret"],"score":794,"play_id":"810561eb-62e3-43c3-9631-80ef877d14cd","local_time":"20210205224652","is_ascension_mode":true,"campfire_choices":[{"floor":7.0,"key":"REST"},{"floor":10.0,"key":"REST"},{"floor":13.0,"key":"REST"},{"data":"Terror","floor":15.0,"key":"SMITH"},{"floor":23,"key":"REST"},{"floor":25,"key":"REST"},{"floor":28,"key":"REST"},{"floor":32,"key":"REST"}],"circlet_count":0,"master_deck":["AscendersBane","Strike_G","Strike_G","Defend_G","Defend_G","Defend_G","Defend_G","Survivor","Neutralize","Skewer","Dash","Blur","Blur","Blur","Terror+1","Riddle With Holes","Bullet Time+1","Tools of the Trade+1","Accuracy+1","Caltrops+1","Underhanded Strike","Well Laid Plans","PiercingWail","Concentrate","Writhe","Leg Sweep"],"relics":["Velvet Choker","Akabeko","Boot","Lantern","Incense Burner","CeramicFish","Astrolabe","Orrery","Tiny Chest","PreservedInsect","Blood Vial","Potion Belt","MutagenicStrength","White Beast Statue","Pear"],"acts_visited":["Exordium","TheCity"],"potions_floor_usage":[24,24],"damage_taken":[{"damage":0.0,"enemies":"Small Slimes","floor":1.0,"turns":3.0},{"damage":0.0,"enemies":"2 Louse","floor":2.0,"turns":2.0},{"damage":23.0,"enemies":"Gremlin Nob","floor":6.0,"turns":4.0},{"damage":27.0,"enemies":"3 Sentries","floor":8.0,"turns":12.0},{"damage":12.0,"enemies":"Lagavulin","floor":12.0,"turns":9.0},{"damage":2.0,"enemies":"Jaw Worm","floor":14.0,"turns":3.0},{"damage":11.0,"enemies":"The Guardian","floor":16.0,"turns":12.0},{"damage":0,"enemies":"Chosen","floor":18,"turns":2},{"damage":17,"enemies":"2 Thieves","floor":19,"turns":4},{"damage":21,"enemies":"Sentry and Sphere","floor":21,"turns":7},{"damage":37,"enemies":"Gremlin Leader","floor":24,"turns":4},{"damage":29,"enemies":"Book of Stabbing","floor":31,"turns":5},{"damage":44,"enemies":"Collector","floor":33,"turns":6}],"seed_played":"8151535412192981942","potions_obtained":[{"floor":2.0,"key":"SteroidPotion"},{"floor":6.0,"key":"ColorlessPotion"},{"floor":8.0,"key":"Energy Potion"},{"floor":16.0,"key":"BlessingOfTheForge"},{"floor":19,"key":"CunningPotion"},{"floor":31,"key":"DuplicationPotion"}],"is_trial":false,"path_per_floor":["M","M","?","?","?","E","R","E","T","R","?","E","R","M","R","B",null,"M","M","$","M","?","R","E","R","T","?","R","?","T","E","R","B"],"character_chosen":"THE_SILENT","items_purchased":["Orrery","Tiny Chest"],"campfire_rested":7,"item_purchase_floors":[20,20],"current_hp_per_floor":[59,59,59,48,48,25,44,17,17,36,36,24,43,41,41,30,57,57,40,40,19,19,38,1,20,20,11,30,30,30,13,35,0,0],"gold":139,"neow_bonus":"BOSS_RELIC","is_daily":false,"chose_seed":false,"campfire_upgraded":1,"win_rate":0.0,"timestamp":1612558012,"path_taken":["M","M","?","?","?","E","R","E","T","R","?","E","R","M","R","BOSS","M","M","$","M","?","R","E","R","T","?","R","?","?","E","R","BOSS"],"items_purchased_type":["Relic","Relic"],"build_version":"2020-12-22","purchased_purges":1,"victory":false,"max_hp_per_floor":[66,66,66,66,66,66,66,66,66,66,66,66,66,66,66,66,66,66,66,66,66,66,66,66,66,66,66,66,66,66,76,76,76,76],"relic_stats":{"Blood Vial":4,"counters":[13,73],"CeramicFish":117,"Astrolabe":["Bullet Time","Tools of the Trade","Accuracy"],"Tiny Chest":1,"PreservedInsect":93,"Boot":[96],"obtain_stats":[{"Potion Belt":26,"Lantern":9,"Pear":31,"CeramicFish":12,"Astrolabe":17,"Velvet Choker":0,"PreservedInsect":22,"Incense Burner":11,"Boot":8,"Akabeko":6,"White Beast Statue":30,"Blood Vial":24,"MutagenicStrength":29,"Orrery":20,"Tiny Chest":20,"Ring of the Snake":0},{"Potion Belt":11,"Lantern":4,"Pear":12,"CeramicFish":5,"Astrolabe":7,"Velvet Choker":0,"PreservedInsect":10,"Incense Burner":4,"Boot":4,"Akabeko":3,"White Beast Statue":11,"Blood Vial":11,"MutagenicStrength":11,"Orrery":9,"Tiny Chest":9,"Ring of the Snake":0},{"Potion Belt":62,"Lantern":21,"Pear":67,"CeramicFish":30,"Astrolabe":45,"Velvet Choker":0,"PreservedInsect":58,"Incense Burner":21,"Boot":21,"Akabeko":9,"White Beast Statue":62,"Blood Vial":62,"MutagenicStrength":62,"Orrery":51,"Tiny Chest":51,"Ring of the Snake":0}]},"card_choices":[{"not_picked":["Underhanded Strike","Acrobatics"],"picked":"Skewer","floor":1.0},{"not_picked":["Dagger Throw","Prepared"],"picked":"Dash","floor":2.0},{"not_picked":["Finisher","Backflip"],"picked":"Blur","floor":6.0},{"not_picked":["Poisoned Stab","Expertise"],"picked":"Blur","floor":8.0},{"not_picked":["Dagger Throw","Distraction"],"picked":"Terror","floor":12.0},{"not_picked":["Backflip","Underhanded Strike"],"picked":"Riddle With Holes","floor":14.0},{"not_picked":["A Thousand Cuts","Bullet Time"],"picked":"After Image","floor":16.0},{"not_picked":["Flying Knee","PiercingWail"],"picked":"Caltrops+1","floor":18},{"not_picked":["Bane","Accuracy"],"picked":"Underhanded Strike","floor":19},{"not_picked":["Tools of the Trade","Distraction"],"picked":"Well Laid Plans","floor":20},{"not_picked":["Deflect","Slice"],"picked":"PiercingWail","floor":20},{"not_picked":["Distraction+1","Prepared+1"],"picked":"Concentrate","floor":20},{"not_picked":["Acrobatics","Cloak And Dagger","Accuracy+1"],"picked":"SKIP","floor":21},{"not_picked":["Dagger Spray","Bane+1"],"picked":"Leg Sweep","floor":24},{"not_picked":["Acrobatics","Blade Dance","Poisoned Stab"],"picked":"SKIP","floor":31}],"player_experience":2556594,"relics_obtained":[{"floor":6.0,"key":"Akabeko"},{"floor":8.0,"key":"Boot"},{"floor":9.0,"key":"Lantern"},{"floor":12.0,"key":"CeramicFish"},{"floor":24,"key":"Blood Vial"},{"floor":26,"key":"Potion Belt"},{"floor":30,"key":"White Beast Statue"},{"floor":31,"key":"Pear"}],"event_choices":[{"cards_removed":["Strike_G"],"damage_healed":0.0,"max_hp_gain":0.0,"max_hp_loss":0.0,"gold_gain":0.0,"event_name":"The Cleric","player_choice":"Card Removal","floor":3.0,"gold_loss":75.0,"damage_taken":0.0},{"damage_healed":0.0,"max_hp_gain":0.0,"max_hp_loss":0.0,"gold_gain":75.0,"event_name":"World of Goop","player_choice":"Gather Gold","floor":4.0,"gold_loss":0.0,"damage_taken":11.0},{"damage_healed":0.0,"max_hp_gain":0.0,"max_hp_loss":0.0,"gold_gain":0.0,"cards_transformed":["Defend_G"],"event_name":"Living Wall","player_choice":"Change","floor":5.0,"gold_loss":0.0,"damage_taken":0.0,"cards_obtained":["Blur"]},{"damage_healed":0.0,"max_hp_gain":0.0,"max_hp_loss":0.0,"gold_gain":0.0,"event_name":"Big Fish","player_choice":"Box","floor":11.0,"gold_loss":0.0,"damage_taken":0.0,"relics_obtained":["Incense Burner"],"cards_obtained":["Regret"]},{"damage_healed":0,"gold_gain":0,"player_choice":"Opened","damage_taken":0,"relics_obtained":["PreservedInsect"],"max_hp_gain":0,"max_hp_loss":0,"event_name":"The Mausoleum","floor":22,"gold_loss":0,"cards_obtained":["Writhe"]},{"damage_healed":0,"gold_gain":0,"player_choice":"Stopped","damage_taken":9,"max_hp_gain":0,"max_hp_loss":0,"event_name":"Cursed Tome","floor":27,"gold_loss":0},{"damage_healed":0,"gold_gain":0,"player_choice":"Inject Mutagens","damage_taken":0,"relics_obtained":["MutagenicStrength"],"max_hp_gain":0,"max_hp_loss":0,"event_name":"Drug Dealer","floor":29,"gold_loss":0}],"is_beta":false,"boss_relics":[{"not_picked":["HoveringKite","WristBlade"],"picked":"Astrolabe"}],"items_purged_floors":[20],"is_endless":false,"potions_floor_spawned":[2,6,8,16,19,21,31],"killed_by":"Collector","ascension_level":20}}