{"host":"jzaz9xuivg238wzk","time":1612538889,"event":{"mods":["2.2 Compatiblity","AchievementEnabler","Aspiration","BaseMod","Better Match","Better Note","Better Skull","Better Third Choice","BetterRewards","Colored Map","Colored Powertips","Conspire","Defuse TimeMaze Blight","Downfall","Energized Spire","GifTheSpireLib","Halation","Highlight Path","Hubris","Infinite Spire","Lobotomy","LobotomyExtend","Minty Spire (QoL Compilation)","Quick Restart","Relic Sorter","Reliquary","Replay The Spire","Spicy Shops","StSLib","Stuff the Spire","The Sage","Waifu the Spire"],"gold_per_floor":[116,130,141,161,178,203,203,229,229,245,245,257,292,312,312,412,412,427,442,442,462,196,196,196,227,276,276,288,288,177,192,192,291,291,302,322,322,338,383,411,411,437,437,337,337,337,337,96,96,191,191,206,217,12,26,26,358,421,421,497,497,296,296,330,36,36,125,125,136,144,156,156,156,168,168,173,173,134,12,36,46,57,57,156,156,170,170,183,105,105,135,135,135,162,178,178,201,255,277,277,385,385,396,396,404,404,416,437,446,470,547,554,554,554,554,577,577,674,674,685,685,685,685,703,703,311,331,331,343,370,370,404,416,416,481,481,493,493,493,493,443,497,547,547,574,598,598,194,207,219,219,294,294,294,140,140,223],"floor_reached":158,"language":"ENG","playtime":5248,"items_purged":["Normality"],"score":5311,"play_id":"45ed8339-762b-48d4-b18c-ba60a0b5fe75","local_time":"20210205172809","is_ascension_mode":true,"campfire_choices":[{"data":"Dual Wield","floor":7.0,"key":"SMITH"},{"floor":24.0,"key":"REST"},{"floor":27.0,"key":"REST"},{"floor":29.0,"key":"REST"},{"floor":46.0,"key":"REST"},{"floor":49.0,"key":"REST"},{"floor":59.0,"key":"REST"},{"floor":66.0,"key":"REST"},{"data":"Apotheosis","floor":75.0,"key":"SMITH"},{"data":"hubris:Fate","floor":83.0,"key":"SMITH"},{"data":"hubris:Fate","floor":93.0,"key":"SMITH"},{"floor":100.0,"key":"DIG"},{"data":"Flex","floor":113.0,"key":"SMITH"},{"data":"Offering","floor":115.0,"key":"SMITH"},{"data":"Intimidate","floor":117.0,"key":"SMITH"},{"floor":125.0,"key":"REST"},{"data":"Inflame","floor":134.0,"key":"SMITH"},{"data":"hubris:DuctTapeCard","floor":151.0,"key":"SMITH"},{"data":"hubris:DuctTapeCard+52","floor":154.0,"key":"SMITH"}],"circlet_count":0,"master_deck":["Strike_R","Strike_R+1","Strike_R","Defend_R","Defend_R+1","Defend_R+1","Bash+1","Perfected Strike","ReplayTheSpireMod:Limb From Limb","Perfected Strike+1","Sword Boomerang","Anger","Dual Wield+1","Thunderclap","Cleave","Offering+1","Run Through","Bludgeon+1","conspire:Charge","Mind Blast+1","Apotheosis+1","Anger","Intimidate+1","ReplayTheSpireMod:Stacked+1","Flex+1","Rupture","Double Tap","Heavy Blade+1","hubris:Fate+1","conspire:ExplosiveBarrier+1","Perfected Strike+1","Cleave","Slice+1","Inflame","Feed+1","Heavy Blade","Anger","Cleave+1","StuffTheSpire:Incineration","infinitespire:Oblivion","Iron Wave+1","ReplayTheSpireMod:Muscle Training","Inflame+1","Spot Weakness","Impervious","Pommel Strike+1","Seeing Red","Inflame","hubris:Fate+1","Flex+1","Intimidate","ReplayTheSpireMod:Stacked+1","Feed","Dagger Throw","ReplayTheSpireMod:Exploit Weakness","Skewer","Hemokinesis","Spot Weakness","Twin Strike+1","Replay:Undeath\u0027s Touch+1","Immolate","Heavy Blade","StuffTheSpire:Incineration","Fiend Fire","Flex+1","Anger","hubris:StunningStrike","hubris:InfiniteBlow+100","infinitespire:Collect+1","Bloodletting","Inflame+1","Anger","Entrench+1","Berserk","Rupture+1","StuffTheSpire:Perfection","infinitespire:Gouge","conspire:SpireCoStock+1","Anger","Regret","StuffTheSpire:Rapture","Flex+1","Limit Break+1","hubris:DuctTapeCard","Limit Break+1"],"relics":["Black Blood","StuffTheSpire:NeowsTribute","halation:SwordOfLegend","aspiration:Lifesprig","Letter Opener","conspire:RunicOctahedron","Omamori","Nunchaku","Tiny Chest","halation:TwoAmDonut","Pen Nib","Du-Vu Doll","OrangePellets","WarpedTongs","Philosopher\u0027s Stone","Nunchaku","hubris:Metronome","halation:KoshaPiece","infinitespire:ShieldingShard","aspiration:ArtOfWarUpgrade","halation:BlackBeret","Membership Card","reliquary:Stiletto","Bronze Scales","Orichalcum","LetterFromLob","reliquary:SharkskinSheath","WingedGreaves","infinitespire:PuzzleCube","halation:PrussianBluePaint","hubris:OldNail","Strange Spoon","Gremlin Food","aspiration:VileToxins","infinitespire:Satchel","StoneCalendar","StuffTheSpire:EmeraldSignet","halation:Jellyphish","aspiration:PoetsPen_weak","reliquary:PorcupineQuills","aspiration:HummingbirdHeart","Bloody Idol","Tiny House","aspiration:HiddenCompartment","infinitespire:Midas Blood","hubris:EmptyBottle","Replay:Bottled Steam","StuffTheSpire:HeavyRock","Magic Flower","hubris:Backtick","Ninja Scroll","Bag of Marbles","Garlic","Darkstone Periapt","Vajra","conspire:SpecialSausage","hubris:Zylophone","ReplayTheSpireMod:TigerMarble","Dream Catcher","hubris:MedicalManual","Matryoshka","aspiration:FetidBarrel","King of Hearts","infinitespire:Burning Sword","hubris:EvacipatedBox","Toolbox","StuffTheSpire:Saxophone","Replay:Rubber Ducky","Toxic Egg 2","reliquary:Aerogel","Bird Faced Urn","StuffTheSpire:Barrel","conspire:RoyalGoblet","halation:AfternoonTea","hubris:TinFlute","ReplayTheSpireMod:Lightbulb","Blue Doll","StuffTheSpire:Rhapsscallions","hubris:DuctTape","infinitespire:Golems Mask","reliquary:PartyBalloon","StuffTheSpire:RubySignet","Mark of Pain","Anchor","Simple Rune","halation:IncompleteEncyclopedia"],"acts_visited":["Exordium","TheCity","TheBeyond","Exordium","TheCity","TheBeyond","Exordium","TheCity","TheBeyond","TheEnding"],"potions_floor_usage":[],"damage_taken":[{"damage":0.0,"enemies":"Cultist","floor":1.0,"turns":3.0},{"damage":2.0,"enemies":"2 Louse","floor":2.0,"turns":2.0},{"damage":2.0,"enemies":"Jaw Worm","floor":3.0,"turns":3.0},{"damage":5.0,"enemies":"Exordium Thugs","floor":4.0,"turns":4.0},{"damage":2.0,"enemies":"Large Slime","floor":5.0,"turns":4.0},{"damage":0.0,"enemies":"Gremlin Nob","floor":6.0,"turns":2.0},{"damage":19.0,"enemies":"3 Sentries","floor":8.0,"turns":6.0},{"damage":7.0,"enemies":"Gremlin Gang","floor":10.0,"turns":4.0},{"damage":7.0,"enemies":"Exordium Wildlife","floor":12.0,"turns":3.0},{"damage":3.0,"enemies":"Gremlin Nob","floor":13.0,"turns":3.0},{"damage":0.0,"enemies":"Large Slime","floor":14.0,"turns":4.0},{"damage":31.0,"enemies":"Hexaghost","floor":16.0,"turns":8.0},{"damage":43.0,"enemies":"2 Thieves","floor":18.0,"turns":3.0},{"damage":6.0,"enemies":"Chosen","floor":19.0,"turns":3.0},{"damage":26.0,"enemies":"Snake Plant","floor":21.0,"turns":4.0},{"damage":60.0,"enemies":"Nightmare","floor":25.0,"turns":10.0},{"damage":6.0,"enemies":"Snecko","floor":28.0,"turns":3.0},{"damage":0.0,"enemies":"Centurion and Healer","floor":31.0,"turns":5.0},{"damage":57.0,"enemies":"conspire:MysteriousRune","floor":33.0,"turns":6.0},{"damage":5.0,"enemies":"Orb Walker","floor":35.0,"turns":2.0},{"damage":30.0,"enemies":"3 Shapes","floor":36.0,"turns":4.0},{"damage":6.0,"enemies":"Transient","floor":38.0,"turns":4.0},{"damage":28.0,"enemies":"2 Orb Walkers","floor":39.0,"turns":4.0},{"damage":10.0,"enemies":"R_Hoarder","floor":40.0,"turns":6.0},{"damage":14.0,"enemies":"Reptomancer","floor":42.0,"turns":4.0},{"damage":8.0,"enemies":"infinitespire:MassOfShapes","floor":50.0,"turns":2.0},{"damage":0.0,"enemies":"2 Louse","floor":52.0,"turns":1.0},{"damage":12.0,"enemies":"conspire:RoseBush","floor":53.0,"turns":1.0},{"damage":0.0,"enemies":"Cultist","floor":55.0,"turns":1.0},{"damage":0.0,"enemies":"Gremlin Nob","floor":57.0,"turns":1.0},{"damage":0.0,"enemies":"Lagavulin","floor":64.0,"turns":1.0},{"damage":4.0,"enemies":"Fading Forest","floor":67.0,"turns":5.0},{"damage":0.0,"enemies":"Spheric Guardian","floor":69.0,"turns":1.0},{"damage":0.0,"enemies":"2 Thieves","floor":70.0,"turns":1.0},{"damage":0.0,"enemies":"Cultist and Chosen","floor":71.0,"turns":1.0},{"damage":0.0,"enemies":"Nightmare","floor":74.0,"turns":1.0},{"damage":0.0,"enemies":"Snecko","floor":76.0,"turns":1.0},{"damage":0.0,"enemies":"conspire:Head Lice","floor":80.0,"turns":1.0},{"damage":0.0,"enemies":"Centurion and Healer","floor":81.0,"turns":1.0},{"damage":0.0,"enemies":"Chosen and Byrds","floor":82.0,"turns":1.0},{"damage":0.0,"enemies":"hubris:MusketHawk","floor":84.0,"turns":1.0},{"damage":0.0,"enemies":"Orb Walker","floor":86.0,"turns":1.0},{"damage":0.0,"enemies":"3 Shapes","floor":88.0,"turns":1.0},{"damage":0.0,"enemies":"Reptomancer","floor":91.0,"turns":1.0},{"damage":0.0,"enemies":"Spire Growth","floor":95.0,"turns":1.0},{"damage":0.0,"enemies":"R_Hoarder","floor":97.0,"turns":1.0},{"damage":0.0,"enemies":"Nemesis","floor":99.0,"turns":1.0},{"damage":34.0,"enemies":"infinitespire:MassOfShapes","floor":101.0,"turns":1.0},{"damage":0.0,"enemies":"Cultist","floor":103.0,"turns":1.0},{"damage":0.0,"enemies":"2 Louse","floor":105.0,"turns":1.0},{"damage":0.0,"enemies":"Jaw Worm","floor":107.0,"turns":1.0},{"damage":0.0,"enemies":"3 Sentries","floor":108.0,"turns":1.0},{"damage":0.0,"enemies":"3 Louse","floor":109.0,"turns":1.0},{"damage":0.0,"enemies":"Nightmare","floor":110.0,"turns":1.0},{"damage":0.0,"enemies":"Exordium Wildlife","floor":112.0,"turns":1.0},{"damage":0.0,"enemies":"3 Sentries","floor":116.0,"turns":1.0},{"damage":0.0,"enemies":"Fading Forest","floor":118.0,"turns":1.0},{"damage":0.0,"enemies":"Chosen","floor":120.0,"turns":1.0},{"damage":0.0,"enemies":"2 Thieves","floor":124.0,"turns":1.0},{"damage":0.0,"enemies":"Slavers","floor":127.0,"turns":1.0},{"damage":0.0,"enemies":"Snake Plant","floor":129.0,"turns":1.0},{"damage":0.0,"enemies":"Book of Stabbing","floor":130.0,"turns":1.0},{"damage":0.0,"enemies":"3 Cultists","floor":132.0,"turns":1.0},{"damage":0.0,"enemies":"Centurion and Healer","floor":133.0,"turns":1.0},{"damage":0.0,"enemies":"infinitespire:LordOfFortification","floor":135.0,"turns":2.0},{"damage":0.0,"enemies":"3 Shapes","floor":137.0,"turns":1.0},{"damage":0.0,"enemies":"R_Hoarder","floor":142.0,"turns":1.0},{"damage":0.0,"enemies":"Nightmare","floor":146.0,"turns":1.0},{"damage":0.0,"enemies":"3 Darklings","floor":149.0,"turns":1.0},{"damage":0.0,"enemies":"Maw","floor":150.0,"turns":1.0},{"damage":0.0,"enemies":"infinitespire:LordOfFortification","floor":152.0,"turns":2.0},{"damage":8,"enemies":"The Heart","floor":157,"turns":6}],"seed_played":"-481633738754072181","potions_obtained":[{"floor":2.0,"key":"AttackPotion"},{"floor":4.0,"key":"Adrenaline Potion"},{"floor":8.0,"key":"Adrenaline Potion"},{"floor":10.0,"key":"EssenceOfSteel"},{"floor":13.0,"key":"Adrenaline Potion"},{"floor":19.0,"key":"sagemod:Wine"},{"floor":21.0,"key":"Strength Potion"},{"floor":31.0,"key":"BlessingOfTheForge"},{"floor":36.0,"key":"SkillPotion"},{"floor":39.0,"key":"Milkshake"},{"floor":42.0,"key":"Strength Potion"},{"floor":50.0,"key":"Fire Potion"},{"floor":55.0,"key":"hexamod:SoulburnPotion"},{"floor":58.0,"key":"CultistPotion"},{"floor":64.0,"key":"Swift Potion"},{"floor":67.0,"key":"Regen Potion"},{"floor":70.0,"key":"LifebloodPotion"},{"floor":91.0,"key":"DuplicationPotion"},{"floor":105.0,"key":"CultistPotion"}],"is_trial":false,"path_per_floor":["M","M","M","M","M","E","R","E","T","M","R","M","E","M","R_BF","B",null,"M","M","?","M","$","E","R","NM","T","R","M","R","$","M","R","B",null,"M","M","AVR","M","?","E","T","E","T","NS","R","R","?","$","R","B",null,"M","M","$","M","?","E","AVR","R","T","?","$","T","E","$","R_BF","B",null,"M","M","M","?","?","NM","R","M","T","$","$","E","M","M","R","B",null,"M","?","M","$","AVR","E","M","R","T","M","R","E","T","E","R_BF","B",null,"M","?","M","?","M","E","M","NM","T","M","R","T","R","E","R","B",null,"M","$","?","AVR","M","R","$","E","T","M","E","T","M","M","R","B",null,"M","?","AVR","?","?","E","T","NS","T","NM","M","$","M","M","R","B",null,"R","$","E","B",null],"character_chosen":"IRONCLAD","items_purchased":["Membership Card","reliquary:Stiletto","Bronze Scales","Orichalcum","AttackPotion","Dexterity Potion","Mind Blast","Apotheosis","Strange Spoon","hubris:Spice","hubris:Spice","Anger","Art of War","Flex","StuffTheSpire:EmeraldSignet","halation:Jellyphish","Inflame","reliquary:PorcupineQuills","aspiration:HummingbirdHeart","infinitespire:FocusingShard","hubris:EmptyBottle","infinitespire:ShieldingShard","Magic Flower","Inflame+1","Spot Weakness","halation:KoshaPiece","Garlic","Vajra","Du-Vu Doll","hubris:EvacipatedBox","StuffTheSpire:Saxophone","OrangePellets","Replay:Rubber Ducky","Inflame","Toxic Egg 2","infinitespire:Golems Mask","reliquary:PartyBalloon","StuffTheSpire:RubySignet","halation:SwordOfLegend","Anchor","Simple Rune"],"campfire_rested":8,"item_purchase_floors":[0,0,0,0,22,22,22,22,22,22,22,22,30,30,48,48,48,54,54,62,62,65,65,65,65,78,79,89,121,121,126,126,126,126,126,148,148,148,148,155,155],"current_hp_per_floor":[58,62,66,67,71,77,77,64,64,63,63,62,65,71,36,19,88,51,51,51,31,39,39,65,11,11,37,37,63,63,69,69,18,80,72,48,48,48,26,22,22,14,14,14,14,30,30,30,46,44,48,48,45,45,51,39,45,50,56,56,56,56,56,56,56,56,56,56,56,56,56,56,56,56,56,56,56,56,56,56,56,56,56,56,56,56,56,56,56,56,56,56,56,56,56,56,56,56,56,56,56,56,56,56,56,56,56,63,67,67,67,67,67,67,67,67,67,67,67,67,29,29,29,52,67,67,67,67,67,67,67,67,67,67,67,67,67,67,67,73,73,73,73,73,73,73,73,79,79,79,79,79,79,79,79,79,79],"gold":223,"neow_bonus":"","is_daily":false,"chose_seed":false,"campfire_upgraded":10,"win_rate":0.0,"timestamp":1612538889,"path_taken":["M","M","M","M","M","E","R","E","T","M","R","?","E","M","R_BF","BOSS","M","?","?","M","$","E","R","NM","T","R","M","R","?","M","R","BOSS","M","?","AVR","M","?","E","?","E","T","NS","R","R","?","$","R","BOSS","M","M","?","M","?","E","AVR","R","T","?","$","?","E","?","R_BF","BOSS","M","M","M","?","?","NM","R","M","T","?","$","E","?","M","R","BOSS","M","?","M","?","AVR","E","M","R","T","M","R","E","?","E","R_BF","BOSS","M","?","M","?","M","E","M","NM","T","?","R","?","R","E","R","BOSS","M","?","?","AVR","?","R","$","E","T","M","E","?","M","M","R","BOSS","M","?","AVR","?","?","E","?","NS","T","NM","M","$","M","M","R","BOSS","R","$","E","BOSS"],"items_purchased_type":["Relic","Relic","Relic","Relic","Potion","Potion","Card","Card","Relic","Relic","Relic","Card","Relic","Card","Relic","Relic","Card","Relic","Relic","Relic","Relic","Relic","Relic","Card","Card","Relic","Relic","Relic","Relic","Relic","Relic","Relic","Relic","Card","Relic","Relic","Relic","Relic","Relic","Relic","Relic"],"build_version":"2020-12-22","purchased_purges":1,"victory":true,"max_hp_per_floor":[80,80,80,80,80,80,80,80,80,80,80,80,80,80,80,88,88,88,88,88,88,88,88,88,88,88,88,88,88,88,88,88,88,80,72,72,72,72,72,64,64,56,56,56,56,56,56,56,56,48,48,48,51,51,51,51,51,56,56,56,56,56,56,56,56,56,56,56,56,56,56,56,56,56,56,56,56,56,56,56,56,56,56,56,56,56,56,56,56,56,56,56,56,56,56,56,56,56,56,56,56,56,56,56,56,56,56,63,67,67,67,67,67,67,67,67,67,67,67,67,67,67,67,67,67,67,67,67,67,67,67,67,67,67,67,67,67,67,67,73,73,73,73,73,73,73,73,79,79,79,79,79,79,79,79,79,79],"card_choices":[{"not_picked":["ReplayTheSpireMod:Strike From Hell","Fire Breathing"],"picked":"Perfected Strike","floor":1.0},{"not_picked":["Rampage","Body Slam"],"picked":"ReplayTheSpireMod:Limb From Limb","floor":2.0},{"not_picked":["Headbutt","ReplayReversal"],"picked":"Perfected Strike","floor":3.0},{"not_picked":["hubris:ReadiedAction","Battle Trance"],"picked":"Sword Boomerang","floor":4.0},{"not_picked":["Havoc","Whirlwind"],"picked":"Anger","floor":5.0},{"not_picked":["Havoc","ReplayTheSpireMod:Stacked"],"picked":"Dual Wield","floor":6.0},{"not_picked":["Abandon","Rupture"],"picked":"Thunderclap","floor":8.0},{"not_picked":["Body Slam","ReplayTheSpireMod:Limb From Limb"],"picked":"Brutality","floor":10.0},{"not_picked":["Sentinel","Feel No Pain"],"picked":"Cleave","floor":12.0},{"not_picked":["Brutality","Second Wind","Havoc"],"picked":"SKIP","floor":13.0},{"not_picked":["Heavy Blade","Flame Barrier"],"picked":"Combust","floor":14.0},{"not_picked":["Corruption","Eclipse"],"picked":"Offering","floor":16.0},{"not_picked":["Warcry+1","Thunderclap"],"picked":"Run Through","floor":18.0},{"not_picked":["Whirlwind","Havoc"],"picked":"Bludgeon","floor":19.0},{"not_picked":["Thunderclap","Headbutt"],"picked":"conspire:Charge","floor":21.0},{"not_picked":["Carnage+1","Bludgeon"],"picked":"Intimidate","floor":25.0},{"not_picked":["True Grit","ReplayTheSpireMod:Corrosion Curse"],"picked":"ReplayTheSpireMod:Stacked+1","floor":28.0},{"not_picked":["Abandon","Bloodletting"],"picked":"Rupture","floor":31.0},{"not_picked":["Demonic Infusion","Reaper"],"picked":"Double Tap","floor":33.0},{"not_picked":["Flex","Headbutt"],"picked":"hubris:SpiceAddiction","floor":35.0},{"not_picked":["ReplayTheSpireMod:Strike From Hell","Dropkick"],"picked":"Heavy Blade+1","floor":36.0},{"not_picked":["StuffTheSpire:RagingBull","Shrug It Off"],"picked":"conspire:ExplosiveBarrier+1","floor":38.0},{"not_picked":["Headbutt","Havoc+1"],"picked":"Perfected Strike+1","floor":39.0},{"not_picked":["Blood for Blood","Bludgeon"],"picked":"Cleave","floor":40.0},{"not_picked":["Flame Barrier","Run Through"],"picked":"Body Slam+1","floor":42.0},{"not_picked":["Offering","Replay:Many Hands"],"picked":"Feed","floor":50.0},{"not_picked":["Dropkick","Pommel Strike"],"picked":"Heavy Blade","floor":52.0},{"not_picked":["Headbutt","Power Through"],"picked":"Wild Strike","floor":53.0},{"not_picked":["Wild Strike","Sever Soul"],"picked":"Anger","floor":55.0},{"not_picked":["Replay:Undeath\u0027s Touch","Sword Boomerang"],"picked":"Cleave","floor":57.0},{"not_picked":["Wild Strike","StuffTheSpire:Slingshot"],"picked":"StuffTheSpire:Incineration","floor":58.0},{"not_picked":["Flex","hubris:SharpeningStone"],"picked":"ReplayTheSpireMod:Muscle Training","floor":64.0},{"not_picked":["Demonic Infusion","Bludgeon"],"picked":"Impervious","floor":67.0},{"not_picked":["Power Through+1","Armaments+1"],"picked":"Pommel Strike+1","floor":69.0},{"not_picked":["Warcry","hubris:ReadiedAction+1","StuffTheSpire:Slingshot"],"picked":"SKIP","floor":70.0},{"not_picked":["Clash","Sword Boomerang"],"picked":"Seeing Red","floor":71.0},{"not_picked":["infinitespire:Gouge","infinitespire:FutureSight"],"picked":"hubris:InfiniteBlow+50","floor":74.0},{"not_picked":["StuffTheSpire:Slingshot","Uppercut+1"],"picked":"Inflame","floor":74.0},{"not_picked":["Clothesline+1","Shrug It Off","StuffTheSpire:BloodClot"],"picked":"SKIP","floor":76.0},{"not_picked":["Replay:Fractal Strike","infinitespire:Execution"],"picked":"hubris:Fate","floor":78.0},{"not_picked":["Headbutt","Reaper"],"picked":"Flex+1","floor":80.0},{"not_picked":["Thunderclap+1","Cleave+1"],"picked":"Intimidate","floor":81.0},{"not_picked":["Pommel Strike+1","Whirlwind"],"picked":"ReplayTheSpireMod:Stacked+1","floor":82.0},{"not_picked":["hubris:StunningStrike","Demonic Infusion"],"picked":"Feed","floor":84.0},{"not_picked":["True Grit+1","ReplayTheSpireMod:Corrosion Curse","Second Wind+1"],"picked":"SKIP","floor":86.0},{"not_picked":["conspire:Charge","Body Slam"],"picked":"Hemokinesis","floor":88.0},{"not_picked":["StuffTheSpire:Pyroclast+1","Burning Pact+1"],"picked":"Spot Weakness","floor":91.0},{"not_picked":["Armaments","True Grit"],"picked":"Twin Strike+1","floor":95.0},{"not_picked":["Iron Wave+1","Reckless Charge","StuffTheSpire:Slingshot+1"],"picked":"SKIP","floor":97.0},{"not_picked":["Iron Wave+1","Reckless Charge","StuffTheSpire:Slingshot+1"],"picked":"SKIP","floor":97.0},{"not_picked":["conspire:Charge","ReplayTheSpireMod:Muscle Training"],"picked":"Replay:Undeath\u0027s Touch+1","floor":99.0},{"not_picked":["Double Tap","Corruption"],"picked":"Immolate","floor":101.0},{"not_picked":["StuffTheSpire:Incineration","Sentinel"],"picked":"Heavy Blade","floor":103.0},{"not_picked":["Twin Strike","Armaments"],"picked":"StuffTheSpire:Incineration","floor":105.0},{"not_picked":["Whirlwind","hubris:SharpeningStone","Disarm"],"picked":"SKIP","floor":107.0},{"not_picked":["Disarm","StuffTheSpire:Slingshot"],"picked":"Fiend Fire","floor":108.0},{"not_picked":["Pummel","Cleave"],"picked":"Flex","floor":109.0},{"not_picked":["Reckless Charge","ReplayTheSpireMod:Stacked"],"picked":"Anger","floor":110.0},{"not_picked":["Double Tap","Clash","Shrug It Off"],"picked":"SKIP","floor":112.0},{"not_picked":["Shrug It Off","Berserk","Wild Strike"],"picked":"SKIP","floor":116.0},{"not_picked":["Exhume","Berserk"],"picked":"hubris:StunningStrike","floor":118.0},{"not_picked":["conspire:ExplosiveBarrier","Wild Strike","Flame Barrier"],"picked":"SKIP","floor":120.0},{"not_picked":["Cleave","Entrench","Iron Wave"],"picked":"SKIP","floor":124.0},{"not_picked":["StuffTheSpire:BloodClot+1","Warcry"],"picked":"Bloodletting","floor":125.0},{"not_picked":["Replay:Many Hands+1","StuffTheSpire:Incineration"],"picked":"Anger","floor":127.0},{"not_picked":["Heavy Blade","hubris:ReadiedAction+1","ReplayTheSpireMod:Strike From Hell"],"picked":"SKIP","floor":129.0},{"not_picked":["Combust","Dark Embrace","Searing Blow"],"picked":"SKIP","floor":130.0},{"not_picked":["Rampage","ReplayTheSpireMod:Strike From Hell","Armaments+1"],"picked":"SKIP","floor":132.0},{"not_picked":["Armaments+1","Flame Barrier+1"],"picked":"Entrench+1","floor":133.0},{"not_picked":["Eclipse+1","Corruption"],"picked":"Berserk","floor":135.0},{"not_picked":["ReplayTheSpireMod:Corrosion Curse+1","StuffTheSpire:RockThrow+1"],"picked":"Rupture","floor":137.0},{"not_picked":["infinitespire:SevenWalls","infinitespire:Collect"],"picked":"infinitespire:Gouge","floor":140.0},{"not_picked":["True Grit+1","Life Link+1"],"picked":"Anger","floor":142.0},{"not_picked":["Combust+1","Shockwave+1","Rage+1"],"picked":"SKIP","floor":146.0},{"not_picked":["Run Through","True Grit+1"],"picked":"Flex+1","floor":149.0},{"not_picked":["Headbutt","ReplayTheSpireMod:LeadingStrike+1","hubris:StunningStrike"],"picked":"SKIP","floor":150.0},{"not_picked":["Impervious+1","Exhume+1"],"picked":"Limit Break+1","floor":152.0},{"not_picked":["Juggernaut","StuffTheSpire:TitanForm"],"picked":"Limit Break+1","floor":157}],"player_experience":242792,"relics_obtained":[{"floor":1.0,"key":"LetterFromLob"},{"floor":6.0,"key":"reliquary:SharkskinSheath"},{"floor":8.0,"key":"WingedGreaves"},{"floor":9.0,"key":"infinitespire:PuzzleCube"},{"floor":13.0,"key":"reliquary:FerryPass"},{"floor":16.0,"key":"hubris:Spice"},{"floor":25.0,"key":"StuffTheSpire:ForceGauntlet"},{"floor":26.0,"key":"Gremlin Food"},{"floor":40.0,"key":"hubris:Spice"},{"floor":41.0,"key":"infinitespire:Satchel"},{"floor":42.0,"key":"hubris:Spice"},{"floor":43.0,"key":"StoneCalendar"},{"floor":57.0,"key":"halation:BlackBeret"},{"floor":60.0,"key":"infinitespire:Midas Blood"},{"floor":63.0,"key":"Replay:Bottled Steam"},{"floor":64.0,"key":"StuffTheSpire:HeavyRock"},{"floor":74.0,"key":"hubris:Metronome"},{"floor":77.0,"key":"Bag of Marbles"},{"floor":80.0,"key":"Darkstone Periapt"},{"floor":91.0,"key":"Omamori"},{"floor":94.0,"key":"Nunchaku"},{"floor":97.0,"key":"ReplayTheSpireMod:TigerMarble"},{"floor":98.0,"key":"Tiny Chest"},{"floor":99.0,"key":"Dream Catcher"},{"floor":100.0,"key":"hubris:MedicalManual"},{"floor":110.0,"key":"halation:TwoAmDonut"},{"floor":111.0,"key":"Matryoshka"},{"floor":114.0,"key":"aspiration:FetidBarrel"},{"floor":114.0,"key":"Pen Nib"},{"floor":116.0,"key":"King of Hearts"},{"floor":127.0,"key":"Letter Opener"},{"floor":128.0,"key":"reliquary:Aerogel"},{"floor":128.0,"key":"Bird Faced Urn"},{"floor":130.0,"key":"aspiration:Lifesprig"},{"floor":131.0,"key":"StuffTheSpire:Barrel"},{"floor":142.0,"key":"hubris:TinFlute"},{"floor":143.0,"key":"ReplayTheSpireMod:Lightbulb"},{"floor":145.0,"key":"Blue Doll"},{"floor":146.0,"key":"StuffTheSpire:Rhapsscallions"}],"event_choices":[{"damage_healed":0.0,"max_hp_gain":0.0,"max_hp_loss":0.0,"gold_gain":0.0,"event_name":"betterSkull:BetterSkull","player_choice":"RE RE ","floor":15.0,"gold_loss":0.0,"damage_taken":39.0,"cards_upgraded":[],"relics_obtained":["halation:PrussianBluePaint","hubris:OldNail"]},{"damage_healed":0.0,"max_hp_gain":0.0,"max_hp_loss":0.0,"gold_gain":0.0,"event_name":"Purifier","player_choice":"Ignored","floor":20.0,"gold_loss":0.0,"damage_taken":0.0},{"damage_healed":0.0,"max_hp_gain":0.0,"max_hp_loss":0.0,"gold_gain":0.0,"event_name":"Mysterious Sphere","player_choice":"Fight","floor":39.0,"gold_loss":0.0,"damage_taken":0.0},{"damage_healed":0.0,"max_hp_gain":0.0,"max_hp_loss":0.0,"gold_gain":0.0,"event_name":"betterThird:BetterPortal","player_choice":"Random: Yellow","floor":47.0,"gold_loss":0.0,"damage_taken":0.0},{"cards_removed":["Apotheosis"],"damage_healed":0.0,"max_hp_gain":0.0,"max_hp_loss":0.0,"gold_gain":0.0,"event_name":"betterNote:BetterNote","player_choice":"Take \u0026 Give","floor":47.0,"gold_loss":0.0,"damage_taken":0.0,"cards_obtained":["Slice"]},{"damage_healed":0.0,"max_hp_gain":0.0,"max_hp_loss":0.0,"gold_gain":0.0,"event_name":"Golden Idol","player_choice":"Take Damage","floor":56.0,"gold_loss":0.0,"damage_taken":12.0,"relics_obtained":["Golden Idol"]},{"damage_healed":0.0,"max_hp_gain":0.0,"max_hp_loss":0.0,"gold_gain":0.0,"event_name":"Forgotten Altar","player_choice":"Gave Idol","floor":73.0,"relics_lost":["Golden Idol"],"gold_loss":0.0,"damage_taken":0.0,"relics_obtained":["Bloody Idol"]},{"damage_healed":0.0,"max_hp_gain":0.0,"max_hp_loss":0.0,"gold_gain":0.0,"event_name":"Accursed Blacksmith","player_choice":"Rummage","floor":106.0,"gold_loss":0.0,"damage_taken":0.0,"relics_obtained":["WarpedTongs"],"cards_obtained":["Pain"]},{"damage_healed":0.0,"max_hp_gain":0.0,"max_hp_loss":0.0,"gold_gain":0.0,"event_name":"Duplicator","player_choice":"Copied","floor":122.0,"gold_loss":0.0,"damage_taken":0.0,"cards_obtained":["hubris:InfiniteBlow"]},{"damage_healed":0.0,"max_hp_gain":0.0,"max_hp_loss":0.0,"gold_gain":0.0,"event_name":"Tomb of Lord Red Mask","player_choice":"Ignored","floor":138.0,"gold_loss":0.0,"damage_taken":0.0},{"damage_healed":0.0,"max_hp_gain":0.0,"max_hp_loss":0.0,"gold_gain":0.0,"event_name":"conspire:Investor","player_choice":"Invest 1","floor":141.0,"gold_loss":0.0,"damage_taken":0.0}],"is_beta":false,"boss_relics":[{"not_picked":["halation:Risk","halation:HeavySnake"],"picked":"conspire:RunicOctahedron"},{"not_picked":["reliquary:Craggleroot","energizedSpire:RedRose"],"picked":"hubris:Spice"},{"not_picked":["ChewingGum","energizedSpire:EnergizedDie"],"picked":"aspiration:PoetsPen_weak"},{"not_picked":["halation:PinkAlligatorPlush","conspire:SlowCooker"],"picked":"hubris:Backtick"},{"not_picked":["hubris:GrandSneckoEye","bronze:MakeshiftBattery"],"picked":"Black Blood"},{"not_picked":["Painkiller Herb","halation:LoveArrow"],"picked":"Philosopher\u0027s Stone"},{"not_picked":["Runic Dome","reliquary:RedPaperclip"],"picked":"infinitespire:Burning Sword"},{"not_picked":["energizedSpire:StickyHand","Honey Jar","ReplayTheSpireMod:DimensionalGlitch"],"picked":"conspire:RoyalGoblet"},{"not_picked":["aspiration:FutureDiary","hubris:RunicObelisk","reliquary:KinkedSpring"],"picked":"Mark of Pain"}],"items_purged_floors":[22],"is_endless":true,"potions_floor_spawned":[2,4,8,10,13,19,21,31,36,39,42,50,55,64,67,70,80,81,84,88,91,101,105,107,109,112,129,133,142,150,157],"ascension_level":3}}