{"host":"26y75e64s1raelh1","time":1612483647,"event":{"mods":["AchievementEnabler","BaseMod","Block Reminder","Card Forge","Colored Map","Colored Powertips","Highlight Path","Minty Spire (QoL Compilation)","Quick Restart","StSLib"],"gold_per_floor":[111,111,128,147,166,166,182,200,225,260,435,435,435,435,435,532,532,542,542,542,11,27,27,43,56,56,56,75,100,200,200,200,304,304,314,326,180,180,196,196,216,250,250,250,250,48,48,48,48,48],"floor_reached":51,"language":"ENG","playtime":3653,"items_purged":[],"score":695,"play_id":"9249ef9b-ccc4-41a8-8697-7ee5545f7140","local_time":"20210204210727","is_ascension_mode":false,"campfire_choices":[{"data":"Sword Boomerang","floor":6,"key":"SMITH"},{"floor":12,"key":"REST"},{"floor":15,"key":"REST"},{"data":"Flex","floor":23,"key":"SMITH"},{"floor":27,"key":"REST"},{"floor":32,"key":"REST"},{"floor":40,"key":"REST"},{"floor":45,"key":"REST"},{"floor":47,"key":"REST"},{"floor":49,"key":"REST"}],"circlet_count":0,"master_deck":["Strike_R+1","Strike_R+1","Defend_R+1","Defend_R+1","Bash+1","Warcry+1","Shrug It Off+1","Sword Boomerang+1","Flex+1","Demon Form+1","Offering+1","Twin Strike+1","Secret Weapon+1","Feed+1","Flex+1","Offering+1","Twin Strike+1","Offering+1","Whirlwind+1","Sword Boomerang+1","Warcry+1"],"relics":["Black Blood","Hammer of Thor","Seething Fire","Anvil of the Gods","Boot","Tiny Chest","Blood Vial","Pen Nib","MealTicket","Bag of Preparation","Meat on the Bone","Vajra","Mango","Ornamental Fan","Shuriken","Fusion Hammer","Potion Belt","Juzu Bracelet","Toolbox","Anchor"],"acts_visited":["Exordium","TheCity","TheBeyond"],"potions_floor_usage":[2,16,16,30,33,33,41,50,50],"damage_taken":[{"damage":7,"enemies":"Small Slimes","floor":1,"turns":5},{"damage":9,"enemies":"Cultist","floor":3,"turns":4},{"damage":3,"enemies":"2 Louse","floor":4,"turns":3},{"damage":10,"enemies":"Looter","floor":5,"turns":2},{"damage":15,"enemies":"Lots of Slimes","floor":7,"turns":5},{"damage":2,"enemies":"2 Fungi Beasts","floor":8,"turns":3},{"damage":5,"enemies":"Gremlin Nob","floor":10,"turns":3},{"damage":51,"enemies":"Hexaghost","floor":16,"turns":5},{"damage":21,"enemies":"3 Byrds","floor":18,"turns":4},{"damage":26,"enemies":"2 Thieves","floor":22,"turns":2},{"damage":26,"enemies":"Centurion and Healer","floor":24,"turns":3},{"damage":16,"enemies":"Chosen and Byrds","floor":25,"turns":3},{"damage":7,"enemies":"3 Cultists","floor":28,"turns":3},{"damage":29,"enemies":"Slavers","floor":29,"turns":3},{"damage":25,"enemies":"Colosseum Slavers","floor":30,"turns":3},{"damage":26,"enemies":"Colosseum Nobs","floor":30,"turns":3},{"damage":51,"enemies":"Collector","floor":33,"turns":4},{"damage":18,"enemies":"3 Darklings","floor":35,"turns":1},{"damage":12,"enemies":"3 Shapes","floor":36,"turns":1},{"damage":28,"enemies":"Spire Growth","floor":39,"turns":2},{"damage":6,"enemies":"Sphere and 2 Shapes","floor":41,"turns":1},{"damage":49,"enemies":"Nemesis","floor":42,"turns":3},{"damage":42,"enemies":"Time Eater","floor":50,"turns":4}],"seed_played":"-8711974364912451920","potions_obtained":[{"floor":1,"key":"Ancient Potion"},{"floor":2,"key":"Fruit Juice"},{"floor":2,"key":"Swift Potion"},{"floor":2,"key":"Strength Potion"},{"floor":16,"key":"DuplicationPotion"},{"floor":18,"key":"Fire Potion"},{"floor":22,"key":"Regen Potion"},{"floor":36,"key":"BloodPotion"},{"floor":41,"key":"Strength Potion"}],"is_trial":false,"path_per_floor":["M","?","M","M","M","R","M","M","T","E","?","R","?","?","R","B",null,"M","T","?","$","M","R","M","M","T","R","M","E","?","T","R","B",null,"M","M","$","?","M","R","M","E","T","?","R","$","R","T","R","B",null],"character_chosen":"IRONCLAD","items_purchased":["Twin Strike","Secret Weapon","Feed","Bag of Preparation","Whirlwind","Strength Potion","Sword Boomerang","Toolbox","Strength Potion"],"campfire_rested":8,"item_purchase_floors":[21,21,21,21,37,37,37,46,46],"current_hp_per_floor":[87,92,89,92,88,88,79,83,83,84,84,93,93,93,93,48,93,84,84,84,93,83,83,75,77,77,105,109,96,104,104,135,100,139,133,139,143,143,131,147,147,110,110,110,140,140,140,140,140,114],"gold":48,"neow_bonus":"TEN_PERCENT_HP_BONUS","is_daily":false,"chose_seed":false,"campfire_upgraded":2,"win_rate":0.0,"timestamp":1612483647,"path_taken":["M","?","?","M","M","R","M","M","T","E","?","R","?","?","R","BOSS","M","?","?","$","M","R","M","M","T","R","?","E","?","?","R","BOSS","M","M","$","?","?","R","M","E","T","?","R","$","R","?","R","BOSS"],"items_purchased_type":["Card","Card","Card","Relic","Card","Potion","Card","Relic","Potion"],"build_version":"2020-12-22","purchased_purges":0,"victory":true,"max_hp_per_floor":[88,93,93,93,93,93,93,93,93,93,93,93,93,93,93,93,93,93,93,93,93,97,97,101,105,105,105,109,113,135,135,135,139,139,139,143,143,143,147,147,147,147,147,140,140,140,140,140,140,144],"card_choices":[{"not_picked":["Dropkick","Perfected Strike"],"picked":"Warcry","floor":1},{"not_picked":["Metallicize","Thunderclap","Armaments"],"picked":"SKIP","floor":3},{"not_picked":["Anger","Sword Boomerang"],"picked":"Shrug It Off","floor":4},{"not_picked":["Iron Wave","Body Slam"],"picked":"Sword Boomerang","floor":5},{"not_picked":["Pommel Strike","Intimidate","Sever Soul"],"picked":"SKIP","floor":7},{"not_picked":["Dual Wield","Ghostly Armor","Blood for Blood"],"picked":"SKIP","floor":8},{"not_picked":["Juggernaut","Thunderclap","Metallicize"],"picked":"SKIP","floor":10},{"not_picked":["Feed","Berserk"],"picked":"Offering","floor":16},{"not_picked":["Thunderclap","Rupture+1","Pommel Strike"],"picked":"SKIP","floor":18},{"not_picked":["Clash+1","Body Slam"],"picked":"Flex","floor":22},{"not_picked":["Reckless Charge+1","Sever Soul","Perfected Strike+1"],"picked":"SKIP","floor":24},{"not_picked":["Entrench","Pommel Strike","Reckless Charge"],"picked":"SKIP","floor":25},{"not_picked":["Shockwave","Reckless Charge"],"picked":"Offering","floor":28},{"not_picked":["Corruption","Dropkick","Fiend Fire"],"picked":"SKIP","floor":29},{"not_picked":["Uppercut","Dropkick"],"picked":"Twin Strike","floor":30},{"not_picked":["Juggernaut","Brutality"],"picked":"Offering","floor":33},{"not_picked":["Clothesline+1","Sword Boomerang","Sever Soul"],"picked":"SKIP","floor":35},{"not_picked":["Burning Pact+1","Body Slam+1","Flex"],"picked":"SKIP","floor":36},{"not_picked":["Flex+1","Anger+1","Combust"],"picked":"SKIP","floor":39},{"not_picked":["Rupture+1","Pommel Strike","Perfected Strike+1"],"picked":"SKIP","floor":41},{"not_picked":["Perfected Strike","Power Through+1"],"picked":"Warcry+1","floor":42}],"player_experience":41960,"relics_obtained":[{"floor":9,"key":"Boot"},{"floor":10,"key":"Tiny Chest"},{"floor":19,"key":"MealTicket"},{"floor":26,"key":"Meat on the Bone"},{"floor":29,"key":"Vajra"},{"floor":30,"key":"Mango"},{"floor":30,"key":"Ornamental Fan"},{"floor":31,"key":"Shuriken"},{"floor":42,"key":"Potion Belt"},{"floor":43,"key":"Juzu Bracelet"},{"floor":48,"key":"Anchor"}],"event_choices":[{"damage_healed":0,"gold_gain":0,"player_choice":"Got Potions","damage_taken":0,"max_hp_gain":0,"max_hp_loss":0,"event_name":"Lab","floor":2,"gold_loss":0},{"damage_healed":0,"gold_gain":175,"player_choice":"AGREE","damage_taken":0,"max_hp_gain":0,"max_hp_loss":0,"event_name":"Liars Game","floor":11,"gold_loss":0,"cards_obtained":["Doubt"]},{"damage_healed":0,"gold_gain":0,"player_choice":"Box","damage_taken":0,"relics_obtained":["Blood Vial"],"max_hp_gain":0,"max_hp_loss":0,"event_name":"Big Fish","floor":13,"gold_loss":0,"cards_obtained":["Regret"]},{"damage_healed":0,"gold_gain":0,"player_choice":"Gave Potion","damage_taken":0,"relics_obtained":["Pen Nib"],"max_hp_gain":0,"max_hp_loss":0,"event_name":"WeMeetAgain","floor":14,"gold_loss":0},{"damage_healed":0,"gold_gain":0,"player_choice":"Ignored","damage_taken":0,"max_hp_gain":0,"max_hp_loss":0,"event_name":"Transmorgrifier","floor":20,"gold_loss":0},{"damage_healed":0,"gold_gain":0,"player_choice":"Fight","damage_taken":0,"max_hp_gain":0,"max_hp_loss":0,"event_name":"Colosseum","floor":30,"gold_loss":0},{"damage_healed":0,"gold_gain":0,"player_choice":"Fought Nobs","damage_taken":0,"max_hp_gain":0,"max_hp_loss":0,"event_name":"Colosseum","floor":30,"gold_loss":0},{"damage_healed":0,"gold_gain":0,"player_choice":"Ignored","damage_taken":0,"max_hp_gain":0,"max_hp_loss":0,"event_name":"Golden Shrine","floor":38,"gold_loss":0},{"damage_healed":0,"gold_gain":0,"player_choice":"Max HP","damage_taken":0,"max_hp_gain":0,"max_hp_loss":7,"event_name":"Winding Halls","floor":44,"gold_loss":0}],"is_beta":false,"boss_relics":[{"not_picked":["SacredBark","Tiny House"],"picked":"Black Blood"},{"not_picked":["Mark of Pain","Snecko Eye"],"picked":"Fusion Hammer"}],"items_purged_floors":[],"is_endless":false,"potions_floor_spawned":[1,3,8,10,16,18,22,25,28,36,41],"ascension_level":0}}