{"host":"3y2rtlgteqp2nuo3","time":1612531151,"event":{"mods":["2.2 Compatiblity","AchievementEnabler","BaseMod","Colored Map","DeckTracker","Highlight Path","Keyboard Shortcuts","Minty Spire (QoL Compilation)","Permanent Neow","Quick Restart","StSLib","SuperFastMode","everything is the same but u backflip on backflip"],"gold_per_floor":[109,123,135,147,147,147,160,189,212,212,93,93,93,105,105,182,182,200,125,86,105,105,137,137,37,37,37,48,68,68,88,88,161,161,175,175,198,0,16,16,30,30,30,30,30,49,49,6,6,6],"floor_reached":51,"language":"KOR","playtime":1036,"items_purged":["Strike_B","Defend_B"],"score":1292,"play_id":"5cf21e40-c061-499e-94c3-e4b411641d47","local_time":"20210205221911","is_ascension_mode":true,"campfire_choices":[{"data":"Sunder","floor":6.0,"key":"SMITH"},{"data":"Trip","floor":10.0,"key":"SMITH"},{"data":"Defragment","floor":12.0,"key":"SMITH"},{"floor":15.0,"key":"REST"},{"data":"Defragment","floor":24.0,"key":"SMITH"},{"data":"Thunder Strike","floor":27.0,"key":"SMITH"},{"floor":30.0,"key":"REST"},{"data":"Coolheaded","floor":32.0,"key":"SMITH"},{"data":"Amplify","floor":40.0,"key":"SMITH"},{"data":"Biased Cognition","floor":42.0,"key":"SMITH"},{"data":"Dualcast","floor":44.0,"key":"SMITH"},{"floor":47.0,"key":"REST"},{"data":"Force Field","floor":49.0,"key":"SMITH"}],"circlet_count":0,"master_deck":["AscendersBane","Defend_B","Defend_B","Zap","Dualcast+1","Trip+1","Ball Lightning","Undo","Coolheaded+1","Sunder+1","Electrodynamics","Biased Cognition+1","Defragment+1","Thunder Strike+1","Turbo","Self Repair","BootSequence","Defragment+1","Amplify+1","Force Field+1","Cold Snap+1","Leap","Core Surge","Madness","Madness","Turbo","Sweeping Beam+1","Static Discharge"],"relics":["Cracked Core","Bronze Scales","Juzu Bracelet","Nuclear Battery","Akabeko","Regal Pillow","Sozu","Orichalcum","Red Mask","StrikeDummy"],"acts_visited":["Exordium","TheCity","TheBeyond"],"potions_floor_usage":[50],"damage_taken":[{"damage":1.0,"enemies":"Cultist","floor":1.0,"turns":4.0},{"damage":10.0,"enemies":"2 Louse","floor":2.0,"turns":2.0},{"damage":0.0,"enemies":"Small Slimes","floor":3.0,"turns":4.0},{"damage":0.0,"enemies":"Exordium Wildlife","floor":4.0,"turns":4.0},{"damage":0.0,"enemies":"3 Louse","floor":7.0,"turns":2.0},{"damage":25.0,"enemies":"Lagavulin","floor":8.0,"turns":4.0},{"damage":10.0,"enemies":"Gremlin Gang","floor":14.0,"turns":3.0},{"damage":0.0,"enemies":"Slime Boss","floor":16.0,"turns":5.0},{"damage":5.0,"enemies":"3 Byrds","floor":18.0,"turns":2.0},{"damage":15.0,"enemies":"Spheric Guardian","floor":21.0,"turns":4.0},{"damage":0.0,"enemies":"Gremlin Leader","floor":23.0,"turns":3.0},{"damage":21.0,"enemies":"Shelled Parasite and Fungi","floor":28.0,"turns":4.0},{"damage":16.0,"enemies":"Snake Plant","floor":29.0,"turns":3.0},{"damage":1.0,"enemies":"Snecko","floor":31.0,"turns":4.0},{"damage":35.0,"enemies":"Automaton","floor":33.0,"turns":8.0},{"damage":9.0,"enemies":"3 Darklings","floor":35.0,"turns":4.0},{"damage":7.0,"enemies":"3 Shapes","floor":39.0,"turns":2.0},{"damage":0.0,"enemies":"Maw","floor":41.0,"turns":6.0},{"damage":25.0,"enemies":"4 Shapes","floor":46.0,"turns":4.0},{"damage":53,"enemies":"Donu and Deca","floor":50,"turns":6}],"seed_played":"-8215023467853361645","potions_obtained":[{"floor":2.0,"key":"PowerPotion"},{"floor":3.0,"key":"Fire Potion"},{"floor":4.0,"key":"PotionOfCapacity"},{"floor":5.0,"key":"EntropicBrew"},{"floor":33.0,"key":"Fire Potion"}],"is_trial":false,"path_per_floor":["M","M","M","M","?","R","M","E","T","R","$","R","?","M","R","B",null,"M","?","$","M","?","E","R","$","T","R","M","M","R","M","R","B",null,"M","?","T","?","M","R","M","R","T","R","?","M","R","$","R","B",null],"character_chosen":"DEFECT","items_purchased":["Defragment","Self Repair","Static Discharge"],"campfire_rested":3,"item_purchase_floors":[11,20,48],"current_hp_per_floor":[63,53,53,53,53,53,53,28,28,28,28,28,28,18,39,39,63,58,58,58,43,43,43,43,43,43,43,29,13,49,55,55,27,60,58,45,45,45,45,45,59,59,59,59,59,34,70,70,70,37],"gold":6,"neow_bonus":"RANDOM_COLORLESS","is_daily":false,"chose_seed":false,"campfire_upgraded":10,"win_rate":0.0,"timestamp":1612531151,"path_taken":["M","M","M","?","?","R","M","E","T","R","$","R","?","M","R","BOSS","M","?","$","M","?","E","R","?","T","R","M","M","R","M","R","BOSS","M","?","?","?","M","R","M","R","T","R","?","M","R","$","R","BOSS"],"items_purchased_type":["Card","Card","Card"],"build_version":"2020-12-22","purchased_purges":2,"victory":true,"max_hp_per_floor":[71,71,71,71,71,71,71,71,71,71,71,71,71,71,71,71,71,71,71,71,71,71,71,71,71,71,71,71,71,71,71,71,71,71,71,71,71,71,71,71,71,71,71,71,71,71,71,71,71,71],"card_choices":[{"not_picked":["PanicButton","Dark Shackles"],"picked":"Trip","floor":0.0},{"not_picked":["Heatsinks","Doom and Gloom"],"picked":"Ball Lightning","floor":1.0},{"not_picked":["Blizzard","Rebound"],"picked":"Undo","floor":2.0},{"not_picked":["Cold Snap","Steam"],"picked":"Coolheaded","floor":3.0},{"not_picked":["Go for the Eyes","Hologram"],"picked":"Sunder","floor":4.0},{"not_picked":["Heatsinks","Barrage"],"picked":"Electrodynamics","floor":7.0},{"not_picked":["Cold Snap","Sweeping Beam"],"picked":"Biased Cognition","floor":8.0},{"not_picked":["Streamline","Hologram"],"picked":"Lockon","floor":14.0},{"not_picked":["All For One","Creative AI"],"picked":"Thunder Strike","floor":16.0},{"not_picked":["Gash","Genetic Algorithm"],"picked":"Turbo","floor":18.0},{"not_picked":["Conserve Battery","Gash"],"picked":"BootSequence","floor":21.0},{"not_picked":["Storm","Hologram"],"picked":"Force Field","floor":23.0},{"not_picked":["Storm","Redo+1"],"picked":"Cold Snap+1","floor":28.0},{"not_picked":["Streamline+1","Self Repair","Conserve Battery"],"picked":"SKIP","floor":29.0},{"not_picked":["Beam Cell","Rip and Tear"],"picked":"Leap","floor":31.0},{"not_picked":["Biased Cognition","Rainbow"],"picked":"Core Surge","floor":33.0},{"not_picked":["Fusion","Go for the Eyes+1","Self Repair"],"picked":"SKIP","floor":35.0},{"not_picked":["Fusion","Go for the Eyes+1","Self Repair"],"picked":"SKIP","floor":35.0},{"not_picked":["Hologram","Gash"],"picked":"Turbo","floor":39.0},{"not_picked":["Gash","Recycle+1","Fusion"],"picked":"SKIP","floor":41.0},{"not_picked":["Redo","Stack"],"picked":"Sweeping Beam+1","floor":46.0}],"player_experience":758555,"relics_obtained":[{"floor":8.0,"key":"Bronze Scales"},{"floor":9.0,"key":"Juzu Bracelet"},{"floor":23.0,"key":"Akabeko"},{"floor":26.0,"key":"Regal Pillow"},{"floor":37.0,"key":"Orichalcum"},{"floor":43.0,"key":"StrikeDummy"}],"event_choices":[{"damage_healed":0.0,"max_hp_gain":0.0,"max_hp_loss":0.0,"gold_gain":0.0,"event_name":"Lab","player_choice":"Got Potions","floor":5.0,"gold_loss":0.0,"damage_taken":0.0},{"cards_removed":["Strike_B"],"damage_healed":0.0,"max_hp_gain":0.0,"max_hp_loss":0.0,"gold_gain":0.0,"event_name":"Purifier","player_choice":"Purged","floor":13.0,"gold_loss":0.0,"damage_taken":0.0},{"cards_removed":["Strike_B"],"damage_healed":0.0,"max_hp_gain":0.0,"max_hp_loss":0.0,"gold_gain":0.0,"event_name":"Beggar","player_choice":"Gave Gold","floor":19.0,"gold_loss":75.0,"damage_taken":0.0},{"damage_healed":0.0,"max_hp_gain":0.0,"max_hp_loss":0.0,"gold_gain":0.0,"cards_transformed":["Strike_B","Defend_B"],"event_name":"Drug Dealer","player_choice":"Became Test Subject","floor":22.0,"gold_loss":0.0,"damage_taken":0.0,"cards_obtained":["Defragment","Amplify"]},{"damage_healed":0.0,"max_hp_gain":0.0,"max_hp_loss":0.0,"gold_gain":0.0,"event_name":"Winding Halls","player_choice":"Embrace Madness","floor":36.0,"gold_loss":0.0,"damage_taken":13.0,"cards_obtained":["Madness","Madness"]},{"damage_healed":0.0,"max_hp_gain":0.0,"max_hp_loss":0.0,"gold_gain":0.0,"event_name":"Tomb of Lord Red Mask","player_choice":"Paid","floor":38.0,"gold_loss":198.0,"damage_taken":0.0,"relics_obtained":["Red Mask"]},{"cards_removed":["Lockon"],"damage_healed":0.0,"max_hp_gain":0.0,"max_hp_loss":0.0,"gold_gain":0.0,"event_name":"Falling","player_choice":"Removed Attack","floor":45.0,"gold_loss":0.0,"damage_taken":0.0}],"is_beta":false,"boss_relics":[{"not_picked":["Busted Crown","Tiny House"],"picked":"Nuclear Battery"},{"not_picked":["Coffee Dripper","Velvet Choker"],"picked":"Sozu"}],"items_purged_floors":[11,25],"is_endless":false,"potions_floor_spawned":[2,3,4,18,21,29,33,35,39],"ascension_level":16}}