{"host":"msfr2axb1w9025n0","time":1612533723,"event":{"mods":["BaseMod","Bestiary","Block Reminder","Colored Map","DeckTracker","Minty Spire (QoL Compilation)","Relic Stats","Weighted Paths"],"gold_per_floor":[19,30,45,63,74,110,210,210,210,239,274,274,300,342,342,452,452,462,258,207,222,250,250,276,311,311,337,337,73,73,73,82,82,82],"floor_reached":33,"language":"ENG","playtime":1438,"items_purged":[],"score":445,"play_id":"a44218e3-6191-47fe-b2ea-e8901e5b7fd0","local_time":"20210205210203","is_ascension_mode":true,"campfire_choices":[{"data":"Redo","floor":8,"key":"SMITH"},{"data":"Biased Cognition","floor":12,"key":"SMITH"},{"floor":15,"key":"REST"},{"floor":23,"key":"REST"},{"floor":32,"key":"REST"}],"circlet_count":0,"master_deck":["AscendersBane","Strike_B+1","Strike_B+1","Strike_B+1","Defend_B+1","Defend_B+1","Defend_B+1","Zap","Dualcast","Ball Lightning","Glacier","Biased Cognition+1","Hologram","Redo+1","Conserve Battery","Hologram","Chaos","Streamline+1","Redo","Core Surge+1","Loop","Storm","Genetic Algorithm","Compile Driver+1","Conserve Battery","Biased Cognition+1","Capacitor","Undo"],"relics":["Cracked Core","CeramicFish","Molten Egg 2","Meat on the Bone","Cables","Inserter","OrangePellets","Dream Catcher","Letter Opener","Omamori","DollysMirror"],"acts_visited":["Exordium","TheCity"],"potions_floor_usage":[6,13,22],"damage_taken":[{"damage":0,"enemies":"Cultist","floor":1,"turns":3},{"damage":6,"enemies":"Small Slimes","floor":2,"turns":3},{"damage":3,"enemies":"2 Louse","floor":3,"turns":3},{"damage":1,"enemies":"Large Slime","floor":4,"turns":5},{"damage":9,"enemies":"3 Louse","floor":5,"turns":2},{"damage":3,"enemies":"Gremlin Nob","floor":6,"turns":4},{"damage":5,"enemies":"Blue Slaver","floor":10,"turns":2},{"damage":9,"enemies":"3 Sentries","floor":11,"turns":7},{"damage":18,"enemies":"Exordium Thugs","floor":13,"turns":4},{"damage":25,"enemies":"Gremlin Nob","floor":14,"turns":4},{"damage":25,"enemies":"Hexaghost","floor":16,"turns":8},{"damage":20,"enemies":"3 Byrds","floor":18,"turns":6},{"damage":11,"enemies":"2 Thieves","floor":20,"turns":4},{"damage":40,"enemies":"Snake Plant","floor":21,"turns":4},{"damage":14,"enemies":"Shelled Parasite and Fungi","floor":22,"turns":8},{"damage":4,"enemies":"Snecko","floor":24,"turns":6},{"damage":35,"enemies":"Book of Stabbing","floor":25,"turns":5},{"damage":43,"enemies":"Collector","floor":33,"turns":7}],"seed_played":"6868914277279007968","potions_obtained":[{"floor":2,"key":"EssenceOfDarkness"},{"floor":5,"key":"Ancient Potion"},{"floor":6,"key":"Swift Potion"},{"floor":21,"key":"BlessingOfTheForge"},{"floor":22,"key":"Weak Potion"}],"is_trial":false,"path_per_floor":["M","M","M","M","M","E","?","R","T","M","E","R","M","E","R","B",null,"M","$","M","M","M","R","M","E","T","T","?","$","?","?","R","B"],"character_chosen":"DEFECT","items_purchased":["OrangePellets","Loop","DollysMirror","Capacitor","Block Potion"],"campfire_rested":3,"item_purchase_floors":[19,19,29,29,29],"current_hp_per_floor":[68,62,59,58,49,46,46,46,46,41,32,32,26,13,35,22,62,42,42,43,15,13,35,43,20,20,20,20,20,20,20,42,0,0],"gold":82,"neow_bonus":"REMOVE_TWO","is_daily":false,"chose_seed":false,"campfire_upgraded":2,"win_rate":0.0,"timestamp":1612533723,"path_taken":["M","M","M","M","M","E","?","R","T","M","E","R","M","E","R","BOSS","M","$","?","?","M","R","?","E","T","?","?","$","?","?","R","BOSS"],"items_purchased_type":["Relic","Card","Relic","Card","Potion"],"build_version":"2020-12-22","purchased_purges":0,"victory":false,"max_hp_per_floor":[75,75,75,75,75,75,75,75,75,75,75,75,75,75,75,75,75,75,75,75,75,75,75,75,75,75,75,75,75,75,75,75,75,75],"relic_stats":{"OrangePellets":[8],"Dream Catcher":1,"Inserter":[20],"counters":[18,84],"CeramicFish":126,"Letter Opener":[13],"obtain_stats":[{"OrangePellets":19,"Dream Catcher":25,"Inserter":17,"DollysMirror":29,"CeramicFish":6,"Molten Egg 2":9,"Omamori":27,"Letter Opener":26,"Cracked Core":0,"Meat on the Bone":11,"Cables":14},{"OrangePellets":12,"Dream Catcher":17,"Inserter":11,"DollysMirror":17,"CeramicFish":6,"Molten Egg 2":6,"Omamori":17,"Letter Opener":17,"Cracked Core":0,"Meat on the Bone":8,"Cables":10},{"OrangePellets":51,"Dream Catcher":77,"Inserter":45,"DollysMirror":77,"CeramicFish":20,"Molten Egg 2":20,"Omamori":77,"Letter Opener":77,"Cracked Core":0,"Meat on the Bone":29,"Cables":37}],"Meat on the Bone":96,"Cables":[44,24,16,3,1]},"card_choices":[{"not_picked":["Stack","Barrage"],"picked":"Ball Lightning","floor":1},{"not_picked":["Gash","Go for the Eyes"],"picked":"Glacier","floor":2},{"not_picked":["Barrage","Go for the Eyes"],"picked":"Biased Cognition","floor":3},{"not_picked":["Recycle","Rebound"],"picked":"Hologram","floor":4},{"not_picked":["Sweeping Beam","Static Discharge"],"picked":"Redo","floor":5},{"not_picked":["Cold Snap","Tempest"],"picked":"Conserve Battery","floor":6},{"not_picked":["Storm","Hologram","Beam Cell+1"],"picked":"SKIP","floor":10},{"not_picked":["Storm","Beam Cell+1"],"picked":"Hologram","floor":10},{"not_picked":["Turbo","Ball Lightning+1"],"picked":"Chaos","floor":11},{"not_picked":["Darkness","Sweeping Beam+1"],"picked":"Streamline+1","floor":13},{"not_picked":["Turbo","Fusion"],"picked":"Redo","floor":14},{"not_picked":["Biased Cognition","Meteor Strike+1"],"picked":"Core Surge+1","floor":16},{"not_picked":["Hello World","Gash+1","Go for the Eyes+1"],"picked":"SKIP","floor":18},{"not_picked":["Melter+1","Stack"],"picked":"Storm","floor":20},{"not_picked":["Melter+1","Force Field","Heatsinks+1"],"picked":"SKIP","floor":21},{"not_picked":["Sweeping Beam+1","Ball Lightning+1"],"picked":"Genetic Algorithm","floor":22},{"not_picked":["Stack","Beam Cell+1"],"picked":"Compile Driver+1","floor":24},{"not_picked":["Echo Form","Skim+1"],"picked":"Conserve Battery","floor":25},{"not_picked":["Rip and Tear+1","Redo+1"],"picked":"Undo","floor":32}],"player_experience":289913,"relics_obtained":[{"floor":6,"key":"CeramicFish"},{"floor":9,"key":"Molten Egg 2"},{"floor":11,"key":"Meat on the Bone"},{"floor":14,"key":"Cables"},{"floor":25,"key":"Dream Catcher"},{"floor":26,"key":"Letter Opener"},{"floor":27,"key":"Omamori"}],"event_choices":[{"damage_healed":0,"gold_gain":100,"player_choice":"Pray","damage_taken":0,"max_hp_gain":0,"max_hp_loss":0,"event_name":"Golden Shrine","floor":7,"gold_loss":0},{"damage_healed":0,"gold_gain":0,"player_choice":"Smashed Altar","damage_taken":0,"max_hp_gain":0,"max_hp_loss":0,"event_name":"Forgotten Altar","floor":28,"gold_loss":0,"cards_obtained":["Decay"]},{"damage_healed":0,"gold_gain":0,"player_choice":"Ignored","damage_taken":0,"max_hp_gain":0,"max_hp_loss":0,"event_name":"Vampires","floor":30,"gold_loss":0},{"damage_healed":0,"gold_gain":0,"player_choice":"Simplicity","damage_taken":0,"max_hp_gain":0,"max_hp_loss":0,"event_name":"Back to Basics","floor":31,"gold_loss":0,"cards_upgraded":["Strike_B","Strike_B","Strike_B","Defend_B","Defend_B","Defend_B"]}],"is_beta":false,"boss_relics":[{"not_picked":["SlaversCollar","Velvet Choker"],"picked":"Inserter"}],"items_purged_floors":[],"is_endless":false,"potions_floor_spawned":[2,5,6,11,21,22],"killed_by":"Collector","ascension_level":11}}