{"host":"by8i6f8xc0ywpsd5","time":1612511757,"event":{"mods":["BaseMod","Colored Map","Minty Spire (QoL Compilation)","Relic Stats"],"gold_per_floor":[362,375,32,32,43,43,71,71,98,113,132,157,122,134,134,134,134],"floor_reached":16,"language":"ENG","playtime":618,"items_purged":["Doubt"],"score":224,"play_id":"359207b8-b6f2-434b-ac4a-f2f5c95ceba0","local_time":"20210205095557","is_ascension_mode":true,"campfire_choices":[{"data":"Apotheosis","floor":6.0,"key":"SMITH"},{"data":"True Grit","floor":8.0,"key":"SMITH"},{"data":"Feel No Pain","floor":15,"key":"SMITH"}],"circlet_count":0,"master_deck":["AscendersBane","Strike_R","Strike_R","Strike_R","Strike_R","Strike_R","Defend_R","Defend_R","Defend_R","Defend_R","Bash","Combust","Sword Boomerang","Apotheosis+1","True Grit+1","Whirlwind","Feed","Burning Pact","Carnage","Feel No Pain+1","Pommel Strike"],"relics":["Burning Blood","Bag of Preparation","WingedGreaves","PreservedInsect"],"acts_visited":["Exordium"],"potions_floor_usage":[16,16],"damage_taken":[{"damage":12.0,"enemies":"2 Louse","floor":1.0,"turns":3.0},{"damage":3.0,"enemies":"Small Slimes","floor":2.0,"turns":3.0},{"damage":1.0,"enemies":"Jaw Worm","floor":5.0,"turns":5.0},{"damage":14.0,"enemies":"Lagavulin","floor":7.0,"turns":8.0},{"damage":0.0,"enemies":"3 Louse","floor":10.0,"turns":2.0},{"damage":16.0,"enemies":"Exordium Thugs","floor":11.0,"turns":5.0},{"damage":18,"enemies":"3 Sentries","floor":12,"turns":4},{"damage":19,"enemies":"Looter","floor":14,"turns":5},{"damage":39,"enemies":"Hexaghost","floor":16,"turns":9}],"seed_played":"9221910646792147502","potions_obtained":[{"floor":5.0,"key":"Explosive Potion"},{"floor":10.0,"key":"ColorlessPotion"},{"floor":11.0,"key":"Fruit Juice"},{"floor":14,"key":"SkillPotion"}],"is_trial":false,"path_per_floor":["M","M","$","?","M","R","E","R","T","M","M","E","?","M","R","B"],"character_chosen":"IRONCLAD","items_purchased":["Apotheosis","True Grit"],"campfire_rested":0,"item_purchase_floors":[3,3],"current_hp_per_floor":[62,65,65,30,35,35,27,27,27,37,31,19,39,30,30,0,0],"gold":134,"neow_bonus":"TWO_FIFTY_GOLD","is_daily":false,"chose_seed":false,"campfire_upgraded":3,"win_rate":0.0,"timestamp":1612511757,"path_taken":["M","M","$","?","M","R","E","R","T","M","M","E","?","M","R","BOSS"],"items_purchased_type":["Card","Card"],"build_version":"2020-12-22","purchased_purges":1,"victory":false,"max_hp_per_floor":[75,75,75,75,75,75,75,75,75,79,83,83,83,87,87,92,92],"relic_stats":{"counters":[9,44],"PreservedInsect":0,"Bag of Preparation":[14],"obtain_stats":[{"WingedGreaves":7,"PreservedInsect":12,"Bag of Preparation":4,"Burning Blood":0},{"WingedGreaves":4,"PreservedInsect":7,"Bag of Preparation":2,"Burning Blood":0},{"WingedGreaves":19,"PreservedInsect":30,"Bag of Preparation":6,"Burning Blood":0}],"Burning Blood":48},"card_choices":[{"not_picked":["Havoc","Infernal Blade"],"picked":"Combust","floor":1.0},{"not_picked":["Flex","Rage"],"picked":"Sword Boomerang","floor":2.0},{"not_picked":["Sword Boomerang","Iron Wave"],"picked":"Whirlwind","floor":5.0},{"not_picked":["Infernal Blade","Reckless Charge"],"picked":"Feed","floor":7.0},{"not_picked":["Intimidate","Thunderclap"],"picked":"Burning Pact","floor":10.0},{"not_picked":["True Grit","Bloodletting"],"picked":"Carnage","floor":11.0},{"not_picked":["Burning Pact","Twin Strike"],"picked":"Feel No Pain","floor":12},{"not_picked":["Cleave","Fire Breathing"],"picked":"Pommel Strike","floor":14}],"player_experience":1750992,"relics_obtained":[{"floor":7.0,"key":"WingedGreaves"},{"floor":12,"key":"PreservedInsect"}],"event_choices":[{"damage_healed":0.0,"max_hp_gain":0.0,"max_hp_loss":0.0,"gold_gain":0.0,"event_name":"Scrap Ooze","player_choice":"Success","floor":4.0,"gold_loss":0.0,"damage_taken":35.0,"relics_obtained":["Bag of Preparation"]},{"damage_healed":20,"gold_gain":0,"player_choice":"Healed","damage_taken":0,"max_hp_gain":0,"max_hp_loss":0,"event_name":"The Cleric","floor":13,"gold_loss":35}],"is_beta":false,"boss_relics":[],"items_purged_floors":[3],"is_endless":false,"potions_floor_spawned":[5,10,11,14],"killed_by":"Hexaghost","ascension_level":20}}