{"host":"Vegetablebread","time":1612546434,"event":{"mods":["BaseMod","Bestiary","Minty Spire (QoL Compilation)","Relic Stats","Slay the Relics Exporter"],"gold_per_floor":[168,179,104,379,398,398,218,218,518,518,549,96,96,124,124,199,199,213,263,107,121,121,121,121,121,121,13,41,53,53,53],"floor_reached":30,"language":"ENG","playtime":5175,"items_purged":["Regret","Strike_R"],"score":533,"play_id":"2f8aa015-e373-4198-af0d-54bf05f96a08","local_time":"20210205093354","is_ascension_mode":true,"campfire_choices":[{"data":"Blood for Blood","floor":6,"key":"SMITH"},{"data":"Iron Wave","floor":8,"key":"SMITH"},{"data":"Inflame","floor":10,"key":"SMITH"},{"data":"Pommel Strike","floor":15,"key":"SMITH"},{"floor":23,"key":"REST"},{"floor":25,"key":"REST"}],"circlet_count":0,"master_deck":["AscendersBane","Strike_R","Defend_R","Defend_R","Defend_R","Defend_R","Bash+1","Pommel Strike+1","Sword Boomerang","Brutality","Blood for Blood+1","Inflame+1","Iron Wave+1","Barricade","Flame Barrier","Shrug It Off","Headbutt","Feed","Heavy Blade","Fire Breathing","Armaments","True Grit","Heavy Blade+1","Impervious","Pommel Strike+1"],"relics":["Tiny House","Old Coin","Shuriken","TungstenRod","InkBottle","Snecko Eye","Molten Egg 2","Sundial"],"acts_visited":["Exordium","TheCity"],"potions_floor_usage":[11,13,18,21,28,28],"damage_taken":[{"damage":10,"enemies":"Small Slimes","floor":1,"turns":4},{"damage":0,"enemies":"Cultist","floor":2,"turns":3},{"damage":6,"enemies":"Jaw Worm","floor":5,"turns":4},{"damage":11,"enemies":"Gremlin Nob","floor":11,"turns":3},{"damage":0,"enemies":"Lots of Slimes","floor":13,"turns":1},{"damage":7,"enemies":"3 Sentries","floor":14,"turns":7},{"damage":17,"enemies":"The Guardian","floor":16,"turns":8},{"damage":0,"enemies":"Spheric Guardian","floor":18,"turns":4},{"damage":29,"enemies":"Shell Parasite","floor":21,"turns":4},{"damage":21,"enemies":"Slavers","floor":28,"turns":8},{"damage":14,"enemies":"Snecko","floor":29,"turns":5},{"damage":38,"enemies":"Book of Stabbing","floor":30,"turns":4}],"seed_played":"-5465303054576320416","potions_obtained":[{"floor":0,"key":"SmokeBomb"},{"floor":2,"key":"SkillPotion"},{"floor":11,"key":"LiquidMemories"},{"floor":18,"key":"Swift Potion"},{"floor":21,"key":"SteroidPotion"}],"is_trial":false,"path_per_floor":["M","M","?","?","M","R","$","R","T","R","E","$","M","E","R","B",null,"M","?","$","M","?","R","?","R","T","$","E","M","E"],"character_chosen":"IRONCLAD","items_purchased":["Inflame","Iron Wave","TungstenRod","Flame Barrier","Shrug It Off","Fire Potion","True Grit","Heavy Blade+1"],"campfire_rested":2,"item_purchase_floors":[7,7,12,12,12,20,27,27],"current_hp_per_floor":[63,63,63,63,57,57,57,57,57,57,46,46,46,39,39,22,66,69,62,62,36,12,39,39,66,66,66,48,37,0,0],"gold":53,"neow_bonus":"BOSS_RELIC","is_daily":false,"chose_seed":false,"campfire_upgraded":4,"win_rate":0.0,"timestamp":1612546434,"path_taken":["M","M","?","?","M","R","$","R","T","R","E","$","?","E","R","BOSS","M","?","$","?","?","R","?","R","T","?","E","?","E"],"items_purchased_type":["Card","Card","Relic","Card","Card","Potion","Card","Card"],"build_version":"2020-12-18","purchased_purges":2,"victory":false,"max_hp_per_floor":[80,80,80,80,80,80,80,80,80,80,80,80,80,80,80,80,80,83,83,83,86,91,91,91,91,91,91,94,97,97,97],"relic_stats":{"counters":[12,55],"Shuriken":[7],"Sundial":[0],"Snecko Eye":[33,59,48,47],"obtain_stats":[{"Tiny House":0,"Shuriken":11,"Sundial":28,"Snecko Eye":17,"Molten Egg 2":26,"Burning Blood":0,"TungstenRod":12,"InkBottle":14,"Old Coin":9},{"Tiny House":0,"Shuriken":4,"Sundial":10,"Snecko Eye":7,"Molten Egg 2":9,"Burning Blood":0,"TungstenRod":4,"InkBottle":6,"Old Coin":3},{"Tiny House":0,"Shuriken":14,"Sundial":46,"Snecko Eye":30,"Molten Egg 2":38,"Burning Blood":0,"TungstenRod":14,"InkBottle":22,"Old Coin":11}],"TungstenRod":49,"InkBottle":[8]},"card_choices":[{"not_picked":["Shrug It Off","Body Slam"],"picked":"Pommel Strike","floor":0},{"not_picked":["Armaments","Havoc"],"picked":"Sword Boomerang","floor":1},{"not_picked":["Armaments","Clash"],"picked":"Brutality","floor":2},{"not_picked":["True Grit","Cleave"],"picked":"Blood for Blood","floor":5},{"not_picked":["Clash","Combust"],"picked":"Barricade","floor":11},{"not_picked":["Blood for Blood","Havoc"],"picked":"Headbutt","floor":14},{"not_picked":["Bludgeon","Corruption"],"picked":"Feed","floor":16},{"not_picked":["Twin Strike","Sword Boomerang","Havoc"],"picked":"SKIP","floor":18},{"not_picked":["Headbutt","Blood for Blood"],"picked":"Heavy Blade","floor":21},{"not_picked":["Feel No Pain+1","Bloodletting"],"picked":"Impervious","floor":28},{"not_picked":["Body Slam+1","Armaments"],"picked":"Pommel Strike+1","floor":29}],"player_experience":10446181,"relics_obtained":[{"floor":9,"key":"Old Coin"},{"floor":11,"key":"Shuriken"},{"floor":14,"key":"InkBottle"},{"floor":26,"key":"Molten Egg 2"},{"floor":28,"key":"Sundial"}],"event_choices":[{"cards_removed":["Strike_R"],"damage_healed":0,"gold_gain":0,"player_choice":"Card Removal","damage_taken":0,"max_hp_gain":0,"max_hp_loss":0,"event_name":"The Cleric","floor":3,"gold_loss":75},{"damage_healed":0,"gold_gain":275,"player_choice":"Desecrate","damage_taken":0,"max_hp_gain":0,"max_hp_loss":0,"event_name":"Golden Shrine","floor":4,"gold_loss":0,"cards_obtained":["Regret"]},{"damage_healed":0,"gold_gain":50,"player_choice":"Touch","damage_taken":8,"max_hp_gain":0,"max_hp_loss":0,"event_name":"FaceTrader","floor":19,"gold_loss":0},{"damage_healed":0,"gold_gain":0,"player_choice":"Shed Blood","damage_taken":30,"max_hp_gain":5,"max_hp_loss":0,"event_name":"Forgotten Altar","floor":22,"gold_loss":0},{"damage_healed":0,"gold_gain":0,"cards_transformed":["Strike_R","Strike_R"],"player_choice":"Became Test Subject","damage_taken":0,"max_hp_gain":0,"max_hp_loss":0,"event_name":"Drug Dealer","floor":24,"gold_loss":0,"cards_obtained":["Fire Breathing","Armaments"]}],"is_beta":true,"boss_relics":[{"not_picked":["Astrolabe","Cursed Key"],"picked":"Snecko Eye"}],"items_purged_floors":[7,20],"is_endless":false,"potions_floor_spawned":[2,11,13,18,21],"killed_by":"Book of Stabbing","ascension_level":20}}