{"host":"q0qnzbgdx8oqogg9","time":1612500361,"event":{"mods":["BaseMod","Minty Spire (QoL Compilation)","StSLib"],"gold_per_floor":[109,123,142,142,160,192,192,192,192,228,228,248,248,122,122,243,243,256,256,35,53,77,77,77],"floor_reached":23,"language":"ENG","playtime":800,"items_purged":["Pain"],"score":302,"play_id":"0a6278fd-14a1-4700-a864-2717a96b3052","local_time":"20210204234601","is_ascension_mode":true,"campfire_choices":[{"floor":7.0,"key":"REST"},{"floor":11.0,"key":"REST"},{"floor":15.0,"key":"REST"}],"circlet_count":0,"master_deck":["AscendersBane","Strike_R","Strike_R","Strike_R","Strike_R","Defend_R","Defend_R","Defend_R","Bash","Pommel Strike","Thunderclap","Battle Trance","Power Through","Evolve","Flex","Demon Form","Sever Soul+1","Mayhem","Heavy Blade"],"relics":["Fusion Hammer","Question Card","Letter Opener","Golden Idol","Happy Flower","Pen Nib","WarpedTongs","Empty Cage","Boot"],"acts_visited":["Exordium","TheCity"],"potions_floor_usage":[23],"damage_taken":[{"damage":1.0,"enemies":"Cultist","floor":1.0,"turns":3.0},{"damage":7.0,"enemies":"Jaw Worm","floor":2.0,"turns":3.0},{"damage":0.0,"enemies":"2 Louse","floor":3.0,"turns":3.0},{"damage":12.0,"enemies":"Exordium Thugs","floor":5.0,"turns":5.0},{"damage":32.0,"enemies":"Gremlin Nob","floor":6.0,"turns":4.0},{"damage":15.0,"enemies":"3 Sentries","floor":10.0,"turns":8.0},{"damage":2.0,"enemies":"Looter","floor":12.0,"turns":4.0},{"damage":2.0,"enemies":"Slime Boss","floor":16.0,"turns":9.0},{"damage":17.0,"enemies":"3 Byrds","floor":18.0,"turns":6.0},{"damage":13.0,"enemies":"Shell Parasite","floor":21.0,"turns":5.0},{"damage":10.0,"enemies":"Snake Plant","floor":22.0,"turns":4.0},{"damage":34,"enemies":"Slavers","floor":23,"turns":1}],"seed_played":"2301413967522228793","potions_obtained":[{"floor":1.0,"key":"SmokeBomb"},{"floor":6.0,"key":"Dexterity Potion"},{"floor":10.0,"key":"Dexterity Potion"},{"floor":12.0,"key":"Strength Potion"}],"is_trial":false,"path_per_floor":["M","M","M","T","M","E","R","?","T","E","R","M","?","$","R","B",null,"M","?","$","M","M","E"],"character_chosen":"IRONCLAD","items_purchased":["Flex","Mayhem","Heavy Blade"],"campfire_rested":3,"item_purchase_floors":[14,20,20],"current_hp_per_floor":[71,64,64,64,52,20,44,44,44,29,51,49,49,49,71,69,73,56,56,56,43,33,0,0],"gold":77,"neow_bonus":"BOSS_RELIC","is_daily":false,"chose_seed":false,"campfire_upgraded":0,"win_rate":0.0,"timestamp":1612500361,"path_taken":["M","M","M","?","M","E","R","?","T","E","R","M","?","$","R","BOSS","M","?","$","M","M","E"],"items_purchased_type":["Card","Card","Card"],"build_version":"2020-12-22","purchased_purges":1,"victory":false,"max_hp_per_floor":[80,80,80,80,80,80,80,74,74,74,74,74,74,74,74,74,74,74,74,74,74,74,74,74],"card_choices":[{"not_picked":["Burning Pact","Shrug It Off"],"picked":"Pommel Strike","floor":1.0},{"not_picked":["Seeing Red","Burning Pact"],"picked":"Thunderclap","floor":2.0},{"not_picked":["Hemokinesis","Fire Breathing","Clash"],"picked":"SKIP","floor":3.0},{"not_picked":["Heavy Blade","Sword Boomerang","Flex"],"picked":"Battle Trance","floor":5.0},{"not_picked":["True Grit","Body Slam","Shrug It Off"],"picked":"Power Through","floor":6.0},{"not_picked":["Iron Wave","Combust","Intimidate","Feel No Pain"],"picked":"SKIP","floor":10.0},{"not_picked":["True Grit","Pommel Strike","Anger"],"picked":"Evolve","floor":12.0},{"not_picked":["Fiend Fire","Berserk","Double Tap"],"picked":"Demon Form","floor":16.0},{"not_picked":["Dual Wield","Clothesline","Clash+1"],"picked":"Sever Soul+1","floor":18.0},{"not_picked":["True Grit","Second Wind","Havoc","Sword Boomerang"],"picked":"SKIP","floor":21.0},{"not_picked":["Hemokinesis","Inflame+1","Anger","Sword Boomerang"],"picked":"SKIP","floor":22.0}],"player_experience":333826,"relics_obtained":[{"floor":4.0,"key":"Question Card"},{"floor":6.0,"key":"Letter Opener"},{"floor":9.0,"key":"Happy Flower"},{"floor":10.0,"key":"Pen Nib"}],"event_choices":[{"damage_healed":0.0,"max_hp_gain":0.0,"max_hp_loss":6.0,"gold_gain":0.0,"event_name":"Golden Idol","player_choice":"Lose Max HP","floor":8.0,"gold_loss":0.0,"damage_taken":0.0,"relics_obtained":["Golden Idol"]},{"damage_healed":0.0,"max_hp_gain":0.0,"max_hp_loss":0.0,"gold_gain":0.0,"event_name":"Accursed Blacksmith","player_choice":"Rummage","floor":13.0,"gold_loss":0.0,"damage_taken":0.0,"relics_obtained":["WarpedTongs"],"cards_obtained":["Pain"]},{"damage_healed":0.0,"max_hp_gain":0.0,"max_hp_loss":0.0,"gold_gain":0.0,"event_name":"The Mausoleum","player_choice":"Opened","floor":19.0,"gold_loss":0.0,"damage_taken":0.0,"relics_obtained":["Boot"]}],"is_beta":false,"boss_relics":[{"not_picked":["Mark of Pain","Snecko Eye"],"picked":"Empty Cage"}],"items_purged_floors":[14],"is_endless":false,"potions_floor_spawned":[1,6,10,12,18],"killed_by":"Slavers","ascension_level":10}}