{"host":"amvb77pwe2wp6zyc","time":1612525905,"event":{"mods":["2.2 Compatiblity","AchievementEnabler","AlwaysNeverKeys","BaseMod","BetterRewards","Downfall","Duelist Mod","GifTheSpireLib","Minty Spire (QoL Compilation)","Permanent Neow","Quick Restart","Relic Filter","Shop Mod","StSLib","SuperFastMode","Trackpad"],"gold_per_floor":[138,156,156,214,214,214,224,224,224,237,237,237,251,59,59,130,130,145,163,179,179,190,215,215,242,242,242,242],"floor_reached":27,"language":"DEU","playtime":1067,"items_purged":["theDuelist:Sparks","theDuelist:Sparks"],"score":437,"play_id":"60f8e614-0c56-4b7b-abfd-c47b943df5ea","local_time":"20210205125145","is_ascension_mode":true,"campfire_choices":[{"data":"theDuelist:Sparks","floor":6.0,"key":"PURGE"},{"floor":8.0,"key":"DIG"},{"floor":11.0,"key":"DIG"},{"data":"theDuelist:NaturiaCliff","floor":15,"key":"PURGE"},{"floor":24,"key":"DIG"}],"circlet_count":0,"master_deck":["AscendersBane","theDuelist:CastleWalls","theDuelist:CastleWalls","theDuelist:CastleWalls","theDuelist:NaturiaRock","theDuelist:NaturiaTulip","theDuelist:NaturiaHorneedle"],"relics":["theDuelist:MillenniumPuzzle","theDuelist:CardPoolRelic","theDuelist:CardPoolBasicRelic","theDuelist:BoosterPackPoolRelic","theDuelist:CardPoolAddRelic","theDuelist:CardPoolMinusRelic","theDuelist:CardPoolSaveRelic","theDuelist:CardPoolOptionsRelic","Shovel","Peace Pipe","MerchantsRug","trackpad:FieryHotPepper","Medical Kit","HornCleat","theDuelist:MerchantPendant","theDuelist:MillenniumRing","HoveringKite","Centennial Puzzle","theDuelist:ElectricToken","Omamori","Du-Vu Doll"],"acts_visited":["Exordium","TheCity"],"potions_floor_usage":[],"damage_taken":[{"damage":0.0,"enemies":"Cultist","floor":1.0,"turns":4.0},{"damage":3.0,"enemies":"Jaw Worm","floor":2.0,"turns":4.0},{"damage":0.0,"enemies":"Small Slimes","floor":7.0,"turns":4.0},{"damage":0.0,"enemies":"Exordium Wildlife","floor":10.0,"turns":3.0},{"damage":2.0,"enemies":"Red Slaver","floor":13.0,"turns":4.0},{"damage":10,"enemies":"Hexaghost","floor":16,"turns":11},{"damage":0,"enemies":"3 Byrds","floor":18,"turns":3},{"damage":5,"enemies":"Spheric Guardian","floor":19,"turns":5},{"damage":17,"enemies":"Snecko","floor":20,"turns":6},{"damage":1,"enemies":"3 Cultists","floor":22,"turns":4},{"damage":26,"enemies":"Book of Stabbing","floor":23,"turns":7},{"damage":19,"enemies":"Gremlin Leader","floor":25,"turns":6},{"damage":6,"enemies":"Snake Plant","floor":27,"turns":1}],"seed_played":"3562172094564898533","potions_obtained":[{"floor":1.0,"key":"Dexterity Potion"},{"floor":2.0,"key":"bronze:BurnAndBuffPotion"},{"floor":10.0,"key":"DistilledChaos"},{"floor":19,"key":"theDuelist:DestructPotionPotB"},{"floor":23,"key":"theDuelist:TokenPotion"}],"is_trial":false,"path_per_floor":["M","M","?","$","?","R","M","R","T","M","R","T","M","$","R","B",null,"M","M","M","?","M","E","R","E","T","M"],"character_chosen":"THE_DUELIST","items_purchased":["Shovel","Empty Cage","Peace Pipe","MerchantsRug","theDuelist:MerchantPendant","theDuelist:MillenniumRing"],"campfire_rested":0,"item_purchase_floors":[0,0,0,0,14,14],"current_hp_per_floor":[31,28,28,28,28,28,28,28,28,28,28,28,26,26,26,16,57,57,52,35,49,48,22,22,3,3,0,0],"gold":242,"neow_bonus":"","is_daily":false,"chose_seed":false,"campfire_upgraded":0,"win_rate":0.0,"timestamp":1612525905,"path_taken":["M","M","?","$","?","R","M","R","T","M","R","?","M","?","R","BOSS","M","M","M","?","M","E","R","E","T","M"],"items_purchased_type":["Relic","Relic","Relic","Relic","Relic","Relic"],"build_version":"2020-12-22","purchased_purges":2,"victory":false,"max_hp_per_floor":[70,70,70,70,70,70,70,70,70,70,70,70,70,70,70,70,70,70,70,70,70,70,70,70,70,70,70,70],"card_choices":[{"not_picked":["theDuelist:HuntingInstinct","theDuelist:ClosedForest","theDuelist:MultiplicationOfAnts","theDuelist:Wildfire","theDuelist:HeartUnderdog"],"picked":"SKIP","floor":1.0},{"not_picked":["theDuelist:NaturiaHydrangea","theDuelist:BrainCrusher","theDuelist:AcidTrapHole","theDuelist:NaturiaPumpkin","theDuelist:DemiseLand"],"picked":"SKIP","floor":2.0},{"not_picked":["theDuelist:NaturiaCliff","theDuelist:NaturiaAntjaw","theDuelist:NaturiaStinkbug","theDuelist:NaturiaMantis","theDuelist:NaturiaLeodrake"],"picked":"SKIP","floor":7.0},{"not_picked":["theDuelist:NaturiaForest","theDuelist:NaturiaBarkion","theDuelist:ClosedForest","theDuelist:MultiplicationOfAnts"],"picked":"theDuelist:NaturiaHorneedle","floor":10.0},{"not_picked":["theDuelist:NaturiaBambooShoot","theDuelist:BrainCrusher","theDuelist:NaturiaGuardian"],"picked":"SKIP","floor":13.0},{"not_picked":["theDuelist:NaturiaParadizo","theDuelist:NaturiaMantis","theDuelist:NaturiaDragonfly","theDuelist:NaturalDisaster","theDuelist:SurvivalInstinct"],"picked":"SKIP","floor":18},{"not_picked":["theDuelist:ConvulsionNature","theDuelist:NaturiaLeodrake","theDuelist:LairWire+1","theDuelist:Anteater"],"picked":"SKIP","floor":19},{"not_picked":["theDuelist:SurvivalInstinct+1","theDuelist:DemiseLand+1","theDuelist:NaturiaBeetle"],"picked":"SKIP","floor":20},{"not_picked":["theDuelist:NaturiaCliff","theDuelist:LonefireBlossom","theDuelist:NaturiaAntjaw+1","theDuelist:NaturiaSunflower","theDuelist:WormBait"],"picked":"SKIP","floor":22},{"not_picked":["theDuelist:NaturiaHydrangea+1","theDuelist:NaturiaRock","theDuelist:NaturiaStinkbug","theDuelist:SummoningSwarm+1","theDuelist:NaturiaEggplant"],"picked":"SKIP","floor":23},{"not_picked":["theDuelist:SurvivalInstinct","theDuelist:SpacetimeTranscendence","theDuelist:NaturiaMosquito","theDuelist:NaturiaCherries","theDuelist:NaturiaSacredTree"],"picked":"SKIP","floor":25}],"player_experience":403829,"relics_obtained":[{"floor":8.0,"key":"trackpad:FieryHotPepper"},{"floor":9.0,"key":"Medical Kit"},{"floor":11.0,"key":"HornCleat"},{"floor":12.0,"key":"theDuelist:ZoneToken"},{"floor":23,"key":"Centennial Puzzle"},{"floor":24,"key":"theDuelist:ElectricToken"},{"floor":25,"key":"Omamori"},{"floor":26,"key":"Du-Vu Doll"}],"event_choices":[{"damage_healed":0.0,"max_hp_gain":0.0,"max_hp_loss":0.0,"gold_gain":0.0,"event_name":"Battle City","player_choice":"Leave","duelist":true,"floor":3.0,"gold_loss":0.0,"damage_taken":0.0},{"damage_healed":0.0,"max_hp_gain":0.0,"max_hp_loss":0.0,"gold_gain":0.0,"event_name":"Relic Duplicator","player_choice":"Leave","duelist":true,"floor":5.0,"gold_loss":0.0,"damage_taken":0.0},{"damage_healed":14,"gold_gain":0,"player_choice":"Heal","damage_taken":0,"max_hp_gain":0,"max_hp_loss":0,"event_name":"The Library","floor":21,"gold_loss":0}],"is_beta":false,"boss_relics":[{"not_picked":["SacredBark","Runic Dome"],"picked":"HoveringKite"}],"items_purged_floors":[0,14],"is_endless":false,"potions_floor_spawned":[1,2,10,19,23,25],"killed_by":"Snake Plant","ascension_level":16}}