{"host":"0luxfixkkfk9wck3","time":1612564748,"event":{"mods":["BaseMod","DeckTracker","Downfall","Highlight Path","Minty Spire (QoL Compilation)","StSLib"],"gold_per_floor":[99,115,265,276,291,291,291,291,325,354,366,389,429,441,465,574,586,598,620,648,675,131,144,144,144,29,48,48,78,78,96,109,207,207,107,107,118,134,134,134,134,134,60,60,60,60,60,75,90,90],"floor_reached":51,"language":"ENG","playtime":4425,"items_purged":["bronze:Strike","Injury","bronze:Strike"],"score":930,"play_id":"cddad75e-6841-4298-87d1-876ecdec6ecd","local_time":"20210205163908","is_ascension_mode":true,"campfire_choices":[{"data":"bronze:Replicate","floor":1,"key":"SMITH"},{"data":"bronze:Constructor","floor":6,"key":"SMITH"},{"data":"bronze:ChosenStrike","floor":8,"key":"SMITH"},{"data":"bronze:Virus","floor":11,"key":"SMITH"},{"floor":18,"key":"DIG"},{"floor":25,"key":"REST"},{"floor":28,"key":"DIG"},{"floor":30,"key":"DIG"},{"floor":35,"key":"DIG"},{"floor":40,"key":"DIG"},{"floor":44,"key":"DIG"},{"floor":47,"key":"DIG"}],"circlet_count":0,"master_deck":["bronze:Strike","bronze:Defend","bronze:Defend","bronze:Defend","bronze:Defend","bronze:Replicate+1","bronze:Goto+1","bronze:HyperBeam","bronze:OilSpill","bronze:Constructor+1","bronze:ChosenStrike+1","bronze:Virus+1","bronze:Flail","bronze:Iterate","bronze:Terminator","bronze:SpaghettiCode+1","bronze:Branch+1","bronze:Frontload","bronze:MaxOutput","bronze:DigitalCarnage","bronze:Philosophize","bronze:OilSpill+1","bronze:OilSpill","bronze:Repulsor","Parasite"],"relics":["bronze:BronzeCore","Torii","MawBank","Shovel","Cursed Key","bronze:SilverBullet","OrangePellets","Mercury Hourglass","Calipers","Matryoshka","bronze:Timepiece","Snecko Eye","downfall:HeartBlessingBlue","Pear","bronze:BronzeIdol","Bronze Scales","War Paint","Guardian:GemstoneGun"],"acts_visited":["Exordium","TheCity","TheBeyond"],"potions_floor_usage":[29,33,33,50,50,50],"damage_taken":[{"damage":2,"enemies":"Jaw Worm","floor":2,"turns":4},{"damage":10,"enemies":"2 Louse","floor":4,"turns":3},{"damage":3,"enemies":"Small Slimes","floor":5,"turns":3},{"damage":1,"enemies":"Gremlin Nob","floor":9,"turns":3},{"damage":0,"enemies":"Blue Slaver","floor":10,"turns":1},{"damage":0,"enemies":"3 Louse","floor":12,"turns":1},{"damage":10,"enemies":"3 Sentries","floor":13,"turns":5},{"damage":11,"enemies":"Exordium Thugs","floor":15,"turns":2},{"damage":5,"enemies":"SI_SHIV_ARCHETYPE","floor":16,"turns":6},{"damage":0,"enemies":"3 Byrds","floor":19,"turns":2},{"damage":0,"enemies":"Shell Parasite","floor":20,"turns":2},{"damage":10,"enemies":"3 Cultists","floor":21,"turns":4},{"damage":0,"enemies":"downfall:FleeingMerchant","floor":22,"turns":4},{"damage":16,"enemies":"Snake Plant","floor":23,"turns":3},{"damage":0,"enemies":"downfall:FleeingMerchant","floor":26,"turns":4},{"damage":0,"enemies":"Centurion and Healer","floor":27,"turns":4},{"damage":0,"enemies":"Gremlin Leader","floor":29,"turns":3},{"damage":7,"enemies":"Cultist and Chosen","floor":31,"turns":2},{"damage":0,"enemies":"Snecko","floor":32,"turns":2},{"damage":35,"enemies":"DF_ARCHETYPE_CLAW","floor":33,"turns":5},{"damage":0,"enemies":"Orb Walker","floor":37,"turns":2},{"damage":15,"enemies":"3 Shapes","floor":38,"turns":3},{"damage":0,"enemies":"downfall:FleeingMerchant","floor":43,"turns":3},{"damage":47,"enemies":"Writhing Mass","floor":48,"turns":4},{"damage":10,"enemies":"Spire Growth","floor":49,"turns":2},{"damage":0,"enemies":"WA_ARCHETYPE_DIVINITY","floor":50,"turns":8}],"seed_played":"2907518431654068042","potions_obtained":[{"floor":2,"key":"Ancient Potion"},{"floor":5,"key":"Slimebound:ThreeZeroPotion"},{"floor":13,"key":"Strength Potion"},{"floor":20,"key":"SkillPotion"},{"floor":31,"key":"Dexterity Potion"},{"floor":32,"key":"SpeedPotion"},{"floor":33,"key":"EssenceOfSteel"}],"is_trial":false,"path_per_floor":["R","M","?","M","M","R","T","R","E","M","R","M","E","?","M","B",null,"R","M","M","M","$","M","T","R","$","M","R","E","R","M","M","B",null,"R","?","M","M","?","R","T","T","$","R","$","?","R","M","M","B",null],"character_chosen":"THE_AUTOMATON","items_purchased":["OrangePellets","bronze:MaxOutput","Mercury Hourglass","Bronze Scales","SteroidPotion","bronze:Repulsor"],"campfire_rested":1,"item_purchase_floors":[22,22,22,43,43,43],"current_hp_per_floor":[70,68,68,58,55,55,55,55,54,54,54,54,44,44,33,28,60,60,60,60,50,50,34,34,55,55,55,55,55,55,48,48,13,56,76,76,76,61,61,61,61,61,61,61,61,61,61,14,4,4],"gold":90,"neow_bonus":"ONE_RANDOM_RARE_CARD","is_daily":false,"chose_seed":false,"campfire_upgraded":4,"win_rate":0.0,"timestamp":1612564748,"path_taken":["R","M","?","M","M","R","T","R","E","M","R","M","E","?","M","BOSS","R","M","M","M","$","M","T","R","$","M","R","E","R","M","M","BOSS","R","?","M","M","?","R","T","?","$","R","$","?","R","M","M","BOSS"],"items_purchased_type":["Relic","Card","Relic","Relic","Potion","Card"],"build_version":"2020-12-22","purchased_purges":3,"victory":true,"max_hp_per_floor":[70,70,70,70,70,70,70,70,70,70,70,70,70,70,70,70,70,70,70,70,70,70,70,70,70,70,70,70,70,70,70,70,70,70,90,90,90,90,90,90,90,90,90,90,90,90,90,90,90,90],"card_choices":[{"not_picked":["bronze:DelayedSlice","bronze:Shield"],"picked":"bronze:OilSpill","floor":2},{"not_picked":["bronze:Philosophize","bronze:CutThrough"],"picked":"bronze:Constructor","floor":4},{"not_picked":["bronze:Deprecate","bronze:Separator"],"picked":"bronze:ChosenStrike","floor":5},{"not_picked":["bronze:Deprecate","bronze:Backtrace"],"picked":"bronze:Virus","floor":9},{"not_picked":["bronze:CloningBeam","bronze:Overload","bronze:Iterate"],"picked":"SKIP","floor":10},{"not_picked":["bronze:Turbo","bronze:BitShift","bronze:Iterate"],"picked":"SKIP","floor":12},{"not_picked":["bronze:Turbo","bronze:ForceShield"],"picked":"bronze:Flail","floor":13},{"not_picked":["bronze:Constructor","bronze:Overload"],"picked":"bronze:Terminator","floor":15},{"not_picked":["bronze:Hardcode","bronze:HyperBeam"],"picked":"bronze:SpaghettiCode","floor":16},{"not_picked":["bronze:Overheat","bronze:Backtrace","bronze:WhirlingStrike"],"picked":"SKIP","floor":19},{"not_picked":["bronze:Turbo+1","bronze:Overheat"],"picked":"bronze:Branch+1","floor":20},{"not_picked":["bronze:Repair","bronze:Deprecate"],"picked":"bronze:Frontload","floor":21},{"not_picked":["bronze:Invalidate","bronze:Flail+1","bronze:Frontload"],"picked":"SKIP","floor":22},{"not_picked":["bronze:MaxOutput+1","bronze:ForLoop+1"],"picked":"bronze:DigitalCarnage","floor":23},{"not_picked":["bronze:Virus","bronze:CutThrough+1","bronze:BugBarrage"],"picked":"SKIP","floor":26},{"not_picked":["bronze:Allocate","bronze:ForLoop","bronze:CutThrough"],"picked":"SKIP","floor":27},{"not_picked":["bronze:HyperBeam","bronze:FineTuning","bronze:Philosophize"],"picked":"SKIP","floor":29},{"not_picked":["bronze:HyperBeam","bronze:FineTuning"],"picked":"bronze:Philosophize","floor":29},{"not_picked":["bronze:Frontload+1","bronze:Iterate"],"picked":"bronze:OilSpill+1","floor":31},{"not_picked":["bronze:Repair","bronze:DigitalCarnage"],"picked":"bronze:OilSpill","floor":32},{"not_picked":["bronze:CutThrough+1","bronze:WhirlingStrike+1","bronze:Constructor"],"picked":"SKIP","floor":37},{"not_picked":["bronze:Overheat+1","bronze:Shield","bronze:Branch+1"],"picked":"SKIP","floor":38},{"not_picked":["bronze:BronzeArmor+1","bronze:DelayedGuard","bronze:Refactor"],"picked":"SKIP","floor":43},{"not_picked":["bronze:BronzeOrb","bronze:Deprecate","bronze:CloningBeam"],"picked":"SKIP","floor":48},{"not_picked":["bronze:Iterate+1","bronze:BuggyMess+1","bronze:Return"],"picked":"SKIP","floor":49}],"player_experience":11582327,"relics_obtained":[{"floor":7,"key":"Torii"},{"floor":9,"key":"MawBank"},{"floor":13,"key":"Shovel"},{"floor":18,"key":"bronze:SilverBullet"},{"floor":28,"key":"Calipers"},{"floor":29,"key":"Matryoshka"},{"floor":30,"key":"bronze:Timepiece"},{"floor":35,"key":"Pear"},{"floor":40,"key":"bronze:BronzeIdol"},{"floor":44,"key":"War Paint"},{"floor":47,"key":"Guardian:GemstoneGun"}],"event_choices":[{"cards_removed":["bronze:Strike"],"damage_healed":0,"gold_gain":0,"player_choice":"Removed Attack","damage_taken":0,"max_hp_gain":0,"max_hp_loss":0,"event_name":"Falling","floor":39,"gold_loss":0}],"is_beta":false,"boss_relics":[{"not_picked":["Tiny House","Astrolabe"],"picked":"Cursed Key"},{"not_picked":["bronze:ElectromagneticCoil","bronze:MakeshiftBattery"],"picked":"Snecko Eye"}],"items_purged_floors":[22,26,43],"is_endless":false,"potions_floor_spawned":[2,5,13,16,20,23,27,31,32,33,48,49],"ascension_level":5}}