{"host":"ufl0k2so27eic2iy","time":1612565643,"event":{"mods":["BaseMod","Downfall","Minty Spire (QoL Compilation)","StSLib","The Animator"],"gold_per_floor":[199,215,225,225,239,250,250,278,278,307,330,342,254,280,304,416,428,340,363,235,235,235,245,245,130,159,174,86,112,12,12,25,123,123,123,137,237,61,75,93,119,163,183,198,231,250,250,268,287,287,287,313,70,70,70,70],"floor_reached":57,"language":"ENG","playtime":4244,"items_purged":["champ:Strike","champ:Strike","champ:Strike"],"score":1481,"play_id":"90e4de82-1715-49b1-827e-2fce42d1799e","local_time":"20210205225403","is_ascension_mode":true,"campfire_choices":[{"data":"champ:Taunt","floor":1.0,"key":"SMITH"},{"data":"champ:Lariat","floor":9.0,"key":"SMITH"},{"floor":13.0,"key":"RECALL"},{"data":"champ:HeartStrike","floor":18,"key":"SMITH"},{"floor":30,"key":"REST"},{"data":"champ:StanceDance","floor":35,"key":"SMITH"},{"data":"champ:ShieldWall","floor":47,"key":"SMITH"},{"data":"champ:Defend","floor":54,"key":"SMITH"}],"circlet_count":0,"master_deck":["champ:Strike+1","champ:Defend","champ:Defend","champ:Defend","champ:Defend+1","champ:Execute","champ:Taunt+1","champ:FanOfKnives+1","champ:PreciseThrust","champ:Lariat+1","champ:StanceDance+1","champ:HeartStrike+1","champ:Lariat+1","champ:LastStand","champ:AdrenalArmor+1","champ:EnGarde+1","champ:EnchantSword+1","champ:Endure+1","champ:AdrenalArmor+1","champ:BerserkersShout+1","champ:BerserkersShout+1","champ:AdrenalArmor+1","champ:CalledShot+1","champ:AdrenalArmor+1","champ:EnchantCrown+1","champ:PreciseThrust+1","champ:Improvising","champ:Encircle+1","champ:ShieldWall+1","champ:RageSigil+1","champ:Endure+1","champ:FocusedBerserking+1","champ:IgnorePain+1","Secret Weapon+1"],"relics":["champ:ChampionCrown","hexamod:CandleOfCauterizing","Toxic Egg 2","MawBank","downfall:HeartBlessingGreen","Runic Pyramid","downfall:HeartBlessingRed","Whetstone","Matryoshka","downfall:HeartBlessingBlue","Coffee Dripper","hexamod:BolsterEngine","Centennial Puzzle","OrangePellets","Pocketwatch","bronze:BronzeIdol"],"acts_visited":["Exordium","TheCity","TheBeyond","TheEnding"],"potions_floor_usage":[50,55,56],"damage_taken":[{"damage":24.0,"enemies":"Jaw Worm","floor":2.0,"turns":3.0},{"damage":0.0,"enemies":"2 Louse","floor":3.0,"turns":2.0},{"damage":11.0,"enemies":"Cultist","floor":5.0,"turns":3.0},{"damage":23.0,"enemies":"3 Louse","floor":6.0,"turns":3.0},{"damage":65.0,"enemies":"Lagavulin","floor":8.0,"turns":6.0},{"damage":44.0,"enemies":"3 Sentries","floor":10.0,"turns":5.0},{"damage":40.0,"enemies":"Exordium Wildlife","floor":11.0,"turns":4.0},{"damage":21.0,"enemies":"Large Slime","floor":14.0,"turns":6.0},{"damage":25,"enemies":"3 Louse","floor":15,"turns":3},{"damage":87,"enemies":"DF_ARCHETYPE_STREAMLINE","floor":16,"turns":9},{"damage":36,"enemies":"Chosen","floor":19,"turns":5},{"damage":25,"enemies":"downfall:FleeingMerchant","floor":20,"turns":4},{"damage":36,"enemies":"Spheric Guardian","floor":23,"turns":5},{"damage":50,"enemies":"downfall:FleeingMerchant","floor":25,"turns":4},{"damage":87,"enemies":"Gremlin Leader","floor":26,"turns":6},{"damage":75,"enemies":"Centurion and Healer","floor":27,"turns":4},{"damage":78,"enemies":"downfall:FleeingMerchant","floor":28,"turns":4},{"damage":48,"enemies":"Slavers","floor":29,"turns":4},{"damage":80,"enemies":"Sentry and Sphere","floor":32,"turns":5},{"damage":121,"enemies":"SI_MIRROR_ARCHETYPE","floor":33,"turns":12},{"damage":95,"enemies":"3 Darklings","floor":36,"turns":5},{"damage":26,"enemies":"3 Darklings","floor":37,"turns":3},{"damage":66,"enemies":"downfall:FleeingMerchant","floor":38,"turns":4},{"damage":80,"enemies":"3 Shapes","floor":39,"turns":5},{"damage":75,"enemies":"3 Darklings","floor":40,"turns":3},{"damage":0,"enemies":"downfall:FleeingMerchant","floor":42,"turns":1},{"damage":48,"enemies":"Sphere and 2 Shapes","floor":43,"turns":5},{"damage":86,"enemies":"Writhing Mass","floor":44,"turns":6},{"damage":120,"enemies":"Giant Head","floor":45,"turns":5},{"damage":7,"enemies":"4 Shapes","floor":46,"turns":3},{"damage":40,"enemies":"3 Darklings","floor":48,"turns":3},{"damage":85,"enemies":"Writhing Mass","floor":49,"turns":5},{"damage":207,"enemies":"IC_BLOCK_ARCHETYPE","floor":50,"turns":9},{"damage":160,"enemies":"downfall:CharBossMerchant","floor":52,"turns":7},{"damage":349,"enemies":"downfall:NeowBoss","floor":55,"turns":15},{"damage":243,"enemies":"downfall:NeowBossFinal","floor":56,"turns":13}],"seed_played":"3949719941140089336","potions_obtained":[{"floor":6.0,"key":"DistilledChaos"},{"floor":8.0,"key":"BlessingOfTheForge"},{"floor":10.0,"key":"Slimebound:ThreeZeroPotion"},{"floor":11.0,"key":"FearPotion"},{"floor":16,"key":"Weak Potion"},{"floor":27,"key":"PowerPotion"}],"is_trial":false,"path_per_floor":["R","M","M","?","M","M","T","E","R","E","M","?","R","M","M","B",null,"R","M","$","?","?","M","T","$","E","M","$","E","R","?","M","B",null,"R","M","?","$","M","M","T","$","M","M","E","M","R","M","M","B",null,"E","$","R","B","B",null],"character_chosen":"THE_CHAMP","items_purchased":["champ:AdrenalArmor+1","champ:CalledShot+1","champ:Improvising","champ:ShieldWall","OrangePellets","Secret Weapon+1","AttackPotion"],"campfire_rested":1,"item_purchase_floors":[20,28,38,42,42,53,53],"current_hp_per_floor":[90,86,86,86,85,72,72,67,67,58,53,58,58,57,52,46,95,95,89,89,89,70,69,69,69,52,52,44,36,79,79,79,78,110,110,110,109,108,108,108,108,108,105,89,89,87,87,87,87,35,110,110,110,110,106,79],"gold":70,"neow_bonus":"HUNDRED_GOLD","is_daily":false,"chose_seed":false,"campfire_upgraded":6,"win_rate":0.0,"timestamp":1612565643,"path_taken":["R","M","M","?","M","M","T","E","R","E","M","?","R","?","M","BOSS","R","M","$","?","?","M","T","$","E","M","$","E","R","?","M","BOSS","R","M","?","$","?","M","T","$","M","M","E","M","R","M","M","BOSS","E","$","R","BOSS","BOSS"],"items_purchased_type":["Card","Card","Card","Card","Relic","Card","Potion"],"build_version":"2020-12-22","purchased_purges":3,"victory":true,"max_hp_per_floor":[90,90,90,90,90,90,90,90,90,90,90,95,95,95,95,95,95,95,95,95,95,100,100,100,100,100,100,100,100,110,110,110,110,110,110,110,110,110,110,110,110,110,110,110,110,110,110,110,110,110,110,110,110,110,110,110],"card_choices":[{"not_picked":["champ:BerserkersShout","champ:PreciseThrust"],"picked":"champ:FanOfKnives","floor":2.0},{"not_picked":["champ:FanOfKnives","champ:CrownThrow"],"picked":"champ:PreciseThrust","floor":3.0},{"not_picked":["champ:FancyFootwork","champ:FlashCut"],"picked":"champ:Lariat","floor":5.0},{"not_picked":["champ:SwordSigil","champ:ShieldSigil"],"picked":"champ:StanceDance","floor":6.0},{"not_picked":["champ:Backstep+1","champ:StanceDance+1"],"picked":"champ:HeartStrike","floor":8.0},{"not_picked":["champ:StanceDance+1","champ:PreemptiveStrike"],"picked":"champ:Lariat+1","floor":10.0},{"not_picked":["champ:BladeFlurry","champ:Lariat+1"],"picked":"champ:LastStand","floor":11.0},{"not_picked":["champ:PerfectedStrike","champ:FocusedDefense+1"],"picked":"champ:AdrenalArmor+1","floor":14.0},{"not_picked":["champ:FlashCut","champ:RecklessLeap"],"picked":"champ:EnGarde+1","floor":15},{"not_picked":["champ:ShieldThrow","champ:LastStand"],"picked":"champ:EnchantSword+1","floor":16},{"not_picked":["champ:ShieldWall","champ:DefensiveShout+1"],"picked":"champ:Endure+1","floor":19},{"not_picked":["champ:IronFortress","champ:ShieldSigil+1","champ:BladeFlurry+1"],"picked":"SKIP","floor":20},{"not_picked":["champ:GutPunch+1","champ:Shatter"],"picked":"champ:BerserkersShout+1","floor":23},{"not_picked":["champ:DefensiveShout+1","champ:FocusedDefense+1","champ:ShieldWall"],"picked":"SKIP","floor":25},{"not_picked":["champ:HeavySlash","champ:CrownThrow"],"picked":"champ:BerserkersShout+1","floor":26},{"not_picked":["champ:PreciseThrust","champ:CrownThrow"],"picked":"champ:AdrenalArmor+1","floor":27},{"not_picked":["champ:Haymaker","champ:ShieldSigil+1","champ:BerserkersShout+1"],"picked":"SKIP","floor":28},{"not_picked":["champ:Backstep+1","champ:BringItOn+1"],"picked":"champ:AdrenalArmor+1","floor":29},{"not_picked":["champ:HeartStrike","champ:AdrenalArmor+1","champ:Lariat+1"],"picked":"SKIP","floor":32},{"not_picked":["champ:HeavySlash","champ:HoldFirm+1"],"picked":"champ:EnchantCrown+1","floor":33},{"not_picked":["champ:CalledShot+1","champ:Lariat+1"],"picked":"champ:PreciseThrust+1","floor":36},{"not_picked":["champ:DefensiveShout+1","champ:Duel","champ:ArenaPreparation+1"],"picked":"SKIP","floor":38},{"not_picked":["champ:HeartStrike+1","champ:BerserkersShout+1","champ:DeathBlow"],"picked":"SKIP","floor":39},{"not_picked":["champ:Shatter","champ:TornadoPunch+1","champ:CrownThrow+1"],"picked":"SKIP","floor":40},{"not_picked":["champ:SkillfulDodge+1","champ:TornadoPunch"],"picked":"champ:Encircle+1","floor":42},{"not_picked":["champ:PerfectedStrike","champ:CrownThrow+1"],"picked":"champ:RageSigil+1","floor":43},{"not_picked":["champ:FanOfKnives","champ:FancyFootwork+1","champ:DeathBlow+1"],"picked":"SKIP","floor":44},{"not_picked":["champ:DefensiveShout+1","champ:GladiatorStyle+1"],"picked":"champ:Endure+1","floor":45},{"not_picked":["champ:AdrenalArmor+1","champ:CrookedStrike+1","champ:Haymaker"],"picked":"SKIP","floor":46},{"not_picked":["champ:AdrenalArmor+1","champ:DeathBlow+1"],"picked":"champ:FocusedBerserking+1","floor":48},{"not_picked":["champ:AdrenalArmor+1","champ:DefensiveShout+1","champ:PreciseThrust+1"],"picked":"SKIP","floor":49},{"not_picked":["champ:Lariat+1","champ:Circumvent+1"],"picked":"champ:IgnorePain+1","floor":52}],"player_experience":2794441,"relics_obtained":[{"floor":7.0,"key":"hexamod:CandleOfCauterizing"},{"floor":8.0,"key":"Toxic Egg 2"},{"floor":10.0,"key":"MawBank"},{"floor":26,"key":"Whetstone"},{"floor":29,"key":"Matryoshka"},{"floor":41,"key":"hexamod:BolsterEngine"},{"floor":41,"key":"Centennial Puzzle"},{"floor":45,"key":"Pocketwatch"},{"floor":52,"key":"bronze:BronzeIdol"}],"event_choices":[{"damage_healed":0.0,"max_hp_gain":5.0,"max_hp_loss":0.0,"gold_gain":0.0,"event_name":"Big Fish","player_choice":"Donut","floor":12.0,"gold_loss":0.0,"damage_taken":0.0},{"damage_healed":0,"gold_gain":0,"player_choice":"Ignored","damage_taken":0,"max_hp_gain":0,"max_hp_loss":0,"event_name":"Ghosts","floor":31,"gold_loss":0}],"is_beta":false,"boss_relics":[{"not_picked":["Empty Cage","Black Star"],"picked":"Runic Pyramid"},{"not_picked":["Astrolabe","Pandora\u0027s Box"],"picked":"Coffee Dripper"}],"items_purged_floors":[20,25,42],"is_endless":false,"potions_floor_spawned":[6,8,10,11,16,23,27,32,33,36,37,43,48,49],"ascension_level":4}}