{"host":"9slw7l0ws16384qq","time":1612550283,"event":{"mods":["A Penny For Your Troubles","BaseMod","Colored Map","Downfall","Evolution","Hubris","Minty Spire (QoL Compilation)","Replay The Spire","StS++","StSLib"],"gold_per_floor":[99,110,110,134,44,44,99,132,132,57,77,27,27,27,37,140,140,90,106,122,140,125,75,99,49,62,12,12,43,68,258,273,351,351,101,127,137,152,152,152,152,152,102,116,136,86,86,120,140,140,140,140],"floor_reached":50,"language":"FRA","playtime":2215,"items_purged":["Slimebound:Defend_Slimebound"],"score":711,"play_id":"0f3ca816-c89b-496f-86f9-d5ae25746134","local_time":"20210205193803","is_ascension_mode":true,"campfire_choices":[{"data":"Slimebound:CorrosiveSpit","floor":6.0,"key":"SMITH"},{"data":"Slimebound:Split","floor":9.0,"key":"SMITH"},{"data":"Slimebound:PressTheAttack","floor":12.0,"key":"SMITH"},{"data":"Slimebound:PressTheAttack","floor":18.0,"key":"SMITH"},{"data":"Slimebound:Schlurp","floor":23.0,"key":"SMITH"},{"data":"Slimebound:Defend_Slimebound","floor":25.0,"key":"SMITH"},{"data":"Slimebound:Defend_Slimebound","floor":27.0,"key":"SMITH"},{"data":"Slimebound:Schlurp","floor":35.0,"key":"SMITH"},{"floor":43.0,"key":"RECALL"},{"data":"Slimebound:Schlurp","floor":46.0,"key":"SMITH"}],"circlet_count":0,"master_deck":["Slimebound:PressTheAttack+1","Slimebound:PressTheAttack+1","Slimebound:PressTheAttack+1","Slimebound:Defend_Slimebound+1","Slimebound:Defend_Slimebound+1","Slimebound:CorrosiveSpit+1","Slimebound:Schlurp+1","Slimebound:Schlurp+1","Slimebound:Schlurp+1","Slimebound:Teamwork+1"],"relics":["Slimebound:AbsorbEndCombat","EVO:Axolotl","Whetstone","Centennial Puzzle","MealTicket","Slimebound:GreedOozeRelic","hubris:Towel","hubris:TerracottaHorce","CeramicFish","StSpp:WoodenPendulum","ClockworkSouvenir","Replay:Grab Bag","Cursed Key","Sozu","Empty Cage","downfall:HeartBlessingBlue","downfall:HeartBlessingGreen","Toy Ornithopter"],"acts_visited":["Exordium","TheCity","TheBeyond"],"potions_floor_usage":[50,50],"damage_taken":[{"damage":9.0,"enemies":"Jaw Worm","floor":2.0,"turns":4.0},{"damage":8.0,"enemies":"downfall:FleeingMerchant","floor":5.0,"turns":4.0},{"damage":32.0,"enemies":"3 Sentries","floor":8.0,"turns":4.0},{"damage":3.0,"enemies":"Cultist","floor":11.0,"turns":2.0},{"damage":0.0,"enemies":"Small Slimes","floor":15.0,"turns":2.0},{"damage":35.0,"enemies":"DF_ARCHETYPE_STREAMLINE","floor":16.0,"turns":5.0},{"damage":19.0,"enemies":"3 Byrds","floor":19.0,"turns":4.0},{"damage":3.0,"enemies":"Spheric Guardian","floor":20.0,"turns":3.0},{"damage":1.0,"enemies":"3 Cultists","floor":21.0,"turns":4.0},{"damage":7.0,"enemies":"downfall:FleeingMerchant","floor":22.0,"turns":4.0},{"damage":5.0,"enemies":"Cultist and Chosen","floor":26.0,"turns":3.0},{"damage":23.0,"enemies":"Slavers","floor":29.0,"turns":3.0},{"damage":13.0,"enemies":"Snake Plant","floor":30.0,"turns":2.0},{"damage":6.0,"enemies":"downfall:FleeingMerchant","floor":31.0,"turns":3.0},{"damage":0.0,"enemies":"Snecko","floor":32.0,"turns":3.0},{"damage":43.0,"enemies":"IC_MUSHROOM_ARCHETYPE","floor":33.0,"turns":6.0},{"damage":2.0,"enemies":"Orb Walker","floor":36.0,"turns":2.0},{"damage":0.0,"enemies":"3 Shapes","floor":37.0,"turns":2.0},{"damage":5.0,"enemies":"3 Darklings","floor":38.0,"turns":3.0},{"damage":13.0,"enemies":"4 Shapes","floor":44.0,"turns":4.0},{"damage":2.0,"enemies":"Spire Growth","floor":45.0,"turns":3.0},{"damage":4.0,"enemies":"R_Hoarder","floor":48.0,"turns":6.0},{"damage":0.0,"enemies":"3 Darklings","floor":49.0,"turns":3.0},{"damage":122,"enemies":"WA_ARCHETYPE_DIVINITY","floor":50,"turns":11}],"seed_played":"3938146690009464003","potions_obtained":[{"floor":8.0,"key":"DuplicationPotion"},{"floor":11.0,"key":"sneckomod:MuddlingPotion"},{"floor":15.0,"key":"bronze:BurnAndBuffPotion"},{"floor":19.0,"key":"Slimebound:SlimedPotion"},{"floor":29.0,"key":"PowerPotion"}],"is_trial":false,"path_per_floor":["R_BF","M","?","T","$","R","T","E","R","?","M","R","?","?","M","B",null,"R","M","M","M","$","R","T","R","M","R","?","E","M","$","M","B",null,"R_BF","M","M","M","?","?","T","?","R","M","M","R","$","E","M","B"],"character_chosen":"SLIMEBOUND","items_purchased":["ClockworkSouvenir"],"campfire_rested":0,"item_purchase_floors":[31],"current_hp_per_floor":[59,52,57,57,53,53,53,23,23,23,26,26,26,26,28,1,53,53,42,43,50,63,63,63,63,66,66,66,51,46,63,70,31,60,70,74,78,77,77,77,77,77,77,67,71,71,80,77,80,0,0,0],"gold":140,"neow_bonus":"RANDOM_COMMON_RELIC","is_daily":false,"chose_seed":false,"campfire_upgraded":9,"win_rate":0.0,"timestamp":1612550283,"path_taken":["R_BF","M","?","?","$","R","T","E","R","?","M","R","?","?","M","BOSS","R","M","M","M","$","R","T","R","M","R","?","E","M","$","M","BOSS","R_BF","M","M","M","?","?","T","?","R","M","M","R","$","E","M","BOSS"],"items_purchased_type":["Relic"],"build_version":"2020-12-22","purchased_purges":1,"victory":false,"max_hp_per_floor":[65,65,70,70,70,70,70,70,70,70,70,70,70,70,70,70,70,70,70,70,70,70,70,70,70,70,70,70,70,70,70,70,70,70,80,80,80,80,80,80,80,80,80,80,80,80,80,80,80,80,80,80],"card_choices":[{"not_picked":["Slimebound:RollThrough","Slimebound:TongueLash","Slimebound:SplitMire"],"picked":"SKIP","floor":2.0},{"not_picked":["Slimebound:Replication","Slimebound:SplitLeeching","Slimebound:HauntingLick"],"picked":"SKIP","floor":5.0},{"not_picked":["Slimebound:RollThrough","Slimebound:DisruptingSlam","Slimebound:HauntingLick"],"picked":"SKIP","floor":8.0},{"not_picked":["Slimebound:SlimeBrawl","Slimebound:Prepare","Slimebound:Dissolve"],"picked":"SKIP","floor":11.0},{"not_picked":["Slimebound:ViciousTackle","Slimebound:LeechingTouch","Slimebound:RainOfGoop"],"picked":"SKIP","floor":15.0},{"not_picked":["Slimebound:SlimeBrawl","Slimebound:Replication","Slimebound:Prepare"],"picked":"SKIP","floor":19.0},{"not_picked":["Slimebound:ServeAndProtect","Slimebound:GoopSpray"],"picked":"Slimebound:Schlurp","floor":20.0},{"not_picked":["Slimebound:LevelUp","Slimebound:DuplicatedForm","Slimebound:Recollect"],"picked":"SKIP","floor":21.0},{"not_picked":["Slimebound:Repurpose","Slimebound:RejuvenatingLick","Slimebound:GoopTackle"],"picked":"SKIP","floor":22.0},{"not_picked":["Slimebound:SplitAcid","Slimebound:SplitLeeching","Slimebound:FinishingTackle"],"picked":"SKIP","floor":26.0},{"not_picked":["Slimebound:SplitAcid","Slimebound:AcidTongue","Slimebound:DivideAndConquer"],"picked":"SKIP","floor":29.0},{"not_picked":["Slimebound:LeadByExample","Slimebound:SplitAcid","Slimebound:RallyTheTroops","Slimebound:SlimeBrawl"],"picked":"Slimebound:Schlurp","floor":30.0},{"not_picked":["Slimebound:Chomp","Slimebound:HauntingLick","Slimebound:SamplingLick","Slimebound:ProtectTheBoss"],"picked":"Slimebound:Schlurp","floor":31.0},{"not_picked":["Slimebound:PressTheAttack","Slimebound:Grow","Slimebound:Nibble","Slimebound:CheckThePlaybook","Slimebound:SplitBruiser"],"picked":"SKIP","floor":32.0},{"not_picked":["Slimebound:GoopSpray","Slimebound:ItLooksTasty","Slimebound:ViciousTackle","Slimebound:RollThrough"],"picked":"Slimebound:Teamwork","floor":36.0},{"not_picked":["Slimebound:SplitBruiser","Slimebound:FinishingTackle+1","Slimebound:SlimeBarrage","Slimebound:ComboTackle","Slimebound:RollThrough"],"picked":"SKIP","floor":37.0},{"not_picked":["Slimebound:HauntingLick","Slimebound:SplitLeeching+1","Slimebound:RainOfGoop+1","Slimebound:LeechingTouch","Slimebound:ComboTackle"],"picked":"SKIP","floor":38.0},{"not_picked":["Slimebound:SlimeSpikes","Slimebound:FormOfPuddle+1","Slimebound:GoopSpray","Slimebound:DisruptingSlam","Slimebound:LeechEnergy"],"picked":"SKIP","floor":44.0},{"not_picked":["Slimebound:TagTeam","Slimebound:GrowthPunch+1","Slimebound:SamplingLick+1","Slimebound:LivingWall","Slimebound:Repurpose+1"],"picked":"SKIP","floor":45.0},{"not_picked":["Slimebound:LeadByExample+1","Slimebound:Chomp","Slimebound:HauntingLick","Slimebound:SplitLeeching","Slimebound:Prepare+1"],"picked":"SKIP","floor":48.0},{"not_picked":["Slimebound:MegaLick+1","Slimebound:LeechEnergy+1","Slimebound:FinishingTackle","Slimebound:Recollect","Slimebound:ViciousTackle"],"picked":"SKIP","floor":49.0}],"player_experience":1625488,"relics_obtained":[{"floor":7.0,"key":"Centennial Puzzle"},{"floor":8.0,"key":"MealTicket"},{"floor":24.0,"key":"CeramicFish"},{"floor":29.0,"key":"StSpp:WoodenPendulum"},{"floor":48.0,"key":"Toy Ornithopter"}],"event_choices":[{"cards_removed":["Slimebound:Defend_Slimebound"],"damage_healed":0.0,"max_hp_gain":0.0,"max_hp_loss":0.0,"gold_gain":0.0,"event_name":"Living Wall","player_choice":"Forget","floor":1.0,"gold_loss":0.0,"damage_taken":0.0},{"damage_healed":0.0,"max_hp_gain":5.0,"max_hp_loss":0.0,"gold_gain":0.0,"event_name":"Big Fish","player_choice":"Donut","floor":3.0,"gold_loss":0.0,"damage_taken":0.0}],"is_beta":false,"boss_relics":[{"not_picked":["StSpp:FireArrow","Astrolabe"],"picked":"hubris:TerracottaHorce"},{"not_picked":["hubris:VirtuousBlindfold","Velvet Choker"],"picked":"Replay:Grab Bag"},{"not_picked":["ReplayTheSpireMod:Onyx Gauntlets","ReplayTheSpireMod:DimensionalGlitch"],"picked":"Cursed Key"},{"not_picked":["Busted Crown","Runic Dome"],"picked":"Sozu"},{"not_picked":["hubris:ScarierMask","StSpp:CrystalBall"],"picked":"Empty Cage"}],"items_purged_floors":[5],"is_endless":false,"potions_floor_spawned":[8,11,15,19,21,29,32,33,36,38,45],"killed_by":"WA_ARCHETYPE_DIVINITY","ascension_level":8}}