{"host":"93x13jgem5w43hjr","time":1612493537,"event":{"mods":["AchievementEnabler","BaseMod","Better Note","Colored Map","Colored Powertips","Downfall","Minty Spire (QoL Compilation)","Rare Cards Sparkle","StSLib"],"gold_per_floor":[99,99,99,99,99,128,181,15,33,208,208,236,247,257,276,378,378,278,295,306,306,341,341,341,341],"floor_reached":23,"language":"ENG","playtime":1285,"items_purged":["downfall:Malfunctioning"],"score":244,"play_id":"9644289d-fd1f-42b0-be60-1db9e5752f1e","local_time":"20210204195217","is_ascension_mode":true,"campfire_choices":[{"data":"Slimebound:Split","floor":1,"key":"SMITH"},{"data":"Slimebound:MassRepurpose","floor":18,"key":"SMITH"}],"circlet_count":0,"master_deck":["Slimebound:Strike_Slimebound","Slimebound:Strike_Slimebound+1","Slimebound:Strike_Slimebound+1","Slimebound:Tackle+1","Slimebound:Defend_Slimebound","Slimebound:Defend_Slimebound","Slimebound:Defend_Slimebound","Slimebound:Defend_Slimebound","Slimebound:Split+1","Slimebound:CorrosiveSpit","Slimebound:SplitAcid","Slimebound:PressTheAttack","Slimebound:LeadByExample","Slimebound:SplitBruiser","Slimebound:SlimeBrawl","Doubt","Slimebound:Prepare","Slimebound:ForwardTackle","Slimebound:DivideAndConquer","Slimebound:MassRepurpose+1","Slimebound:LeadByExample+1","Slimebound:Prepare","Slimebound:MinionMaster"],"relics":["Slimebound:AbsorbEndCombat","downfall:HeartsMalice","Letter Opener","Thread and Needle","Slimebound:ScrapOozeRelic","Tiny Chest","Black Star","downfall:HeartBlessingGreen","Red Mask"],"acts_visited":["Exordium","TheCity"],"potions_floor_usage":[12,19,20,22,22,23],"damage_taken":[{"damage":0,"enemies":"Jaw Worm","floor":2,"turns":1},{"damage":0,"enemies":"2 Louse","floor":3,"turns":1},{"damage":0,"enemies":"Lagavulin","floor":6,"turns":1},{"damage":1,"enemies":"downfall:FleeingMerchant","floor":8,"turns":4},{"damage":0,"enemies":"Small Slimes","floor":9,"turns":2},{"damage":12,"enemies":"Gremlin Nob","floor":12,"turns":3},{"damage":0,"enemies":"3 Louse","floor":13,"turns":2},{"damage":3,"enemies":"Blue Slaver","floor":14,"turns":3},{"damage":0,"enemies":"Exordium Wildlife","floor":15,"turns":2},{"damage":15,"enemies":"SI_SHIV_ARCHETYPE","floor":16,"turns":6},{"damage":17,"enemies":"3 Byrds","floor":19,"turns":4},{"damage":2,"enemies":"Centurion and Healer","floor":20,"turns":5},{"damage":63,"enemies":"Masked Bandits","floor":22,"turns":6},{"damage":4,"enemies":"Gremlin Leader","floor":23,"turns":1}],"seed_played":"-1607513673767478877","potions_obtained":[{"floor":6,"key":"PowerPotion"},{"floor":13,"key":"Swift Potion"},{"floor":14,"key":"Swift Potion"},{"floor":16,"key":"CultistPotion"},{"floor":19,"key":"Guardian:BlockOnCardUsePotion"},{"floor":22,"key":"AttackPotion"}],"is_trial":false,"path_per_floor":["R","M","M","?","?","E","T","$","M","?","?","E","M","M","M","B",null,"R","M","M","?","?","E"],"character_chosen":"SLIMEBOUND","items_purchased":["Slimebound:SlimeBrawl"],"campfire_rested":0,"item_purchase_floors":[8],"current_hp_per_floor":[65,65,65,65,65,65,65,65,65,65,65,55,55,56,56,49,65,65,48,48,65,4,0,0,0],"gold":341,"neow_bonus":"THREE_ENEMY_KILL","is_daily":false,"chose_seed":false,"campfire_upgraded":2,"win_rate":0.0,"timestamp":1612493537,"path_taken":["R","M","M","?","?","E","T","$","M","?","?","E","?","M","M","BOSS","R","M","M","?","?","E"],"items_purchased_type":["Card"],"build_version":"2020-12-22","purchased_purges":1,"victory":false,"max_hp_per_floor":[65,65,65,65,65,65,65,65,65,65,65,65,65,65,65,65,65,65,65,65,65,65,65,65,65],"card_choices":[{"not_picked":["Slimebound:Recollect","Slimebound:LevelUp"],"picked":"Slimebound:SplitAcid","floor":2},{"not_picked":["Slimebound:Chomp","Slimebound:RollThrough"],"picked":"Slimebound:PressTheAttack","floor":3},{"not_picked":["Slimebound:ComboTackle","Slimebound:Prepare"],"picked":"Slimebound:LeadByExample","floor":6},{"not_picked":["Slimebound:MassFeed","Slimebound:RollThrough"],"picked":"Slimebound:SplitBruiser","floor":8},{"not_picked":["Slimebound:BestDefense","Slimebound:RejuvenatingLick","Slimebound:Gluttony"],"picked":"SKIP","floor":9},{"not_picked":["Slimebound:Replication","Slimebound:LeechingTouch"],"picked":"Slimebound:Prepare","floor":12},{"not_picked":["Slimebound:ItLooksTasty","Slimebound:RainOfGoop"],"picked":"Slimebound:ForwardTackle","floor":13},{"not_picked":["Slimebound:SlimeTap","Slimebound:LeechingTouch"],"picked":"Slimebound:DivideAndConquer","floor":14},{"not_picked":["Slimebound:BestDefense","Slimebound:Nibble","Slimebound:TongueLash"],"picked":"SKIP","floor":15},{"not_picked":["Slimebound:DouseInSlime","Slimebound:PrepareCrush"],"picked":"Slimebound:MassRepurpose","floor":16},{"not_picked":["Slimebound:SlimeBrawl","Slimebound:RollThrough+1"],"picked":"Slimebound:LeadByExample+1","floor":19},{"not_picked":["Slimebound:GoopTackle+1","Slimebound:SpikyOuterGoop+1"],"picked":"Slimebound:Prepare","floor":20},{"not_picked":["Slimebound:ItLooksTasty","Slimebound:RainOfGoop"],"picked":"Slimebound:MinionMaster","floor":22}],"player_experience":177338,"relics_obtained":[{"floor":6,"key":"Thread and Needle"},{"floor":7,"key":"PreservedInsect"},{"floor":12,"key":"Tiny Chest"},{"floor":22,"key":"Red Mask"}],"event_choices":[{"damage_healed":21,"gold_gain":0,"player_choice":"Heal","damage_taken":0,"max_hp_gain":0,"max_hp_loss":0,"event_name":"The Library","floor":21,"gold_loss":0},{"damage_healed":0,"gold_gain":0,"player_choice":"Fought Bandits","damage_taken":0,"max_hp_gain":0,"max_hp_loss":0,"event_name":"Masked Bandits","floor":22,"gold_loss":0}],"is_beta":false,"boss_relics":[{"not_picked":["Runic Dome","Slimebound:AbsorbEndCombatUpgraded"],"picked":"Black Star"}],"items_purged_floors":[8],"is_endless":false,"potions_floor_spawned":[6,13,14,16,19,22],"killed_by":"Gremlin Leader","ascension_level":2}}