{"host":"vh33hu3wddwn6yt6","time":1612557977,"event":{"mods":["AchievementEnabler","Act Like it!","Aspiration","BaseMod","Better Altar","Better Match","Better Note","Better Sensory Stone","Better Skull","Better Third Choice","BetterRewards","Downfall","Hermit","Hubris","Infinite Spire","Minty Spire (QoL Compilation)","Permanent Neow","Replay The Spire","Shade Mod","Shop Mod","Spicy Shops","StSLib","SuperFastMode","The Blackbeard","The Necromancer","The Poker Player","The Runesmith","The Servant 0.9.4","TheBandit","Wandering Minibosses"],"gold_per_floor":[117,117,59,72,90,90,116,116,197,197,213,213,227,261,261,359,359,377,377,337,8,22,22,22,52,76,108,108,141,81,101,101,198,198,210,210,220,236,250,250,285,285,333,366,366,366,42,65,65,65],"floor_reached":51,"language":"DEU","playtime":1118,"items_purged":[],"score":937,"play_id":"7e0c28fd-66dd-49c6-8e2e-7264af37745c","local_time":"20210205214617","is_ascension_mode":true,"campfire_choices":[{"data":"Shade:AnimateDead","floor":6,"key":"SMITH"},{"data":"Shade:OpenGraves","floor":8,"key":"SMITH"},{"data":"Shade:LichForm","floor":12,"key":"SMITH"},{"data":"Shade:Carnophage","floor":15,"key":"SMITH"},{"data":"Shade:CarefulCut","floor":23,"key":"SMITH"},{"floor":28,"key":"REST"},{"data":"Shade:AuraOfUnlife","floor":32,"key":"SMITH"},{"data":"Shade:SpectralStrikes","floor":40,"key":"SMITH"},{"data":"Shade:AuraOfUnlife","floor":45,"key":"SMITH"},{"floor":49,"key":"REST"}],"circlet_count":0,"master_deck":["Shade:Strike_Shade","Shade:Strike_Shade","Shade:Strike_Shade","Shade:Strike_Shade","Shade:Defend_Shade","Shade:Defend_Shade","Shade:Defend_Shade","Shade:Defend_Shade","Shade:AnimateDead+1","Shade:CarefulCut+1","Shade:Carnophage+1","Shade:OpenGraves+1","Shade:LichForm+1","Shade:LichForm+1","hubris:Wrath","Shade:FleshToFlesh+1","Shade:AuraOfUnlife+1","Shade:Bite_Shade","Shade:Coordination","Shade:AuraOfUnlife+1","Shade:AuraOfUnlife+1","Shade:SpectralStrikes+1","hubris:Greed","Shade:Bonestorm"],"relics":["Shade:YorickPolishedSkull","Guardian:PocketSentry","infinitespire:Broken Mirror","hubris:BottledRain","hubris:Icosahedron","Cursed Key","MerchantsRug","hubris:MysteriousPyramids","Tiny Chest","Sling","WingedGreaves","Omamori","Toxic Egg 2","Pondfish Scales","ReplayTheSpireMod:CursedCoin","hubris:Potato","Iron Hammer","Bag of Preparation","infinitespire:Satchel","hubris:Towel","PreservedInsect","Replay:Bottled Snecko"],"acts_visited":["Exordium","TheCity","TheBeyond"],"potions_floor_usage":[16,16,16,18,18,18,25,27,33,41],"damage_taken":[{"damage":1,"enemies":"Small Slimes","floor":1,"turns":3},{"damage":0,"enemies":"Jaw Worm","floor":4,"turns":3},{"damage":0,"enemies":"2 Louse","floor":5,"turns":2},{"damage":10,"enemies":"Gremlin Nob","floor":7,"turns":4},{"damage":3,"enemies":"Gremlin Gang","floor":11,"turns":3},{"damage":0,"enemies":"2 Fungi Beasts","floor":13,"turns":3},{"damage":18,"enemies":"3 Sentries","floor":14,"turns":5},{"damage":0,"enemies":"The Guardian","floor":16,"turns":7},{"damage":2,"enemies":"2 Thieves","floor":18,"turns":3},{"damage":0,"enemies":"Spheric Guardian","floor":22,"turns":3},{"damage":18,"enemies":"Slavers","floor":25,"turns":4},{"damage":13,"enemies":"Book of Stabbing","floor":27,"turns":4},{"damage":0,"enemies":"Gremlin Leader","floor":29,"turns":4},{"damage":2,"enemies":"Cultist and Chosen","floor":31,"turns":4},{"damage":7,"enemies":"Collector","floor":33,"turns":8},{"damage":0,"enemies":"3 Shapes","floor":35,"turns":4},{"damage":0,"enemies":"3 Darklings","floor":37,"turns":3},{"damage":11,"enemies":"Writhing Mass","floor":38,"turns":4},{"damage":13,"enemies":"4 Shapes","floor":39,"turns":5},{"damage":1,"enemies":"Giant Head","floor":41,"turns":5},{"damage":0,"enemies":"R_Hoarder","floor":44,"turns":5},{"damage":18,"enemies":"3 Darklings","floor":48,"turns":4},{"damage":37,"enemies":"Donu and Deca","floor":50,"turns":5}],"seed_played":"4665234648648960819","potions_obtained":[{"floor":4,"key":"DuplicationPotion"},{"floor":7,"key":"EntropicBrew"},{"floor":11,"key":"Venom Potion"},{"floor":16,"key":"Energy Potion"},{"floor":22,"key":"EssenceOfSteel"},{"floor":25,"key":"PowerPotion"},{"floor":27,"key":"Energy Potion"},{"floor":33,"key":"SteroidPotion"},{"floor":39,"key":"sneckomod:MuddlingPotion"},{"floor":41,"key":"Ancient Potion"}],"is_trial":false,"path_per_floor":["M","?","$","M","M","R","E","R","T","?","M","R","M","E","R","B",null,"M","?","?","$","M","R","AVR","E","T","E","R","E","$","M","R","B",null,"M","$","M","M","M","R","E","?","T","E","R","?","$","M","R","B",null],"character_chosen":"SHADE","items_purchased":["Shade:Carnophage","MerchantsRug","hubris:MysteriousPyramids","Tiny Chest","ReplayTheSpireMod:CursedCoin","Shade:AuraOfUnlife","hubris:Potato","PreservedInsect","Replay:Bottled Snecko","Shade:Bonestorm"],"campfire_rested":2,"item_purchase_floors":[3,21,21,21,30,30,30,47,47,47],"current_hp_per_floor":[64,64,64,64,64,64,54,54,54,54,51,51,51,33,33,33,65,63,63,63,63,63,63,63,45,45,32,51,51,51,49,49,46,65,65,65,65,56,45,45,48,48,48,50,50,50,50,36,55,21],"gold":65,"neow_bonus":"RANDOM_COMMON_RELIC","is_daily":false,"chose_seed":false,"campfire_upgraded":8,"win_rate":0.0,"timestamp":1612557977,"path_taken":["M","?","$","M","M","R","E","R","T","?","M","R","M","E","R","BOSS","M","?","?","$","M","R","AVR","E","T","E","R","E","$","?","R","BOSS","M","$","M","M","M","R","E","?","T","E","R","?","$","M","R","BOSS"],"items_purchased_type":["Card","Relic","Relic","Relic","Relic","Card","Relic","Relic","Relic","Card"],"build_version":"2020-12-22","purchased_purges":0,"victory":true,"max_hp_per_floor":[65,65,65,65,65,65,65,65,65,65,65,65,65,65,65,65,65,65,65,65,65,65,65,65,65,65,65,65,65,65,65,65,65,65,65,65,65,65,65,65,65,65,65,65,65,65,65,65,65,65],"card_choices":[{"not_picked":["Shade:FuneraryArmor","Shade:AblativeArmor","Shade:CoffinDance"],"picked":"SKIP","floor":1},{"not_picked":["Shade:CoffinDance","Shade:FingerOfDeath","Shade:PoundOfFlesh"],"picked":"SKIP","floor":4},{"not_picked":["Shade:CommandSoldier","Shade:PoundOfFlesh","Shade:TouchOfTheGrave"],"picked":"SKIP","floor":5},{"not_picked":["Shade:FuneraryArmor","Shade:CoffinDance"],"picked":"Shade:OpenGraves","floor":7},{"not_picked":["Shade:FleshToFlesh","Shade:FreshBones"],"picked":"Shade:LichForm","floor":11},{"not_picked":["Shade:CommandSoldier","Shade:SkeletonHug","Shade:Premonition"],"picked":"SKIP","floor":13},{"not_picked":["Shade:Frenzy","Shade:ScuttlingHand","Shade:AncientSpear"],"picked":"SKIP","floor":14},{"not_picked":["Shade:GreaterAnimation","Shade:Coordination"],"picked":"Shade:LichForm","floor":16},{"not_picked":["Shade:WallOfFlesh","Shade:SkeletonHug","Shade:ExtraLimbs"],"picked":"SKIP","floor":18},{"not_picked":["Shade:Trample","Shade:FingerOfDeath","Shade:FuneraryArmor+1"],"picked":"SKIP","floor":22},{"not_picked":["Shade:SkeletonHug","Shade:SanguineRitual","Shade:CloudOfShrapnel"],"picked":"SKIP","floor":25},{"not_picked":["Shade:Trample","Shade:StitchTogether"],"picked":"Shade:FleshToFlesh+1","floor":27},{"not_picked":["Shade:SpontaneousRitual+1","Shade:PoundOfFlesh+1","Shade:WallOfFlesh+1"],"picked":"SKIP","floor":29},{"not_picked":["Shade:Excise+1","Shade:OneIsEnough"],"picked":"Shade:Bite_Shade","floor":31},{"not_picked":["Shade:LoseControl+1","Shade:Consume"],"picked":"Shade:Coordination","floor":33},{"not_picked":["Shade:FleshToFlesh+1","Shade:Frenzy+1"],"picked":"Shade:AuraOfUnlife+1","floor":35},{"not_picked":["Shade:FingerOfDeath+1","Shade:GraveStillness+1"],"picked":"Shade:AuraOfUnlife","floor":37},{"not_picked":["Shade:FuneraryArmor+1","Shade:ClawBack+1"],"picked":"Shade:SpectralStrikes","floor":38},{"not_picked":["Shade:Trample","Shade:SkeletonArmy+1","Shade:ClawBack"],"picked":"SKIP","floor":39},{"not_picked":["Shade:DarkOfNight+1","Shade:GreyBargain+1","Shade:WallOfFlesh+1"],"picked":"SKIP","floor":41},{"not_picked":["Shade:FingerOfDeath+1","Shade:FeralStrike","Shade:CommandSoldier+1"],"picked":"SKIP","floor":44},{"not_picked":["Shade:GraveStillness+1","Shade:OfferingToTheBeyond","Shade:Trample"],"picked":"SKIP","floor":48}],"player_experience":664209,"relics_obtained":[{"floor":2,"key":"infinitespire:Broken Mirror"},{"floor":7,"key":"hubris:BottledRain"},{"floor":9,"key":"hubris:CrystalStatue"},{"floor":14,"key":"hubris:ToyBattleship"},{"floor":25,"key":"WingedGreaves"},{"floor":26,"key":"Omamori"},{"floor":27,"key":"Toxic Egg 2"},{"floor":29,"key":"Pondfish Scales"},{"floor":41,"key":"Iron Hammer"},{"floor":43,"key":"Bag of Preparation"},{"floor":44,"key":"infinitespire:Satchel"}],"event_choices":[{"damage_healed":0,"gold_gain":0,"player_choice":"Ignored","damage_taken":0,"max_hp_gain":0,"max_hp_loss":0,"event_name":"betterNote:BetterNote","floor":19,"gold_loss":0,"cards_obtained":["Defend_S"]},{"damage_healed":0,"gold_gain":0,"player_choice":"Upgrade","damage_taken":0,"max_hp_gain":0,"max_hp_loss":0,"event_name":"Designer","floor":20,"gold_loss":40,"cards_upgraded":["Shade:LichForm"]}],"is_beta":false,"boss_relics":[{"not_picked":["ReplayTheSpireMod:SealedPack","hubris:HollowSoul"],"picked":"Cursed Key"},{"not_picked":["Calling Bell","ChewingGum"],"picked":"Shade:YorickPolishedSkull"}],"items_purged_floors":[],"is_endless":false,"potions_floor_spawned":[4,7,11,16,22,25,27,33,39,41],"ascension_level":1}}