{"host":"5mo0809oo9tcrmpl","time":1612491923,"event":{"mods":["BaseMod","Highlight Path","Minty Spire (QoL Compilation)","Relic Stats","Slay the Relics Exporter"],"gold_per_floor":[110,122,133,150,162,195,208,208,208,208,241,241,241,241,241,316,316,336,170,85,101,113,113,132,132,159,191,191,221,236,250,250,327,327,340,365,380,380,28,28,43,70,70,70,70,70,86,101,101,101,101],"floor_reached":50,"language":"ENG","playtime":2771,"items_purged":["Strike_R"],"score":1073,"play_id":"6300486f-837f-4363-9cc4-9c6612131ae8","local_time":"20210204202523","is_ascension_mode":true,"campfire_choices":[{"data":"Rupture","floor":8.0,"key":"SMITH"},{"floor":10.0,"key":"REST"},{"data":"1","floor":13.0,"key":"LIFT"},{"floor":15.0,"key":"REST"},{"data":"Perfected Strike","floor":23.0,"key":"SMITH"},{"floor":25.0,"key":"REST"},{"floor":32.0,"key":"REST"},{"data":"Perfected Strike","floor":40.0,"key":"SMITH"},{"floor":44.0,"key":"RECALL"},{"data":"2","floor":45.0,"key":"LIFT"},{"data":"3","floor":46.0,"key":"LIFT"},{"data":"Perfected Strike","floor":49.0,"key":"SMITH"}],"circlet_count":0,"master_deck":["AscendersBane","Strike_R","Strike_R","Defend_R","Defend_R","Defend_R","Defend_R","Bash","Perfected Strike+1","Shrug It Off","Rampage","Combust","Rupture+1","Armaments+1","Reaper","Rupture","Bloodletting","Metallicize","Perfected Strike","Twin Strike","Pommel Strike","Perfected Strike+1","Perfected Strike+1","Disarm+1","Reaper","Perfected Strike"],"relics":["Burning Blood","White Beast Statue","Girya","Regal Pillow","Velvet Choker","Dream Catcher","Torii","PreservedInsect","Du-Vu Doll","Potion Belt","Busted Crown","WingedGreaves","Ornamental Fan","Red Skull"],"acts_visited":["Exordium","TheCity","TheBeyond"],"potions_floor_usage":[50,50,50],"damage_taken":[{"damage":6.0,"enemies":"Cultist","floor":1.0,"turns":4.0},{"damage":6.0,"enemies":"2 Louse","floor":2.0,"turns":2.0},{"damage":4.0,"enemies":"Jaw Worm","floor":3.0,"turns":3.0},{"damage":30.0,"enemies":"Exordium Thugs","floor":4.0,"turns":5.0},{"damage":9.0,"enemies":"3 Louse","floor":5.0,"turns":5.0},{"damage":44.0,"enemies":"Lagavulin","floor":6.0,"turns":8.0},{"damage":7.0,"enemies":"Red Slaver","floor":7.0,"turns":4.0},{"damage":24.0,"enemies":"3 Sentries","floor":11.0,"turns":5.0},{"damage":21.0,"enemies":"Slime Boss","floor":16.0,"turns":5.0},{"damage":37.0,"enemies":"2 Thieves","floor":18.0,"turns":4.0},{"damage":35.0,"enemies":"Chosen","floor":21.0,"turns":5.0},{"damage":32.0,"enemies":"Centurion and Healer","floor":22.0,"turns":6.0},{"damage":27.0,"enemies":"3 Cultists","floor":24.0,"turns":5.0},{"damage":48.0,"enemies":"Book of Stabbing","floor":27.0,"turns":5.0},{"damage":32.0,"enemies":"Slavers","floor":29.0,"turns":3.0},{"damage":3.0,"enemies":"Snake Plant","floor":30.0,"turns":2.0},{"damage":33.0,"enemies":"Sentry and Sphere","floor":31.0,"turns":4.0},{"damage":52.0,"enemies":"Champ","floor":33.0,"turns":9.0},{"damage":60.0,"enemies":"3 Darklings","floor":35.0,"turns":8.0},{"damage":22.0,"enemies":"Mind Bloom Boss Battle","floor":36.0,"turns":12.0},{"damage":11.0,"enemies":"Orb Walker","floor":37.0,"turns":3.0},{"damage":34.0,"enemies":"Spire Growth","floor":41.0,"turns":5.0},{"damage":70.0,"enemies":"Reptomancer","floor":42.0,"turns":7.0},{"damage":32.0,"enemies":"Sphere and 2 Shapes","floor":47.0,"turns":7.0},{"damage":13.0,"enemies":"3 Darklings","floor":48.0,"turns":5.0},{"damage":77,"enemies":"Donu and Deca","floor":50,"turns":4}],"seed_played":"-195054491388435350","potions_obtained":[{"floor":1.0,"key":"BlessingOfTheForge"},{"floor":4.0,"key":"FairyPotion"},{"floor":5.0,"key":"PowerPotion"},{"floor":7.0,"key":"DistilledChaos"},{"floor":11.0,"key":"LiquidMemories"},{"floor":16.0,"key":"PowerPotion"},{"floor":18.0,"key":"LiquidMemories"},{"floor":22.0,"key":"Block Potion"},{"floor":24.0,"key":"LiquidMemories"},{"floor":27.0,"key":"Swift Potion"},{"floor":29.0,"key":"SneckoOil"},{"floor":30.0,"key":"BloodPotion"},{"floor":31.0,"key":"FairyPotion"},{"floor":33.0,"key":"EntropicBrew"},{"floor":35.0,"key":"Block Potion"},{"floor":36.0,"key":"DistilledChaos"},{"floor":41.0,"key":"SmokeBomb"},{"floor":42.0,"key":"Block Potion"},{"floor":47.0,"key":"Fire Potion"},{"floor":48.0,"key":"Swift Potion"}],"is_trial":false,"path_per_floor":["M","M","M","M","M","E","M","R","T","R","E","?","R","?","R","B",null,"M","$","?","M","M","R","M","R","T","E","?","E","M","M","R","B",null,"M","?","M","?","$","R","M","E","T","R","R","R","M","M","R","B"],"character_chosen":"IRONCLAD","items_purchased":["Dream Catcher","Ornamental Fan"],"campfire_rested":4,"item_purchase_floors":[19,39],"current_hp_per_floor":[75,75,77,53,50,12,11,11,11,35,17,17,17,10,49,34,70,57,57,57,28,28,28,28,67,67,25,25,20,23,19,58,12,65,38,79,74,74,74,74,56,51,51,51,51,51,47,73,73,0,0],"gold":101,"neow_bonus":"TEN_PERCENT_HP_BONUS","is_daily":false,"chose_seed":false,"campfire_upgraded":4,"win_rate":0.0,"timestamp":1612491923,"path_taken":["M","?","M","M","M","E","M","R","T","R","E","?","R","?","R","BOSS","M","$","?","M","M","R","M","R","T","E","?","E","?","M","R","BOSS","M","?","M","?","$","R","M","E","T","R","R","R","M","?","R","BOSS"],"items_purchased_type":["Relic","Relic"],"build_version":"2020-12-22","purchased_purges":1,"victory":false,"max_hp_per_floor":[82,82,82,82,82,82,82,82,82,82,82,82,82,82,82,82,82,82,82,82,82,82,82,82,82,82,82,82,82,82,82,82,82,82,82,82,82,82,82,82,82,82,82,82,82,82,82,82,82,82,82],"relic_stats":{"Regal Pillow":45,"Dream Catcher":2,"Busted Crown":14,"Torii":37,"counters":[26,135],"Ornamental Fan":[28],"PreservedInsect":145,"obtain_stats":[{"Potion Belt":29,"Girya":9,"Regal Pillow":11,"Torii":20,"Velvet Choker":17,"PreservedInsect":26,"Burning Blood":0,"White Beast Statue":6,"Du-Vu Doll":27,"Dream Catcher":19,"Busted Crown":34,"Ornamental Fan":39,"WingedGreaves":36,"Red Skull":42},{"Potion Belt":15,"Girya":7,"Regal Pillow":8,"Torii":10,"Velvet Choker":9,"PreservedInsect":13,"Burning Blood":0,"White Beast Statue":6,"Du-Vu Doll":14,"Dream Catcher":10,"Busted Crown":18,"Ornamental Fan":21,"WingedGreaves":20,"Red Skull":23},{"Potion Belt":69,"Girya":31,"Regal Pillow":36,"Torii":45,"Velvet Choker":41,"PreservedInsect":61,"Burning Blood":0,"White Beast Statue":27,"Du-Vu Doll":66,"Dream Catcher":45,"Busted Crown":84,"Ornamental Fan":107,"WingedGreaves":104,"Red Skull":119}],"Burning Blood":150},"card_choices":[{"not_picked":["Seeing Red","Anger"],"picked":"Perfected Strike","floor":1.0},{"not_picked":["Shockwave","Entrench"],"picked":"Shrug It Off","floor":2.0},{"not_picked":["Havoc","Evolve"],"picked":"Rampage","floor":3.0},{"not_picked":["Body Slam","Warcry","Dark Embrace"],"picked":"SKIP","floor":4.0},{"not_picked":["Power Through","Clothesline"],"picked":"Combust","floor":5.0},{"not_picked":["Sword Boomerang","Spot Weakness"],"picked":"Rupture","floor":6.0},{"not_picked":["Flex","Clash"],"picked":"Armaments","floor":7.0},{"not_picked":["Sentinel","Havoc","Flex"],"picked":"SKIP","floor":11.0},{"not_picked":["Offering","Feed"],"picked":"Reaper","floor":16.0},{"not_picked":["Warcry","Wild Strike"],"picked":"Rupture","floor":18.0},{"not_picked":["Dropkick","Spot Weakness"],"picked":"Bloodletting","floor":21.0},{"not_picked":["Wild Strike","Heavy Blade"],"picked":"Metallicize","floor":22.0},{"not_picked":["Wild Strike","Fire Breathing"],"picked":"Perfected Strike","floor":24.0},{"not_picked":["Pommel Strike","Flex"],"picked":"Twin Strike","floor":25.0},{"not_picked":["Dark Embrace","Power Through"],"picked":"Pommel Strike","floor":27.0},{"not_picked":["Clothesline","Uppercut"],"picked":"Perfected Strike","floor":29.0},{"not_picked":["Thunderclap","Combust","Clothesline"],"picked":"SKIP","floor":30.0},{"not_picked":["Headbutt+1","Rampage"],"picked":"Perfected Strike","floor":31.0},{"not_picked":["Shockwave","Reckless Charge"],"picked":"Disarm+1","floor":32.0},{"not_picked":["Demon Form","Barricade"],"picked":"Reaper","floor":33.0},{"not_picked":["Body Slam+1"],"picked":"SKIP","floor":35.0},{"not_picked":["Second Wind+1"],"picked":"SKIP","floor":37.0},{"not_picked":["Armaments"],"picked":"SKIP","floor":41.0},{"not_picked":["Intimidate"],"picked":"SKIP","floor":42.0},{"not_picked":["Headbutt"],"picked":"SKIP","floor":47.0},{"not_picked":[],"picked":"Perfected Strike","floor":48.0}],"player_experience":1246938,"relics_obtained":[{"floor":6.0,"key":"White Beast Statue"},{"floor":9.0,"key":"Girya"},{"floor":11.0,"key":"Regal Pillow"},{"floor":26.0,"key":"PreservedInsect"},{"floor":27.0,"key":"Du-Vu Doll"},{"floor":29.0,"key":"Potion Belt"},{"floor":36.0,"key":"WingedGreaves"},{"floor":42.0,"key":"Red Skull"}],"event_choices":[{"damage_healed":0.0,"max_hp_gain":0.0,"max_hp_loss":0.0,"gold_gain":0.0,"event_name":"Living Wall","player_choice":"Grow","floor":12.0,"gold_loss":0.0,"damage_taken":0.0,"cards_upgraded":["Armaments"]},{"cards_removed":["Strike_R"],"damage_healed":0.0,"max_hp_gain":0.0,"max_hp_loss":0.0,"gold_gain":0.0,"event_name":"Golden Wing","player_choice":"Card Removal","floor":14.0,"gold_loss":0.0,"damage_taken":7.0},{"damage_healed":0.0,"max_hp_gain":0.0,"max_hp_loss":0.0,"gold_gain":0.0,"event_name":"Addict","player_choice":"Obtained Relic","floor":20.0,"gold_loss":85.0,"damage_taken":0.0,"relics_obtained":["Torii"]},{"cards_removed":["Strike_R"],"damage_healed":0.0,"max_hp_gain":0.0,"max_hp_loss":0.0,"gold_gain":0.0,"event_name":"Bonfire Elementals","player_choice":"Offered Basic","floor":28.0,"gold_loss":0.0,"damage_taken":0.0},{"damage_healed":0.0,"max_hp_gain":0.0,"max_hp_loss":0.0,"gold_gain":0.0,"event_name":"MindBloom","player_choice":"Fight","floor":36.0,"gold_loss":0.0,"damage_taken":0.0},{"damage_healed":0.0,"max_hp_gain":0.0,"max_hp_loss":0.0,"gold_gain":0.0,"event_name":"Match and Keep!","player_choice":"0 cards matched","floor":38.0,"gold_loss":0.0,"damage_taken":0.0,"cards_obtained":[]}],"is_beta":false,"boss_relics":[{"not_picked":["Runic Cube","Ectoplasm"],"picked":"Velvet Choker"},{"not_picked":["Sozu","Mark of Pain"],"picked":"Busted Crown"}],"items_purged_floors":[39],"is_endless":false,"potions_floor_spawned":[1,4,5,7,11,16,18,21,22,24,27,29,30,31,33,35,36,37,41,42,47,48],"killed_by":"Donu and Deca","ascension_level":20}}