{"host":"qxeepl7ydvsgmfdb","time":1612507422,"event":{"mods":["AchievementEnabler","BaseMod","Colored Powertips","Minty Spire (QoL Compilation)","Quick Restart","slay the spire mod where everything is the same but ironclad has a cowboy hat"],"gold_per_floor":[117,63,75,87,87,118,41,52,79,79,92,107,124,150,150,150,150],"floor_reached":16,"language":"ENG","playtime":558,"items_purged":[],"score":177,"play_id":"f25d63e4-25fa-4d6c-a7d9-b154c2dce28c","local_time":"20210205014342","is_ascension_mode":true,"campfire_choices":[{"floor":15,"key":"REST"}],"circlet_count":0,"master_deck":["AscendersBane","Strike_G","Strike_G+1","Strike_G","Strike_G","Strike_G","Defend_G","Defend_G","Defend_G","Defend_G+1","Defend_G","Survivor+1","Neutralize","Deadly Poison","Blade Dance+1","Deflect","Poisoned Stab","Noxious Fumes","Distraction","Neutralize","Dagger Spray","Die Die Die","PiercingWail"],"relics":["Ring of the Snake","NeowsBlessing","MealTicket","War Paint","Juzu Bracelet"],"acts_visited":["Exordium"],"potions_floor_usage":[6,14,14],"damage_taken":[{"damage":0,"enemies":"Cultist","floor":1,"turns":1},{"damage":0,"enemies":"2 Louse","floor":3,"turns":1},{"damage":0,"enemies":"Small Slimes","floor":4,"turns":1},{"damage":21,"enemies":"Lagavulin","floor":6,"turns":5},{"damage":6,"enemies":"Gremlin Gang","floor":8,"turns":5},{"damage":0,"enemies":"Red Slaver","floor":11,"turns":4},{"damage":15,"enemies":"2 Fungi Beasts","floor":12,"turns":3},{"damage":4,"enemies":"Exordium Thugs","floor":13,"turns":4},{"damage":13,"enemies":"Gremlin Nob","floor":14,"turns":4},{"damage":26,"enemies":"Slime Boss","floor":16,"turns":7}],"seed_played":"3064168516198351330","potions_obtained":[{"floor":3,"key":"Swift Potion"},{"floor":4,"key":"DuplicationPotion"},{"floor":11,"key":"CultistPotion"}],"is_trial":false,"path_per_floor":["M","$","M","M","?","E","$","M","T","?","M","M","M","E","R","B"],"character_chosen":"THE_SILENT","items_purchased":["Blade Dance","Noxious Fumes"],"campfire_rested":1,"item_purchase_floors":[2,7],"current_hp_per_floor":[63,63,63,63,49,28,43,37,37,37,37,22,18,5,26,0,0],"gold":150,"neow_bonus":"THREE_ENEMY_KILL","is_daily":false,"chose_seed":false,"campfire_upgraded":0,"win_rate":0.0,"timestamp":1612507422,"path_taken":["M","$","?","?","?","E","$","M","T","?","?","?","M","E","R","BOSS"],"items_purchased_type":["Card","Card"],"build_version":"2020-12-22","purchased_purges":0,"victory":false,"max_hp_per_floor":[70,70,70,70,70,70,70,70,70,70,70,70,70,70,70,70,70],"card_choices":[{"not_picked":["Accuracy","Dodge and Roll"],"picked":"Deadly Poison","floor":1},{"not_picked":["Heel Hook","Flechettes"],"picked":"Deflect","floor":3},{"not_picked":["Prepared","Masterful Stab"],"picked":"Poisoned Stab","floor":4},{"not_picked":["Tools of the Trade","Doppelganger","Underhanded Strike"],"picked":"SKIP","floor":6},{"not_picked":["Reflex","Caltrops"],"picked":"Distraction","floor":8},{"not_picked":["Prepared","Riddle With Holes","Tactician"],"picked":"SKIP","floor":11},{"not_picked":["Flying Knee","Sucker Punch"],"picked":"Dagger Spray","floor":12},{"not_picked":["Dodge and Roll","Flechettes"],"picked":"Die Die Die","floor":13},{"not_picked":["Flying Knee","Escape Plan"],"picked":"PiercingWail","floor":14}],"player_experience":170568,"relics_obtained":[{"floor":6,"key":"MealTicket"},{"floor":9,"key":"War Paint"},{"floor":14,"key":"Juzu Bracelet"}],"event_choices":[{"damage_healed":0,"gold_gain":0,"player_choice":"Entered Light","damage_taken":14,"max_hp_gain":0,"max_hp_loss":0,"event_name":"Shining Light","floor":5,"gold_loss":0,"cards_upgraded":["Strike_G","Blade Dance"]},{"damage_healed":0,"gold_gain":0,"player_choice":"1 cards matched","damage_taken":0,"max_hp_gain":0,"max_hp_loss":0,"event_name":"Match and Keep!","floor":10,"gold_loss":0,"cards_obtained":["Neutralize"]}],"is_beta":false,"boss_relics":[],"items_purged_floors":[],"is_endless":false,"potions_floor_spawned":[3,4,11,12,13],"killed_by":"Slime Boss","ascension_level":11}}