{"host":"uhnh33uh34qot0et","time":1612489317,"event":{"mods":["BaseMod","Colored Map","Downfall","Hermit","Marisa????????","Minty Spire (QoL Compilation)","StSLib","The Bug Knight","The Cursed","The Servant 0.9.4"],"gold_per_floor":[99,111,125,42,56,83,83,83,83,103,103,117,117,136,148,245,245,245,330,350,102,102,102,102,136,36,55,55,55,55,65,85,85,85],"floor_reached":33,"language":"ENG","playtime":1359,"items_purged":[],"score":292,"play_id":"b5d8b1f0-ee42-42f7-a28f-46f2112b9ef2","local_time":"20210205024157","is_ascension_mode":false,"campfire_choices":[{"data":"KidneyShot","floor":1,"key":"SMITH"},{"floor":11,"key":"REST"},{"floor":13,"key":"REST"},{"data":"PendulumOfEternity","floor":18,"key":"SMITH"},{"data":"TimeWarp","floor":23,"key":"SMITH"},{"floor":26,"key":"REST"},{"floor":28,"key":"REST"},{"floor":30,"key":"REST"}],"circlet_count":0,"master_deck":["Strike_S","Strike_S","Strike_S","Strike_S","Defend_S","Defend_S","Defend_S","Defend_S","KidneyShot+1","Exchange","ShatteredReality","Rearm","SoulSculpture","BestPractice","ShatteredReality","Unruled","Potential","Potential","TimeWarp+1","SpecialFormula","PendulumOfEternity+1","Spin+1","TimeWarp","GearUp","MoonPhase+1","expansioncontent:YouAreMine","Revamp","TimeWarp+1","ShatteredReality+1","Potential+1","Ricochet+1","Sabotage+1","ShatteredReality+1"],"relics":["Uniform","Pantograph","Matryoshka","downfall:BrokenWingStatue","SacredBark","Ancient Tea Set","Molten Egg 2","Dream Catcher","downfall:HeartBlessingGreen","Blood Vial"],"acts_visited":["Exordium","TheCity"],"potions_floor_usage":[16,16,25,27,27,33],"damage_taken":[{"damage":1,"enemies":"Cultist","floor":2,"turns":4},{"damage":0,"enemies":"2 Louse","floor":3,"turns":2},{"damage":0,"enemies":"downfall:FleeingMerchant","floor":4,"turns":4},{"damage":8,"enemies":"Jaw Worm","floor":5,"turns":3},{"damage":38,"enemies":"Lagavulin","floor":6,"turns":7},{"damage":11,"enemies":"Large Slime","floor":10,"turns":5},{"damage":11,"enemies":"Blue Slaver","floor":12,"turns":4},{"damage":14,"enemies":"3 Louse","floor":14,"turns":2},{"damage":2,"enemies":"2 Fungi Beasts","floor":15,"turns":3},{"damage":36,"enemies":"IC_STATUS_ARCHETYPE","floor":16,"turns":9},{"damage":7,"enemies":"Spheric Guardian","floor":20,"turns":3},{"damage":0,"enemies":"downfall:FleeingMerchant","floor":21,"turns":4},{"damage":50,"enemies":"Book of Stabbing","floor":25,"turns":7},{"damage":20,"enemies":"Shelled Parasite and Fungi","floor":27,"turns":5},{"damage":35,"enemies":"Snake Plant","floor":31,"turns":5},{"damage":0,"enemies":"Snecko","floor":32,"turns":4},{"damage":54,"enemies":"WA_ARCHETYPE_CALM","floor":33,"turns":5}],"seed_played":"-7576525658538288663","potions_obtained":[{"floor":3,"key":"DistilledChaos"},{"floor":12,"key":"Regen Potion"},{"floor":16,"key":"Block Potion"},{"floor":25,"key":"EntropicBrew"},{"floor":31,"key":"ColorlessPotion"},{"floor":32,"key":"SneckoOil"}],"is_trial":false,"path_per_floor":["R","M","M","$","M","E","T","?","?","M","R","M","R","M","M","B",null,"R","?","M","$","?","R","T","E","R","M","R","T","R","M","M","B"],"character_chosen":"THE_SERVANT","items_purchased":["BestPractice","GearUp","MoonPhase","expansioncontent:YouAreMine"],"campfire_rested":5,"item_purchase_floors":[4,21,21,21],"current_hp_per_floor":[71,70,70,70,62,24,24,24,24,13,34,23,44,30,28,37,71,71,61,54,54,54,54,54,9,30,15,36,36,57,24,26,0,0],"gold":85,"neow_bonus":"TEN_PERCENT_HP_BONUS","is_daily":false,"chose_seed":false,"campfire_upgraded":3,"win_rate":0.0,"timestamp":1612489317,"path_taken":["R","M","M","$","M","E","T","?","?","M","R","?","R","M","M","BOSS","R","?","M","$","?","R","T","E","R","?","R","?","R","M","M","BOSS"],"items_purchased_type":["Card","Card","Card","Card"],"build_version":"2020-12-22","purchased_purges":0,"victory":false,"max_hp_per_floor":[71,71,71,71,71,71,71,71,71,71,71,71,71,71,71,71,71,71,71,71,71,71,71,71,71,71,71,71,71,71,71,71,71,71],"card_choices":[{"not_picked":["TimeWarp","Spin"],"picked":"ShatteredReality","floor":2},{"not_picked":["Advance","FanOfKnives"],"picked":"Rearm","floor":3},{"not_picked":["Replace","Shuttle"],"picked":"SoulSculpture","floor":4},{"not_picked":["StarChef","SpecialFormula"],"picked":"ShatteredReality","floor":5},{"not_picked":["DoubleEdge","TimeWarp"],"picked":"Unruled","floor":6},{"not_picked":["FastForward","Hightail"],"picked":"Potential","floor":10},{"not_picked":["TheWorld","BottledTime"],"picked":"Potential","floor":12},{"not_picked":["Reset","GearUp"],"picked":"TimeWarp","floor":14},{"not_picked":["Read","FastForward"],"picked":"SpecialFormula","floor":15},{"not_picked":["Initiator","Duplication"],"picked":"PendulumOfEternity","floor":16},{"not_picked":["Revamp","ShiftingGears"],"picked":"Spin+1","floor":20},{"not_picked":["Moonlight","PendulumOfEternity"],"picked":"TimeWarp","floor":21},{"not_picked":["Shuttle","Replace"],"picked":"Revamp","floor":25},{"not_picked":["Replace","Shuttle+1"],"picked":"TimeWarp+1","floor":26},{"not_picked":["WasteNot+1","Barrier"],"picked":"ShatteredReality+1","floor":27},{"not_picked":["Barrier","Read"],"picked":"Potential+1","floor":28},{"not_picked":["Starlight+1","InstantArmor"],"picked":"Ricochet+1","floor":30},{"not_picked":["Alleviate","TimeWarp+1"],"picked":"Sabotage+1","floor":31},{"not_picked":["Rearm","Alleviate"],"picked":"ShatteredReality+1","floor":32}],"player_experience":8599,"relics_obtained":[{"floor":6,"key":"Pantograph"},{"floor":7,"key":"Matryoshka"},{"floor":24,"key":"Ancient Tea Set"},{"floor":24,"key":"Molten Egg 2"},{"floor":25,"key":"Dream Catcher"},{"floor":29,"key":"Blood Vial"}],"event_choices":[],"is_beta":false,"boss_relics":[{"not_picked":["bronze:MakeshiftBattery","Coffee Dripper"],"picked":"SacredBark"}],"items_purged_floors":[],"is_endless":false,"potions_floor_spawned":[3,12,16,25,31,32],"killed_by":"WA_ARCHETYPE_CALM","ascension_level":0}}