{"host":"favrcuc0pmi4z15q","time":1612560427,"event":{"mods":["Act Like it!","BaseMod","Bestiary","Colored Powertips","Minty Spire (QoL Compilation)","Reliquary","Replay The Spire","Shop Mod","StSLib","The Animator","The Jungle"],"gold_per_floor":[124,49,49,60,75,116,116,150,197,209,209,209,209,209,209,306,406,416,436,536,622,497,497,526,526,550,588,612,639,683,707,719,731,731],"floor_reached":33,"language":"ENG","playtime":2879,"items_purged":["animator:Strike"],"score":541,"play_id":"7cd1293a-d700-4dce-9212-15764f71e23b","local_time":"20210205222707","is_ascension_mode":true,"campfire_choices":[{"floor":7,"key":"REST"},{"floor":12,"key":"REST"},{"data":"animator:Millim","floor":15,"key":"SMITH"},{"data":"animator:Hibiki","floor":23,"key":"SMITH"},{"floor":25,"key":"REST"}],"circlet_count":0,"master_deck":["AscendersBane","animator:Strike_Katanagatari","animator:Defend_Katanagatari","animator:Strike+1","animator:Defend+1","animator:Azekura","animator:Emonzaemon","animator:Viivi","animator:Chung","animator:UneriGinkaku","animator:ChaikaBohdan","animator:Kaijin","animator:Millim+4","animator:Shiro","AbeCurse","animator:Kaijin","animator:Benimaru","animator:KrulTepes","animator:Shuna","animator:Hibiki+1","animator:Shimakaze","animator:Zero","animator:Darkness","animator:Shinoa","animator:IzunaHatsuse","animator:Mitsuba"],"relics":["animator:LivingPicture","animator:TheMissingPiece","animator:PurgingStone","NeowsBlessing","reliquary:RoseTintedGlasses","Red Skull","Boot","Replay:Bottled Flurry","Abe\u0027s Treasure","Replay:Wanted Poster","MerchantsRug","ReplayTheSpireMod:ShopPack","reliquary:PrincelyHelmet","MawBank","Blood Vial","reliquary:SilkGlove","Blood Vial","reliquary:HotPoker"],"acts_visited":["Exordium","Exordium"],"potions_floor_usage":[8,19,24,24,33,33],"damage_taken":[{"damage":0,"enemies":"Small Slimes","floor":1,"turns":2},{"damage":0,"enemies":"Cultist","floor":4,"turns":1},{"damage":0,"enemies":"2 Louse","floor":5,"turns":1},{"damage":36,"enemies":"Lagavulin","floor":6,"turns":11},{"damage":29,"enemies":"3 Sentries","floor":8,"turns":8},{"damage":4,"enemies":"Lots of Slimes","floor":10,"turns":3},{"damage":14,"enemies":"The Guardian","floor":16,"turns":9},{"damage":12,"enemies":"Shell Parasite","floor":18,"turns":6},{"damage":4,"enemies":"theJungle:MUSHROOMGANG","floor":19,"turns":5},{"damage":29,"enemies":"theJungle:2_Phrogs","floor":24,"turns":5},{"damage":0,"enemies":"theJungle:MamaSnecko","floor":27,"turns":5},{"damage":0,"enemies":"theJungle:Lyon","floor":28,"turns":4},{"damage":1,"enemies":"theJungle:SlimyTreeVines","floor":29,"turns":4},{"damage":13,"enemies":"theJungle:2_Phrogs","floor":30,"turns":5},{"damage":0,"enemies":"Snake Plant","floor":31,"turns":2},{"damage":68,"enemies":"theJungle:TotemBoss","floor":33,"turns":8}],"seed_played":"6771959512789487965","potions_obtained":[{"floor":1,"key":"DistilledChaos"},{"floor":4,"key":"Energy Potion"},{"floor":16,"key":"Languid Potion"},{"floor":19,"key":"Energy Potion"},{"floor":27,"key":"Block Potion"},{"floor":28,"key":"animator:FalseLifePotion"}],"is_trial":false,"path_per_floor":["M","$","?","M","M","E","R","E","T","M","?","R","?","?","R","B",null,"M","M","?","$","$","R","E","R","T","E","M","M","E","M","R","B"],"character_chosen":"THE_ANIMATOR","items_purchased":["MerchantsRug","ReplayTheSpireMod:ShopPack"],"campfire_rested":3,"item_purchase_floors":[21,22],"current_hp_per_floor":[59,59,59,59,59,23,42,14,14,10,10,30,30,30,30,16,54,42,38,38,38,38,38,9,29,29,29,31,37,26,30,50,0,0],"gold":731,"neow_bonus":"THREE_ENEMY_KILL","is_daily":false,"chose_seed":false,"campfire_upgraded":2,"win_rate":0.0,"timestamp":1612560427,"path_taken":["M","$","?","?","M","E","R","E","T","M","?","R","?","?","R","BOSS","M","?","?","?","$","R","E","R","T","E","M","M","E","M","R","BOSS"],"items_purchased_type":["Relic","Relic"],"build_version":"2020-12-22","purchased_purges":1,"victory":false,"max_hp_per_floor":[66,66,66,66,66,66,66,67,67,67,67,67,67,67,67,67,67,67,67,67,67,67,67,67,67,67,67,67,67,67,67,67,67,67],"card_choices":[{"not_picked":["animator:Vesta","animator:Souei"],"picked":"animator:Viivi","floor":1},{"not_picked":["animator:Gillette","animator:DolaRiku"],"picked":"animator:Chung","floor":4},{"not_picked":["animator:Azekura","animator:Vesta","animator:Evileye"],"picked":"SKIP","floor":5},{"not_picked":["animator:Azekura","animator:Emonzaemon"],"picked":"animator:UneriGinkaku","floor":6},{"not_picked":["animator:Mitsurugi","animator:Gillette"],"picked":"animator:ChaikaBohdan","floor":8},{"not_picked":["animator:FielNirvalen","animator:Jibril"],"picked":"animator:Kaijin","floor":10},{"not_picked":["animator:Wiz","animator:Envy"],"picked":"animator:Shiro","floor":16},{"not_picked":["animator:Raven","animator:Ciel+1"],"picked":"animator:KrulTepes","floor":18},{"not_picked":["animator:Shion","animator:Millim"],"picked":"animator:Shuna","floor":19},{"not_picked":["animator:Emilia","animator:KotoriKanbe"],"picked":"animator:Hibiki","floor":22},{"not_picked":["animator:MisakiNakahara","animator:Hibiki"],"picked":"animator:Shimakaze","floor":22},{"not_picked":["animator:Kuroyukihime","animator:MamizouFutatsuiwa"],"picked":"animator:Zero","floor":22},{"not_picked":["animator:Hakurou","animator:Yoichi"],"picked":"animator:Darkness","floor":24},{"not_picked":["animator:Ciel","animator:ChaikaBohdan"],"picked":"animator:Shinoa","floor":27},{"not_picked":["animator:ZankiKiguchi","animator:Megumin"],"picked":"animator:IzunaHatsuse","floor":28},{"not_picked":["animator:HiiragiShinya","animator:Yoichi"],"picked":"animator:Mitsuba","floor":29},{"not_picked":["animator:AcuraTooru","animator:Darkness"],"picked":"animator:Millim","floor":30},{"not_picked":["animator:Ain","animator:Guy","animator:HiiragiShinya"],"picked":"SKIP","floor":31}],"player_experience":1201263,"relics_obtained":[{"floor":6,"key":"reliquary:RoseTintedGlasses"},{"floor":8,"key":"Red Skull"},{"floor":9,"key":"Boot"},{"floor":24,"key":"reliquary:PrincelyHelmet"},{"floor":26,"key":"MawBank"},{"floor":27,"key":"Blood Vial"},{"floor":27,"key":"reliquary:SilkGlove"},{"floor":30,"key":"Blood Vial"},{"floor":30,"key":"reliquary:HotPoker"}],"event_choices":[{"damage_healed":0,"gold_gain":0,"player_choice":"Cursed","damage_taken":0,"max_hp_gain":0,"max_hp_loss":0,"event_name":"Wheel of Change","floor":3,"gold_loss":0,"cards_obtained":["Decay"]},{"damage_healed":0,"gold_gain":0,"player_choice":"Ignored","damage_taken":0,"max_hp_gain":0,"max_hp_loss":0,"event_name":"Golden Idol","floor":11,"gold_loss":0},{"damage_healed":0,"gold_gain":0,"player_choice":"Searched \u00271\u0027 times","damage_taken":0,"relics_obtained":["Replay:Bottled Flurry"],"max_hp_gain":0,"max_hp_loss":0,"event_name":"Dead Adventurer","floor":13,"gold_loss":0},{"damage_healed":0,"gold_gain":0,"cards_transformed":["animator:Defend"],"player_choice":"Transformed","damage_taken":0,"max_hp_gain":0,"max_hp_loss":0,"event_name":"Transmorgrifier","floor":14,"gold_loss":0,"cards_obtained":["animator:Millim"]},{"damage_healed":0,"gold_gain":100,"player_choice":"Pray","damage_taken":0,"max_hp_gain":0,"max_hp_loss":0,"event_name":"Golden Shrine","floor":20,"gold_loss":0}],"is_beta":false,"boss_relics":[{"not_picked":["Velvet Choker","reliquary:KinkedSpring"],"picked":"Replay:Grab Bag"},{"not_picked":["ReplayTheSpireMod:DimensionalGlitch","ChewingGum"],"picked":"Abe\u0027s Treasure"},{"not_picked":["reliquary:WritOfMandamus","Ectoplasm"],"picked":"Replay:Wanted Poster"},{"not_picked":["Ring of Chaos","SacredBark"],"picked":"animator:RacePiece"}],"items_purged_floors":[2],"is_endless":false,"potions_floor_spawned":[1,4,16,19,27,28,30],"killed_by":"theJungle:TotemBoss","ascension_level":12}}