{"host":"am0cr9xwekqmrere","time":1612540482,"event":{"mods":["AchievementEnabler","Act Like it!","BaseMod","Better Altar","Better Match","Better Note","Better Sensory Stone","Better Skull","Better Third Choice","BetterRewards","Conspire","Downfall","Hubris","Infinite Spire","Minty Spire (QoL Compilation)","Rare Cards Sparkle","Spicy Shops","StSLib","Unceasing Turn Reminder"],"gold_per_floor":[99,110,110,210,24,474,474,474,474,494,505,529,551,577,607,716,728,740,771,883,895,745,9,9,22,22,46,46,62,62,62,62,62],"floor_reached":31,"language":"ENG","playtime":1210,"items_purged":["downfall:Icky"],"score":273,"play_id":"9142e9aa-b3b8-47ab-b3a4-e1b58ce9fe2f","local_time":"20210205095442","is_ascension_mode":false,"campfire_choices":[{"data":"champ:Taunt","floor":1.0,"key":"SMITH"},{"data":"expansioncontent:QuickStudy","floor":8,"key":"SMITH"},{"data":"champ:Improvising","floor":18,"key":"SMITH"},{"data":"champ:StrikeOfGenius","floor":26,"key":"SMITH"},{"data":"champ:StanceDance","floor":28,"key":"SMITH"},{"data":"champ:Execute","floor":30,"key":"SMITH"}],"circlet_count":0,"master_deck":["champ:Strike","champ:Strike","champ:Strike","champ:Defend","champ:Defend","champ:Defend","champ:Defend","champ:Execute+1","champ:Taunt+1","champ:Shatter","champ:FlashCut","champ:StanceDance+1","expansioncontent:QuickStudy+1","downfall:Icky","downfall:Icky","champ:FocusedBerserking","champ:StrikeOfGenius+1","champ:FocusedDefense","champ:BringItOn","champ:HoldFirm","champ:Improvising+1","champ:BerserkersShout","champ:DefensiveStyle","expansioncontent:QuickStudy+1","champ:SwordSigil","champ:PerfectedStrike+1"],"relics":["Guardian:BottledAnomaly","hubris:CrackedHourglass","betterThird:SlimedRelic","Bronze Scales","infinitespire:Chaos","Busted Crown","Chemical X","hubris:Potato"],"acts_visited":["Exordium","TheCity"],"potions_floor_usage":[16],"damage_taken":[{"damage":31.0,"enemies":"Jaw Worm","floor":2.0,"turns":5.0},{"damage":57.0,"enemies":"Jaw Worm","floor":4.0,"turns":5.0},{"damage":20.0,"enemies":"downfall:FleeingMerchant","floor":5.0,"turns":4.0},{"damage":20,"enemies":"2 Louse","floor":10,"turns":2},{"damage":0,"enemies":"Small Slimes","floor":11,"turns":1},{"damage":30,"enemies":"Red Slaver","floor":13,"turns":4},{"damage":16,"enemies":"2 Fungi Beasts","floor":14,"turns":4},{"damage":29,"enemies":"Exordium Wildlife","floor":15,"turns":5},{"damage":36,"enemies":"SI_SHIV_ARCHETYPE","floor":16,"turns":9},{"damage":14,"enemies":"conspire:FuzzyDice","floor":19,"turns":5},{"damage":20,"enemies":"downfall:FleeingMerchant","floor":23,"turns":4},{"damage":3,"enemies":"Centurion and Healer","floor":25,"turns":5},{"damage":0,"enemies":"Chosen and Byrds","floor":29,"turns":4},{"damage":1,"enemies":"downfall:FleeingMerchant","floor":31,"turns":1}],"seed_played":"-2840260197614905820","potions_obtained":[{"floor":4.0,"key":"Ancient Potion"},{"floor":11,"key":"Ancient Potion"},{"floor":13,"key":"Weak Potion"},{"floor":16,"key":"LiquidMemories"}],"is_trial":false,"path_per_floor":["R","M","?","?","$","?","T","R","?","M","M","T","M","M","M","B",null,"R","M","?","AVR","?","$","T","M","R","T","R","M","R","$"],"character_chosen":"THE_CHAMP","items_purchased":["expansioncontent:QuickStudy","champ:DefensiveStyle","expansioncontent:QuickStudy+1","Chemical X"],"campfire_rested":0,"item_purchase_floors":[5,23,23,23],"current_hp_per_floor":[99,93,93,56,56,56,56,56,56,46,46,46,31,40,36,35,99,99,95,95,95,109,99,99,106,106,106,106,109,109,0,0,0],"gold":62,"neow_bonus":"TEN_PERCENT_HP_BONUS","is_daily":false,"chose_seed":false,"campfire_upgraded":6,"win_rate":0.0,"timestamp":1612540482,"path_taken":["R","M","?","?","$","?","T","R","?","M","M","?","M","M","M","BOSS","R","M","?","AVR","?","?","T","M","R","?","R","?","R","$"],"items_purchased_type":["Card","Card","Card","Relic"],"build_version":"2020-12-22","purchased_purges":1,"victory":false,"max_hp_per_floor":[99,99,99,99,99,99,99,99,99,99,99,99,99,99,99,99,99,99,99,99,99,109,109,109,109,109,109,109,109,109,109,109,109],"card_choices":[{"not_picked":["champ:TornadoPunch","champ:EnragedBash"],"picked":"champ:Shatter","floor":2.0},{"not_picked":["champ:ShieldSigil","champ:EnGarde"],"picked":"champ:FlashCut","floor":4.0},{"not_picked":["champ:ViciousMockery","champ:Encircle"],"picked":"champ:StanceDance","floor":5},{"not_picked":["champ:FocusedDefense","champ:CrownThrow"],"picked":"champ:FocusedBerserking","floor":10},{"not_picked":["champ:Shatter","champ:Parry"],"picked":"champ:StrikeOfGenius","floor":11},{"not_picked":["champ:Circumvent","champ:PreemptiveStrike"],"picked":"champ:FocusedDefense","floor":13},{"not_picked":["champ:PerfectedStrike","champ:PreemptiveStrike"],"picked":"champ:BringItOn","floor":14},{"not_picked":["champ:Shatter","champ:GladiatorStyle"],"picked":"champ:HoldFirm","floor":15},{"not_picked":["champ:VampiricStrike","champ:SteelEdge"],"picked":"champ:Improvising","floor":16},{"not_picked":["champ:Shatter","champ:FlashCut","champ:GutPunch"],"picked":"SKIP","floor":19},{"not_picked":[],"picked":"champ:BerserkersShout","floor":23},{"not_picked":[],"picked":"champ:SwordSigil","floor":25},{"not_picked":[],"picked":"champ:PerfectedStrike+1","floor":29}],"player_experience":2721083,"relics_obtained":[{"floor":4.0,"key":"Champion Belt"},{"floor":7,"key":"infinitespire:Bottled Soul"},{"floor":12,"key":"MawBank"},{"floor":24,"key":"hubris:Potato"}],"event_choices":[{"damage_healed":0.0,"max_hp_gain":0.0,"max_hp_loss":0.0,"gold_gain":0.0,"event_name":"conspire:LoneGhost","player_choice":"Disagree","floor":3.0,"gold_loss":0.0,"damage_taken":0.0}],"is_beta":false,"boss_relics":[{"not_picked":["Philosopher\u0027s Stone","conspire:RunicOctahedron","hubris:CrackedHourglass"]}],"items_purged_floors":[21],"is_endless":false,"potions_floor_spawned":[4,11,13,14,16,25,29],"killed_by":"downfall:FleeingMerchant","ascension_level":0}}