{"host":"gfxjwtol062e9znw","time":1612533245,"event":{"mods":["BaseMod","Colored Map","Minty Spire (QoL Compilation)","Rare Cards Sparkle"],"gold_per_floor":[109,109,7,7,18,45,45,59,85,115,143,108,108,125,125,221,221,233,249,268,279,289,289,302,302,328,328,163,181,193,203,203,304,304,315,315,335,335,335],"floor_reached":38,"language":"ENG","playtime":1538,"items_purged":[],"score":602,"play_id":"1f826a14-7197-4563-ab15-f864704cda1a","local_time":"20210206005405","is_ascension_mode":true,"campfire_choices":[{"data":"Blade Dance","floor":7,"key":"SMITH"},{"data":"Neutralize","floor":13,"key":"SMITH"},{"data":"Cloak And Dagger","floor":15,"key":"SMITH"},{"floor":23,"key":"REST"},{"floor":25,"key":"REST"},{"data":"Accuracy","floor":27,"key":"SMITH"},{"floor":32,"key":"REST"}],"circlet_count":0,"master_deck":["Strike_G","Strike_G","Strike_G","Defend_G","Defend_G","Defend_G","Survivor","Neutralize+1","Cloak And Dagger+1","Blade Dance+1","Predator","Backflip","Dagger Spray","Blade Dance","Flying Knee","Wraith Form v2","Blur+1","Malaise+1","Poisoned Stab+1","Endless Agony","Prepared","Accuracy+1","Calculated Gamble","Crippling Poison","Leg Sweep","Finisher","Catalyst","Backstab+1","PiercingWail+1","Envenom"],"relics":["Ring of the Snake","NeowsBlessing","Toy Ornithopter","Bronze Scales","Happy Flower","Astrolabe","Tiny Chest","WristBlade"],"acts_visited":["Exordium","TheCity","TheBeyond"],"potions_floor_usage":[11,11,16,20,21,24,29,30,33,33,33,35],"damage_taken":[{"damage":0,"enemies":"2 Louse","floor":1,"turns":1},{"damage":0,"enemies":"Jaw Worm","floor":5,"turns":1},{"damage":0,"enemies":"3 Sentries","floor":6,"turns":1},{"damage":6,"enemies":"Small Slimes","floor":8,"turns":3},{"damage":17,"enemies":"Lagavulin","floor":11,"turns":6},{"damage":5,"enemies":"2 Fungi Beasts","floor":14,"turns":3},{"damage":35,"enemies":"Hexaghost","floor":16,"turns":8},{"damage":0,"enemies":"Chosen","floor":18,"turns":4},{"damage":2,"enemies":"3 Byrds","floor":19,"turns":4},{"damage":28,"enemies":"Cultist and Chosen","floor":20,"turns":8},{"damage":3,"enemies":"Snake Plant","floor":21,"turns":3},{"damage":7,"enemies":"Snecko","floor":22,"turns":4},{"damage":23,"enemies":"Centurion and Healer","floor":24,"turns":5},{"damage":26,"enemies":"Shelled Parasite and Fungi","floor":29,"turns":6},{"damage":6,"enemies":"Snake Plant","floor":30,"turns":4},{"damage":18,"enemies":"Sentry and Sphere","floor":31,"turns":5},{"damage":53,"enemies":"Collector","floor":33,"turns":7},{"damage":14,"enemies":"3 Darklings","floor":35,"turns":4},{"damage":13,"enemies":"3 Shapes","floor":37,"turns":3},{"damage":36,"enemies":"Maw","floor":38,"turns":5}],"seed_played":"423584052467876380","potions_obtained":[{"floor":8,"key":"Poison Potion"},{"floor":11,"key":"SteroidPotion"},{"floor":14,"key":"SkillPotion"},{"floor":16,"key":"Weak Potion"},{"floor":19,"key":"Dexterity Potion"},{"floor":22,"key":"SneckoOil"},{"floor":24,"key":"Explosive Potion"},{"floor":29,"key":"Explosive Potion"},{"floor":30,"key":"FearPotion"},{"floor":33,"key":"SpeedPotion"}],"is_trial":false,"path_per_floor":["M","?","$","?","M","E","R","M","T","?","E","?","R","M","R","B",null,"M","M","M","M","M","R","M","R","T","R","$","M","M","M","R","B",null,"M","?","M","M"],"character_chosen":"THE_SILENT","items_purchased":["Blade Dance","AttackPotion","Crippling Poison","Leg Sweep","Fire Potion"],"campfire_rested":3,"item_purchase_floors":[3,3,28,28,28],"current_hp_per_floor":[63,68,68,61,61,61,61,55,55,55,48,66,66,61,61,31,64,64,62,39,41,34,56,38,60,60,60,60,39,38,20,42,4,57,48,48,35,0,0],"gold":335,"neow_bonus":"THREE_ENEMY_KILL","is_daily":false,"chose_seed":false,"campfire_upgraded":4,"win_rate":0.0,"timestamp":1612533245,"path_taken":["M","?","$","?","M","E","R","M","T","?","E","?","R","?","R","BOSS","M","M","?","M","M","R","M","R","T","R","$","M","M","M","R","BOSS","M","?","M","M"],"items_purchased_type":["Card","Potion","Card","Card","Potion"],"build_version":"2020-12-22","purchased_purges":0,"victory":false,"max_hp_per_floor":[70,75,75,75,75,75,75,75,75,75,75,75,75,75,75,75,75,75,75,75,75,75,75,75,75,75,75,75,75,75,75,75,75,75,75,75,75,75,75],"card_choices":[{"not_picked":["Flechettes","Caltrops"],"picked":"Cloak And Dagger","floor":1},{"not_picked":["Eviscerate","Finisher"],"picked":"Predator","floor":5},{"not_picked":["Underhanded Strike","Slice"],"picked":"Backflip","floor":6},{"not_picked":["Backflip","Dagger Throw"],"picked":"Dagger Spray","floor":8},{"not_picked":["Heel Hook","Caltrops"],"picked":"Blade Dance","floor":11},{"not_picked":["Eviscerate","After Image"],"picked":"Flying Knee","floor":14},{"not_picked":["Venomology","Storm of Steel"],"picked":"Wraith Form v2","floor":16},{"not_picked":["Quick Slash","Bane"],"picked":"Endless Agony","floor":18},{"not_picked":["Infinite Blades","Backflip"],"picked":"Prepared","floor":19},{"not_picked":["Acrobatics+1","Dagger Spray"],"picked":"Accuracy","floor":20},{"not_picked":["Night Terror","Flying Knee","Eviscerate+1"],"picked":"SKIP","floor":21},{"not_picked":["Dash","Poisoned Stab"],"picked":"Noxious Fumes+1","floor":22},{"not_picked":["Dagger Spray","Skewer"],"picked":"Calculated Gamble","floor":24},{"not_picked":["Masterful Stab","Well Laid Plans"],"picked":"Finisher","floor":29},{"not_picked":["Slice","Bouncing Flask"],"picked":"Catalyst","floor":30},{"not_picked":["Prepared","Outmaneuver"],"picked":"Backstab+1","floor":31},{"not_picked":["Infinite Blades+1","Dagger Spray"],"picked":"PiercingWail+1","floor":35},{"not_picked":["Blade Dance","Outmaneuver+1","Bane"],"picked":"SKIP","floor":37}],"player_experience":97552,"relics_obtained":[{"floor":6,"key":"Toy Ornithopter"},{"floor":9,"key":"Bronze Scales"},{"floor":11,"key":"Happy Flower"},{"floor":26,"key":"Tiny Chest"}],"event_choices":[{"damage_healed":0,"gold_gain":0,"player_choice":"Donut","damage_taken":0,"max_hp_gain":5,"max_hp_loss":0,"event_name":"Big Fish","floor":2,"gold_loss":0},{"cards_removed":["Strike_G"],"damage_healed":0,"gold_gain":0,"player_choice":"Card Removal","damage_taken":7,"max_hp_gain":0,"max_hp_loss":0,"event_name":"Golden Wing","floor":4,"gold_loss":0},{"damage_healed":0,"gold_gain":30,"player_choice":"Searched \u00271\u0027 times","damage_taken":0,"max_hp_gain":0,"max_hp_loss":0,"event_name":"Dead Adventurer","floor":10,"gold_loss":0},{"damage_healed":18,"gold_gain":0,"player_choice":"Healed","damage_taken":0,"max_hp_gain":0,"max_hp_loss":0,"event_name":"The Cleric","floor":12,"gold_loss":35},{"damage_healed":0,"gold_gain":0,"cards_transformed":["Noxious Fumes"],"player_choice":"Transformed","damage_taken":0,"max_hp_gain":0,"max_hp_loss":0,"event_name":"Transmorgrifier","floor":36,"gold_loss":0,"cards_obtained":["Envenom"]}],"is_beta":false,"boss_relics":[{"not_picked":["Calling Bell","Pandora\u0027s Box"],"picked":"Astrolabe"},{"not_picked":["HoveringKite","Cursed Key"],"picked":"WristBlade"}],"items_purged_floors":[],"is_endless":false,"potions_floor_spawned":[8,11,14,16,19,22,24,29,30,33],"killed_by":"Maw","ascension_level":9}}