{"host":"v41r765ix9n0d8n3","time":1612562689,"event":{"mods":["BaseMod","Colored Powertips","Hermit","Minty Spire (QoL Compilation)","Shop Mod","StSLib","The Bug Knight","The Cursed","The Druid","The Wild Card"],"gold_per_floor":[117,117,83,14,14,14,41,52,52,64,64,76,76,90,90,191,191,203,216,32,49,49,82,93,93,93,111,135,165,175,193,193,296,296,309,322,29,41,41,41],"floor_reached":39,"language":"ENG","playtime":4587,"items_purged":["Regret"],"score":550,"play_id":"f96130fa-3ed4-4356-ab06-3a76fcf62617","local_time":"20210205230449","is_ascension_mode":false,"campfire_choices":[{"data":"Eruption","floor":6,"key":"SMITH"},{"data":"Adaptation","floor":11,"key":"SMITH"},{"data":"JustLucky","floor":13,"key":"SMITH"},{"floor":15,"key":"RECALL"},{"data":"Establishment","floor":25,"key":"SMITH"},{"data":"Study","floor":32,"key":"SMITH"}],"circlet_count":0,"master_deck":["Strike_P","Strike_P","Strike_P","Defend_P","Defend_P","Eruption+1","Vigilance","FollowUp","DeceiveReality","LikeWater","Adaptation+1","JustLucky+1","FlurryOfBlows","Halt","SashWhip","FollowUp","DeusExMachina","Conclude+1","ReachHeaven+1","SashWhip+1","Consecrate","Tantrum","Study+1","WheelKick","Vengeance+1","CarveReality","Establishment+1","ClearTheMind","Sanctity","Evaluate","SandsOfTime","Scrawl","Prostrate","Tantrum","Devotion","Worship","Halt","FollowUp","InnerPeace"],"relics":["HolyWater","Singing Bowl","StrikeDummy","Bird Faced Urn","Astrolabe","CaptainsWheel","Blood Vial","Sundial"],"acts_visited":["Exordium","TheCity","TheBeyond"],"potions_floor_usage":[7,14,21,23,23,23,23,27,29,29,29,30,33,33,38],"damage_taken":[{"damage":2,"enemies":"Small Slimes","floor":1,"turns":3},{"damage":23,"enemies":"Gremlin Nob","floor":7,"turns":5},{"damage":2,"enemies":"Cultist","floor":8,"turns":2},{"damage":0,"enemies":"Jaw Worm","floor":10,"turns":2},{"damage":9,"enemies":"Exordium Wildlife","floor":12,"turns":4},{"damage":3,"enemies":"Gremlin Gang","floor":14,"turns":4},{"damage":1,"enemies":"Slime Boss","floor":16,"turns":5},{"damage":19,"enemies":"2 Thieves","floor":18,"turns":4},{"damage":4,"enemies":"3 Byrds","floor":19,"turns":4},{"damage":9,"enemies":"Snake Plant","floor":21,"turns":4},{"damage":1,"enemies":"Slavers","floor":23,"turns":3},{"damage":7,"enemies":"Chosen and Byrds","floor":24,"turns":4},{"damage":3,"enemies":"Cultist and Chosen","floor":27,"turns":4},{"damage":20,"enemies":"Book of Stabbing","floor":29,"turns":3},{"damage":0,"enemies":"Sentry and Sphere","floor":30,"turns":2},{"damage":9,"enemies":"Snake Plant","floor":31,"turns":4},{"damage":0,"enemies":"Champ","floor":33,"turns":5},{"damage":0,"enemies":"3 Shapes","floor":35,"turns":2},{"damage":6,"enemies":"Orb Walker","floor":36,"turns":3},{"damage":21,"enemies":"Transient","floor":38,"turns":5},{"damage":40,"enemies":"Sphere and 2 Shapes","floor":39,"turns":3}],"seed_played":"-78550949584503467","potions_obtained":[{"floor":1,"key":"AttackPotion"},{"floor":12,"key":"SkillPotion"},{"floor":16,"key":"Energy Potion"},{"floor":19,"key":"BlessingOfTheForge"},{"floor":21,"key":"Energy Potion"},{"floor":22,"key":"BottledMiracle"},{"floor":22,"key":"EntropicBrew"},{"floor":24,"key":"Ambrosia"},{"floor":29,"key":"Dexterity Potion"},{"floor":31,"key":"Block Potion"}],"is_trial":false,"path_per_floor":["M","?","$","$","?","R","E","M","T","M","R","M","R","M","R","B",null,"M","M","$","M","?","E","M","R","T","M","T","E","M","M","R","B",null,"M","M","$","M","M"],"character_chosen":"WATCHER","items_purchased":["Adaptation","JustLucky","FlurryOfBlows","Study","WheelKick","Devotion","Worship","Halt","FollowUp"],"campfire_rested":0,"item_purchase_floors":[3,4,4,20,20,37,37,37,37],"current_hp_per_floor":[63,63,63,63,63,63,40,38,38,38,38,33,33,36,36,41,65,48,46,46,41,41,46,45,45,45,48,48,34,38,35,35,43,65,65,63,63,48,18,18],"gold":41,"neow_bonus":"TRANSFORM_TWO_CARDS","is_daily":false,"chose_seed":false,"campfire_upgraded":5,"win_rate":0.0,"timestamp":1612562689,"path_taken":["M","?","?","$","?","R","E","M","T","M","R","M","R","M","R","BOSS","M","M","$","M","?","E","?","R","T","M","?","E","M","M","R","BOSS","M","M","$","M","M"],"items_purchased_type":["Card","Card","Card","Card","Card","Card","Card","Card","Card"],"build_version":"2020-12-22","purchased_purges":1,"victory":false,"max_hp_per_floor":[65,65,65,65,65,65,65,65,65,65,65,65,65,65,65,65,65,65,65,65,65,65,65,65,65,65,65,65,65,65,65,65,65,65,65,65,65,65,65,65],"card_choices":[{"not_picked":["Protect","Consecrate"],"picked":"LikeWater","floor":1},{"not_picked":["DeceiveReality","SignatureMove"],"picked":"Halt","floor":7},{"not_picked":["JustLucky","LessonLearned"],"picked":"EmptyFist","floor":8},{"not_picked":["Wallop","EmptyBody"],"picked":"Nirvana","floor":10},{"not_picked":["LikeWater","CrushJoints"],"picked":"SashWhip","floor":12},{"not_picked":["Fasting2","JustLucky"],"picked":"FollowUp","floor":14},{"not_picked":["ConjureBlade","Brilliance"],"picked":"DeusExMachina","floor":16},{"not_picked":["Meditate","EmptyBody"],"picked":"Consecrate","floor":18},{"not_picked":["Halt+1","Evaluate"],"picked":"Tantrum","floor":19},{"not_picked":["Protect+1","WheelKick"],"picked":"Vengeance+1","floor":21},{"not_picked":["Halt","EmptyMind"],"picked":"CarveReality","floor":23},{"not_picked":["InnerPeace","Swivel+1"],"picked":"Establishment","floor":24},{"not_picked":["JustLucky","PathToVictory+1"],"picked":"ClearTheMind","floor":27},{"not_picked":["ClearTheMind","SignatureMove"],"picked":"Sanctity","floor":29},{"not_picked":["FlurryOfBlows+1","BowlingBash"],"picked":"Evaluate","floor":30},{"not_picked":["Halt+1","Vengeance"],"picked":"SandsOfTime","floor":31},{"not_picked":["Omniscience","Brilliance"],"picked":"Scrawl","floor":33},{"not_picked":["EmptyFist+1","EmptyBody+1"],"picked":"Prostrate","floor":35},{"not_picked":["EmptyBody","WreathOfFlame"],"picked":"Tantrum","floor":36},{"not_picked":["FollowUp","ThirdEye"],"picked":"InnerPeace","floor":38}],"player_experience":550333,"relics_obtained":[{"floor":7,"key":"StrikeDummy"},{"floor":9,"key":"Bird Faced Urn"},{"floor":23,"key":"CaptainsWheel"},{"floor":26,"key":"Blood Vial"},{"floor":29,"key":"Sundial"}],"event_choices":[{"damage_healed":0,"gold_gain":0,"player_choice":"Bought 0 Potions","damage_taken":0,"max_hp_gain":0,"max_hp_loss":0,"event_name":"The Woman in Blue","floor":2,"gold_loss":0},{"damage_healed":0,"gold_gain":0,"player_choice":"Box","damage_taken":0,"relics_obtained":["Singing Bowl"],"max_hp_gain":0,"max_hp_loss":0,"event_name":"Big Fish","floor":5,"gold_loss":0,"cards_obtained":["Regret"]},{"damage_healed":0,"gold_gain":0,"player_choice":"Got Potions","damage_taken":0,"max_hp_gain":0,"max_hp_loss":0,"event_name":"Lab","floor":22,"gold_loss":0}],"is_beta":false,"boss_relics":[{"not_picked":["Pandora\u0027s Box","Runic Pyramid"],"picked":"Astrolabe"},{"not_picked":["Snecko Eye","Fusion Hammer"],"picked":"HolyWater"}],"items_purged_floors":[20],"is_endless":false,"potions_floor_spawned":[1,12,16,19,21,24,29,31],"killed_by":"Sphere and 2 Shapes","ascension_level":0}}