{"host":"i2ir6b55gxkcwpt4","time":1612551808,"event":{"mods":["100% Spire Juice","Act Like it!","BaseMod","Colored Map","Colored Powertips","Minty Spire (QoL Compilation)","StSLib"],"gold_per_floor":[119,17,33,33,33,59,72,72,72],"floor_reached":8,"language":"ZHS","playtime":613,"items_purged":[],"score":58,"play_id":"e9dba9b6-9495-4c8e-9f69-51691a8cf949","local_time":"20210206030328","is_ascension_mode":false,"campfire_choices":[],"circlet_count":0,"master_deck":["Moonworks:Strike","Moonworks:Strike","Moonworks:Strike","Moonworks:Strike","Moonworks:Defend","Moonworks:Defend","Moonworks:Defend","Moonworks:Defend","Moonworks:Ambush","Moonworks:LongDistanceShot","Moonworks:BigBangBell","Moonworks:Poppoformation","Moonworks:Assault","Moonworks:SakisCookie","Moonworks:Wanted"],"relics":["Moonworks:BrokenBomb","Moonworks:Homemark","NeowsBlessing","Bag of Marbles","Ancient Tea Set"],"acts_visited":["Exordium"],"potions_floor_usage":[6,8,8],"damage_taken":[{"damage":0,"enemies":"Small Slimes","floor":1,"turns":1},{"damage":0,"enemies":"Jaw Worm","floor":2,"turns":1},{"damage":0,"enemies":"Cultist","floor":3,"turns":1},{"damage":12,"enemies":"3 Sentries","floor":6,"turns":7},{"damage":18,"enemies":"Large Slime","floor":7,"turns":5},{"damage":20,"enemies":"Gremlin Nob","floor":8,"turns":3}],"seed_played":"5119940748736375492","potions_obtained":[{"floor":1,"key":"BlessingOfTheForge"},{"floor":2,"key":"Energy Potion"},{"floor":7,"key":"CultistPotion"}],"is_trial":false,"path_per_floor":["M","M","M","?","?","E","M","E"],"character_chosen":"THE_STARBREAKER","items_purchased":[],"campfire_rested":0,"item_purchase_floors":[],"current_hp_per_floor":[60,60,60,18,38,26,8,0,0],"gold":72,"neow_bonus":"THREE_ENEMY_KILL","is_daily":false,"chose_seed":false,"campfire_upgraded":0,"win_rate":0.0,"timestamp":1612551808,"path_taken":["M","M","M","?","?","E","M","E"],"items_purchased_type":[],"build_version":"2020-12-22","purchased_purges":0,"victory":false,"max_hp_per_floor":[60,60,60,60,60,60,60,60,60],"card_choices":[{"not_picked":["Moonworks:MiracleRedBeanIceCream","Moonworks:MixPhenomenon"],"picked":"Moonworks:BigBangBell","floor":1},{"not_picked":["Moonworks:Assault","Moonworks:SakisCookie"],"picked":"Moonworks:Poppoformation","floor":2},{"not_picked":["Moonworks:IndiscriminateFireSupport","Moonworks:EvilSpyWorkPreparation"],"picked":"Moonworks:Assault","floor":3},{"not_picked":["Moonworks:DeployBits","Moonworks:ImOnFire"],"picked":"Moonworks:SakisCookie","floor":6},{"not_picked":["Moonworks:NicePresent","Moonworks:EvilSpyWorkPreparation"],"picked":"Moonworks:Wanted","floor":7}],"player_experience":62052,"relics_obtained":[{"floor":6,"key":"Ancient Tea Set"}],"event_choices":[{"damage_healed":0,"gold_gain":0,"player_choice":"Success","damage_taken":42,"relics_obtained":["Bag of Marbles"],"max_hp_gain":0,"max_hp_loss":0,"event_name":"Scrap Ooze","floor":4,"gold_loss":0},{"damage_healed":20,"gold_gain":0,"player_choice":"Banana","damage_taken":0,"max_hp_gain":0,"max_hp_loss":0,"event_name":"Big Fish","floor":5,"gold_loss":0}],"is_beta":false,"boss_relics":[],"items_purged_floors":[],"is_endless":false,"potions_floor_spawned":[1,2,7],"killed_by":"Gremlin Nob","ascension_level":0}}