{"host":"swphzoo6hmc78epl","time":1612495359,"event":{"mods":["BaseMod","Highlight Path","Minty Spire (QoL Compilation)","Quick Restart"],"gold_per_floor":[117,42,52,127,127,157,457,457,457,474,374,374,36,79,79,198,198,217,217,217,237,260,293,317,317,317,317,317],"floor_reached":27,"language":"ENG","playtime":923,"items_purged":["Strike_B","Regret"],"score":301,"play_id":"1a177063-646b-4776-b414-e5ebee673c97","local_time":"20210204222239","is_ascension_mode":true,"campfire_choices":[{"data":"Sweeping Beam","floor":8.0,"key":"SMITH"},{"data":"Darkness","floor":15,"key":"SMITH"},{"data":"Creative AI","floor":25,"key":"SMITH"}],"circlet_count":0,"master_deck":["Strike_B","Strike_B","Strike_B","Defend_B","Defend_B","Defend_B","Defend_B","Zap","Dualcast","Sweeping Beam+1","Cold Snap","Biased Cognition","Rebound","Panacea","Secret Technique","Darkness+1","FTL","Core Surge","Stack+1","Creative AI+1","Loop"],"relics":["Cracked Core","NeowsBlessing","Mercury Hourglass","Kunai","Old Coin","Bottled Tornado","Golden Idol","Pear","Velvet Choker","Enchiridion","Lizard Tail","Unceasing Top"],"acts_visited":["Exordium","TheCity"],"potions_floor_usage":[16,23],"damage_taken":[{"damage":0.0,"enemies":"2 Louse","floor":1.0,"turns":1.0},{"damage":0.0,"enemies":"Jaw Worm","floor":3.0,"turns":1.0},{"damage":0.0,"enemies":"Gremlin Nob","floor":6.0,"turns":1.0},{"damage":3.0,"enemies":"Small Slimes","floor":10.0,"turns":2.0},{"damage":28,"enemies":"3 Sentries","floor":14,"turns":4},{"damage":15,"enemies":"The Guardian","floor":16,"turns":8},{"damage":6,"enemies":"Spheric Guardian","floor":18,"turns":3},{"damage":7,"enemies":"Chosen","floor":21,"turns":3},{"damage":54,"enemies":"Gremlin Leader","floor":23,"turns":6},{"damage":43,"enemies":"Centurion and Healer","floor":24,"turns":6},{"damage":19,"enemies":"Book of Stabbing","floor":27,"turns":1}],"seed_played":"-4875687601004733232","potions_obtained":[{"floor":10.0,"key":"Energy Potion"},{"floor":21,"key":"Explosive Potion"},{"floor":23,"key":"Explosive Potion"}],"is_trial":false,"path_per_floor":["M","$","M","?","?","E","T","R","T","M","$","?","$","E","R","B",null,"M","?","?","M","T","E","M","R","T","E"],"character_chosen":"DEFECT","items_purchased":["Panacea","Secret Technique","Darkness"],"campfire_rested":0,"item_purchase_floors":[13,13,13],"current_hp_per_floor":[75,75,75,64,64,64,64,64,64,61,61,61,61,43,43,28,85,79,63,63,56,56,2,8,8,8,0,0],"gold":317,"neow_bonus":"THREE_ENEMY_KILL","is_daily":false,"chose_seed":false,"campfire_upgraded":3,"win_rate":0.0,"timestamp":1612495359,"path_taken":["M","$","M","?","?","E","?","R","T","M","$","?","$","E","R","BOSS","M","?","?","?","?","E","M","R","T","E"],"items_purchased_type":["Card","Card","Card"],"build_version":"2020-12-22","purchased_purges":2,"victory":false,"max_hp_per_floor":[75,75,75,75,75,75,75,75,75,75,75,75,75,85,85,85,85,85,85,85,85,85,85,85,85,85,85,85],"card_choices":[{"not_picked":["Gash","Aggregate"],"picked":"Sweeping Beam","floor":1.0},{"not_picked":["Rebound","Reprogram"],"picked":"Cold Snap","floor":3.0},{"not_picked":["Recycle","Hyperbeam"],"picked":"Biased Cognition","floor":6.0},{"not_picked":["Steam Power","Sweeping Beam"],"picked":"Rebound","floor":10.0},{"not_picked":["Go for the Eyes","Hologram"],"picked":"FTL","floor":14},{"not_picked":["Fission","Machine Learning"],"picked":"Core Surge","floor":16},{"not_picked":["Compile Driver","Rebound","Ball Lightning"],"picked":"SKIP","floor":18},{"not_picked":["Steam","Conserve Battery"],"picked":"Stack+1","floor":21},{"not_picked":["Stack+1","Darkness+1"],"picked":"Creative AI","floor":23},{"not_picked":["Beam Cell+1","Cold Snap+1"],"picked":"Loop","floor":24}],"player_experience":868393,"relics_obtained":[{"floor":6.0,"key":"Kunai"},{"floor":7.0,"key":"Old Coin"},{"floor":9.0,"key":"Bottled Tornado"},{"floor":14,"key":"Pear"},{"floor":19,"key":"Enchiridion"},{"floor":23,"key":"Lizard Tail"},{"floor":26,"key":"Unceasing Top"}],"event_choices":[{"damage_healed":0.0,"max_hp_gain":0.0,"max_hp_loss":0.0,"gold_gain":75.0,"event_name":"World of Goop","player_choice":"Gather Gold","floor":4.0,"gold_loss":0.0,"damage_taken":11.0},{"damage_healed":0.0,"max_hp_gain":0.0,"max_hp_loss":0.0,"gold_gain":0.0,"event_name":"Big Fish","player_choice":"Box","floor":5.0,"gold_loss":0.0,"damage_taken":0.0,"relics_obtained":["Mercury Hourglass"],"cards_obtained":["Regret"]},{"damage_healed":0.0,"max_hp_gain":0.0,"max_hp_loss":0.0,"gold_gain":0.0,"event_name":"Golden Idol","player_choice":"Take Wound","floor":12.0,"gold_loss":0.0,"damage_taken":0.0,"relics_obtained":["Golden Idol"],"cards_obtained":["Injury"]},{"damage_healed":0,"gold_gain":0,"player_choice":"Obtained Book","damage_taken":16,"max_hp_gain":0,"max_hp_loss":0,"event_name":"Cursed Tome","floor":19,"gold_loss":0},{"cards_removed":["Injury"],"damage_healed":0,"gold_gain":0,"player_choice":"Removed Curses","damage_taken":0,"max_hp_gain":0,"max_hp_loss":0,"event_name":"Fountain of Cleansing","floor":20,"gold_loss":0}],"is_beta":false,"boss_relics":[{"not_picked":["SacredBark","Busted Crown"],"picked":"Velvet Choker"}],"items_purged_floors":[2,11],"is_endless":false,"potions_floor_spawned":[10,21,23],"killed_by":"Book of Stabbing","ascension_level":3}}