{"host":"89iuq2p5kwriuwfq","time":1612517573,"event":{"mods":["BaseMod","Curses Come First","Minty Spire (QoL Compilation)","Permanent Neow","StSLib"],"gold_per_floor":[118,43,55,55,70,70,90,90,90,107,136,29,55,70,70,70,70],"floor_reached":16,"language":"ENG","playtime":552,"items_purged":["Pain"],"score":153,"play_id":"cc09d35b-c62f-41dc-ae18-b82700f76b5c","local_time":"20210205093253","is_ascension_mode":true,"campfire_choices":[{"data":"Fire Breathing","floor":6,"key":"SMITH"},{"data":"Pommel Strike","floor":8,"key":"SMITH"},{"data":"Uppercut","floor":15,"key":"SMITH"}],"circlet_count":0,"master_deck":["AscendersBane","Strike_R","Strike_R","Strike_R","Strike_R","Defend_R","Defend_R","Defend_R","Defend_R","Bash","Limit Break","Anger","Pommel Strike+1","Reckless Charge","Fire Breathing+1","Cleave","Uppercut+1","Hemokinesis","Evolve","Thunderclap","Dropkick"],"relics":["Burning Blood","Boot","Self Forming Clay","Bag of Marbles"],"acts_visited":["Exordium"],"potions_floor_usage":[7,7],"damage_taken":[{"damage":9,"enemies":"Small Slimes","floor":1,"turns":3},{"damage":6,"enemies":"Cultist","floor":3,"turns":4},{"damage":6,"enemies":"2 Louse","floor":5,"turns":2},{"damage":9,"enemies":"2 Fungi Beasts","floor":7,"turns":3},{"damage":15,"enemies":"Gremlin Gang","floor":10,"turns":2},{"damage":24,"enemies":"Gremlin Nob","floor":11,"turns":4},{"damage":6,"enemies":"Lots of Slimes","floor":14,"turns":3},{"damage":27,"enemies":"The Guardian","floor":16,"turns":7}],"seed_played":"-6523404668900016353","potions_obtained":[{"floor":3,"key":"Energy Potion"},{"floor":5,"key":"Swift Potion"}],"is_trial":false,"path_per_floor":["M","$","M","?","M","R","M","R","T","M","E","$","T","M","R","B"],"character_chosen":"IRONCLAD","items_purchased":["Evolve","Thunderclap"],"campfire_rested":0,"item_purchase_floors":[12,12],"current_hp_per_floor":[69,69,69,69,69,69,66,66,66,57,39,39,39,39,39,12,12],"gold":70,"neow_bonus":"THREE_RARE_CARDS","is_daily":false,"chose_seed":false,"campfire_upgraded":3,"win_rate":0.0,"timestamp":1612517573,"path_taken":["M","$","M","?","?","R","M","R","T","?","E","$","?","M","R","BOSS"],"items_purchased_type":["Card","Card"],"build_version":"2020-12-22","purchased_purges":1,"victory":false,"max_hp_per_floor":[80,80,80,80,80,80,80,80,80,80,80,80,80,80,80,80,80],"card_choices":[{"not_picked":["Barricade","Impervious"],"picked":"Limit Break","floor":0},{"not_picked":["Rampage","Armaments"],"picked":"Anger","floor":1},{"not_picked":["Clothesline","Havoc"],"picked":"Pommel Strike","floor":3},{"not_picked":["Heavy Blade","Evolve"],"picked":"Fire Breathing","floor":5},{"not_picked":["Battle Trance","Headbutt"],"picked":"Cleave","floor":7},{"not_picked":["True Grit","Headbutt"],"picked":"Uppercut","floor":10},{"not_picked":["True Grit","Havoc"],"picked":"Hemokinesis","floor":11},{"not_picked":["Uppercut","Body Slam"],"picked":"Dropkick","floor":14}],"player_experience":631301,"relics_obtained":[{"floor":9,"key":"Boot"},{"floor":11,"key":"Self Forming Clay"},{"floor":13,"key":"Bag of Marbles"}],"event_choices":[{"damage_healed":0,"gold_gain":0,"cards_transformed":["Strike_R"],"player_choice":"Transformed","damage_taken":0,"max_hp_gain":0,"max_hp_loss":0,"event_name":"Transmorgrifier","floor":4,"gold_loss":0,"cards_obtained":["Reckless Charge"]}],"is_beta":false,"boss_relics":[],"items_purged_floors":[2],"is_endless":false,"potions_floor_spawned":[3,5],"killed_by":"The Guardian","ascension_level":10}}