{"host":"bf5upntvbdompq33","time":1612484324,"event":{"mods":["BaseMod","Colored Map","Colored Powertips","Curses Come First","Minty Spire (QoL Compilation)","StSLib","The Dragon Tamer","The Hierophant","The Marked","The Mystic","The Servant 0.9.4"],"gold_per_floor":[112,132,150,166,9,9,24,59,59,91,91,110,123,298,298,403,403,416,435,447,362,376,376,376],"floor_reached":23,"language":"ENG","playtime":1958,"items_purged":["Strike_G"],"score":279,"play_id":"d4776fb9-750b-4e0e-92b4-e61b64f27a48","local_time":"20210204171844","is_ascension_mode":true,"campfire_choices":[{"data":"Dash","floor":6,"key":"SMITH"},{"floor":11,"key":"REST"},{"floor":15,"key":"REST"}],"circlet_count":0,"master_deck":["Strike_G","Strike_G","Strike_G","Strike_G","Defend_G","Defend_G","Defend_G","Defend_G","Defend_G","Survivor","Neutralize","Dash+1","Backstab","Bouncing Flask","Quick Slash","Slice","Finisher","Dash","Bouncing Flask","Deadly Poison","Catalyst","Setup","Doubt","Bullet Time","Prepared+1","Backflip","Burst","Calculated Gamble+1"],"relics":["Ring of the Snake","NeowsBlessing","Shuriken","Pen Nib","Snake Skull","Snecko Eye","Gremlin Horn"],"acts_visited":["Exordium","TheCity"],"potions_floor_usage":[10,16,16,23,23],"damage_taken":[{"damage":0,"enemies":"Cultist","floor":1,"turns":1},{"damage":0,"enemies":"Jaw Worm","floor":2,"turns":1},{"damage":0,"enemies":"2 Louse","floor":3,"turns":1},{"damage":13,"enemies":"2 Fungi Beasts","floor":4,"turns":3},{"damage":0,"enemies":"Exordium Wildlife","floor":7,"turns":3},{"damage":17,"enemies":"Lagavulin","floor":8,"turns":5},{"damage":24,"enemies":"Gremlin Nob","floor":10,"turns":4},{"damage":11,"enemies":"Gremlin Gang","floor":12,"turns":4},{"damage":11,"enemies":"Looter","floor":13,"turns":2},{"damage":26,"enemies":"Hexaghost","floor":16,"turns":6},{"damage":12,"enemies":"Chosen","floor":18,"turns":3},{"damage":0,"enemies":"Spheric Guardian","floor":19,"turns":3},{"damage":7,"enemies":"Cultist and Chosen","floor":20,"turns":4},{"damage":0,"enemies":"3 Cultists","floor":22,"turns":3},{"damage":54,"enemies":"Gremlin Leader","floor":23,"turns":3}],"seed_played":"6372066871716915373","potions_obtained":[{"floor":1,"key":"Regen Potion"},{"floor":8,"key":"GamblersBrew"},{"floor":12,"key":"LiquidMemories"},{"floor":13,"key":"AttackPotion"},{"floor":19,"key":"BlessingOfTheForge"},{"floor":20,"key":"Swift Potion"}],"is_trial":false,"path_per_floor":["M","M","M","M","$","R","M","E","T","E","R","M","M","?","R","B",null,"M","M","M","?","M","E"],"character_chosen":"THE_SILENT","items_purchased":["Slice","Finisher"],"campfire_rested":2,"item_purchase_floors":[5,5],"current_hp_per_floor":[63,63,63,50,50,50,50,33,33,21,42,31,20,20,41,15,56,44,44,37,37,37,0,0],"gold":376,"neow_bonus":"THREE_ENEMY_KILL","is_daily":false,"chose_seed":false,"campfire_upgraded":1,"win_rate":0.0,"timestamp":1612484324,"path_taken":["M","M","M","M","$","R","M","E","T","E","R","?","M","?","R","BOSS","M","M","M","?","M","E"],"items_purchased_type":["Card","Card"],"build_version":"2020-12-22","purchased_purges":1,"victory":false,"max_hp_per_floor":[70,70,70,70,70,70,70,70,70,70,70,70,70,70,70,70,70,70,70,70,70,70,70,70],"card_choices":[{"not_picked":["Masterful Stab","Dodge and Roll"],"picked":"Dash","floor":1},{"not_picked":["Well Laid Plans","Slice"],"picked":"Backstab","floor":2},{"not_picked":["Sucker Punch","Dagger Spray"],"picked":"Bouncing Flask","floor":3},{"not_picked":["Tactician","Acrobatics"],"picked":"Quick Slash","floor":4},{"not_picked":["Slice","Eviscerate"],"picked":"Dash","floor":7},{"not_picked":["Skewer","Bane"],"picked":"Bouncing Flask","floor":8},{"not_picked":["Blur","Dash"],"picked":"Deadly Poison","floor":10},{"not_picked":["Poisoned Stab","Blade Dance"],"picked":"Catalyst","floor":12},{"not_picked":["Infinite Blades","Caltrops"],"picked":"Setup","floor":13},{"not_picked":["Doppelganger","Night Terror"],"picked":"Bullet Time","floor":16},{"not_picked":["Outmaneuver","Dagger Spray"],"picked":"Prepared+1","floor":18},{"not_picked":["Terror","Prepared"],"picked":"Backflip","floor":19},{"not_picked":["Prepared","Dagger Throw"],"picked":"Burst","floor":20},{"not_picked":["Acrobatics","Predator"],"picked":"Calculated Gamble+1","floor":22}],"player_experience":1405329,"relics_obtained":[{"floor":8,"key":"Shuriken"},{"floor":9,"key":"Pen Nib"},{"floor":10,"key":"Snake Skull"}],"event_choices":[{"damage_healed":0,"gold_gain":175,"player_choice":"AGREE","damage_taken":0,"max_hp_gain":0,"max_hp_loss":0,"event_name":"Liars Game","floor":14,"gold_loss":0,"cards_obtained":["Doubt"]},{"damage_healed":0,"gold_gain":0,"player_choice":"Obtained Relic","damage_taken":0,"relics_obtained":["Gremlin Horn"],"max_hp_gain":0,"max_hp_loss":0,"event_name":"Addict","floor":21,"gold_loss":85}],"is_beta":false,"boss_relics":[{"not_picked":["Velvet Choker","Runic Pyramid"],"picked":"Snecko Eye"}],"items_purged_floors":[5],"is_endless":false,"potions_floor_spawned":[1,8,12,13,19,20,22],"killed_by":"Gremlin Leader","ascension_level":7}}