{"host":"msmkw03x1o7nq45i","time":1612565940,"event":{"mods":["AchievementEnabler","BaseMod","Bestiary","Colored Powertips","GifTheSpireLib","Highlight Path","Minty Spire (QoL Compilation)","Random Character Button","StSLib","everything is the same but u backflip on backflip"],"gold_per_floor":[114,34,53,70,87,115,127,127,152,152,181,331,331,11,11,85,85,97,114,130,130,130,130,130,148,148,21,21,21,31,50,50,50,50],"floor_reached":33,"language":"ENG","playtime":2121,"items_purged":["Doubt","Strike_G"],"score":537,"play_id":"25c42ecb-2bf6-462b-838f-a63d5d57cfbb","local_time":"20210206005900","is_ascension_mode":true,"campfire_choices":[{"data":"Skewer","floor":8,"key":"SMITH"},{"data":"Footwork","floor":13,"key":"SMITH"},{"data":"Blade Dance","floor":15,"key":"SMITH"},{"data":"After Image","floor":23,"key":"SMITH"},{"data":"Accuracy","floor":29,"key":"SMITH"},{"data":"Cloak And Dagger","floor":32,"key":"SMITH"}],"circlet_count":0,"master_deck":["AscendersBane","Strike_G","Strike_G","Strike_G","Strike_G","Defend_G","Defend_G","Defend_G","Defend_G","Defend_G","Survivor","Neutralize+1","Slice","Skewer+1","Blade Dance+1","Blade Dance","Blade Dance","Footwork+1","Backflip","After Image+1","Blade Dance","Skewer+1","Accuracy+1","Cloak And Dagger+1","Cloak And Dagger+1"],"relics":["Ring of the Snake","Smiling Mask","StrikeDummy","Orichalcum","Pen Nib","HornCleat","Coffee Dripper","Enchiridion","White Beast Statue"],"acts_visited":["Exordium","TheCity"],"potions_floor_usage":[6,11,16,24,28,33,33],"damage_taken":[{"damage":2,"enemies":"Jaw Worm","floor":1,"turns":6},{"damage":7,"enemies":"Small Slimes","floor":3,"turns":4},{"damage":0,"enemies":"2 Louse","floor":4,"turns":2},{"damage":1,"enemies":"2 Fungi Beasts","floor":5,"turns":3},{"damage":18,"enemies":"Lagavulin","floor":6,"turns":7},{"damage":3,"enemies":"Blue Slaver","floor":7,"turns":3},{"damage":6,"enemies":"3 Sentries","floor":11,"turns":6},{"damage":14,"enemies":"Slime Boss","floor":16,"turns":8},{"damage":0,"enemies":"Spheric Guardian","floor":18,"turns":3},{"damage":0,"enemies":"Chosen","floor":19,"turns":3},{"damage":0,"enemies":"Snake Plant","floor":20,"turns":5},{"damage":0,"enemies":"Gremlin Leader","floor":24,"turns":4},{"damage":24,"enemies":"Shelled Parasite and Fungi","floor":25,"turns":4},{"damage":2,"enemies":"Colosseum Slavers","floor":28,"turns":3},{"damage":2,"enemies":"Centurion and Healer","floor":30,"turns":4},{"damage":0,"enemies":"Snecko","floor":31,"turns":3},{"damage":14,"enemies":"Champ","floor":33,"turns":3}],"seed_played":"-1639595285396956334","potions_obtained":[{"floor":1,"key":"Block Potion"},{"floor":5,"key":"PowerPotion"},{"floor":6,"key":"Ancient Potion"},{"floor":11,"key":"SmokeBomb"},{"floor":20,"key":"GamblersBrew"},{"floor":30,"key":"LiquidBronze"},{"floor":31,"key":"Fire Potion"}],"is_trial":false,"path_per_floor":["M","$","M","M","M","E","M","R","T","?","E","?","R","$","R","B",null,"M","M","M","?","?","R","E","M","T","$","?","R","M","M","R","B"],"character_chosen":"THE_SILENT","items_purchased":["Skewer","HornCleat","Accuracy"],"campfire_rested":0,"item_purchase_floors":[2,14,27],"current_hp_per_floor":[57,57,50,50,49,31,28,28,28,28,22,22,22,22,22,8,52,52,52,52,31,31,31,31,7,7,7,5,5,3,3,3,0,0],"gold":50,"neow_bonus":"RANDOM_COMMON_RELIC","is_daily":false,"chose_seed":false,"campfire_upgraded":6,"win_rate":0.0,"timestamp":1612565940,"path_taken":["M","$","M","M","M","E","M","R","T","?","E","?","R","$","R","BOSS","M","M","M","?","?","R","E","M","T","$","?","R","M","M","R","BOSS"],"items_purchased_type":["Card","Relic","Card"],"build_version":"2020-12-22","purchased_purges":2,"victory":false,"max_hp_per_floor":[66,66,66,66,66,66,66,66,66,66,66,66,66,66,66,66,66,66,66,66,66,66,66,66,66,66,66,66,66,66,66,66,66,66],"card_choices":[{"not_picked":["Reflex","Deadly Poison"],"picked":"Slice","floor":1},{"not_picked":["Flying Knee","Poisoned Stab"],"picked":"Blade Dance","floor":3},{"not_picked":["Catalyst","Crippling Poison"],"picked":"Blade Dance","floor":4},{"not_picked":["Outmaneuver","Acrobatics"],"picked":"Blade Dance","floor":5},{"not_picked":["Outmaneuver","Reflex"],"picked":"Footwork","floor":6},{"not_picked":["Infinite Blades","Expertise"],"picked":"Backflip","floor":7},{"not_picked":["Acrobatics","Outmaneuver","Blur"],"picked":"SKIP","floor":11},{"not_picked":["Storm of Steel","Envenom"],"picked":"After Image","floor":16},{"not_picked":["Setup","Sucker Punch+1","Infinite Blades"],"picked":"SKIP","floor":18},{"not_picked":["Bane","Prepared"],"picked":"Blade Dance","floor":19},{"not_picked":["Blade Dance","Flying Knee"],"picked":"Skewer+1","floor":20},{"not_picked":["Prepared","Sucker Punch","Catalyst"],"picked":"SKIP","floor":25},{"not_picked":["Outmaneuver","Distraction"],"picked":"Cloak And Dagger","floor":30},{"not_picked":["Dodge and Roll","Deadly Poison+1"],"picked":"Cloak And Dagger+1","floor":31}],"player_experience":490838,"relics_obtained":[{"floor":6,"key":"StrikeDummy"},{"floor":9,"key":"Orichalcum"},{"floor":11,"key":"Pen Nib"},{"floor":21,"key":"Enchiridion"},{"floor":26,"key":"White Beast Statue"}],"event_choices":[{"damage_healed":0,"gold_gain":0,"player_choice":"Grow","damage_taken":0,"max_hp_gain":0,"max_hp_loss":0,"event_name":"Living Wall","floor":10,"gold_loss":0,"cards_upgraded":["Neutralize"]},{"damage_healed":0,"gold_gain":150,"player_choice":"AGREE","damage_taken":0,"max_hp_gain":0,"max_hp_loss":0,"event_name":"Liars Game","floor":12,"gold_loss":0,"cards_obtained":["Doubt"]},{"damage_healed":0,"gold_gain":0,"player_choice":"Obtained Book","damage_taken":21,"max_hp_gain":0,"max_hp_loss":0,"event_name":"Cursed Tome","floor":21,"gold_loss":0},{"damage_healed":0,"gold_gain":0,"player_choice":"Ignored","damage_taken":0,"max_hp_gain":0,"max_hp_loss":0,"event_name":"Beggar","floor":22,"gold_loss":0},{"damage_healed":0,"gold_gain":0,"player_choice":"Fight","damage_taken":0,"max_hp_gain":0,"max_hp_loss":0,"event_name":"Colosseum","floor":28,"gold_loss":0},{"damage_healed":0,"gold_gain":0,"player_choice":"Fled From Nobs","damage_taken":0,"max_hp_gain":0,"max_hp_loss":0,"event_name":"Colosseum","floor":28,"gold_loss":0}],"is_beta":false,"boss_relics":[{"not_picked":["Tiny House","Snecko Eye"],"picked":"Coffee Dripper"}],"items_purged_floors":[14,27],"is_endless":false,"potions_floor_spawned":[1,5,6,11,20,28,30,31],"killed_by":"Champ","ascension_level":17}}