{"host":"rxqgn04mcfja67mv","time":1612542208,"event":{"mods":["AchievementEnabler","BaseMod","BetterRewards","Grow up Mod","Hermit","Hubris","Minty Spire (QoL Compilation)","Replay The Spire","Shop Mod","StSLib","The Bug Knight"],"gold_per_floor":[114,56,56,32,42,42,42,74,74,89,103,278,278,311,311,414,414,425,875,893,209,261,261,281,294,319,48,74,88,115,115,115,42,42,144,144,161,161,212,212,212,212,241,256,281,281,281,14,45,55,55,55,55,55,20,45,45],"floor_reached":58,"language":"ENG","playtime":2941,"items_purged":["Doubt"],"score":1585,"play_id":"c3ed6a59-540e-4b8f-8e6c-fc058720796c","local_time":"20210205162328","is_ascension_mode":true,"campfire_choices":[{"floor":6,"key":"RECALL"},{"data":"1","floor":15,"key":"LIFT"},{"floor":23,"key":"REST"},{"data":"2","floor":42,"key":"LIFT"},{"data":"3","floor":46,"key":"LIFT"},{"floor":51,"key":"REST"},{"data":"BattleHymn","floor":54,"key":"SMITH"}],"circlet_count":0,"master_deck":["Eruption","Vigilance+1","JustLucky","Swivel+1","Crescendo+1","Nirvana","Setup","FearNoEvil","Escape Plan","ForeignInfluence+1","Replay:AllIn","FollowUp","Judgement","Replay:Hum","Brilliance","ForeignInfluence","Omniscience","Nirvana","Devotion","Fasting2","Replay:Parry","Replay:BasicMightCard","Prostrate","BattleHymn+1","Collect+1","FollowUp","HandOfGreed","Replay:Anticipation","FearNoEvil","EmptyFist+1","Wireheading","Wireheading","CutThroughFate+1","Perseverance","Consecrate","Replay:Battleflow","BowlingBash","Sadistic Nature+1","FlurryOfBlows","FlurryOfBlows","DevaForm","Adaptation+1","Replay:Vibes","Replay:DivineShield","FollowUp+1","Metamorphosis","Metamorphosis","Transmutation","Transmutation","CarveReality","CarveReality","Establishment","Replay:ManipulateFuture+1","Replay:DivineShield","InnerPeace","InnerPeace","SignatureMove"],"relics":["NeowsBlessing","Replay:M_StaffOfTheSnake","Ice Cream","Girya","Blue Doll","Pandora\u0027s Box","Replay:Baseball","hubris:EmptyBottle","Red Mask","PreservedInsect","Membership Card","Replay:Rubber Ducky","Garlic","Bird Faced Urn","Cursed Key","hubris:Towel","Omamori","Ring of Searing","Ring of Fangs","Replay:Purple Gloves","Toy Ornithopter","Iron Hammer","War Paint","Mummified Hand","Damaru"],"acts_visited":["Exordium","TheCity","TheBeyond","TheEnding"],"potions_floor_usage":[16,25,25,30,30,30,30,35,35,37,37,37,37,44,52,52,52,52,52,57,57],"damage_taken":[{"damage":0,"enemies":"Small Slimes","floor":1,"turns":1},{"damage":0,"enemies":"2 Louse","floor":5,"turns":2},{"damage":0,"enemies":"Lagavulin","floor":8,"turns":1},{"damage":5,"enemies":"Cultist","floor":10,"turns":5},{"damage":13,"enemies":"Red Slaver","floor":11,"turns":5},{"damage":39,"enemies":"Gremlin Nob","floor":14,"turns":4},{"damage":104,"enemies":"The Guardian","floor":16,"turns":8},{"damage":56,"enemies":"3 Byrds","floor":18,"turns":5},{"damage":31,"enemies":"2 Thieves","floor":20,"turns":4},{"damage":22,"enemies":"Masked Bandits","floor":22,"turns":3},{"damage":52,"enemies":"Snake Plant","floor":24,"turns":4},{"damage":17,"enemies":"Snecko","floor":25,"turns":3},{"damage":38,"enemies":"Slavers","floor":28,"turns":6},{"damage":0,"enemies":"Cultist and Chosen","floor":29,"turns":4},{"damage":4,"enemies":"Gremlin Leader","floor":30,"turns":6},{"damage":65,"enemies":"Collector","floor":35,"turns":7},{"damage":6,"enemies":"Orb Walker","floor":37,"turns":2},{"damage":10,"enemies":"Nemesis","floor":43,"turns":3},{"damage":50,"enemies":"3 Darklings","floor":44,"turns":4},{"damage":100,"enemies":"Reptomancer","floor":49,"turns":6},{"damage":32,"enemies":"Sphere and 2 Shapes","floor":50,"turns":4},{"damage":9,"enemies":"Donu and Deca","floor":52,"turns":4},{"damage":17,"enemies":"Shield and Spear","floor":56,"turns":3},{"damage":109,"enemies":"The Heart","floor":57,"turns":5}],"seed_played":"5250283067137412447","potions_obtained":[{"floor":5,"key":"SkillPotion"},{"floor":8,"key":"Adrenaline Potion"},{"floor":20,"key":"SpeedPotion"},{"floor":25,"key":"ColorlessPotion"},{"floor":28,"key":"Strength Potion"},{"floor":29,"key":"Fire Potion"},{"floor":35,"key":"Strength Potion"},{"floor":37,"key":"Fruit Juice"},{"floor":39,"key":"Reflective Coating"},{"floor":39,"key":"GamblersBrew"},{"floor":49,"key":"LifebloodPotion"},{"floor":50,"key":"Swift Potion"},{"floor":56,"key":"Ambrosia"}],"is_trial":false,"path_per_floor":["M","$","?","$","M","R","?","E","T","M","M","?","T","E","R","B",null,"M","?","M","$","?","R","M","M","T","$","E","M","E","PTL","PTL","$","R","B",null,"M","?","?","?","?","R","E","M","T","R","?","$","E","M","R","B",null,"R","$","E","B",null],"character_chosen":"WATCHER","items_purchased":["Swivel+1","Crescendo","BattleHymn","Replay:Baseball","hubris:EmptyBottle","Collect+1","FollowUp","HandOfGreed","Membership Card","Wireheading","CutThroughFate+1","Replay:Rubber Ducky","Perseverance","Sadistic Nature+1","FlurryOfBlows","Iron Hammer","Transmutation","War Paint","CarveReality","Replay:DivineShield","InnerPeace"],"campfire_rested":2,"item_purchase_floors":[2,4,21,21,21,21,21,21,27,27,27,27,27,33,33,48,48,48,48,55,55],"current_hp_per_floor":[92,102,112,122,132,142,152,162,172,177,174,184,194,165,175,81,252,206,151,130,140,128,228,186,179,189,199,171,181,187,197,207,217,350,307,442,456,466,476,486,496,506,514,480,490,500,500,510,430,414,601,603,622,632,642,639,560],"gold":45,"neow_bonus":"THREE_ENEMY_KILL","is_daily":false,"chose_seed":false,"campfire_upgraded":1,"win_rate":0.0,"timestamp":1612542208,"path_taken":["M","$","?","$","M","R","?","E","T","M","M","?","?","E","R","BOSS","M","?","?","?","?","R","?","M","T","$","E","M","E","PTL","PTL","$","R","BOSS","M","?","?","?","?","R","E","?","T","R","?","$","E","M","R","BOSS","R","$","E","BOSS"],"items_purchased_type":["Card","Card","Card","Relic","Relic","Card","Card","Card","Relic","Card","Card","Relic","Card","Card","Card","Relic","Card","Relic","Card","Card","Card"],"build_version":"2020-12-22","purchased_purges":1,"victory":true,"max_hp_per_floor":[92,102,112,122,132,142,152,162,172,182,192,202,212,222,232,242,252,262,272,282,292,302,312,322,332,342,352,362,372,382,392,402,412,422,432,442,462,472,482,492,502,512,522,532,542,552,562,572,582,592,602,612,622,632,642,652,662],"card_choices":[{"not_picked":["Fasting2","CutThroughFate"],"picked":"JustLucky","floor":1},{"not_picked":["FollowUp","FlurryOfBlows"],"picked":"Nirvana","floor":5},{"not_picked":["Crescendo","EmptyBody"],"picked":"Setup","floor":8},{"not_picked":["Consecrate","Wallop"],"picked":"FearNoEvil","floor":10},{"not_picked":["Evaluate","Omniscience"],"picked":"Escape Plan","floor":11},{"not_picked":["Acrobatics","FearNoEvil"],"picked":"ForeignInfluence","floor":14},{"not_picked":["Bullet Time","Die Die Die"],"picked":"Replay:AllIn","floor":16},{"not_picked":["EmptyFist","Nirvana"],"picked":"Fasting2","floor":18},{"not_picked":["Replay:Hum","FlurryOfBlows+1"],"picked":"Prostrate","floor":20},{"not_picked":["ThirdEye","Meditate"],"picked":"Replay:Anticipation","floor":22},{"not_picked":["Adaptation+1","JustLucky+1"],"picked":"FearNoEvil","floor":24},{"not_picked":["Crescendo","Replay:DivineShield"],"picked":"EmptyFist+1","floor":25},{"not_picked":["SashWhip+1","EmptyMind+1"],"picked":"Consecrate","floor":28},{"not_picked":["Blasphemy","Replay:AtTheReady"],"picked":"Replay:Battleflow","floor":29},{"not_picked":["InnerPeace","FlurryOfBlows"],"picked":"BowlingBash","floor":30},{"not_picked":["Devotion","MasterReality"],"picked":"DevaForm","floor":35},{"not_picked":["Prostrate+1","FlurryOfBlows"],"picked":"Adaptation+1","floor":37},{"not_picked":["Halt+1","Evaluate"],"picked":"Replay:Vibes","floor":39},{"not_picked":["Nirvana+1","WreathOfFlame"],"picked":"Replay:DivineShield","floor":43},{"not_picked":["EmptyMind+1","FlyingSleeves"],"picked":"FollowUp+1","floor":44},{"not_picked":["Secret Weapon","Transmutation"],"picked":"Metamorphosis","floor":47},{"not_picked":["Impatience","Sadistic Nature"],"picked":"Metamorphosis","floor":47},{"not_picked":["Impatience","Madness"],"picked":"Transmutation","floor":47},{"not_picked":["WreathOfFlame","Fasting2"],"picked":"Establishment","floor":49},{"not_picked":["Protect","Replay:AtTheReady"],"picked":"Replay:ManipulateFuture+1","floor":50},{"not_picked":["ClearTheMind+1","Wallop+1"],"picked":"SignatureMove","floor":56}],"player_experience":413412,"relics_obtained":[{"floor":8,"key":"Ice Cream"},{"floor":13,"key":"Girya"},{"floor":14,"key":"Blue Doll"},{"floor":22,"key":"Red Mask"},{"floor":26,"key":"PreservedInsect"},{"floor":28,"key":"Garlic"},{"floor":30,"key":"Bird Faced Urn"},{"floor":39,"key":"Omamori"},{"floor":40,"key":"Ring of Searing"},{"floor":40,"key":"Ring of Fangs"},{"floor":43,"key":"Replay:Purple Gloves"},{"floor":45,"key":"Toy Ornithopter"},{"floor":49,"key":"Mummified Hand"},{"floor":56,"key":"Damaru"}],"event_choices":[{"damage_healed":0,"gold_gain":0,"player_choice":"Ignored","damage_taken":0,"max_hp_gain":0,"max_hp_loss":0,"event_name":"Golden Wing","floor":3,"gold_loss":0},{"damage_healed":0,"gold_gain":175,"player_choice":"AGREE","damage_taken":0,"max_hp_gain":0,"max_hp_loss":0,"event_name":"Liars Game","floor":12,"gold_loss":0,"cards_obtained":["Doubt"]},{"damage_healed":0,"gold_gain":450,"player_choice":"POTION CARD GOLD GOLD GOLD GOLD CARD GOLD ","damage_taken":65,"max_hp_gain":0,"max_hp_loss":0,"event_name":"Knowing Skull","floor":19,"potions_obtained":["SteroidPotion"],"gold_loss":0,"cards_obtained":["Replay:Parry","Replay:BasicMightCard"]},{"damage_healed":0,"gold_gain":0,"player_choice":"Fought Bandits","damage_taken":0,"max_hp_gain":0,"max_hp_loss":0,"event_name":"Masked Bandits","floor":22,"gold_loss":0},{"cards_removed":["Replay:Hysterical Blindness"],"damage_healed":0,"gold_gain":0,"player_choice":"Removed Curses","damage_taken":0,"max_hp_gain":0,"max_hp_loss":0,"event_name":"Fountain of Cleansing","floor":41,"gold_loss":0},{"damage_healed":0,"gold_gain":0,"player_choice":"Memory 3","damage_taken":10,"max_hp_gain":0,"max_hp_loss":0,"event_name":"SensoryStone","floor":47,"gold_loss":0}],"is_beta":false,"boss_relics":[{"not_picked":["Honey Jar","Tiny House"],"picked":"Pandora\u0027s Box"},{"not_picked":["Replay:Drink Me","Snecko Eye"],"picked":"Cursed Key"}],"items_purged_floors":[21],"is_endless":false,"potions_floor_spawned":[5,8,20,25,28,29,35,37,49,50,56],"ascension_level":2}}