{"host":"yq7vhdvcv08g2502","time":1612564762,"event":{"mods":["2.2 Compatiblity","AchievementEnabler","Act Like it!","BaseMod","CapriCore","Colored Powertips","Custom Start","Gensokyo","Marisa????????","Minty Spire (QoL Compilation)","Quick Restart","Reimu??????","StSLib","The Servant 0.9.4"],"gold_per_floor":[113,132,132,132,50,50,75,75,75,102,102,128,145,1,1,100,100,100,100,25,25,25,25,25,25,25,25,25,25,25,25,25,25,25,25,25,25,25,25,25,25,25,25,25,25,25,25,25,25,25],"floor_reached":51,"language":"ENG","playtime":2995,"items_purged":["Strike_S"],"score":898,"play_id":"13630d5f-ca45-4251-8e66-de3e8924e58e","local_time":"20210205223922","is_ascension_mode":true,"campfire_choices":[{"data":"SilverBlades","floor":6,"key":"SMITH"},{"data":"Revamp","floor":8,"key":"SMITH"},{"data":"MurderousAura","floor":11,"key":"SMITH"},{"floor":15,"key":"REST"},{"data":"TheWorld","floor":23,"key":"SMITH"},{"floor":25,"key":"REST"},{"floor":30,"key":"REST"},{"floor":32,"key":"REST"},{"data":"KillingDoll","floor":40,"key":"SMITH"},{"data":"SurpressingFire","floor":42,"key":"SMITH"},{"floor":45,"key":"REST"},{"data":"Gensokyo:DreamlikeParadise","floor":49,"key":"SMITH"}],"circlet_count":0,"master_deck":["KidneyShot+1","Exchange","Starlight+1","ShatteredReality","SilverBlades+1","Rewind","Revamp+1","MurderousAura+1","FastForward","Barrier","TheWorld+1","GearUp+1","InstantArmor","Sunlight","Writhe","KillingDoll+1","Starlight+1","Comet+1","TheWorld+1","SurpressingFire+1","Gensokyo:DreamlikeParadise+1"],"relics":["Uniform","NeowsBlessing","Strawberry","Lizard Tail","StrikeDummy","Juzu Bracelet","Whetstone","Frozen Eye","Ectoplasm","Mango","Bag of Preparation","Mercury Hourglass","War Paint","Astrolabe","CaptainsWheel","Blue Candle"],"acts_visited":["Gensokyo:Gensokyo","Gensokyo:Gensokyoer","Gensokyo:Gensokyoest"],"potions_floor_usage":[12,16,24,33,46],"damage_taken":[{"damage":0,"enemies":"Gensokyo:Python","floor":1,"turns":1},{"damage":0,"enemies":"Gensokyo:3_Fairies","floor":2,"turns":1},{"damage":0,"enemies":"Gensokyo:Cirno","floor":7,"turns":2},{"damage":26,"enemies":"Gensokyo:Aya","floor":10,"turns":6},{"damage":8,"enemies":"Gensokyo:Mamizou","floor":12,"turns":5},{"damage":2,"enemies":"Gensokyo:Gryphon","floor":13,"turns":3},{"damage":0,"enemies":"Gensokyo:Yukari","floor":16,"turns":7},{"damage":12,"enemies":"Gensokyo:CosmicMonolith","floor":18,"turns":5},{"damage":0,"enemies":"Gensokyo:Chomper","floor":19,"turns":3},{"damage":12,"enemies":"Gensokyo:Swordslinger","floor":22,"turns":6},{"damage":48,"enemies":"Gensokyo:Reisen","floor":24,"turns":8},{"damage":27,"enemies":"Gensokyo:Koishi","floor":28,"turns":6},{"damage":18,"enemies":"Gensokyo:Kaguya","floor":33,"turns":11},{"damage":0,"enemies":"Gensokyo:AncientGuardian","floor":35,"turns":4},{"damage":0,"enemies":"Gensokyo:3_Bats","floor":41,"turns":3},{"damage":0,"enemies":"Gensokyo:3_Boulders","floor":46,"turns":3},{"damage":80,"enemies":"Gensokyo:3_Boulders","floor":48,"turns":10},{"damage":5,"enemies":"Gensokyo:Yuyuko","floor":50,"turns":5}],"seed_played":"-8906638302723960048","potions_obtained":[{"floor":7,"key":"SneckoOil"},{"floor":10,"key":"Dexterity Potion"},{"floor":18,"key":"EssenceOfSteel"},{"floor":22,"key":"Energy Potion"},{"floor":35,"key":"LiquidBronze"}],"is_trial":false,"path_per_floor":["M","M","?","?","$","R","E","R","T","E","R","E","M","COS","R","B",null,"M","M","$","?","M","R","E","R","T","T","E","?","R","?","R","B",null,"M","$","?","?","$","R","M","R","T","$","R","M","COS","?","R","B",null],"character_chosen":"THE_SERVANT","items_purchased":["SilverBlades","Rewind"],"campfire_rested":5,"item_purchase_floors":[5,5],"current_hp_per_floor":[65,65,71,64,64,64,64,64,64,38,38,30,28,28,51,51,78,66,66,66,66,54,54,20,47,47,47,20,20,47,47,74,56,92,92,92,56,56,56,56,56,56,56,56,83,83,83,83,83,83],"gold":25,"neow_bonus":"THREE_ENEMY_KILL","is_daily":false,"chose_seed":false,"campfire_upgraded":7,"win_rate":0.0,"timestamp":1612564762,"path_taken":["M","M","?","?","?","R","E","R","T","E","R","E","M","COS","R","BOSS","M","M","$","?","M","R","E","R","T","?","E","?","R","?","R","BOSS","M","?","?","?","?","R","M","R","T","$","R","M","COS","?","R","BOSS"],"items_purchased_type":["Card","Card"],"build_version":"2020-12-22","purchased_purges":1,"victory":true,"max_hp_per_floor":[65,65,71,78,78,78,78,78,78,78,78,78,78,78,78,78,78,78,78,78,78,78,78,92,92,92,92,92,92,92,92,92,92,92,92,92,92,92,92,92,92,92,92,92,92,92,92,92,92,92],"card_choices":[{"not_picked":["DoubleEdge","Replace"],"picked":"Starlight","floor":1},{"not_picked":["Unruled","Gouge"],"picked":"ShatteredReality","floor":2},{"not_picked":["Defy","Potential"],"picked":"Revamp","floor":7},{"not_picked":["StarChef","Ricochet"],"picked":"MurderousAura","floor":10},{"not_picked":["Deadline","Reset"],"picked":"FastForward","floor":12},{"not_picked":["FastForward","Replace"],"picked":"Barrier","floor":13},{"not_picked":["Initiator","Sunlight"],"picked":"TheWorld","floor":16},{"not_picked":["Comet","Spin+1","Revamp"],"picked":"SKIP","floor":18},{"not_picked":["Replace","FastForward"],"picked":"GearUp+1","floor":19},{"not_picked":["Reset","Defy"],"picked":"InstantArmor","floor":22},{"not_picked":["Misdirection","Foresight","Defy"],"picked":"SKIP","floor":24},{"not_picked":["Spin","Orbit"],"picked":"Sunlight","floor":28},{"not_picked":["TrueSight","MurderousAura"],"picked":"KillingDoll","floor":33},{"not_picked":["Ricochet+1","Foresight"],"picked":"SurpressingFire","floor":35},{"not_picked":["Spin","FastForward+1","RealityMarble"],"picked":"SKIP","floor":41},{"not_picked":["Replace","TimeWarp+1","DoubleEdge"],"picked":"SKIP","floor":46},{"not_picked":["Replace","TimeWarp+1","DoubleEdge"],"picked":"SKIP","floor":46},{"not_picked":["Gensokyo:RainbowDanmaku","Gensokyo:LifeSpringInfinity"],"picked":"Gensokyo:DreamlikeParadise","floor":48}],"player_experience":296977,"relics_obtained":[{"floor":7,"key":"Lizard Tail"},{"floor":9,"key":"StrikeDummy"},{"floor":10,"key":"Juzu Bracelet"},{"floor":12,"key":"Whetstone"},{"floor":24,"key":"Mango"},{"floor":26,"key":"Bag of Preparation"},{"floor":27,"key":"Mercury Hourglass"},{"floor":28,"key":"War Paint"},{"floor":43,"key":"Blue Candle"}],"event_choices":[],"is_beta":false,"boss_relics":[{"not_picked":["Fusion Hammer","Runic Pyramid"],"picked":"Ectoplasm"},{"not_picked":["Velvet Choker","Runic Dome"],"picked":"Astrolabe"}],"items_purged_floors":[20],"is_endless":false,"potions_floor_spawned":[7,10,18,22,35],"ascension_level":4}}