{"host":"Qube","time":1612566720,"event":{"mods":["AchievementEnabler","BaseMod","Colored Map","Colored Powertips","Highlight Path","Minty Spire (QoL Compilation)","Permanent Neow","Quick Restart","Random Character Button","StSLib"],"gold_per_floor":[109,109,123,173,187,187,202,202,283,283,295,295,324,342,342,421,421,432,432,443,368,385,385,385,385],"floor_reached":24,"language":"ENG","playtime":1284,"items_purged":[],"score":496,"play_id":"82f60639-89e0-4ac4-bb86-bdc3ed5a2247","local_time":"20210205151200","is_ascension_mode":true,"campfire_choices":[{"data":"Footwork","floor":6.0,"key":"SMITH"},{"data":"Deadly Poison","floor":8.0,"key":"SMITH"},{"floor":10.0,"key":"REST"},{"data":"Slice","floor":12.0,"key":"SMITH"},{"floor":15.0,"key":"REST"},{"floor":23.0,"key":"REST"}],"circlet_count":0,"master_deck":["AscendersBane","Strike_G","Strike_G","Strike_G","Strike_G","Strike_G","Defend_G","Defend_G","Defend_G","Defend_G","Survivor","Neutralize","Choke","Footwork+1","Dash","Deadly Poison+1","Slice+1","Poisoned Stab","Backflip","Doppelganger","Acrobatics","Leg Sweep+1","Finisher"],"relics":["Ring of the Snake","Gambling Chip","HornCleat","Lantern","Fusion Hammer"],"acts_visited":["Exordium","TheCity"],"potions_floor_usage":[24,24],"damage_taken":[{"damage":6.0,"enemies":"Jaw Worm","floor":1.0,"turns":7.0},{"damage":0.0,"enemies":"Small Slimes","floor":3.0,"turns":4.0},{"damage":0.0,"enemies":"Cultist","floor":5.0,"turns":5.0},{"damage":1.0,"enemies":"3 Louse","floor":7.0,"turns":5.0},{"damage":4.0,"enemies":"Large Slime","floor":11.0,"turns":7.0},{"damage":28.0,"enemies":"Gremlin Nob","floor":13.0,"turns":4.0},{"damage":0.0,"enemies":"2 Fungi Beasts","floor":14.0,"turns":3.0},{"damage":0.0,"enemies":"The Guardian","floor":16.0,"turns":11.0},{"damage":0.0,"enemies":"Chosen","floor":18.0,"turns":3.0},{"damage":1.0,"enemies":"3 Byrds","floor":20.0,"turns":6.0},{"damage":1.0,"enemies":"Centurion and Healer","floor":22.0,"turns":9.0},{"damage":17,"enemies":"Book of Stabbing","floor":24,"turns":5}],"seed_played":"8635346877174548091","potions_obtained":[{"floor":3.0,"key":"Energy Potion"},{"floor":7.0,"key":"SkillPotion"},{"floor":13.0,"key":"AttackPotion"},{"floor":22.0,"key":"GamblersBrew"}],"is_trial":false,"path_per_floor":["M","?","M","?","M","R","M","R","T","R","M","R","E","M","R","B",null,"M","?","M","?","M","R","E"],"character_chosen":"THE_SILENT","items_purchased":[],"campfire_rested":3,"item_purchase_floors":[],"current_hp_per_floor":[38,38,38,32,32,32,31,31,31,50,46,46,18,18,37,37,59,59,41,40,40,39,60,43,43],"gold":385,"neow_bonus":"ONE_RARE_RELIC","is_daily":false,"chose_seed":false,"campfire_upgraded":3,"win_rate":0.0,"timestamp":1612566720,"path_taken":["M","?","M","?","M","R","M","R","T","R","?","R","E","M","R","BOSS","M","?","M","?","M","R","E"],"items_purchased_type":[],"build_version":"2020-12-18","purchased_purges":0,"victory":false,"max_hp_per_floor":[66,66,66,66,66,66,66,66,66,66,66,66,66,66,66,66,66,66,71,71,71,71,71,71,71],"card_choices":[{"not_picked":["Prepared","Blade Dance"],"picked":"Choke","floor":1.0},{"not_picked":["Poisoned Stab","Sucker Punch"],"picked":"Footwork","floor":3.0},{"not_picked":["Riddle With Holes","Blur"],"picked":"Dash","floor":5.0},{"not_picked":["Quick Slash","Riddle With Holes"],"picked":"Deadly Poison","floor":7.0},{"not_picked":["Sucker Punch","Acrobatics"],"picked":"Slice","floor":11.0},{"not_picked":["Wraith Form v2","Blade Dance"],"picked":"Poisoned Stab","floor":13.0},{"not_picked":["Dodge and Roll","Sucker Punch"],"picked":"Backflip","floor":14.0},{"not_picked":["Wraith Form v2","Die Die Die"],"picked":"Doppelganger","floor":16.0},{"not_picked":["Slice","Masterful Stab"],"picked":"Acrobatics","floor":18.0},{"not_picked":["Flying Knee+1","Blade Dance"],"picked":"Leg Sweep+1","floor":20.0},{"not_picked":["Reflex+1","Outmaneuver"],"picked":"Finisher","floor":22.0}],"player_experience":1062554,"relics_obtained":[{"floor":9.0,"key":"HornCleat"},{"floor":13.0,"key":"Lantern"}],"event_choices":[{"damage_healed":0.0,"max_hp_gain":0.0,"max_hp_loss":0.0,"gold_gain":0.0,"event_name":"Liars Game","player_choice":"Ignored","floor":2.0,"gold_loss":0.0,"damage_taken":0.0},{"damage_healed":0.0,"max_hp_gain":0.0,"max_hp_loss":0.0,"gold_gain":50.0,"event_name":"FaceTrader","player_choice":"Touch","floor":4.0,"gold_loss":0.0,"damage_taken":6.0},{"damage_healed":0.0,"max_hp_gain":5.0,"max_hp_loss":0.0,"gold_gain":0.0,"event_name":"Forgotten Altar","player_choice":"Shed Blood","floor":19.0,"gold_loss":0.0,"damage_taken":23.0},{"cards_removed":["Defend_G"],"damage_healed":0.0,"max_hp_gain":0.0,"max_hp_loss":0.0,"gold_gain":0.0,"event_name":"Beggar","player_choice":"Gave Gold","floor":21.0,"gold_loss":75.0,"damage_taken":0.0}],"is_beta":true,"boss_relics":[{"not_picked":["Cursed Key","SacredBark"],"picked":"Fusion Hammer"}],"items_purged_floors":[],"is_endless":false,"potions_floor_spawned":[3,7,13,22],"killed_by":"Book of Stabbing","ascension_level":20}}