{"host":"7fyy23rucerupe6i","time":1612506481,"event":{"mods":["BaseMod","Minty Spire (QoL Compilation)","StSLib","The Senshi"],"gold_per_floor":[111,129,145,145,164,164,175,175,199,199,199,215,215,227,227,325,325,344,354,354,372,372,372,372,372],"floor_reached":24,"language":"ZHS","playtime":1333,"items_purged":[],"score":290,"play_id":"28d4a721-3a0b-4641-b78b-a792f897be17","local_time":"20210205142801","is_ascension_mode":false,"campfire_choices":[{"data":"theSenshi:JupitersPower","floor":6,"key":"SMITH"},{"data":"theSenshi:SupersonicWaves","floor":8,"key":"SMITH"},{"data":"theSenshi:SailorStarHealerAssists","floor":13,"key":"SMITH"},{"data":"theSenshi:Overload","floor":15,"key":"SMITH"},{"data":"theSenshi:MoonCosmicPowerMakeUp","floor":23,"key":"SMITH"}],"circlet_count":0,"master_deck":["theSenshi:SailorKick","theSenshi:SailorKick","theSenshi:SailorBlock","theSenshi:SailorBlock","theSenshi:SailorBlock","theSenshi:RoseThrow","theSenshi:MoonPrismPowerMakeUp","theSenshi:SailorStarHealerAssists+1","theSenshi:SupersonicWaves+1","theSenshi:Overload+1","theSenshi:JupitersPower+1","theSenshi:YouCanTalk","theSenshi:DramaticEntrance","theSenshi:MoonPrincessHalation+1","theSenshi:MoonCosmicPowerMakeUp+1"],"relics":["theSenshi:TransformationBroochRelic","theSenshi:CutieMoonRodRelic","Snecko Eye","Nilry\u0027s Codex","MealTicket"],"acts_visited":["TheCity"],"potions_floor_usage":[18,21,24],"damage_taken":[{"damage":0,"enemies":"Small Slimes","floor":1,"turns":6},{"damage":0,"enemies":"Jaw Worm","floor":2,"turns":4},{"damage":0,"enemies":"Cultist","floor":3,"turns":4},{"damage":8,"enemies":"Exordium Wildlife","floor":5,"turns":4},{"damage":6,"enemies":"Large Slime","floor":7,"turns":8},{"damage":0,"enemies":"Exordium Thugs","floor":12,"turns":3},{"damage":4,"enemies":"Blue Slaver","floor":14,"turns":4},{"damage":18,"enemies":"Slime Boss","floor":16,"turns":7},{"damage":28,"enemies":"Spheric Guardian","floor":18,"turns":5},{"damage":15,"enemies":"3 Byrds","floor":19,"turns":6},{"damage":20,"enemies":"Sentry and Sphere","floor":21,"turns":5},{"damage":12,"enemies":"Centurion and Healer","floor":24,"turns":2}],"seed_played":"-2315568123434994011","potions_obtained":[{"floor":1,"key":"LiquidMemories"},{"floor":5,"key":"Explosive Potion"},{"floor":16,"key":"Fire Potion"},{"floor":18,"key":"BlessingOfTheForge"}],"is_trial":false,"path_per_floor":["M","M","M","?","M","R","M","R","T","?","?","M","R","M","R","B",null,"M","M","?","M","?","R","M"],"character_chosen":"THE_SENSHI","items_purchased":[],"campfire_rested":0,"item_purchase_floors":[],"current_hp_per_floor":[75,75,75,75,72,72,71,71,71,64,64,69,69,70,70,57,75,52,42,26,11,11,11,0,0],"gold":372,"neow_bonus":"TRANSFORM_CARD","is_daily":false,"chose_seed":false,"campfire_upgraded":5,"win_rate":0.0,"timestamp":1612506481,"path_taken":["M","M","M","?","M","R","M","R","T","?","?","?","R","M","R","BOSS","M","?","?","M","?","R","M"],"items_purchased_type":[],"build_version":"2020-12-22","purchased_purges":0,"victory":false,"max_hp_per_floor":[75,75,75,75,75,75,75,75,75,75,75,75,75,75,75,75,75,75,75,75,75,75,75,75,75],"card_choices":[{"not_picked":["theSenshi:MoonsReflection","theSenshi:SailorMarsAssists"],"picked":"theSenshi:SupersonicWaves","floor":1},{"not_picked":["theSenshi:MoonsReflection","theSenshi:HesSoDreamy"],"picked":"theSenshi:Overload","floor":2},{"not_picked":["theSenshi:SupersonicWaves","theSenshi:SailorVenusAssists"],"picked":"theSenshi:JupitersPower","floor":3},{"not_picked":["theSenshi:MoonTiaraMagic","theSenshi:LateForSchool","theSenshi:MoonKick"],"picked":"SKIP","floor":5},{"not_picked":["theSenshi:TallSilhouette","theSenshi:SchoolBag","theSenshi:MoonKick"],"picked":"SKIP","floor":7},{"not_picked":["theSenshi:MoonsReflection","theSenshi:MoonPower","theSenshi:SaturnsMystery"],"picked":"SKIP","floor":12},{"not_picked":["theSenshi:LunasBite","theSenshi:SchoolBag"],"picked":"theSenshi:DramaticEntrance","floor":14},{"not_picked":["theSenshi:SailorCosmosAssists","theSenshi:SailorStarHealerAssists"],"picked":"theSenshi:LunaSensingAllies","floor":16},{"not_picked":["theSenshi:SchoolBag","theSenshi:TallSilhouette"],"picked":"theSenshi:MoonPrincessHalation+1","floor":18},{"not_picked":["theSenshi:MoonsReflection+1","theSenshi:YouCanTalk","theSenshi:SailorMercuryAssists"],"picked":"SKIP","floor":19},{"not_picked":["theSenshi:SchoolBag","theSenshi:SailorMarsAssists+1"],"picked":"theSenshi:MoonCosmicPowerMakeUp","floor":21}],"player_experience":331623,"relics_obtained":[{"floor":9,"key":"theSenshi:CutieMoonRodRelic"},{"floor":20,"key":"Nilry\u0027s Codex"}],"event_choices":[{"damage_healed":0,"gold_gain":0,"player_choice":"Ignored","damage_taken":0,"max_hp_gain":0,"max_hp_loss":0,"event_name":"Liars Game","floor":4,"gold_loss":0},{"cards_removed":["theSenshi:SailorBlock"],"damage_healed":0,"gold_gain":0,"player_choice":"Card Removal","damage_taken":7,"max_hp_gain":0,"max_hp_loss":0,"event_name":"Golden Wing","floor":10,"gold_loss":0},{"damage_healed":0,"gold_gain":0,"cards_transformed":["theSenshi:SailorKick"],"player_choice":"Change","damage_taken":0,"max_hp_gain":0,"max_hp_loss":0,"event_name":"Living Wall","floor":11,"gold_loss":0,"cards_obtained":["theSenshi:YouCanTalk"]},{"damage_healed":0,"gold_gain":0,"player_choice":"Obtained Book","damage_taken":16,"max_hp_gain":0,"max_hp_loss":0,"event_name":"Cursed Tome","floor":20,"gold_loss":0},{"cards_removed":["theSenshi:LunaSensingAllies"],"damage_healed":0,"gold_gain":0,"player_choice":"Gave Card","damage_taken":0,"relics_obtained":["MealTicket"],"max_hp_gain":0,"max_hp_loss":0,"event_name":"WeMeetAgain","floor":22,"gold_loss":0}],"is_beta":false,"boss_relics":[{"not_picked":["Calling Bell","Black Star"],"picked":"Snecko Eye"}],"items_purged_floors":[],"is_endless":false,"potions_floor_spawned":[1,5,16,18,19],"killed_by":"Centurion and Healer","ascension_level":0}}