{"host":"kxz5izodaorfb9am","time":1612527108,"event":{"mods":["BaseMod","GifTheSpireLib","Minty Spire (QoL Compilation)","Shop Mod","StSLib"],"gold_per_floor":[112,129,54,4,15,15,46,76,131,131,151,151,163,9,9,106,106,118,137,156,156,174,199,199,124,199,199,70,86,186,201,201,298,298,309,112,22,33,33,63,63,88,137,137,137,165,165,96,96,96,96,96,48,78,78],"floor_reached":56,"language":"ENG","playtime":3144,"items_purged":["Strike_R","Strike_R","Strike_R"],"score":1349,"play_id":"69945c55-87e9-48d4-81e6-e5542c3ca304","local_time":"20210205131148","is_ascension_mode":true,"campfire_choices":[{"data":"Body Slam","floor":6,"key":"SMITH"},{"data":"Juggernaut","floor":12,"key":"SMITH"},{"data":"True Grit","floor":15,"key":"SMITH"},{"data":"Flame Barrier","floor":24,"key":"SMITH"},{"data":"Evolve","floor":27,"key":"SMITH"},{"floor":32,"key":"REST"},{"data":"Entrench","floor":41,"key":"SMITH"},{"floor":49,"key":"RECALL"},{"data":"Shrug It Off","floor":52,"key":"SMITH"}],"circlet_count":0,"master_deck":["Defend_R+1","Defend_R","Defend_R","Defend_R","Fire Breathing","Juggernaut+1","Body Slam+1","Evolve+1","Flame Barrier+1","True Grit+1","Flame Barrier+1","Metallicize+1","Shrug It Off+1","Fire Breathing+1","Battle Trance","Entrench+1","Body Slam+1","Shrug It Off","Metallicize+1"],"relics":["Burning Blood","NeowsBlessing","Oddly Smooth Stone","Bronze Scales","Philosopher\u0027s Stone","Centennial Puzzle","Frozen Egg 2","WingedGreaves","Molten Egg 2","Coffee Dripper","Potion Belt","Whetstone","Omamori","Self Forming Clay","Shuriken"],"acts_visited":["Exordium","TheCity","TheBeyond","TheEnding"],"potions_floor_usage":[11,18,23,23,23,33,42,46,50,54],"damage_taken":[{"damage":0,"enemies":"Cultist","floor":1,"turns":1},{"damage":0,"enemies":"Jaw Worm","floor":2,"turns":1},{"damage":0,"enemies":"2 Louse","floor":5,"turns":1},{"damage":17,"enemies":"Lagavulin","floor":7,"turns":7},{"damage":12,"enemies":"Exordium Wildlife","floor":11,"turns":4},{"damage":19,"enemies":"Gremlin Gang","floor":13,"turns":4},{"damage":18,"enemies":"Hexaghost","floor":16,"turns":9},{"damage":1,"enemies":"Shell Parasite","floor":18,"turns":5},{"damage":11,"enemies":"Spheric Guardian","floor":19,"turns":4},{"damage":2,"enemies":"Cultist and Chosen","floor":20,"turns":4},{"damage":8,"enemies":"Centurion and Healer","floor":22,"turns":8},{"damage":34,"enemies":"Slavers","floor":23,"turns":5},{"damage":0,"enemies":"Snecko","floor":29,"turns":4},{"damage":15,"enemies":"Colosseum Slavers","floor":30,"turns":4},{"damage":38,"enemies":"Colosseum Nobs","floor":30,"turns":5},{"damage":0,"enemies":"Sentry and Sphere","floor":31,"turns":4},{"damage":37,"enemies":"Champ","floor":33,"turns":11},{"damage":19,"enemies":"3 Darklings","floor":35,"turns":6},{"damage":0,"enemies":"3 Shapes","floor":38,"turns":4},{"damage":0,"enemies":"Giant Head","floor":40,"turns":7},{"damage":0,"enemies":"Nemesis","floor":42,"turns":5},{"damage":28,"enemies":"Reptomancer","floor":46,"turns":4},{"damage":13,"enemies":"Donu and Deca","floor":50,"turns":6},{"damage":1,"enemies":"Shield and Spear","floor":54,"turns":4},{"damage":27,"enemies":"The Heart","floor":55,"turns":6}],"seed_played":"6012063903878186245","potions_obtained":[{"floor":1,"key":"SpeedPotion"},{"floor":13,"key":"GamblersBrew"},{"floor":16,"key":"SpeedPotion"},{"floor":20,"key":"Dexterity Potion"},{"floor":22,"key":"PowerPotion"},{"floor":31,"key":"Swift Potion"},{"floor":33,"key":"FearPotion"},{"floor":35,"key":"Block Potion"},{"floor":40,"key":"DuplicationPotion"}],"is_trial":false,"path_per_floor":["M","M","$","?","M","R","E","?","T","?","M","R","M","$","R","B",null,"M","M","M","?","M","E","R","?","T","R","$","M","?","M","R","B",null,"M","$","?","M","T","E","R","E","T","?","$","E","?","$","R","B",null,"R","$","E","B",null],"character_chosen":"IRONCLAD","items_purchased":["True Grit","Metallicize+1","Shrug It Off","Battle Trance","Metallicize+1","SpeedPotion"],"campfire_rested":1,"item_purchase_floors":[14,28,28,36,48,53],"current_hp_per_floor":[80,80,80,80,80,80,69,69,69,69,63,63,50,50,50,38,80,80,75,79,79,77,49,49,49,49,49,49,55,14,20,44,13,80,67,67,67,73,73,79,79,80,80,80,80,58,58,58,58,51,80,80,80,80,59],"gold":78,"neow_bonus":"THREE_ENEMY_KILL","is_daily":false,"chose_seed":false,"campfire_upgraded":7,"win_rate":0.0,"timestamp":1612527108,"path_taken":["M","M","$","?","M","R","E","?","T","?","?","R","M","$","R","BOSS","M","M","?","?","M","E","R","?","T","R","$","M","?","M","R","BOSS","M","$","?","?","?","E","R","E","T","?","$","E","?","?","R","BOSS","R","$","E","BOSS"],"items_purchased_type":["Card","Card","Card","Card","Card","Potion"],"build_version":"2020-12-22","purchased_purges":3,"victory":true,"max_hp_per_floor":[80,80,80,80,80,80,80,80,80,80,80,80,80,80,80,80,80,80,80,80,80,80,80,80,80,80,80,80,80,80,80,80,80,80,80,80,80,80,80,80,80,80,80,80,80,80,80,80,80,80,80,80,80,80,80],"card_choices":[{"not_picked":["Cleave","Pommel Strike"],"picked":"Fire Breathing","floor":1},{"not_picked":["Clash","Cleave"],"picked":"Juggernaut","floor":2},{"not_picked":["Fire Breathing","Carnage"],"picked":"Body Slam","floor":5},{"not_picked":["Heavy Blade","Sword Boomerang","Bloodletting"],"picked":"SKIP","floor":7},{"not_picked":["Pommel Strike","Clash"],"picked":"Evolve","floor":11},{"not_picked":["Reaper","Infernal Blade"],"picked":"Flame Barrier","floor":13},{"not_picked":["Sword Boomerang","Rampage"],"picked":"Flame Barrier+1","floor":18},{"not_picked":["Seeing Red","Pommel Strike+1","Twin Strike"],"picked":"SKIP","floor":19},{"not_picked":["Twin Strike","Sever Soul","Clash"],"picked":"SKIP","floor":20},{"not_picked":["Searing Blow","Sword Boomerang+1","Heavy Blade"],"picked":"SKIP","floor":22},{"not_picked":["Armaments","Limit Break","Iron Wave"],"picked":"SKIP","floor":23},{"not_picked":["Hemokinesis+1","Twin Strike","Sword Boomerang+1"],"picked":"SKIP","floor":29},{"not_picked":["Iron Wave+1","Dropkick+1"],"picked":"Fire Breathing+1","floor":31},{"not_picked":["Whirlwind+1","Combust+1","Pommel Strike+1"],"picked":"SKIP","floor":35},{"not_picked":["Cleave+1","Iron Wave+1"],"picked":"Entrench","floor":38},{"not_picked":["Dual Wield+1","Twin Strike+1","Sword Boomerang+1"],"picked":"SKIP","floor":40},{"not_picked":["Armaments","Intimidate"],"picked":"Body Slam+1","floor":42},{"not_picked":["Cleave+1","Headbutt+1"],"picked":"Shrug It Off","floor":46},{"not_picked":["Havoc+1","Dark Embrace+1","Juggernaut+1"],"picked":"SKIP","floor":54}],"player_experience":284895,"relics_obtained":[{"floor":7,"key":"Oddly Smooth Stone"},{"floor":9,"key":"Bronze Scales"},{"floor":23,"key":"Centennial Puzzle"},{"floor":26,"key":"Frozen Egg 2"},{"floor":30,"key":"WingedGreaves"},{"floor":30,"key":"Molten Egg 2"},{"floor":40,"key":"Potion Belt"},{"floor":42,"key":"Whetstone"},{"floor":43,"key":"Omamori"},{"floor":46,"key":"Self Forming Clay"},{"floor":54,"key":"Shuriken"}],"event_choices":[{"cards_removed":["Strike_R"],"damage_healed":0,"gold_gain":0,"player_choice":"Card Removal","damage_taken":0,"max_hp_gain":0,"max_hp_loss":0,"event_name":"The Cleric","floor":4,"gold_loss":50},{"damage_healed":0,"gold_gain":30,"player_choice":"Searched \u00272\u0027 times","damage_taken":0,"max_hp_gain":0,"max_hp_loss":0,"event_name":"Dead Adventurer","floor":8,"gold_loss":0},{"damage_healed":0,"gold_gain":0,"player_choice":"Ignored","damage_taken":0,"max_hp_gain":0,"max_hp_loss":0,"event_name":"Liars Game","floor":10,"gold_loss":0},{"damage_healed":0,"gold_gain":0,"player_choice":"Ignored","damage_taken":0,"max_hp_gain":0,"max_hp_loss":0,"event_name":"Cursed Tome","floor":21,"gold_loss":0},{"cards_removed":["Strike_R"],"damage_healed":0,"gold_gain":0,"player_choice":"Gave Gold","damage_taken":0,"max_hp_gain":0,"max_hp_loss":0,"event_name":"Beggar","floor":25,"gold_loss":75},{"damage_healed":0,"gold_gain":0,"player_choice":"Fight","damage_taken":0,"max_hp_gain":0,"max_hp_loss":0,"event_name":"Colosseum","floor":30,"gold_loss":0},{"damage_healed":0,"gold_gain":0,"player_choice":"Fought Nobs","damage_taken":0,"max_hp_gain":0,"max_hp_loss":0,"event_name":"Colosseum","floor":30,"gold_loss":0},{"cards_removed":["Bash"],"damage_healed":0,"gold_gain":0,"player_choice":"Upgrade and Remove","damage_taken":0,"max_hp_gain":0,"max_hp_loss":0,"event_name":"Designer","floor":37,"gold_loss":90,"cards_upgraded":["Defend_R"]},{"damage_healed":0,"gold_gain":0,"player_choice":"Ignored","damage_taken":0,"max_hp_gain":0,"max_hp_loss":0,"event_name":"Tomb of Lord Red Mask","floor":44,"gold_loss":0},{"damage_healed":0,"gold_gain":0,"player_choice":"Memory 1","damage_taken":0,"max_hp_gain":0,"max_hp_loss":0,"event_name":"SensoryStone","floor":47,"gold_loss":0}],"is_beta":false,"boss_relics":[{"not_picked":["Snecko Eye","Pandora\u0027s Box"],"picked":"Philosopher\u0027s Stone"},{"not_picked":["Calling Bell","Runic Pyramid"],"picked":"Coffee Dripper"}],"items_purged_floors":[3,14,36],"is_endless":false,"potions_floor_spawned":[1,13,16,20,22,31,33,35,40],"ascension_level":2}}