{"host":"a3wpq7kyokchzawk","time":1612541658,"event":{"mods":["BaseMod","Colored Map","Highlight Path","Minty Spire (QoL Compilation)","Permanent Neow","Potion Indicator Mod","Relic Stats","Weighted Paths"],"gold_per_floor":[367,381,399,399,74,74,74,74],"floor_reached":7,"language":"ENG","playtime":834,"items_purged":[],"score":82,"play_id":"3e1f5192-f101-4aa0-bfdc-a776d4d9a4d8","local_time":"20210205141418","is_ascension_mode":true,"campfire_choices":[{"data":"Neutralize","floor":6,"key":"SMITH"}],"circlet_count":0,"master_deck":["AscendersBane","Strike_G","Strike_G","Strike_G","Strike_G","Strike_G","Defend_G","Defend_G","Defend_G","Defend_G","Defend_G","Survivor","Neutralize+1","PiercingWail","Masterful Stab"],"relics":["Ring of the Snake","Calipers","Pocketwatch"],"acts_visited":["Exordium"],"potions_floor_usage":[3],"damage_taken":[{"damage":3.0,"enemies":"Cultist","floor":1.0,"turns":4.0},{"damage":2.0,"enemies":"Small Slimes","floor":2.0,"turns":5.0},{"damage":19,"enemies":"Jaw Worm","floor":3,"turns":7},{"damage":47,"enemies":"Lagavulin","floor":7,"turns":9}],"seed_played":"-1440694689787651437","potions_obtained":[{"floor":1.0,"key":"CunningPotion"}],"is_trial":false,"path_per_floor":["M","M","M","?","$","R","E"],"character_chosen":"THE_SILENT","items_purchased":["Pocketwatch"],"campfire_rested":0,"item_purchase_floors":[5],"current_hp_per_floor":[56,54,35,35,35,35,0,0],"gold":74,"neow_bonus":"TWO_FIFTY_GOLD","is_daily":false,"chose_seed":false,"campfire_upgraded":1,"win_rate":0.0,"timestamp":1612541658,"path_taken":["M","?","M","?","$","R","E"],"items_purchased_type":["Relic"],"build_version":"2020-12-22","purchased_purges":0,"victory":false,"max_hp_per_floor":[60,60,60,60,60,60,60,60],"relic_stats":{"counters":[4,25],"obtain_stats":[{"Calipers":4,"Ring of the Snake":0,"Pocketwatch":5},{"Calipers":3,"Ring of the Snake":0,"Pocketwatch":3},{"Calipers":16,"Ring of the Snake":0,"Pocketwatch":16}],"Ring of the Snake":[8],"Pocketwatch":[9]},"card_choices":[{"not_picked":["Well Laid Plans","Backflip"],"picked":"PiercingWail","floor":1.0},{"not_picked":["Dodge and Roll","PiercingWail"],"picked":"Deflect","floor":2.0},{"not_picked":["Flying Knee","Well Laid Plans"],"picked":"Masterful Stab","floor":3}],"player_experience":2627879,"relics_obtained":[],"event_choices":[{"cards_removed":["Deflect"],"damage_healed":0,"gold_gain":0,"player_choice":"Gave Card","damage_taken":0,"relics_obtained":["Calipers"],"max_hp_gain":0,"max_hp_loss":0,"event_name":"WeMeetAgain","floor":4,"gold_loss":0}],"is_beta":false,"boss_relics":[],"items_purged_floors":[],"is_endless":false,"potions_floor_spawned":[1],"killed_by":"Lagavulin","ascension_level":20}}