{"host":"10b2ljh1rg6srmxa","time":1612556068,"event":{"mods":["AchievementEnabler","BaseMod","Better Third Choice","Colored Map","Colored Powertips","Conspire","Downfall","Googly Eyes","Highlight Path","Hubris","Infinite Spire","Minty Spire (QoL Compilation)","Replay The Spire","StSLib","The Animator","The Wild Card","everything is the same but u backflip on backflip"],"gold_per_floor":[99,116,116,116,131,148,148,168,197,97,82,102,120,70,96,201,201,101,136,136,136,161,61,61,76,112,112,127,127,161,171,213,308,308,308,340,358,358,57,92,92,127,146,146,157,164,164,175,203,226,226,226],"floor_reached":50,"language":"ENG","playtime":7636,"items_purged":[],"score":482,"play_id":"077642eb-34d7-4422-b8a4-0981a3209f93","local_time":"20210205211428","is_ascension_mode":false,"campfire_choices":[{"data":"champ:Taunt","floor":1,"key":"SMITH"},{"data":"champ:SetATrap","floor":10,"key":"SMITH"},{"floor":18,"key":"RECALL"},{"data":"champ:FalseCounter","floor":23,"key":"SMITH"},{"data":"champ:TripleStrike","floor":23,"key":"SMITH"},{"data":"champ:PreemptiveStrike","floor":29,"key":"SMITH"},{"data":"champ:CrookedStrike","floor":29,"key":"SMITH"}],"circlet_count":0,"master_deck":["champ:Strike","champ:Strike","champ:Strike","champ:Strike","champ:Defend","champ:Defend","champ:Defend","champ:Defend","champ:Execute+1","champ:Taunt+1","Replay:Bootleg Shield Generator","champ:DefensiveShout","champ:SetATrap+1","champ:GutPunch","champ:FlashCut","champ:FaceSlap","champ:BringItOn","champ:FalseCounter+1","conspire:SpireCoStock","champ:ShieldWall","champ:TripleStrike+1","champ:EnGarde+1","champ:PreemptiveStrike+1","champ:CrookedStrike+1","champ:SkillfulDodge+1","champ:Circumvent+1","champ:GutPunch+1","champ:ShieldThrow","champ:Haymaker","champ:StanceDance+1","champ:Shatter+1","champ:RecklessLeap","champ:ShieldThrow+1","champ:RapidStrikes+1"],"relics":["champ:ChampionCrown","hubris:TinFlute","infinitespire:Satchel","downfall:HeartBlessingGreen","ChewingGum","Nloth\u0027s Gift","Replay:Arrowhead","downfall:HeartBlessingRed","hubris:PeanutButter","Simple Rune","conspire:SpecialSausage","Peace Pipe","Shovel","Molten Egg 2","hubris:FunFungus","hubris:MedicalManual","hubris:ScarierMask"],"acts_visited":["Exordium","TheCity","TheBeyond"],"potions_floor_usage":[28,37,42],"damage_taken":[{"damage":10,"enemies":"2 Louse","floor":2,"turns":2},{"damage":15,"enemies":"Jaw Worm","floor":5,"turns":4},{"damage":20,"enemies":"Small Slimes","floor":6,"turns":4},{"damage":0,"enemies":"Exordium Wildlife","floor":8,"turns":3},{"damage":63,"enemies":"Lagavulin","floor":9,"turns":8},{"damage":15,"enemies":"downfall:FleeingMerchant","floor":11,"turns":4},{"damage":15,"enemies":"Gremlin Gang","floor":12,"turns":4},{"damage":10,"enemies":"Exordium Thugs","floor":13,"turns":5},{"damage":9,"enemies":"Exordium Wildlife","floor":15,"turns":4},{"damage":24,"enemies":"SI_SHIV_ARCHETYPE","floor":16,"turns":7},{"damage":25,"enemies":"Shell Parasite","floor":19,"turns":5},{"damage":13,"enemies":"Snake Plant","floor":22,"turns":3},{"damage":22,"enemies":"Sentry and Sphere","floor":25,"turns":4},{"damage":47,"enemies":"Shelled Parasite and Fungi","floor":26,"turns":5},{"damage":18,"enemies":"Snecko","floor":28,"turns":4},{"damage":17,"enemies":"Snake Plant","floor":30,"turns":4},{"damage":2,"enemies":"downfall:FleeingMerchant","floor":31,"turns":4},{"damage":30,"enemies":"Centurion and Healer","floor":32,"turns":6},{"damage":36,"enemies":"IC_MUSHROOM_ARCHETYPE","floor":33,"turns":7},{"damage":2,"enemies":"3 Shapes","floor":36,"turns":5},{"damage":24,"enemies":"3 Darklings","floor":37,"turns":4},{"damage":0,"enemies":"downfall:FleeingMerchant","floor":39,"turns":4},{"damage":29,"enemies":"Spire Growth","floor":40,"turns":5},{"damage":132,"enemies":"Giant Head","floor":42,"turns":10},{"damage":8,"enemies":"4 Shapes","floor":43,"turns":10},{"damage":18,"enemies":"Maw","floor":45,"turns":8},{"damage":21,"enemies":"downfall:FleeingMerchant","floor":46,"turns":4},{"damage":0,"enemies":"Sphere and 2 Shapes","floor":48,"turns":9},{"damage":0,"enemies":"4 Shapes","floor":49,"turns":8},{"damage":151,"enemies":"DF_ARCHETYPE_ORBS","floor":50,"turns":15}],"seed_played":"5067408659530210682","potions_obtained":[{"floor":9,"key":"Swift Potion"},{"floor":12,"key":"Weak Potion"},{"floor":13,"key":"Strength Potion"},{"floor":15,"key":"Milkshake"},{"floor":16,"key":"FairyPotion"},{"floor":25,"key":"PowerPotion"},{"floor":32,"key":"Reflective Coating"},{"floor":33,"key":"SkillPotion"},{"floor":37,"key":"Strength Potion"},{"floor":40,"key":"Block Potion"},{"floor":48,"key":"BlessingOfTheForge"}],"is_trial":false,"path_per_floor":["R","M","?","T","M","M","T","M","E","R","$","M","M","?","M","B",null,"R","M","?","AVR","M","R","T","M","M","T","M","R","M","$","M","B",null,"R_BF","M","M","?","$","M","T","E","M","AVR","M","$","?","M","M","B"],"character_chosen":"THE_CHAMP","items_purchased":["Shovel"],"campfire_rested":0,"item_purchase_floors":[39],"current_hp_per_floor":[90,90,90,90,90,80,80,80,52,52,52,47,47,47,43,34,90,100,90,90,90,87,87,87,95,83,83,80,80,83,91,91,90,100,100,100,81,81,81,77,77,5,27,27,21,25,25,50,66,0,0,0],"gold":226,"neow_bonus":"RANDOM_COLORLESS","is_daily":false,"chose_seed":false,"campfire_upgraded":6,"win_rate":0.0,"timestamp":1612556068,"path_taken":["R","M","?","?","M","M","T","M","E","R","$","M","M","?","M","BOSS","R","M","?","AVR","M","R","T","?","M","?","M","R","M","$","M","BOSS","R_BF","M","M","?","$","M","T","E","M","AVR","M","?","?","M","M","BOSS"],"items_purchased_type":["Relic"],"build_version":"2020-12-22","purchased_purges":0,"victory":false,"max_hp_per_floor":[90,90,90,90,90,90,90,90,90,90,90,90,90,90,90,90,90,100,100,100,100,100,100,100,100,100,100,100,100,100,100,100,100,100,100,100,100,100,100,100,100,100,100,100,100,100,100,100,100,100,100,100],"card_choices":[{"not_picked":["Replay:Sssssssssstrike","Deep Breath"],"picked":"Replay:Bootleg Shield Generator","floor":0},{"not_picked":["champ:PerfectedStrike","champ:Parry"],"picked":"champ:DefensiveShout","floor":2},{"not_picked":["champ:PreciseThrust","champ:DeathBlow"],"picked":"champ:SetATrap","floor":5},{"not_picked":["champ:Circumvent","champ:RisingSlash"],"picked":"champ:GutPunch","floor":6},{"not_picked":["champ:DefensiveShout","champ:FocusedBerserking"],"picked":"champ:FlashCut","floor":8},{"not_picked":["champ:RecklessLeap","champ:BladeFlurry"],"picked":"champ:FaceSlap","floor":9},{"not_picked":["champ:DefensiveShout","champ:Circumvent"],"picked":"champ:BringItOn","floor":11},{"not_picked":["champ:CrownThrow","champ:TornadoPunch"],"picked":"champ:FalseCounter","floor":12},{"not_picked":["champ:BringItOn","champ:PerfectedStrike","champ:Parry"],"picked":"SKIP","floor":13},{"not_picked":["champ:BringItOn","champ:PerfectedStrike"],"picked":"champ:ShieldWall","floor":15},{"not_picked":["champ:MurderStrike","champ:Improvising"],"picked":"champ:TripleStrike","floor":16},{"not_picked":["champ:FaceSlap+1","champ:FanOfKnives","champ:AdrenalArmor"],"picked":"SKIP","floor":19},{"not_picked":["champ:Shatter","champ:Circumvent"],"picked":"champ:EnGarde+1","floor":22},{"not_picked":["champ:EnGarde+1","champ:Parry","champ:FlashCut"],"picked":"SKIP","floor":25},{"not_picked":["champ:CheapShot","champ:AdrenalArmor"],"picked":"champ:PreemptiveStrike","floor":26},{"not_picked":["champ:EndlessRage","champ:CrownThrow"],"picked":"champ:CrookedStrike","floor":28},{"not_picked":["champ:EnGarde+1","champ:RisingSlash+1"],"picked":"champ:SkillfulDodge+1","floor":30},{"not_picked":["champ:EndlessRage","champ:FanOfKnives"],"picked":"champ:Circumvent+1","floor":31},{"not_picked":["champ:FanOfKnives","champ:Circumvent"],"picked":"champ:GutPunch+1","floor":32},{"not_picked":["champ:StrikeOfGenius","champ:IgnorePain"],"picked":"champ:ShieldThrow","floor":33},{"not_picked":["champ:Duel","champ:FanOfKnives"],"picked":"champ:Haymaker","floor":36},{"not_picked":["champ:FalseCounter","champ:Devastate"],"picked":"champ:StanceDance+1","floor":37},{"not_picked":["champ:GutPunch","champ:FancyFootwork"],"picked":"champ:Shatter+1","floor":39},{"not_picked":["champ:AdrenalArmor+1","champ:PreemptiveStrike"],"picked":"champ:RecklessLeap","floor":40},{"not_picked":["champ:BladeFlurry+1","champ:PerfectedStrike+1","champ:TornadoPunch+1"],"picked":"SKIP","floor":42},{"not_picked":["champ:EnGarde","champ:PreciseThrust+1","champ:FanOfKnives+1"],"picked":"SKIP","floor":43},{"not_picked":["champ:DefensiveShout","champ:ShieldSlam+1","champ:EndlessRage+1"],"picked":"SKIP","floor":45},{"not_picked":["champ:FlashCut+1","champ:RisingSlash+1","champ:MurderStrike+1"],"picked":"SKIP","floor":46},{"not_picked":["champ:TornadoPunch+1","champ:FanOfKnives+1","champ:GutPunch+1"],"picked":"SKIP","floor":48},{"not_picked":["champ:IgnorePain","champ:CrookedStrike+1"],"picked":"champ:RapidStrikes+1","floor":49}],"player_experience":376897,"relics_obtained":[{"floor":7,"key":"hubris:TinFlute"},{"floor":9,"key":"infinitespire:Satchel"},{"floor":24,"key":"hubris:PeanutButter"},{"floor":27,"key":"Simple Rune"},{"floor":35,"key":"Peace Pipe"},{"floor":41,"key":"Molten Egg 2"},{"floor":42,"key":"hubris:FunFungus"}],"event_choices":[{"damage_healed":0,"gold_gain":0,"player_choice":"Invest 1","damage_taken":0,"max_hp_gain":0,"max_hp_loss":0,"event_name":"conspire:Investor","floor":14,"gold_loss":0}],"is_beta":false,"boss_relics":[{"not_picked":["Black Star","hubris:CrackedHourglass"],"picked":"ChewingGum"},{"not_picked":["Velvet Choker","ReplayTheSpireMod:SealedPack"],"picked":"conspire:SpecialSausage"}],"items_purged_floors":[],"is_endless":false,"potions_floor_spawned":[9,12,13,15,16,19,25,32,33,37,40,48],"killed_by":"DF_ARCHETYPE_ORBS","ascension_level":0}}