{"host":"q9sqrn60n8lvmavn","time":1612567653,"event":{"mods":["AchievementEnabler","AlwaysNeverKeys","BaseMod","Better Third Choice","Better Vampires","Better-Laid Plans","Block Reminder","Colored Powertips","Curses Come First","DNKmod","Emptier Cage","Friendly Minions","Minty Spire (QoL Compilation)","Permanent Neow","Relic Filter Mod","Shop Mod","StSLib","Weighted Paths"],"gold_per_floor":[1010,1029,465,483,483,510,510,510,510,536,536,570,598,247,247,345,345,363,376,141,14,14,49,49,62,62,90,105,123,123,154,154,258,258,274,163,217,145,158,191,191,216,266,266,299,299,318,148,148,148,148,148,35,68,68,68],"floor_reached":55,"language":"ENG","playtime":2786,"items_purged":["Dualcast","Strike_B","Defend_B","Zap","Defend_B","Defend_B","Strike_B"],"score":1824,"play_id":"d84048cc-4d4c-41ac-bc38-7332a385e0ed","local_time":"20210205152733","is_ascension_mode":true,"campfire_choices":[{"data":"White Noise","floor":7.0,"key":"SMITH"},{"data":"Gash","floor":8.0,"key":"SMITH"},{"data":"Sweeping Beam","floor":11.0,"key":"SMITH"},{"floor":15.0,"key":"REST"},{"data":"Reprogram","floor":32,"key":"SMITH"},{"data":"Hologram","floor":41,"key":"SMITH"},{"data":"Seek","floor":46,"key":"SMITH"},{"data":"1","floor":49,"key":"LIFT"},{"data":"2","floor":52,"key":"LIFT"}],"circlet_count":0,"master_deck":["AscendersBane","Strike_B","Strike_B","Defend_B","Sweeping Beam+1","White Noise+1","Gash+1","Seek+1","Reprogram+1","Hologram+1","Go for the Eyes+1","Beam Cell+1","Ghostly","Ghostly","Ghostly","Ghostly","Ghostly","Meteor Strike+1","Loop","Hologram+1","Madness","Madness","Core Surge+1","Core Surge+1","Gash+1"],"relics":["Ice Cream","Thread and Needle","Unceasing Top","Lantern","Cables","Bottled Lightning","CaptainsWheel","Molten Egg 2","Oddly Smooth Stone","Bag of Preparation","Meat on the Bone","Nuclear Battery","Membership Card","Kunai","Mummified Hand","StoneCalendar","InkBottle","Emotion Chip","Coffee Dripper","Girya","MerchantsRug","Sling","Centennial Puzzle","Boot","PreservedInsect","Symbiotic Virus","Vajra"],"acts_visited":["Exordium","TheCity","TheBeyond","TheEnding"],"potions_floor_usage":[33,33,50,50],"damage_taken":[{"damage":0.0,"enemies":"Jaw Worm","floor":1.0,"turns":3.0},{"damage":2.0,"enemies":"Cultist","floor":2.0,"turns":3.0},{"damage":0.0,"enemies":"2 Louse","floor":4.0,"turns":2.0},{"damage":1.0,"enemies":"3 Sentries","floor":6.0,"turns":4.0},{"damage":6.0,"enemies":"Lagavulin","floor":10.0,"turns":4.0},{"damage":13.0,"enemies":"Gremlin Nob","floor":12.0,"turns":4.0},{"damage":10.0,"enemies":"Lagavulin","floor":13.0,"turns":4.0},{"damage":0.0,"enemies":"Slime Boss","floor":16.0,"turns":6.0},{"damage":6.0,"enemies":"2 Thieves","floor":18.0,"turns":2.0},{"damage":0.0,"enemies":"Chosen","floor":19.0,"turns":3.0},{"damage":24,"enemies":"Slavers","floor":23,"turns":5},{"damage":0,"enemies":"3 Cultists","floor":25,"turns":3},{"damage":3,"enemies":"Gremlin Leader","floor":27,"turns":4},{"damage":11,"enemies":"Snake Plant","floor":28,"turns":3},{"damage":0,"enemies":"Centurion and Healer","floor":29,"turns":3},{"damage":0,"enemies":"Book of Stabbing","floor":31,"turns":4},{"damage":0,"enemies":"Champ","floor":33,"turns":5},{"damage":0,"enemies":"3 Shapes","floor":35,"turns":5},{"damage":2,"enemies":"2 Orb Walkers","floor":37,"turns":6},{"damage":0,"enemies":"Orb Walker","floor":39,"turns":2},{"damage":0,"enemies":"Nemesis","floor":40,"turns":3},{"damage":0,"enemies":"Reptomancer","floor":42,"turns":4},{"damage":0,"enemies":"Nemesis","floor":45,"turns":4},{"damage":0,"enemies":"Writhing Mass","floor":47,"turns":3},{"damage":0,"enemies":"Awakened One","floor":50,"turns":3},{"damage":29,"enemies":"Shield and Spear","floor":54,"turns":3},{"damage":33,"enemies":"The Heart","floor":55,"turns":7}],"seed_played":"2733864848474572518","potions_obtained":[{"floor":1.0,"key":"Strength Potion"},{"floor":10.0,"key":"Strength Potion"},{"floor":22.0,"key":"PowerPotion"},{"floor":33,"key":"Explosive Potion"},{"floor":39,"key":"Strength Potion"},{"floor":40,"key":"Regen Potion"}],"is_trial":false,"path_per_floor":["M","M","$","M","?","E","R","R","T","E","R","E","E","$","R","B",null,"M","M","$","$","?","E","$","M","T","E","M","M","?","E","R","B",null,"M","$","?","$","M","E","R","E","T","?","E","R","M","$","R","B",null,"R","$","E","B"],"character_chosen":"DEFECT","items_purchased":["Lantern","Cables","White Noise","Meat on the Bone","Membership Card","Go for the Eyes+1","Kunai","Loop","MerchantsRug","Sling","Core Surge+1"],"campfire_rested":1,"item_purchase_floors":[3,3,3,14,20,20,21,36,38,38,48],"current_hp_per_floor":[70,68,68,68,68,67,67,67,67,61,61,48,38,38,68,68,92,86,86,86,86,86,62,62,62,62,59,60,60,50,50,50,50,50,50,50,48,48,48,48,48,48,48,42,42,42,42,42,42,50,50,50,50,33,0,0],"gold":68,"neow_bonus":"ONE_RARE_RELIC","is_daily":false,"chose_seed":false,"campfire_upgraded":6,"win_rate":0.0,"timestamp":1612567653,"path_taken":["M","M","$","M","?","E","R","R","T","E","R","E","E","$","R","BOSS","M","M","?","$","?","E","$","?","T","E","M","M","?","E","R","BOSS","M","$","?","$","M","E","R","E","T","?","E","R","M","$","R","BOSS","R","$","E","BOSS"],"items_purchased_type":["Relic","Relic","Card","Relic","Relic","Card","Relic","Card","Relic","Relic","Card"],"build_version":"2020-12-22","purchased_purges":7,"victory":false,"max_hp_per_floor":[100,100,100,100,100,100,100,100,100,100,100,100,100,100,100,100,100,100,100,100,100,100,100,100,100,100,100,100,100,50,50,50,50,50,50,50,50,50,50,50,50,50,50,50,50,50,50,50,50,50,50,50,50,50,50,50],"card_choices":[{"not_picked":["Self Repair","Aggregate","Compile Driver"],"picked":"SKIP","floor":1.0},{"not_picked":["Doom and Gloom","Compile Driver"],"picked":"Sweeping Beam","floor":2.0},{"not_picked":["Hologram","Tempest","Steam"],"picked":"SKIP","floor":4.0},{"not_picked":["Steam","Melter"],"picked":"Gash","floor":6.0},{"not_picked":["Capacitor","Aggregate","Barrage+1"],"picked":"SKIP","floor":10.0},{"not_picked":["Hello World","Heatsinks","Capacitor"],"picked":"SKIP","floor":12.0},{"not_picked":["Hologram","Auto Shields","Barrage+1"],"picked":"SKIP","floor":13.0},{"not_picked":["Echo Form","Multi-Cast"],"picked":"Seek","floor":16.0},{"not_picked":["Go for the Eyes+1","Undo"],"picked":"Reprogram","floor":18.0},{"not_picked":["Glacier+1","Ball Lightning+1"],"picked":"Hologram","floor":19.0},{"not_picked":["Cold Snap+1","Chaos"],"picked":"Beam Cell+1","floor":23},{"not_picked":["Hello World","Ball Lightning+1","Streamline+1"],"picked":"SKIP","floor":25},{"not_picked":["Coolheaded","Steam+1","Ball Lightning+1"],"picked":"SKIP","floor":27},{"not_picked":["Go for the Eyes+1","Storm","FTL+1"],"picked":"SKIP","floor":28},{"not_picked":["Rip and Tear+1","Rainbow","Streamline+1"],"picked":"SKIP","floor":29},{"not_picked":["Chill","Heatsinks"],"picked":"Meteor Strike+1","floor":31},{"not_picked":["FTL+1","Ball Lightning+1","Cold Snap+1"],"picked":"SKIP","floor":35},{"not_picked":["Lockon+1","Streamline+1"],"picked":"Hologram+1","floor":39},{"not_picked":["Double Energy+1","Ball Lightning+1","Glacier+1"],"picked":"SKIP","floor":40},{"not_picked":["Buffer","Beam Cell+1","Rebound+1"],"picked":"SKIP","floor":42},{"not_picked":["Blizzard+1","Self Repair"],"picked":"Core Surge+1","floor":45},{"not_picked":["Double Energy","BootSequence","Cold Snap+1"],"picked":"SKIP","floor":47},{"not_picked":["Defragment+1","Turbo+1"],"picked":"Gash+1","floor":54}],"player_experience":231955,"relics_obtained":[{"floor":6.0,"key":"Bottled Lightning"},{"floor":9.0,"key":"CaptainsWheel"},{"floor":10.0,"key":"Molten Egg 2"},{"floor":12.0,"key":"Oddly Smooth Stone"},{"floor":13.0,"key":"Bag of Preparation"},{"floor":23,"key":"Mummified Hand"},{"floor":26,"key":"StoneCalendar"},{"floor":27,"key":"InkBottle"},{"floor":31,"key":"Emotion Chip"},{"floor":37,"key":"Girya"},{"floor":40,"key":"Centennial Puzzle"},{"floor":42,"key":"Boot"},{"floor":43,"key":"PreservedInsect"},{"floor":45,"key":"Symbiotic Virus"},{"floor":54,"key":"Vajra"}],"event_choices":[{"damage_healed":0.0,"max_hp_gain":0.0,"max_hp_loss":0.0,"gold_gain":0.0,"event_name":"The Woman in Blue","player_choice":"Bought 0 Potions","floor":5.0,"gold_loss":0.0,"damage_taken":0.0},{"damage_healed":0.0,"max_hp_gain":0.0,"max_hp_loss":0.0,"gold_gain":0.0,"event_name":"Lab","player_choice":"Got Potions","floor":22.0,"gold_loss":0.0,"damage_taken":0.0},{"damage_healed":0,"gold_gain":0,"player_choice":"Became a Ghost","damage_taken":0,"max_hp_gain":0,"max_hp_loss":50,"event_name":"Ghosts","floor":30,"gold_loss":0,"cards_obtained":["Ghostly","Ghostly","Ghostly","Ghostly","Ghostly"]},{"damage_healed":0,"gold_gain":0,"player_choice":"Fight","damage_taken":0,"max_hp_gain":0,"max_hp_loss":0,"event_name":"Mysterious Sphere","floor":37,"gold_loss":0},{"damage_healed":0,"gold_gain":0,"player_choice":"Embrace Madness","damage_taken":6,"max_hp_gain":0,"max_hp_loss":0,"event_name":"Winding Halls","floor":44,"gold_loss":0,"cards_obtained":["Madness","Madness"]}],"is_beta":false,"boss_relics":[{"not_picked":["Cursed Key","Busted Crown"],"picked":"Nuclear Battery"},{"not_picked":["SlaversCollar","Velvet Choker"],"picked":"Coffee Dripper"}],"items_purged_floors":[3,14,20,36,38,48,53],"is_endless":false,"potions_floor_spawned":[1,10,12,13,23,25,28,31,33,39,40,47],"killed_by":"The Heart","ascension_level":11}}