{"host":"3fd6e6c5cltq175f","time":1612531418,"event":{"mods":["AchievementEnabler","BaseMod","Colored Map","Colored Powertips","DeckTracker","Minty Spire (QoL Compilation)"],"gold_per_floor":[116,41,41,55,55,87,87,115,115,126,126,76,88,100,100,200,200,200,200],"floor_reached":18,"language":"ENG","playtime":626,"items_purged":["Strike_R"],"score":213,"play_id":"85a97186-f6a4-4557-8506-a76d2589fd82","local_time":"20210205142338","is_ascension_mode":true,"campfire_choices":[{"data":"Uppercut","floor":11,"key":"SMITH"},{"data":"Armaments","floor":15,"key":"SMITH"}],"circlet_count":0,"master_deck":["Strike_R","Strike_R","Defend_R","Defend_R","Defend_R","Defend_R","Bash","Armaments","Uppercut+1","Armaments+1","Flex","Flex"],"relics":["Burning Blood","Kunai","Meat on the Bone","Sozu"],"acts_visited":["Exordium","TheCity"],"potions_floor_usage":[6,8,16,16,16],"damage_taken":[{"damage":3,"enemies":"2 Louse","floor":1,"turns":3},{"damage":0,"enemies":"Cultist","floor":4,"turns":3},{"damage":33,"enemies":"Gremlin Nob","floor":6,"turns":5},{"damage":14,"enemies":"Lagavulin","floor":8,"turns":10},{"damage":14,"enemies":"Small Slimes","floor":10,"turns":5},{"damage":30,"enemies":"Exordium Thugs","floor":13,"turns":7},{"damage":4,"enemies":"3 Louse","floor":14,"turns":3},{"damage":25,"enemies":"The Guardian","floor":16,"turns":11},{"damage":72,"enemies":"3 Byrds","floor":18,"turns":7}],"seed_played":"5697997494948435407","potions_obtained":[{"floor":4,"key":"LiquidBronze"},{"floor":5,"key":"ColorlessPotion"},{"floor":5,"key":"Dexterity Potion"},{"floor":10,"key":"DuplicationPotion"},{"floor":14,"key":"ColorlessPotion"}],"is_trial":false,"path_per_floor":["M","$","?","M","?","E","$","E","T","M","R","?","M","M","R","B",null,"M"],"character_chosen":"IRONCLAD","items_purchased":[],"campfire_rested":0,"item_purchase_floors":[],"current_hp_per_floor":[80,80,80,80,80,53,53,45,45,49,49,49,37,51,51,44,71,0,0],"gold":200,"neow_bonus":"THREE_CARDS","is_daily":false,"chose_seed":false,"campfire_upgraded":2,"win_rate":0.0,"timestamp":1612531418,"path_taken":["M","$","?","?","?","E","?","E","T","M","R","?","M","M","R","BOSS","M"],"items_purchased_type":[],"build_version":"2020-12-22","purchased_purges":1,"victory":false,"max_hp_per_floor":[80,80,80,80,80,80,80,80,80,80,80,80,80,80,80,80,80,80,80],"card_choices":[{"not_picked":["Sword Boomerang","Shrug It Off"],"picked":"Armaments","floor":0},{"not_picked":["Heavy Blade","Sever Soul"],"picked":"Uppercut","floor":1},{"not_picked":["Havoc","Pommel Strike"],"picked":"Armaments","floor":4},{"not_picked":["Feel No Pain","Warcry","Flame Barrier"],"picked":"SKIP","floor":6},{"not_picked":["Brutality","Iron Wave"],"picked":"Flex","floor":8},{"not_picked":["True Grit","Headbutt","Heavy Blade"],"picked":"SKIP","floor":10},{"not_picked":["Berserk","Armaments"],"picked":"Flex","floor":13},{"not_picked":["Warcry","Clash","True Grit"],"picked":"SKIP","floor":14}],"player_experience":178477,"relics_obtained":[{"floor":6,"key":"Kunai"},{"floor":8,"key":"Meat on the Bone"}],"event_choices":[{"cards_removed":["Strike_R"],"damage_healed":0,"gold_gain":0,"player_choice":"Offered Basic","damage_taken":0,"max_hp_gain":0,"max_hp_loss":0,"event_name":"Bonfire Elementals","floor":3,"gold_loss":0},{"damage_healed":0,"gold_gain":0,"player_choice":"Got Potions","damage_taken":0,"max_hp_gain":0,"max_hp_loss":0,"event_name":"Lab","floor":5,"gold_loss":0},{"cards_removed":["Strike_R"],"damage_healed":0,"gold_gain":0,"player_choice":"Card Removal","damage_taken":0,"max_hp_gain":0,"max_hp_loss":0,"event_name":"The Cleric","floor":12,"gold_loss":50}],"is_beta":false,"boss_relics":[{"not_picked":["Pandora\u0027s Box","Empty Cage"],"picked":"Sozu"}],"items_purged_floors":[2],"is_endless":false,"potions_floor_spawned":[4,10,14],"killed_by":"3 Byrds","ascension_level":5}}