{"host":"1c52r9kaxdyo25eq","time":1612524559,"event":{"mods":["AchievementEnabler","BaseMod","DeckTracker","Minty Spire (QoL Compilation)","Rare Cards Sparkle","SuperFastMode","everything is the same but u backflip on backflip"],"gold_per_floor":[109,129,22,22,22,52,52,87,87,87,102,102,119,119,119,119,119],"floor_reached":16,"language":"KOR","playtime":295,"items_purged":[],"score":160,"play_id":"b666cc7c-361e-4272-a83d-6ba2f2896b41","local_time":"20210205202919","is_ascension_mode":true,"campfire_choices":[{"data":"Recycle","floor":7,"key":"SMITH"},{"data":"Self Repair","floor":10,"key":"SMITH"},{"data":"Reinforced Body","floor":15,"key":"SMITH"}],"circlet_count":0,"master_deck":["Strike_B","Strike_B+1","Strike_B","Strike_B","Defend_B","Defend_B","Defend_B","Zap","Dualcast","BowlingBash+1","Turbo","Recycle+1","Self Repair+1","Reinforced Body+1","Coolheaded","Adrenaline","Quick Slash"],"relics":["Cracked Core","PrismaticShard","NeowsBlessing","The Courier","Juzu Bracelet","Ginger","MealTicket","Calipers"],"acts_visited":["Exordium"],"potions_floor_usage":[16],"damage_taken":[{"damage":0,"enemies":"2 Louse","floor":1,"turns":1},{"damage":0,"enemies":"Small Slimes","floor":2,"turns":1},{"damage":0,"enemies":"Gremlin Nob","floor":6,"turns":1},{"damage":44,"enemies":"Lagavulin","floor":8,"turns":9},{"damage":1,"enemies":"Cultist","floor":11,"turns":3},{"damage":17,"enemies":"Exordium Wildlife","floor":13,"turns":4},{"damage":2,"enemies":"Hexaghost","floor":16,"turns":8}],"seed_played":"-2090750782319973904","potions_obtained":[{"floor":2,"key":"Weak Potion"},{"floor":11,"key":"EssenceOfSteel"}],"is_trial":false,"path_per_floor":["M","M","$","?","?","E","R","E","T","R","M","?","M","?","R","B"],"character_chosen":"DEFECT","items_purchased":["Recycle","Self Repair"],"campfire_rested":0,"item_purchase_floors":[3,3],"current_hp_per_floor":[75,75,75,68,68,68,68,31,31,31,40,25,18,11,11,9,9],"gold":119,"neow_bonus":"THREE_ENEMY_KILL","is_daily":false,"chose_seed":false,"campfire_upgraded":3,"win_rate":0.0,"timestamp":1612524559,"path_taken":["M","M","$","?","?","E","R","E","T","R","M","?","M","?","R","BOSS"],"items_purchased_type":["Card","Card"],"build_version":"2020-12-22","purchased_purges":0,"victory":false,"max_hp_per_floor":[75,75,75,75,75,75,75,75,75,75,75,75,75,75,75,75,75],"card_choices":[{"not_picked":["Heavy Blade","Blind"],"picked":"BowlingBash","floor":1},{"not_picked":["ClearTheMind","CrushJoints"],"picked":"Turbo","floor":2},{"not_picked":["Body Slam","Slice"],"picked":"Reinforced Body","floor":6},{"not_picked":["Setup","Armaments"],"picked":"Coolheaded","floor":8},{"not_picked":["Dash","Havoc"],"picked":"Adrenaline","floor":11},{"not_picked":["Chaos","Iron Wave"],"picked":"Quick Slash","floor":13}],"player_experience":644934,"relics_obtained":[{"floor":6,"key":"Juzu Bracelet"},{"floor":8,"key":"Ginger"},{"floor":9,"key":"MealTicket"}],"event_choices":[{"cards_removed":["Defend_B"],"damage_healed":0,"gold_gain":0,"player_choice":"Card Removal","damage_taken":7,"max_hp_gain":0,"max_hp_loss":0,"event_name":"Golden Wing","floor":4,"gold_loss":0},{"damage_healed":0,"gold_gain":0,"player_choice":"Gave Potion","damage_taken":0,"relics_obtained":["The Courier"],"max_hp_gain":0,"max_hp_loss":0,"event_name":"WeMeetAgain","floor":5,"gold_loss":0},{"damage_healed":0,"gold_gain":0,"player_choice":"Entered Light","damage_taken":15,"max_hp_gain":0,"max_hp_loss":0,"event_name":"Shining Light","floor":12,"gold_loss":0,"cards_upgraded":["Strike_B","BowlingBash"]},{"damage_healed":0,"gold_gain":0,"player_choice":"Success","damage_taken":7,"relics_obtained":["Calipers"],"max_hp_gain":0,"max_hp_loss":0,"event_name":"Scrap Ooze","floor":14,"gold_loss":0}],"is_beta":false,"boss_relics":[],"items_purged_floors":[],"is_endless":false,"potions_floor_spawned":[2,11],"killed_by":"Hexaghost","ascension_level":4}}