{"host":"i70yit5z0kpl303k","time":1612560380,"event":{"mods":["2.2 Compatiblity","Act Like it!","BaseMod","BetterRewards","Downfall","Gensokyo","Infinite Spire","Ironclad Rager","Koishi","Marked Mod","Minty Spire (QoL Compilation)","Relic Stats","Replay The Spire","StSLib","The Marked","thorton"],"gold_per_floor":[99,110,128,148,148,210,234,245,145,159,172,200,269,369,387,488,488,488,488,509,509,528,555,555,555,171,198,198,222,251,201,212,212,212,212],"floor_reached":33,"language":"ENG","playtime":2361,"items_purged":["downfall:Bewildered"],"score":288,"play_id":"ddcaa803-40e7-4f38-be6b-a22d29f91b0c","local_time":"20210205132620","is_ascension_mode":false,"campfire_choices":[{"floor":1,"key":"RECALL"},{"floor":9,"key":"REST"},{"data":"hexamod:GhostflameInferno","floor":18,"key":"SMITH"},{"floor":25,"key":"REST"},{"data":"hexamod:GhostOfSpirePresent","floor":28,"key":"SMITH"}],"circlet_count":0,"master_deck":["hexamod:Strike+1","hexamod:Strike+1","hexamod:Strike+1","hexamod:Strike+1","hexamod:Defend+1","hexamod:Defend+1","hexamod:Defend+1","hexamod:Defend+1","hexamod:Sear","hexamod:Float","hexamod:TurnItUp+1","hexamod:BurningTouch","hexamod:ThirdSeal","hexamod:ChargedBarrage","hexamod:HeatMetal","hexamod:ShieldOfDarkness+1","hexamod:TimeOfNeed+1","hexamod:EtherealExpedition+1","hexamod:FourthSeal","hexamod:CatchUp","hexamod:SecondSeal","hexamod:RadiantFlame","hexamod:ThermalTransfer","hexamod:EmpoweredFlame+1","hexamod:RadiantFlame","hexamod:GhostflameInferno+1","hexamod:SixthSeal","hexamod:Firestarter+1","hexamod:ChargedBarrage+1","hexamod:HauntingEcho+1","hexamod:GhostOfSpirePresent+1","hexamod:ShieldOfDarkness+1","hexamod:GhostflameBarrier+1","hexamod:Hexaguard+1","hexamod:ThirdSeal","hexamod:InspiringFlames+1","hexamod:HeatMetal","hexamod:RecurringNightmare+1","hexamod:InspiringFlames+1","hexamod:EtherealExpedition+1","hexamod:Firestarter","hexamod:BacktrackSmack+1","hexamod:AdvancingGuard+1"],"relics":["hexamod:SpiritBrand","Lantern","downfall:HeartBlessingRed","hexamod:InflammatoryLetter","hexamod:IceCube","sneckomod:BabySnecko","hexamod:SoulConsumer","Lee\u0027s Waffle","Bronze Scales","Question Card"],"acts_visited":["Exordium","TheCity"],"potions_floor_usage":[16,16],"damage_taken":[{"damage":0,"enemies":"Small Slimes","floor":2,"turns":3},{"damage":1,"enemies":"Jaw Worm","floor":3,"turns":4},{"damage":18,"enemies":"2 Louse","floor":4,"turns":4},{"damage":18,"enemies":"2 Fungi Beasts","floor":8,"turns":4},{"damage":6,"enemies":"Large Slime","floor":10,"turns":3},{"damage":0,"enemies":"Lots of Slimes","floor":11,"turns":4},{"damage":0,"enemies":"3 Louse","floor":12,"turns":4},{"damage":6,"enemies":"Red Slaver","floor":15,"turns":4},{"damage":26,"enemies":"WA_ARCHETYPE_RETAIN","floor":16,"turns":6},{"damage":14,"enemies":"Shell Parasite","floor":20,"turns":7},{"damage":13,"enemies":"Snake Plant","floor":22,"turns":4},{"damage":16,"enemies":"Centurion and Healer","floor":23,"turns":7},{"damage":10,"enemies":"downfall:FleeingMerchant","floor":26,"turns":4},{"damage":2,"enemies":"Snecko","floor":27,"turns":4},{"damage":25,"enemies":"Snake Plant","floor":29,"turns":4},{"damage":46,"enemies":"Slavers","floor":30,"turns":6},{"damage":24,"enemies":"Shelled Parasite and Fungi","floor":32,"turns":4},{"damage":18,"enemies":"IC_MUSHROOM_ARCHETYPE","floor":33,"turns":1}],"seed_played":"-456879840309941139","potions_obtained":[{"floor":2,"key":"SteroidPotion"},{"floor":4,"key":"Explosive Potion"},{"floor":6,"key":"Reflective Coating"},{"floor":6,"key":"PowerPotion"},{"floor":10,"key":"Slimebound:ThreeZeroPotion"},{"floor":22,"key":"Doom Potion"},{"floor":22,"key":"DuplicationPotion"}],"is_trial":false,"path_per_floor":["R","M","M","M","?","?","T","M","R","M","M","M","T","?","M","B",null,"R","?","M","?","M","M","T","R","$","M","R","M","E","?","M","B"],"character_chosen":"THE_SPIRIT","items_purchased":["Lee\u0027s Waffle","Bronze Scales"],"campfire_rested":2,"item_purchase_floors":[26,26],"current_hp_per_floor":[70,70,69,51,51,51,51,33,54,48,48,48,48,48,42,16,70,70,70,56,56,43,27,27,48,77,77,77,52,10,39,15,0,0,0],"gold":212,"neow_bonus":"ONE_RANDOM_RARE_CARD","is_daily":false,"chose_seed":false,"campfire_upgraded":2,"win_rate":0.0,"timestamp":1612560380,"path_taken":["R","M","M","M","?","?","T","M","R","M","M","M","?","?","M","BOSS","R","?","M","?","M","M","T","R","$","M","R","M","E","?","M","BOSS"],"items_purchased_type":["Relic","Relic"],"build_version":"2020-12-22","purchased_purges":1,"victory":false,"max_hp_per_floor":[70,70,70,70,70,70,70,70,70,70,70,70,70,70,70,70,70,70,70,70,70,70,70,70,70,77,77,77,77,77,77,77,77,77,77],"relic_stats":{"Lee\u0027s Waffle":35,"counters":[18,77],"Bronze Scales":[72],"Question Card":1,"obtain_stats":[{"sneckomod:BabySnecko":19,"Lantern":7,"Lee\u0027s Waffle":26,"downfall:HeartBlessingRed":9,"Bronze Scales":26,"hexamod:InflammatoryLetter":13,"hexamod:SoulConsumer":24,"Question Card":30,"hexamod:SpiritBrand":0,"hexamod:IceCube":17},{"sneckomod:BabySnecko":9,"Lantern":3,"Lee\u0027s Waffle":13,"downfall:HeartBlessingRed":4,"Bronze Scales":13,"hexamod:InflammatoryLetter":7,"hexamod:SoulConsumer":12,"Question Card":16,"hexamod:SpiritBrand":0,"hexamod:IceCube":9},{"sneckomod:BabySnecko":36,"Lantern":11,"Lee\u0027s Waffle":58,"downfall:HeartBlessingRed":15,"Bronze Scales":58,"hexamod:InflammatoryLetter":26,"hexamod:SoulConsumer":54,"Question Card":72,"hexamod:SpiritBrand":0,"hexamod:IceCube":36}]},"card_choices":[{"not_picked":["hexamod:NightmareStrike","hexamod:AdvancingGuard"],"picked":"hexamod:BurningTouch","floor":2},{"not_picked":["hexamod:SpectersWail","hexamod:StepThrough"],"picked":"hexamod:ThirdSeal","floor":3},{"not_picked":["hexamod:BurningTouch","hexamod:NightmareGuise"],"picked":"hexamod:ChargedBarrage","floor":4},{"not_picked":["hexamod:EtherealExpedition","hexamod:GhostShield"],"picked":"hexamod:HeatMetal","floor":4},{"not_picked":["hexamod:EtherealExpedition","hexamod:InspiringFlames"],"picked":"hexamod:ShieldOfDarkness","floor":6},{"not_picked":["hexamod:SkipABeat","hexamod:RainOfEmbers"],"picked":"hexamod:TimeOfNeed","floor":8},{"not_picked":["hexamod:SwordOfDarkness","hexamod:InspiringFlames"],"picked":"hexamod:EtherealExpedition","floor":8},{"not_picked":["hexamod:InspiringFlames","hexamod:GhostLash"],"picked":"hexamod:FourthSeal","floor":10},{"not_picked":["hexamod:Rewind","hexamod:NightmareStrike"],"picked":"hexamod:CatchUp","floor":10},{"not_picked":["hexamod:SpectersWail","hexamod:ShieldOfDarkness"],"picked":"hexamod:SecondSeal","floor":11},{"not_picked":["hexamod:ThermalTransfer","hexamod:HeatMetal"],"picked":"hexamod:RadiantFlame","floor":11},{"not_picked":["hexamod:StepThrough","hexamod:GhostLash"],"picked":"hexamod:ThermalTransfer","floor":12},{"not_picked":["hexamod:Incineration","hexamod:HeatMetal"],"picked":"hexamod:EmpoweredFlame","floor":15},{"not_picked":["hexamod:ThermalTransfer","hexamod:SkipABeat"],"picked":"hexamod:RadiantFlame","floor":15},{"not_picked":["hexamod:ParanormalForm","hexamod:UnlimitedPower"],"picked":"hexamod:GhostflameInferno","floor":16},{"not_picked":["hexamod:FifthSeal","hexamod:ParanormalForm"],"picked":"hexamod:SixthSeal","floor":16},{"not_picked":["hexamod:NightmareGuise","hexamod:HeatShield"],"picked":"hexamod:Firestarter+1","floor":20},{"not_picked":["hexamod:FastForward","hexamod:GhostLash"],"picked":"hexamod:ChargedBarrage+1","floor":22},{"not_picked":["hexamod:InspiringFlames","hexamod:FastForward"],"picked":"hexamod:HauntingEcho+1","floor":22},{"not_picked":["hexamod:GhostLash","hexamod:ShieldOfDarkness+1"],"picked":"hexamod:GhostOfSpirePresent","floor":23},{"not_picked":["hexamod:SoulSteal","hexamod:NecessarySacrifice"],"picked":"hexamod:ShieldOfDarkness+1","floor":23},{"not_picked":["hexamod:Haunt","hexamod:UnlimitedPower"],"picked":"hexamod:GhostflameBarrier","floor":26},{"not_picked":["hexamod:SwordOfDarkness","hexamod:SpectersWail"],"picked":"hexamod:Hexaguard+1","floor":26},{"not_picked":["hexamod:RainOfEmbers","hexamod:Hexaguard"],"picked":"hexamod:ThirdSeal","floor":27},{"not_picked":["hexamod:SecondSeal","hexamod:SoulSteal+1"],"picked":"hexamod:InspiringFlames+1","floor":27},{"not_picked":["hexamod:BacktrackSmack","hexamod:RainOfEmbers"],"picked":"hexamod:HeatMetal","floor":29},{"not_picked":["hexamod:GhostOfSpireFuture+1","hexamod:GhostLash"],"picked":"hexamod:RecurringNightmare+1","floor":29},{"not_picked":["hexamod:FastForward","hexamod:ShieldOfDarkness"],"picked":"hexamod:InspiringFlames+1","floor":29},{"not_picked":["hexamod:Again","hexamod:InspiringFlames"],"picked":"hexamod:EtherealExpedition+1","floor":30},{"not_picked":["hexamod:GhostShield","hexamod:ThermalTransfer"],"picked":"hexamod:Firestarter","floor":30},{"not_picked":["hexamod:ExtraCrispy+1","hexamod:BurningTouch"],"picked":"hexamod:BacktrackSmack+1","floor":30},{"not_picked":["hexamod:FirstSeal","hexamod:ThermalTransfer","hexamod:GhostShield"],"picked":"hexamod:AdvancingGuard+1","floor":32}],"player_experience":247454,"relics_obtained":[{"floor":7,"key":"Lantern"},{"floor":13,"key":"hexamod:InflammatoryLetter"},{"floor":24,"key":"hexamod:SoulConsumer"},{"floor":30,"key":"Question Card"}],"event_choices":[],"is_beta":false,"boss_relics":[{"not_picked":["thethorton:GreedFountain","Empty Cage"],"picked":"hexamod:IceCube"}],"items_purged_floors":[26],"is_endless":false,"potions_floor_spawned":[2,4,10,11,12,22,27,29],"killed_by":"IC_MUSHROOM_ARCHETYPE","ascension_level":0}}