{"host":"c6xy0a74zz7y4nf6","time":1612503526,"event":{"mods":["BaseMod","Minty Spire (QoL Compilation)","Replay The Spire","StSLib","The Servant 0.9.4"],"gold_per_floor":[109,122,122,122,136,169,169,194,194,207,237,237,11,29,29,129,129,145,145,161,161,177,177,177],"floor_reached":23,"language":"ENG","playtime":1256,"items_purged":["Strike_S"],"score":273,"play_id":"2f3147e1-456e-4130-ae5e-7d1bc91668d5","local_time":"20210204233846","is_ascension_mode":true,"campfire_choices":[{"floor":7,"key":"REST"},{"data":"Starlight","floor":12,"key":"SMITH"}],"circlet_count":0,"master_deck":["Strike_S+1","Strike_S+1","Defend_S","Defend_S","Defend_S","Defend_S","KidneyShot","Exchange","SilverBlades+1","InstantArmor+1","FastForward","Defy","Starlight+1","Sabotage","MurderousAura","SilverBlades","Foresight+1"],"relics":["StoneMask","ReplayTheSpireMod:Ring of Addiction","Potion Belt","SacredBark","Whetstone","Replay:Bottled Eggs","ReplayTheSpireMod:TigerMarble","Centennial Puzzle","MysterySword","MutagenicStrength"],"acts_visited":["Exordium","TheCity"],"potions_floor_usage":[5,6,8,11,16,16,23,23],"damage_taken":[{"damage":5,"enemies":"Jaw Worm","floor":1,"turns":6},{"damage":11,"enemies":"Small Slimes","floor":2,"turns":4},{"damage":0,"enemies":"Cultist","floor":5,"turns":3},{"damage":30,"enemies":"3 Sentries","floor":6,"turns":12},{"damage":4,"enemies":"Lagavulin","floor":8,"turns":5},{"damage":3,"enemies":"2 Fungi Beasts","floor":10,"turns":5},{"damage":4,"enemies":"3 Sentries","floor":11,"turns":5},{"damage":0,"enemies":"Looter","floor":14,"turns":3},{"damage":3,"enemies":"Slime Boss","floor":16,"turns":5},{"damage":10,"enemies":"Chosen","floor":18,"turns":4},{"damage":40,"enemies":"3 Byrds","floor":20,"turns":4},{"damage":7,"enemies":"Centurion and Healer","floor":22,"turns":4},{"damage":47,"enemies":"Book of Stabbing","floor":23,"turns":5}],"seed_played":"-407777169098442035","potions_obtained":[{"floor":1,"key":"Death Potion"},{"floor":2,"key":"PowerPotion"},{"floor":3,"key":"Energy Potion"},{"floor":3,"key":"Dexterity Potion"},{"floor":3,"key":"Swift Potion"},{"floor":6,"key":"Doom Potion"},{"floor":22,"key":"Adrenaline Potion"}],"is_trial":false,"path_per_floor":["M","M","?","?","M","E","R","E","T","M","E","R","$","M","R","B",null,"M","?","M","?","M","E"],"character_chosen":"THE_SERVANT","items_purchased":["Toxic Potion","Toxic Potion"],"campfire_rested":1,"item_purchase_floors":[13,13],"current_hp_per_floor":[63,58,58,58,61,40,61,60,60,67,72,72,72,75,75,79,79,72,80,47,47,46,0,0],"gold":177,"neow_bonus":"BOSS_RELIC","is_daily":false,"chose_seed":false,"campfire_upgraded":1,"win_rate":0.0,"timestamp":1612503526,"path_taken":["M","M","?","?","M","E","R","E","T","?","E","R","$","M","R","BOSS","M","?","?","?","M","E"],"items_purchased_type":["Potion","Potion"],"build_version":"2020-12-22","purchased_purges":1,"victory":false,"max_hp_per_floor":[66,68,68,68,69,72,72,73,73,75,78,78,78,79,77,79,79,80,80,81,81,83,81,81],"card_choices":[{"not_picked":["FanOfKnives","Replace"],"picked":"SilverBlades","floor":1},{"not_picked":["Gouge","Rewind"],"picked":"InstantArmor","floor":2},{"not_picked":["Sabotage","DualDimension"],"picked":"InstantArmor","floor":5},{"not_picked":["TimeWarp","Ricochet"],"picked":"FastForward","floor":6},{"not_picked":["DoubleEdge","Revamp"],"picked":"Defy","floor":8},{"not_picked":["TimeWarp","Potential"],"picked":"Starlight","floor":10},{"not_picked":["Manipulate","Replace"],"picked":"Sabotage","floor":11},{"not_picked":["Unruled","Deny","ShiftingGears"],"picked":"SKIP","floor":14},{"not_picked":["Deny","LightFlow"],"picked":"MurderousAura","floor":16},{"not_picked":["Luminosity","RealityMarble+1"],"picked":"SilverBlades","floor":18},{"not_picked":["Replace","Rearm","TimeWarp"],"picked":"SKIP","floor":20},{"not_picked":["ShatteredReality+1","Reset"],"picked":"Foresight+1","floor":22}],"player_experience":90632,"relics_obtained":[{"floor":3,"key":"ReplayTheSpireMod:Ring of Addiction"},{"floor":3,"key":"Potion Belt"},{"floor":3,"key":"SacredBark"},{"floor":6,"key":"Whetstone"},{"floor":8,"key":"Replay:Bottled Eggs"},{"floor":9,"key":"ReplayTheSpireMod:TigerMarble"},{"floor":11,"key":"Centennial Puzzle"}],"event_choices":[{"damage_healed":0,"gold_gain":0,"player_choice":"Forge","damage_taken":0,"max_hp_gain":0,"max_hp_loss":0,"event_name":"Accursed Blacksmith","floor":4,"gold_loss":0,"cards_upgraded":["SilverBlades"]},{"cards_removed":["Strike_S"],"damage_healed":0,"gold_gain":0,"player_choice":"Forget","damage_taken":0,"max_hp_gain":0,"max_hp_loss":0,"event_name":"Living Wall","floor":15,"gold_loss":0},{"cards_removed":["InstantArmor"],"damage_healed":8,"gold_gain":0,"player_choice":"Offered Uncommon","damage_taken":0,"max_hp_gain":0,"max_hp_loss":0,"event_name":"Bonfire Elementals","floor":19,"gold_loss":0},{"damage_healed":0,"gold_gain":0,"player_choice":"Inject Mutagens","damage_taken":0,"relics_obtained":["MutagenicStrength"],"max_hp_gain":0,"max_hp_loss":0,"event_name":"Drug Dealer","floor":21,"gold_loss":0}],"is_beta":false,"boss_relics":[{"not_picked":["ChewingGum","Coffee Dripper"],"picked":"MysterySword"}],"items_purged_floors":[13],"is_endless":false,"potions_floor_spawned":[1,2,6,22],"killed_by":"Book of Stabbing","ascension_level":1}}