{"host":"q9718omregw4er46","time":1612560866,"event":{"mods":["BaseMod","Bestiary","Minty Spire (QoL Compilation)","Quick Restart","Relic Stats"],"gold_per_floor":[364,382,400,400,49,49,74,74,374,384,413,70,81,92,92,171,171,189,201,201,212,27,27,27,27],"floor_reached":24,"language":"ENG","playtime":783,"items_purged":["Strike_B","Strike_B"],"score":466,"play_id":"256c0b40-2a9e-4b5f-b384-2c8d605dd17e","local_time":"20210206023426","is_ascension_mode":true,"campfire_choices":[{"data":"Ball Lightning","floor":6,"key":"SMITH"},{"data":"Hologram","floor":8,"key":"SMITH"},{"data":"Compile Driver","floor":15,"key":"SMITH"},{"data":"Electrodynamics","floor":23,"key":"SMITH"}],"circlet_count":0,"master_deck":["AscendersBane","Strike_B","Defend_B","Defend_B","Defend_B","Defend_B","Zap","Dualcast","Ball Lightning+1","Steam","Cold Snap","Hologram+1","Compile Driver+1","Reboot","Conserve Battery","Electrodynamics+1","Reboot","Self Repair"],"relics":["Cracked Core","Anchor","Ginger","Old Coin","Emotion Chip","Incense Burner","Inserter"],"acts_visited":["Exordium","TheCity"],"potions_floor_usage":[11,16,19,24,24],"damage_taken":[{"damage":1,"enemies":"Cultist","floor":1,"turns":4},{"damage":4,"enemies":"Small Slimes","floor":2,"turns":4},{"damage":2,"enemies":"2 Louse","floor":3,"turns":3},{"damage":0,"enemies":"3 Sentries","floor":7,"turns":7},{"damage":0,"enemies":"Looter","floor":10,"turns":3},{"damage":15,"enemies":"Lagavulin","floor":11,"turns":5},{"damage":0,"enemies":"Exordium Wildlife","floor":13,"turns":3},{"damage":1,"enemies":"Blue Slaver","floor":14,"turns":4},{"damage":7,"enemies":"The Guardian","floor":16,"turns":14},{"damage":13,"enemies":"Shell Parasite","floor":18,"turns":7},{"damage":7,"enemies":"3 Byrds","floor":19,"turns":3},{"damage":1,"enemies":"3 Cultists","floor":21,"turns":3},{"damage":44,"enemies":"Book of Stabbing","floor":24,"turns":4}],"seed_played":"-5639120879554724783","potions_obtained":[{"floor":2,"key":"GamblersBrew"},{"floor":10,"key":"AttackPotion"},{"floor":11,"key":"Swift Potion"},{"floor":16,"key":"Strength Potion"}],"is_trial":false,"path_per_floor":["M","M","M","?","$","R","E","R","T","M","E","$","M","M","R","B",null,"M","M","?","M","$","R","E"],"character_chosen":"DEFECT","items_purchased":["EntropicBrew","Anchor","Incense Burner","Self Repair"],"campfire_rested":0,"item_purchase_floors":[5,5,12,22],"current_hp_per_floor":[63,59,57,57,57,57,57,57,57,57,42,42,42,41,41,34,57,44,37,37,36,36,36,0,0],"gold":27,"neow_bonus":"TWO_FIFTY_GOLD","is_daily":false,"chose_seed":false,"campfire_upgraded":4,"win_rate":0.0,"timestamp":1612560866,"path_taken":["M","M","M","?","$","R","E","R","T","M","E","$","M","M","R","BOSS","M","M","?","M","$","R","E"],"items_purchased_type":["Potion","Relic","Relic","Card"],"build_version":"2020-12-22","purchased_purges":2,"victory":false,"max_hp_per_floor":[64,64,64,64,64,64,64,64,64,64,64,64,64,64,64,64,64,64,64,64,64,64,64,64,64],"relic_stats":{"Emotion Chip":[35,28,7,0,0],"Inserter":[8],"counters":[13,64],"Ginger":[2],"obtain_stats":[{"Anchor":5,"Emotion Chip":11,"Inserter":17,"Incense Burner":12,"Ginger":7,"Cracked Core":0,"Old Coin":9},{"Anchor":3,"Emotion Chip":6,"Inserter":9,"Incense Burner":6,"Ginger":4,"Cracked Core":0,"Old Coin":4},{"Anchor":11,"Emotion Chip":26,"Inserter":47,"Incense Burner":26,"Ginger":18,"Cracked Core":0,"Old Coin":18}]},"card_choices":[{"not_picked":["Steam","Compile Driver"],"picked":"Ball Lightning","floor":1},{"not_picked":["Streamline","Force Field"],"picked":"Steam","floor":2},{"not_picked":["Aggregate","Stack"],"picked":"Cold Snap","floor":3},{"not_picked":["Lockon","Leap"],"picked":"Compile Driver","floor":7},{"not_picked":["Gash","Cold Snap"],"picked":"Reboot","floor":10},{"not_picked":["Aggregate","Coolheaded","Storm"],"picked":"SKIP","floor":11},{"not_picked":["Ball Lightning","Consume"],"picked":"Conserve Battery","floor":13},{"not_picked":["Turbo","Hologram","Recycle"],"picked":"SKIP","floor":14},{"not_picked":["Rainbow","Core Surge"],"picked":"Electrodynamics","floor":16},{"not_picked":["Force Field","Leap","Steam+1"],"picked":"SKIP","floor":18},{"not_picked":["Rebound","Compile Driver+1","Hologram"],"picked":"SKIP","floor":19},{"not_picked":["Go for the Eyes","Conserve Battery"],"picked":"Reboot","floor":21}],"player_experience":783888,"relics_obtained":[{"floor":7,"key":"Ginger"},{"floor":9,"key":"Old Coin"},{"floor":11,"key":"Emotion Chip"}],"event_choices":[{"damage_healed":0,"gold_gain":0,"cards_transformed":["Strike_B"],"player_choice":"Change","damage_taken":0,"max_hp_gain":0,"max_hp_loss":0,"event_name":"Living Wall","floor":4,"gold_loss":0,"cards_obtained":["Hologram"]},{"damage_healed":0,"gold_gain":0,"player_choice":"Ignored","damage_taken":0,"max_hp_gain":0,"max_hp_loss":0,"event_name":"The Mausoleum","floor":20,"gold_loss":0}],"is_beta":false,"boss_relics":[{"not_picked":["Coffee Dripper","Tiny House"],"picked":"Inserter"}],"items_purged_floors":[5,22],"is_endless":false,"potions_floor_spawned":[2,10,11,16,18],"killed_by":"Book of Stabbing","ascension_level":20}}