{"host":"j49z5jz0n7e8vjox","time":1612550868,"event":{"mods":["AchievementEnabler","BaseMod","Bestiary","Colored Map","Colored Powertips","DeckTracker","Minty Spire (QoL Compilation)","Permanent Neow","UnlockEverythingMod"],"gold_per_floor":[117,129,89,105,105,105,119,119,143,177,177,177,203,278,278,278,278],"floor_reached":16,"language":"ENG","playtime":11305,"items_purged":[],"score":216,"play_id":"2b426db4-4efa-4857-8811-72354c851207","local_time":"20210205124748","is_ascension_mode":true,"campfire_choices":[{"data":"Bash","floor":6,"key":"SMITH"},{"data":"Seeing Red","floor":8,"key":"SMITH"},{"floor":11,"key":"REST"},{"floor":15,"key":"REST"}],"circlet_count":0,"master_deck":["AscendersBane","Strike_R","Strike_R","Strike_R","Strike_R","Strike_R","Defend_R","Defend_R","Defend_R","Defend_R","Bash+1","Thunderclap","Seeing Red+1","Disarm","Feel No Pain","Disarm","Armaments"],"relics":["Burning Blood","Juzu Bracelet","Smiling Mask","Tiny Chest"],"acts_visited":["Exordium"],"potions_floor_usage":[7,13,16],"damage_taken":[{"damage":1,"enemies":"Cultist","floor":1,"turns":3},{"damage":14,"enemies":"Jaw Worm","floor":2,"turns":4},{"damage":10,"enemies":"Small Slimes","floor":4,"turns":4},{"damage":18,"enemies":"Exordium Thugs","floor":7,"turns":4},{"damage":48,"enemies":"Lagavulin","floor":10,"turns":10},{"damage":42,"enemies":"3 Sentries","floor":13,"turns":11},{"damage":29,"enemies":"Hexaghost","floor":16,"turns":7}],"seed_played":"4100086181366376138","potions_obtained":[{"floor":1,"key":"Dexterity Potion"},{"floor":2,"key":"SteroidPotion"},{"floor":13,"key":"BlessingOfTheForge"}],"is_trial":false,"path_per_floor":["M","M","$","M","$","R","M","R","T","E","R","?","E","?","R","B"],"character_chosen":"IRONCLAD","items_purchased":["Disarm"],"campfire_rested":2,"item_purchase_floors":[3],"current_hp_per_floor":[73,65,65,61,61,61,49,49,49,7,29,54,18,7,29,0,0],"gold":278,"neow_bonus":"THREE_CARDS","is_daily":false,"chose_seed":false,"campfire_upgraded":2,"win_rate":0.0,"timestamp":1612550868,"path_taken":["M","M","$","M","?","R","?","R","T","E","R","?","E","?","R","BOSS"],"items_purchased_type":["Card"],"build_version":"2020-12-22","purchased_purges":0,"victory":false,"max_hp_per_floor":[75,75,75,75,75,75,75,75,75,75,75,75,75,75,75,75,75],"card_choices":[{"not_picked":["Shrug It Off","Warcry"],"picked":"Thunderclap","floor":0},{"not_picked":["Infernal Blade","Searing Blow"],"picked":"Seeing Red","floor":1},{"not_picked":["Warcry","Anger","Rampage"],"picked":"SKIP","floor":2},{"not_picked":["Warcry","Anger","Rampage"],"picked":"SKIP","floor":2},{"not_picked":["Heavy Blade","Seeing Red"],"picked":"Feel No Pain","floor":4},{"not_picked":["Wild Strike","Headbutt"],"picked":"Disarm","floor":7},{"not_picked":["Sever Soul","Perfected Strike","Bloodletting"],"picked":"SKIP","floor":10},{"not_picked":["Searing Blow","Limit Break"],"picked":"Armaments","floor":13}],"player_experience":825686,"relics_obtained":[{"floor":9,"key":"Juzu Bracelet"},{"floor":10,"key":"Smiling Mask"},{"floor":13,"key":"Tiny Chest"}],"event_choices":[{"damage_healed":25,"gold_gain":0,"player_choice":"Banana","damage_taken":0,"max_hp_gain":0,"max_hp_loss":0,"event_name":"Big Fish","floor":12,"gold_loss":0},{"damage_healed":0,"gold_gain":75,"player_choice":"Gather Gold","damage_taken":11,"max_hp_gain":0,"max_hp_loss":0,"event_name":"World of Goop","floor":14,"gold_loss":0}],"is_beta":false,"boss_relics":[],"items_purged_floors":[],"is_endless":false,"potions_floor_spawned":[1,2,13],"killed_by":"Hexaghost","ascension_level":20}}