{"host":"qc8gw3x1c8jlo9fx","time":1612496481,"event":{"mods":["AchievementEnabler","BaseMod","Better Note","BetterRewards","Conspire","Hubris","Infinite Spire","Jedi Mod","Minty Spire (QoL Compilation)","Reliquary","Replay The Spire","StSLib","The IronCluck"],"gold_per_floor":[114,114,132,132,147,172,172,202,202,202,227,227,49,97,97,254,254,299,299,348,528,111,111,180,180,180,180,234,317,317,5289,5289,5758,5758,6157,6157,6591,6591,6721,7215,7225,7225],"floor_reached":41,"language":"ENG","playtime":1727,"items_purged":[],"score":988,"play_id":"3321cffd-0470-4005-b1eb-dfa047316389","local_time":"20210204204121","daily_mods":["Flight","Cursed Run"],"is_ascension_mode":false,"campfire_choices":[{"floor":7,"key":"REST"},{"floor":12,"key":"REST"},{"data":"hubris:SpecializedCircuitry","floor":15,"key":"SMITH"},{"floor":23,"key":"REST"},{"floor":25,"key":"REST"},{"floor":27,"key":"REST"},{"data":"Zap","floor":32,"key":"SMITH"}],"circlet_count":0,"master_deck":["Strike_B","Strike_B","Strike_B","Strike_B+1","Defend_B","Defend_B","Defend_B","Defend_B","Zap+1","Dualcast","Static Discharge+1","jedi:studyfrost","Ball Lightning","Gash","hubris:SpecializedCircuitry+1","hubris:Sloth","Injury","Ball Lightning","Gash","Loop","ReplayTheSpireMod:Reroute Power","hubris:Wrath","Mirror Shield","Ball Lightning+1","Stack+1","Self Repair","Leap+1","Clumsy","Go for the Eyes","Lockon+1","Strike_B","Strike_B","Strike_B","Strike_B+1","Defend_B","Defend_B","Defend_B","Defend_B","Zap","Dualcast","Static Discharge+1","jedi:studyfrost","Ball Lightning","Gash","hubris:SpecializedCircuitry+1","hubris:Sloth","Injury","Ball Lightning","Gash","Loop","ReplayTheSpireMod:Reroute Power","hubris:Wrath","Mirror Shield","Ball Lightning+1","Stack+1","Self Repair","Leap+1","Clumsy","Go for the Eyes","Lockon+1","ReplayTheSpireMod:IOU","ReplayTheSpireMod:IOU","ReplayTheSpireMod:IOU","ReplayTheSpireMod:IOU","ReplayTheSpireMod:IOU","ReplayTheSpireMod:IOU","ReplayTheSpireMod:IOU","ReplayTheSpireMod:IOU","ReplayTheSpireMod:IOU","ReplayTheSpireMod:IOU","ReplayTheSpireMod:IOU","ReplayTheSpireMod:IOU","ReplayTheSpireMod:IOU","ReplayTheSpireMod:IOU","ReplayTheSpireMod:IOU","ReplayTheSpireMod:IOU","ReplayTheSpireMod:IOU","ReplayTheSpireMod:IOU","ReplayTheSpireMod:IOU","ReplayTheSpireMod:IOU","ReplayTheSpireMod:IOU","ReplayTheSpireMod:IOU","ReplayTheSpireMod:IOU","ReplayTheSpireMod:IOU","ReplayTheSpireMod:IOU","ReplayTheSpireMod:IOU","ReplayTheSpireMod:IOU","ReplayTheSpireMod:IOU","ReplayTheSpireMod:IOU","ReplayTheSpireMod:IOU","ReplayTheSpireMod:IOU","ReplayTheSpireMod:IOU","ReplayTheSpireMod:IOU","ReplayTheSpireMod:IOU","ReplayTheSpireMod:IOU","ReplayTheSpireMod:IOU","ReplayTheSpireMod:IOU","ReplayTheSpireMod:IOU","ReplayTheSpireMod:IOU","ReplayTheSpireMod:IOU","ReplayTheSpireMod:IOU","ReplayTheSpireMod:IOU","ReplayTheSpireMod:IOU","ReplayTheSpireMod:IOU","ReplayTheSpireMod:IOU","ReplayTheSpireMod:IOU","ReplayTheSpireMod:IOU","ReplayTheSpireMod:IOU","ReplayTheSpireMod:IOU","ReplayTheSpireMod:IOU","ReplayTheSpireMod:IOU","ReplayTheSpireMod:IOU","ReplayTheSpireMod:IOU","jedi:frostbite","Creative AI","Ball Lightning+1","jedi:locknload+1","infinitespire:Punishment","Gash+1","Go for the Eyes+1"],"relics":["Cursed Key","Darkstone Periapt","Du-Vu Doll","jedi:maincommand","reliquary:MedicineBall","Replay:Bandana","reliquary:TridentHead","hubris:Towel","Replay:Wax Seal","WristBlade","reliquary:PartyBalloon","Membership Card","Replay:Baseball","Bottled Tornado","Bottled Flame","Lee\u0027s Waffle","Blue Doll","hubris:Potato","infinitespire:EvilPickle","hubris:Backtick","Toxic Egg 2","Calipers","reliquary:OuijaBoard","Meat on the Bone"],"acts_visited":["Exordium","TheCity","TheBeyond"],"potions_floor_usage":[],"damage_taken":[{"damage":2,"enemies":"2 Louse","floor":1,"turns":2},{"damage":5,"enemies":"Small Slimes","floor":3,"turns":3},{"damage":1,"enemies":"Cultist","floor":5,"turns":3},{"damage":26,"enemies":"Lagavulin","floor":6,"turns":5},{"damage":18,"enemies":"Gremlin Nob","floor":8,"turns":3},{"damage":0,"enemies":"Large Slime","floor":14,"turns":4},{"damage":26,"enemies":"Slime Boss","floor":16,"turns":6},{"damage":15,"enemies":"Spheric Guardian","floor":18,"turns":3},{"damage":6,"enemies":"conspire:FuzzyDice","floor":20,"turns":3},{"damage":65,"enemies":"Book of Stabbing","floor":24,"turns":4},{"damage":7,"enemies":"Centurion and Healer","floor":28,"turns":3},{"damage":18,"enemies":"Gremlin Leader","floor":29,"turns":6},{"damage":28,"enemies":"Pondfish","floor":33,"turns":4},{"damage":15,"enemies":"Orb Walker","floor":35,"turns":2},{"damage":0,"enemies":"3 Shapes","floor":37,"turns":1},{"damage":0,"enemies":"infinitespire:Three Voidlings","floor":39,"turns":1},{"damage":98,"enemies":"Nightmare_Alpha","floor":39,"turns":4},{"damage":0,"enemies":"Reptomancer","floor":40,"turns":2},{"damage":13,"enemies":"Giant Head","floor":41,"turns":2}],"seed_played":"-1851974852728336947","potions_obtained":[{"floor":3,"key":"Adrenaline Potion"},{"floor":6,"key":"Strength Potion"},{"floor":8,"key":"Elixir"},{"floor":16,"key":"ColorlessPotion"}],"is_trial":true,"path_per_floor":["M","?","M","?","M","E","R","E","T","?","T","R","$","M","R","B",null,"M","?","M","?","$","R","E","R","T","R","M","E","?","$","R","B",null,"M","AVR","M","?","?","E","E"],"character_chosen":"DEFECT","items_purchased":["Ball Lightning","Gash","Loop","jedi:command_common","jedi:command_shop","Self Repair","jedi:command_shop","jedi:command_common","jedi:command_rare"],"campfire_rested":5,"item_purchase_floors":[13,13,13,22,22,22,31,31,31],"current_hp_per_floor":[73,73,68,68,67,41,63,45,51,51,57,83,83,83,83,63,93,78,75,69,50,50,77,19,46,52,81,81,70,94,448,448,440,454,439,439,439,439,341,341,328,328],"gold":7225,"neow_bonus":"","is_daily":false,"chose_seed":false,"campfire_upgraded":2,"win_rate":0.0,"timestamp":1612496481,"path_taken":["M","?","M","?","?","E","R","E","T","?","?","R","$","M","R","BOSS","M","?","?","?","$","R","E","R","T","R","M","E","?","$","R","BOSS","M","AVR","M","?","?","E","E"],"items_purchased_type":["Card","Card","Card","Relic","Relic","Card","Relic","Relic","Relic"],"build_version":"2020-12-22","purchased_purges":0,"victory":false,"max_hp_per_floor":[75,75,75,75,75,75,75,75,81,81,87,87,87,87,87,93,93,93,93,93,93,93,93,93,93,99,99,99,99,123,448,448,454,454,454,454,454,454,454,454,454,454],"card_choices":[{"not_picked":["Sunder","Steam"],"picked":"Static Discharge","floor":1},{"not_picked":["Barrage","BasicCrystalCard"],"picked":"jedi:studyfrost","floor":3},{"not_picked":["Panic Button","Rebound"],"picked":"Ball Lightning","floor":5},{"not_picked":["Heatsinks","Steam"],"picked":"Gash","floor":6},{"not_picked":["Ball Lightning","Steam"],"picked":"hubris:SpecializedCircuitry","floor":8},{"not_picked":["Reinforced Body","Panic Button"],"picked":"ReplayTheSpireMod:Reroute Power","floor":14},{"not_picked":["hubris:SpecializedCircuitry","jedi:meditation"],"picked":"Mirror Shield","floor":16},{"not_picked":["jedi:sharpshooter+1","Redo"],"picked":"Ball Lightning+1","floor":18},{"not_picked":["BasicCrystalCard","Heatsinks"],"picked":"Stack+1","floor":20},{"not_picked":["Chill","Blizzard"],"picked":"Leap+1","floor":24},{"not_picked":["jedi:BurstFrost+1","Rebound+1"],"picked":"Go for the Eyes","floor":28},{"not_picked":["Sweeping Beam","Steam"],"picked":"Lockon+1","floor":29},{"not_picked":["Machine Learning","Fission"],"picked":"Creative AI","floor":33},{"not_picked":["Chaos+1","jedi:hex+1"],"picked":"Ball Lightning+1","floor":35},{"not_picked":["Coolheaded+1","Gash+1"],"picked":"jedi:locknload+1","floor":37},{"not_picked":["infinitespire:Menacing","infinitespire:TheBestDefense"],"picked":"infinitespire:Punishment","floor":39},{"not_picked":["Rebound","ReplayTheSpireMod:Calculation Training+1"],"picked":"Gash+1","floor":39},{"not_picked":["Sweeping Beam+1","Machine Learning"],"picked":"Go for the Eyes+1","floor":40}],"player_experience":211187,"relics_obtained":[{"floor":6,"key":"jedi:command_uncommon"},{"floor":8,"key":"jedi:command_common"},{"floor":9,"key":"jedi:command_uncommon"},{"floor":11,"key":"jedi:command_common"},{"floor":24,"key":"jedi:command_common"},{"floor":26,"key":"jedi:command_uncommon"},{"floor":29,"key":"jedi:command_uncommon"},{"floor":39,"key":"jedi:command_rare"},{"floor":40,"key":"jedi:command_uncommon"}],"event_choices":[{"damage_healed":0,"gold_gain":0,"player_choice":"Upgraded","damage_taken":0,"max_hp_gain":0,"max_hp_loss":0,"event_name":"Upgrade Shrine","floor":4,"gold_loss":0,"cards_upgraded":["Static Discharge"]},{"damage_healed":0,"gold_gain":0,"player_choice":"Punched","damage_taken":3,"max_hp_gain":0,"max_hp_loss":0,"event_name":"Designer","floor":19,"gold_loss":0},{"damage_healed":0,"gold_gain":180,"player_choice":"GOLD GOLD ","damage_taken":19,"max_hp_gain":0,"max_hp_loss":0,"event_name":"Knowing Skull","floor":21,"potions_obtained":[],"gold_loss":0,"cards_obtained":[]},{"damage_healed":0,"gold_gain":0,"player_choice":"Ignored","damage_taken":0,"max_hp_gain":0,"max_hp_loss":0,"event_name":"Tomb of Lord Red Mask","floor":38,"gold_loss":0}],"is_beta":false,"boss_relics":[{"not_picked":["jedi:command_boss","jedi:command_boss"],"picked":"jedi:command_boss"},{"not_picked":["jedi:command_boss","jedi:command_boss"],"picked":"jedi:command_boss"}],"items_purged_floors":[],"is_endless":true,"potions_floor_spawned":[3,6,8,16,20,28,33,35,39],"killed_by":"Giant Head","ascension_level":0}}