{"host":"344lv32hnei0mdhu","time":1612494712,"event":{"mods":["Act Like it!","BaseMod","Better Match","Better Sensory Stone","Better Skull","Better Third Choice","Better Vampires","Colored Powertips","Highlight Path","Minty Spire (QoL Compilation)","Quick Restart","Random Character Button","Rare Cards Sparkle","StSLib"],"gold_per_floor":[119,10,10,23,74,74,109,109,109,142,142,142,159,184,184,287,287,307,307,327,340,185,213,233,233,233,263,173,193,203,0,0,99,99,114,39,39,39,88,123,123,152,152,152,27,53,0,15,15,15,15,15,15,55,55,55],"floor_reached":55,"language":"ENG","playtime":1976,"items_purged":["Strike_G","Defend_G","Defend_G"],"score":1207,"play_id":"e2caedae-6100-4642-bfbf-c1e5827d7501","local_time":"20210204211152","is_ascension_mode":true,"campfire_choices":[{"data":"Accuracy","floor":6.0,"key":"SMITH"},{"data":"Neutralize","floor":8.0,"key":"SMITH"},{"floor":11.0,"key":"REST"},{"data":"Infinite Blades","floor":15.0,"key":"SMITH"},{"floor":25.0,"key":"RECALL"},{"floor":32.0,"key":"REST"},{"data":"Accuracy","floor":41.0,"key":"SMITH"},{"floor":44.0,"key":"REST"},{"floor":49.0,"key":"REST"},{"data":"After Image","floor":52.0,"key":"SMITH"}],"circlet_count":0,"master_deck":["AscendersBane","Strike_G","Strike_G","Strike_G","Defend_G","Defend_G","Defend_G","Survivor","Neutralize+1","Deflect","Accuracy+1","Choke","Deflect","Infinite Blades+1","Accuracy+1","Storm of Steel","Adrenaline+1","Storm of Steel+1","Tools of the Trade+1","Backstab","After Image+1","Accuracy+1","Deflect+1","Infinite Blades","A Thousand Cuts","Caltrops+1","Bullet Time+1","Adrenaline+1","Adrenaline+1","Footwork+1","Finisher+1"],"relics":["Ring of the Snake","NeowsBlessing","FossilizedHelix","WingedGreaves","Turnip","Pear","Runic Pyramid","MealTicket","CaptainsWheel","Happy Flower","CeramicFish","Molten Egg 2","Centennial Puzzle","Red Mask","Vajra"],"acts_visited":["Exordium","TheCity","TheBeyond","TheEnding"],"potions_floor_usage":[],"damage_taken":[{"damage":0.0,"enemies":"Small Slimes","floor":1.0,"turns":1.0},{"damage":0.0,"enemies":"Jaw Worm","floor":4.0,"turns":1.0},{"damage":0.0,"enemies":"Lagavulin","floor":7.0,"turns":1.0},{"damage":15.0,"enemies":"Gremlin Nob","floor":10.0,"turns":5.0},{"damage":0.0,"enemies":"Cultist","floor":13.0,"turns":4.0},{"damage":2.0,"enemies":"Lagavulin","floor":14.0,"turns":7.0},{"damage":9.0,"enemies":"Slime Boss","floor":16.0,"turns":9.0},{"damage":0.0,"enemies":"Chosen","floor":18.0,"turns":4.0},{"damage":0.0,"enemies":"3 Byrds","floor":20.0,"turns":5.0},{"damage":6.0,"enemies":"3 Cultists","floor":21.0,"turns":5.0},{"damage":0.0,"enemies":"Gremlin Leader","floor":23.0,"turns":7.0},{"damage":0.0,"enemies":"Centurion and Healer","floor":24.0,"turns":5.0},{"damage":36.0,"enemies":"Slavers","floor":27.0,"turns":4.0},{"damage":8.0,"enemies":"Snake Plant","floor":29.0,"turns":3.0},{"damage":1.0,"enemies":"Sentry and Sphere","floor":30.0,"turns":5.0},{"damage":51.0,"enemies":"Champ","floor":33.0,"turns":8.0},{"damage":40.0,"enemies":"3 Shapes","floor":35.0,"turns":6.0},{"damage":7.0,"enemies":"Nemesis","floor":40.0,"turns":5.0},{"damage":9.0,"enemies":"3 Darklings","floor":42.0,"turns":5.0},{"damage":30.0,"enemies":"Giant Head","floor":46.0,"turns":7.0},{"damage":0.0,"enemies":"Maw","floor":48.0,"turns":6.0},{"damage":69.0,"enemies":"Awakened One","floor":50.0,"turns":10.0},{"damage":28.0,"enemies":"Shield and Spear","floor":54.0,"turns":6.0},{"damage":49,"enemies":"The Heart","floor":55,"turns":5}],"seed_played":"-2432465952566780888","potions_obtained":[{"floor":7.0,"key":"Weak Potion"},{"floor":13.0,"key":"AttackPotion"},{"floor":14.0,"key":"Weak Potion"},{"floor":16.0,"key":"Block Potion"},{"floor":27.0,"key":"ColorlessPotion"},{"floor":33.0,"key":"Weak Potion"},{"floor":40.0,"key":"Explosive Potion"},{"floor":42.0,"key":"Weak Potion"},{"floor":54.0,"key":"SteroidPotion"}],"is_trial":false,"path_per_floor":["M","$","?","M","?","R","E","R","T","E","R","$","M","E","R","B",null,"M","?","M","M","$","E","M","R","T","E","?","M","M","$","R","B",null,"M","?","?","$","T","E","R","M","T","R","$","E","?","M","R","B",null,"R","$","E","B"],"character_chosen":"THE_SILENT","items_purchased":["Accuracy","Choke","Accuracy","Fruit Juice"],"campfire_rested":4,"item_purchase_floors":[2,2,22,31],"current_hp_per_floor":[63,63,68,68,68,68,68,68,68,53,75,75,75,83,83,74,82,82,82,82,76,76,76,76,76,76,40,40,32,31,51,78,27,74,34,34,79,79,79,72,72,63,63,79,79,49,49,49,72,3,60,60,75,47,0,0],"gold":55,"neow_bonus":"THREE_ENEMY_KILL","is_daily":false,"chose_seed":false,"campfire_upgraded":5,"win_rate":0.0,"timestamp":1612494712,"path_taken":["M","$","?","M","?","R","E","R","T","E","R","$","M","E","R","BOSS","M","?","M","M","$","E","M","R","T","E","?","?","M","$","R","BOSS","M","?","?","?","?","E","R","M","T","R","$","E","?","M","R","BOSS","R","$","E","BOSS"],"items_purchased_type":["Card","Card","Card","Potion"],"build_version":"2020-12-22","purchased_purges":3,"victory":false,"max_hp_per_floor":[70,70,75,75,75,75,75,75,75,75,75,75,75,85,85,85,85,85,85,85,85,85,85,85,85,85,85,85,85,85,90,90,90,90,90,90,79,79,79,79,79,79,79,79,79,79,79,79,79,79,79,79,79,79,79,79],"card_choices":[{"not_picked":["Sucker Punch","Deadly Poison"],"picked":"Deflect","floor":1.0},{"not_picked":["Eviscerate","Riddle With Holes"],"picked":"Deflect","floor":4.0},{"not_picked":["Calculated Gamble","Deflect"],"picked":"Infinite Blades","floor":7.0},{"not_picked":["Burst","Acrobatics","Backflip"],"picked":"SKIP","floor":10.0},{"not_picked":["Calculated Gamble","Deflect","Poisoned Stab"],"picked":"SKIP","floor":13.0},{"not_picked":["Dagger Throw","Well Laid Plans"],"picked":"Accuracy","floor":14.0},{"not_picked":["Wraith Form v2","A Thousand Cuts"],"picked":"Storm of Steel","floor":16.0},{"not_picked":["Acrobatics","Quick Slash+1","Riddle With Holes"],"picked":"SKIP","floor":18.0},{"not_picked":["Grand Finale+1","Bullet Time+1"],"picked":"Adrenaline+1","floor":19.0},{"not_picked":["Wraith Form v2+1","Die Die Die+1"],"picked":"Storm of Steel+1","floor":19.0},{"not_picked":["Wraith Form v2+1","Glass Knife+1"],"picked":"Tools of the Trade+1","floor":19.0},{"not_picked":["Poisoned Stab","Skewer"],"picked":"Backstab","floor":20.0},{"not_picked":["Backstab","Concentrate+1"],"picked":"After Image","floor":21.0},{"not_picked":["Crippling Poison+1","Cloak And Dagger"],"picked":"Deflect+1","floor":23.0},{"not_picked":["Cloak And Dagger","Skewer"],"picked":"Infinite Blades","floor":24.0},{"not_picked":["Cloak And Dagger","Sucker Punch","Backflip"],"picked":"SKIP","floor":27.0},{"not_picked":["Deflect","Dagger Spray","Expertise"],"picked":"SKIP","floor":29.0},{"not_picked":["Deadly Poison+1","Concentrate","PiercingWail"],"picked":"SKIP","floor":30.0},{"not_picked":["Burst","Malaise"],"picked":"A Thousand Cuts","floor":33.0},{"not_picked":["Reflex","Dodge and Roll"],"picked":"Caltrops+1","floor":35.0},{"not_picked":["Corpse Explosion+1","Unload+1"],"picked":"Bullet Time+1","floor":36.0},{"not_picked":["Burst+1","Doppelganger+1"],"picked":"Adrenaline+1","floor":36.0},{"not_picked":["Envenom+1","Doppelganger+1"],"picked":"Adrenaline+1","floor":36.0},{"not_picked":["Crippling Poison","Masterful Stab","Eviscerate+1"],"picked":"SKIP","floor":40.0},{"not_picked":["Underhanded Strike+1","Dodge and Roll"],"picked":"Footwork+1","floor":42.0},{"not_picked":["Burst","Dagger Throw+1","Sucker Punch+1"],"picked":"SKIP","floor":46.0},{"not_picked":["Concentrate+1","Heel Hook+1","Prepared"],"picked":"SKIP","floor":48.0},{"not_picked":["Acrobatics","Quick Slash+1"],"picked":"Finisher+1","floor":54.0}],"player_experience":404972,"relics_obtained":[{"floor":7.0,"key":"FossilizedHelix"},{"floor":9.0,"key":"WingedGreaves"},{"floor":10.0,"key":"Turnip"},{"floor":14.0,"key":"Pear"},{"floor":23.0,"key":"MealTicket"},{"floor":27.0,"key":"CaptainsWheel"},{"floor":39.0,"key":"Happy Flower"},{"floor":40.0,"key":"CeramicFish"},{"floor":43.0,"key":"Molten Egg 2"},{"floor":46.0,"key":"Centennial Puzzle"},{"floor":54.0,"key":"Vajra"}],"event_choices":[{"damage_healed":0.0,"max_hp_gain":5.0,"max_hp_loss":0.0,"gold_gain":0.0,"event_name":"Big Fish","player_choice":"Donut","floor":3.0,"gold_loss":0.0,"damage_taken":0.0},{"damage_healed":0.0,"max_hp_gain":0.0,"max_hp_loss":0.0,"gold_gain":51.0,"event_name":"Golden Wing","player_choice":"Gained Gold","floor":5.0,"gold_loss":0.0,"damage_taken":0.0},{"damage_healed":0.0,"max_hp_gain":0.0,"max_hp_loss":0.0,"gold_gain":0.0,"event_name":"betterMatch:BetterMatch","player_choice":"3","floor":19.0,"gold_loss":0.0,"damage_taken":0.0,"cards_obtained":["betterMatch:RareCard"]},{"cards_removed":["Strike_G"],"damage_healed":0.0,"max_hp_gain":0.0,"max_hp_loss":0.0,"gold_gain":0.0,"event_name":"Designer","player_choice":"Upgrade and Remove","floor":28.0,"gold_loss":90.0,"damage_taken":0.0,"cards_upgraded":["Accuracy"]},{"damage_healed":0.0,"max_hp_gain":0.0,"max_hp_loss":0.0,"gold_gain":0.0,"event_name":"betterMatch:BetterMatch","player_choice":"3","floor":36.0,"gold_loss":0.0,"damage_taken":0.0,"cards_obtained":["betterMatch:RareCard"]},{"damage_healed":79.0,"max_hp_gain":0.0,"max_hp_loss":11.0,"gold_gain":0.0,"event_name":"The Moai Head","player_choice":"Heal","floor":37.0,"gold_loss":0.0,"damage_taken":0.0},{"damage_healed":0.0,"max_hp_gain":0.0,"max_hp_loss":0.0,"gold_gain":0.0,"event_name":"Tomb of Lord Red Mask","player_choice":"Paid","floor":47.0,"gold_loss":53.0,"damage_taken":0.0,"relics_obtained":["Red Mask"]}],"is_beta":false,"boss_relics":[{"not_picked":["Black Star","Calling Bell"],"picked":"Runic Pyramid"},{"not_picked":["Velvet Choker","Runic Dome","Snecko Eye"]}],"items_purged_floors":[22,31,45],"is_endless":false,"potions_floor_spawned":[7,13,14,16,18,20,27,33,40,42,54],"killed_by":"The Heart","ascension_level":11}}