{"host":"6a9c3xws62y7efyw","time":1612506099,"event":{"mods":["BaseMod","Colored Map","Minty Spire (QoL Compilation)","Relic Stats","StSLib"],"gold_per_floor":[116,131,143,143,153,153,186,201,201,201,233,249,56,82,82,155,155,169,219,237,156,156,156,184,184,258,286,298,298,330,330,330,408,408,421,421,421,36,82,112,112,147,194,204,223,249,249,284,284,284,284,284,284,66,94,94],"floor_reached":57,"language":"ENG","playtime":4015,"items_purged":["Strike_G"],"score":3338,"play_id":"e80e4a1d-589e-4d8f-98e3-e48d8ed8360f","local_time":"20210204222139","is_ascension_mode":true,"campfire_choices":[{"data":"Deadly Poison","floor":6.0,"key":"SMITH"},{"data":"Neutralize","floor":15.0,"key":"SMITH"},{"data":"Cloak And Dagger","floor":23.0,"key":"SMITH"},{"data":"Accuracy","floor":32.0,"key":"SMITH"},{"data":"Burst","floor":41.0,"key":"SMITH"},{"data":"Wraith Form v2","floor":47.0,"key":"SMITH"},{"floor":49.0,"key":"RECALL"},{"data":"Catalyst","floor":53.0,"key":"SMITH"}],"circlet_count":0,"master_deck":["AscendersBane","Defend_G","Defend_G","Defend_G","Defend_G","Defend_G","Survivor","Neutralize+1","Dagger Throw","Blade Dance","Eviscerate","Prepared","Deadly Poison+1","Deflect","Flying Knee","Accuracy+1","Escape Plan","Cloak And Dagger+1","Infinite Blades","Bullet Time","Escape Plan","Outmaneuver+1","All Out Attack","Terror","Corpse Explosion","Leg Sweep","Dodge and Roll+1","Catalyst+1","Blade Dance","Burst+1","CurseOfTheBell","Dash+1","Crippling Poison","Envenom","Wraith Form v2+1","Heel Hook+1","Catalyst","Blade Dance+1","Acrobatics","Acrobatics","Sucker Punch+1","Catalyst"],"relics":["Runic Pyramid","Pantograph","FossilizedHelix","HornCleat","Frozen Eye","Thread and Needle","Coffee Dripper","Peace Pipe","Bottled Lightning","Pear","Singing Bowl","Calling Bell","Lantern","InkBottle","The Specimen","Happy Flower","Prayer Wheel","Molten Egg 2","Bronze Scales","Orichalcum","PreservedInsect","Turnip","Oddly Smooth Stone"],"acts_visited":["Exordium","TheCity","TheBeyond","TheEnding"],"potions_floor_usage":[56,56,56,56],"damage_taken":[{"damage":3.0,"enemies":"2 Louse","floor":1.0,"turns":4.0},{"damage":0.0,"enemies":"Cultist","floor":2.0,"turns":4.0},{"damage":4.0,"enemies":"Small Slimes","floor":3.0,"turns":3.0},{"damage":24.0,"enemies":"Gremlin Gang","floor":5.0,"turns":5.0},{"damage":10.0,"enemies":"Lagavulin","floor":7.0,"turns":7.0},{"damage":19.0,"enemies":"Exordium Wildlife","floor":8.0,"turns":7.0},{"damage":0.0,"enemies":"3 Sentries","floor":11.0,"turns":9.0},{"damage":0.0,"enemies":"2 Fungi Beasts","floor":12.0,"turns":4.0},{"damage":0.0,"enemies":"Gremlin Nob","floor":14.0,"turns":4.0},{"damage":0.0,"enemies":"The Guardian","floor":16.0,"turns":12.0},{"damage":0.0,"enemies":"3 Byrds","floor":18.0,"turns":6.0},{"damage":0.0,"enemies":"Spheric Guardian","floor":20.0,"turns":4.0},{"damage":4.0,"enemies":"Slavers","floor":24.0,"turns":5.0},{"damage":12.0,"enemies":"Gremlin Leader","floor":27.0,"turns":7.0},{"damage":0.0,"enemies":"Chosen and Byrds","floor":28.0,"turns":6.0},{"damage":10.0,"enemies":"Book of Stabbing","floor":30.0,"turns":6.0},{"damage":0.0,"enemies":"Automaton","floor":33.0,"turns":10.0},{"damage":11.0,"enemies":"3 Darklings","floor":35.0,"turns":3.0},{"damage":16.0,"enemies":"2 Orb Walkers","floor":39.0,"turns":3.0},{"damage":2.0,"enemies":"Giant Head","floor":40.0,"turns":6.0},{"damage":0.0,"enemies":"Nemesis","floor":42.0,"turns":7.0},{"damage":0.0,"enemies":"Orb Walker","floor":44.0,"turns":3.0},{"damage":6.0,"enemies":"4 Shapes","floor":45.0,"turns":3.0},{"damage":0.0,"enemies":"Giant Head","floor":46.0,"turns":6.0},{"damage":0.0,"enemies":"Reptomancer","floor":48.0,"turns":3.0},{"damage":20.0,"enemies":"Awakened One","floor":50.0,"turns":11.0},{"damage":28.0,"enemies":"Donu and Deca","floor":51.0,"turns":7.0},{"damage":27.0,"enemies":"Shield and Spear","floor":55.0,"turns":5.0},{"damage":38,"enemies":"The Heart","floor":56,"turns":6}],"seed_played":"-7591251385458898979","potions_obtained":[{"floor":1.0,"key":"DuplicationPotion"},{"floor":7.0,"key":"Regen Potion"},{"floor":8.0,"key":"BlessingOfTheForge"},{"floor":10.0,"key":"PowerPotion"},{"floor":12.0,"key":"AttackPotion"},{"floor":16.0,"key":"LiquidMemories"},{"floor":30.0,"key":"PowerPotion"},{"floor":39.0,"key":"FearPotion"},{"floor":40.0,"key":"Explosive Potion"},{"floor":44.0,"key":"Strength Potion"},{"floor":55.0,"key":"EntropicBrew"}],"is_trial":false,"path_per_floor":["M","M","M","?","M","R","E","M","T","?","E","M","$","E","R","B",null,"M","?","M","$","?","R","E","?","T","E","M","?","E","T","R","B",null,"M","?","?","$","?","E","R","E","T","M","M","E","R","E","R","B","B",null,"R","$","E","B",null],"character_chosen":"THE_SILENT","items_purchased":["Cloak And Dagger","Frozen Eye","All Out Attack","Crippling Poison","Envenom","Happy Flower","Acrobatics","PowerPotion","Sucker Punch+1"],"campfire_rested":0,"item_purchase_floors":[13,13,21,38,38,38,54,54,54],"current_hp_per_floor":[56,56,52,52,28,28,18,14,14,14,14,14,14,14,14,39,59,59,59,59,59,59,59,55,55,55,53,53,31,21,21,21,46,72,61,61,61,61,47,47,47,47,47,47,41,43,43,45,45,50,47,76,76,76,49,36],"gold":94,"neow_bonus":"BOSS_RELIC","is_daily":false,"chose_seed":false,"campfire_upgraded":7,"win_rate":0.0,"timestamp":1612506099,"path_taken":["M","M","M","?","?","R","E","M","T","?","E","?","?","E","R","BOSS","M","?","?","$","?","R","E","?","T","E","M","?","E","?","R","BOSS","M","?","?","$","?","E","R","E","T","M","M","E","R","E","R","BOSS","BOSS","R","$","E","BOSS"],"items_purchased_type":["Card","Relic","Card","Card","Card","Relic","Card","Potion","Card"],"build_version":"2020-12-22","purchased_purges":1,"victory":true,"max_hp_per_floor":[66,66,66,66,66,66,66,66,66,66,66,66,66,66,66,66,66,66,66,66,66,66,66,66,66,66,76,76,81,81,81,81,81,81,81,77,77,77,79,81,81,81,81,81,81,83,83,85,85,85,85,85,85,85,85,85],"relic_stats":{"Peace Pipe":0,"Singing Bowl":8,"Happy Flower":[20],"counters":[29,166],"Pantograph":125,"Bronze Scales":[174],"Prayer Wheel":2,"PreservedInsect":139,"Turnip":[2],"Orichalcum":[54],"obtain_stats":[{"Lantern":34,"Pear":27,"Singing Bowl":30,"The Specimen":34,"Happy Flower":38,"Oddly Smooth Stone":55,"Thread and Needle":14,"PreservedInsect":46,"Orichalcum":43,"Peace Pipe":24,"Calling Bell":34,"Frozen Eye":13,"HornCleat":11,"Pantograph":7,"Bronze Scales":42,"Prayer Wheel":39,"Molten Egg 2":40,"Turnip":48,"Coffee Dripper":17,"Bottled Lightning":26,"FossilizedHelix":9,"InkBottle":34,"Ring of the Snake":0,"Runic Pyramid":0},{"Lantern":17,"Pear":14,"Singing Bowl":16,"The Specimen":17,"Happy Flower":18,"Oddly Smooth Stone":28,"Thread and Needle":9,"PreservedInsect":24,"Orichalcum":21,"Peace Pipe":13,"Calling Bell":17,"Frozen Eye":8,"HornCleat":7,"Pantograph":5,"Bronze Scales":21,"Prayer Wheel":19,"Molten Egg 2":20,"Turnip":25,"Coffee Dripper":10,"Bottled Lightning":13,"FossilizedHelix":6,"InkBottle":17,"Ring of the Snake":0,"Runic Pyramid":0},{"Lantern":103,"Pear":81,"Singing Bowl":93,"The Specimen":103,"Happy Flower":106,"Oddly Smooth Stone":160,"Thread and Needle":47,"PreservedInsect":134,"Orichalcum":122,"Peace Pipe":74,"Calling Bell":103,"Frozen Eye":43,"HornCleat":39,"Pantograph":23,"Bronze Scales":122,"Prayer Wheel":109,"Molten Egg 2":115,"Turnip":137,"Coffee Dripper":59,"Bottled Lightning":74,"FossilizedHelix":30,"InkBottle":103,"Ring of the Snake":0,"Runic Pyramid":0}],"InkBottle":[35]},"card_choices":[{"not_picked":["Terror","Bane"],"picked":"Dagger Throw","floor":1.0},{"not_picked":["Prepared","Infinite Blades"],"picked":"Blade Dance","floor":2.0},{"not_picked":["Noxious Fumes","Dodge and Roll"],"picked":"Eviscerate","floor":3.0},{"not_picked":["Flying Knee","Backflip"],"picked":"Deadly Poison","floor":5.0},{"not_picked":["Blade Dance","Bane"],"picked":"Deflect","floor":7.0},{"not_picked":["Storm of Steel","Quick Slash"],"picked":"Flying Knee","floor":8.0},{"not_picked":["Quick Slash","Underhanded Strike"],"picked":"Accuracy","floor":11.0},{"not_picked":["Distraction","Flying Knee"],"picked":"Escape Plan","floor":12.0},{"not_picked":["Flying Knee","Choke"],"picked":"Infinite Blades","floor":14.0},{"not_picked":["After Image","Malaise"],"picked":"Bullet Time","floor":16.0},{"not_picked":["Backstab","Poisoned Stab"],"picked":"Escape Plan","floor":18.0},{"not_picked":["Underhanded Strike","Dagger Spray"],"picked":"Outmaneuver+1","floor":20.0},{"not_picked":["Backflip","Venomology"],"picked":"Leg Sweep","floor":24.0},{"not_picked":["Prepared","Expertise"],"picked":"Dodge and Roll+1","floor":27.0},{"not_picked":["Riddle With Holes","Eviscerate"],"picked":"Catalyst","floor":28.0},{"not_picked":["Dodge and Roll","Heel Hook"],"picked":"Blade Dance","floor":30.0},{"not_picked":["Malaise","Doppelganger"],"picked":"Burst","floor":33.0},{"not_picked":["Flying Knee","Dodge and Roll+1"],"picked":"Dash+1","floor":35.0},{"not_picked":["Sucker Punch+1","Dash","Flechettes"],"picked":"Singing Bowl","floor":39.0},{"not_picked":["Expertise","Tactician","Outmaneuver"],"picked":"Singing Bowl","floor":40.0},{"not_picked":["Setup+1","Riddle With Holes+1"],"picked":"Wraith Form v2","floor":42.0},{"not_picked":["Quick Slash+1","Underhanded Strike+1"],"picked":"Heel Hook+1","floor":44.0},{"not_picked":["Cloak And Dagger","PiercingWail+1"],"picked":"Catalyst","floor":44.0},{"not_picked":["Dagger Throw+1","Quick Slash+1"],"picked":"Blade Dance+1","floor":45.0},{"not_picked":["Tactician","Flechettes+1"],"picked":"Acrobatics","floor":45.0},{"not_picked":["PiercingWail","Slice+1","Backstab+1"],"picked":"Singing Bowl","floor":46.0},{"not_picked":["Choke+1","Poisoned Stab+1","Unload+1"],"picked":"Singing Bowl","floor":48.0},{"not_picked":["Blade Dance","Skewer+1"],"picked":"Catalyst","floor":55.0}],"player_experience":1486059,"relics_obtained":[{"floor":7.0,"key":"Pantograph"},{"floor":9.0,"key":"FossilizedHelix"},{"floor":11.0,"key":"HornCleat"},{"floor":14.0,"key":"Thread and Needle"},{"floor":24.0,"key":"Peace Pipe"},{"floor":26.0,"key":"Bottled Lightning"},{"floor":27.0,"key":"Pear"},{"floor":30.0,"key":"Singing Bowl"},{"floor":34.0,"key":"Lantern"},{"floor":34.0,"key":"InkBottle"},{"floor":34.0,"key":"The Specimen"},{"floor":39.0,"key":"Prayer Wheel"},{"floor":40.0,"key":"Molten Egg 2"},{"floor":42.0,"key":"Bronze Scales"},{"floor":43.0,"key":"Orichalcum"},{"floor":46.0,"key":"PreservedInsect"},{"floor":48.0,"key":"Turnip"},{"floor":55.0,"key":"Oddly Smooth Stone"}],"event_choices":[{"damage_healed":0.0,"max_hp_gain":0.0,"max_hp_loss":0.0,"gold_gain":0.0,"cards_transformed":["Strike_G"],"event_name":"Transmorgrifier","player_choice":"Transformed","floor":4.0,"gold_loss":0.0,"damage_taken":0.0,"cards_obtained":["Prepared"]},{"damage_healed":0.0,"max_hp_gain":0.0,"max_hp_loss":0.0,"gold_gain":0.0,"event_name":"Lab","player_choice":"Got Potions","floor":10.0,"gold_loss":0.0,"damage_taken":0.0},{"damage_healed":0.0,"max_hp_gain":0.0,"max_hp_loss":0.0,"gold_gain":100.0,"event_name":"The Joust","player_choice":"Bet on Murderer","floor":19.0,"gold_loss":50.0,"damage_taken":0.0},{"damage_healed":0.0,"max_hp_gain":0.0,"max_hp_loss":0.0,"gold_gain":0.0,"cards_transformed":["Strike_G","Strike_G"],"event_name":"Drug Dealer","player_choice":"Became Test Subject","floor":22.0,"gold_loss":0.0,"damage_taken":0.0,"cards_obtained":["Terror","Corpse Explosion"]},{"cards_removed":["Strike_G"],"damage_healed":0.0,"max_hp_gain":0.0,"max_hp_loss":0.0,"gold_gain":0.0,"event_name":"Back to Basics","player_choice":"Elegance","floor":25.0,"gold_loss":0.0,"damage_taken":0.0},{"damage_healed":0.0,"max_hp_gain":5.0,"max_hp_loss":0.0,"gold_gain":0.0,"event_name":"Forgotten Altar","player_choice":"Shed Blood","floor":29.0,"gold_loss":0.0,"damage_taken":27.0},{"damage_healed":0.0,"max_hp_gain":0.0,"max_hp_loss":4.0,"gold_gain":0.0,"event_name":"Winding Halls","player_choice":"Max HP","floor":36.0,"gold_loss":0.0,"damage_taken":0.0},{"damage_healed":0.0,"max_hp_gain":0.0,"max_hp_loss":0.0,"gold_gain":0.0,"event_name":"Tomb of Lord Red Mask","player_choice":"Ignored","floor":37.0,"gold_loss":0.0,"damage_taken":0.0},{"damage_healed":0.0,"max_hp_gain":0.0,"max_hp_loss":0.0,"gold_gain":0.0,"event_name":"Mysterious Sphere","player_choice":"Fight","floor":39.0,"gold_loss":0.0,"damage_taken":0.0}],"is_beta":false,"boss_relics":[{"not_picked":["Cursed Key","Astrolabe"],"picked":"Coffee Dripper"},{"not_picked":["Pandora\u0027s Box","Velvet Choker"],"picked":"Calling Bell"}],"items_purged_floors":[54],"is_endless":false,"potions_floor_spawned":[1,7,8,12,16,20,30,39,40,44,46,55],"ascension_level":20}}