{"host":"fa35vd3kig5td25x","time":1612545901,"event":{"mods":["BaseMod","Colored Powertips","Minty Spire (QoL Compilation)","Relic Stats","Slay the Relics Exporter"],"gold_per_floor":[30,80,110,149,179,179,218,218,267,32,32,32,64,104,104,181,181,222,93,107,107,13,13,23,23,46,65,65,65],"floor_reached":28,"language":"ENG","playtime":1223,"items_purged":["Strike_G","Strike_G"],"score":444,"play_id":"966ed883-b17b-4518-af25-63b65c452860","local_time":"20210205182501","is_ascension_mode":true,"campfire_choices":[{"data":"HandOfGreed","floor":6,"key":"SMITH"},{"floor":8,"key":"REST"},{"data":"Neutralize","floor":12,"key":"SMITH"},{"data":"Blade Dance","floor":15,"key":"SMITH"},{"floor":23,"key":"REST"},{"floor":25,"key":"REST"}],"circlet_count":0,"master_deck":["AscendersBane","Strike_G","Strike_G","Strike_G","Defend_G","Defend_G","Defend_G","Defend_G","Defend_G","Survivor","Neutralize+1","HandOfGreed+1","Noxious Fumes","Deadly Poison","Predator","Blade Dance+1","Blade Dance","Dash","Accuracy","Phantasmal Killer","Deflect","PiercingWail","Footwork","Blade Dance+1"],"relics":["Ring of the Snake","Blood Vial","OrangePellets","PreservedInsect","Black Star","Anchor"],"acts_visited":["Exordium","TheCity"],"potions_floor_usage":[7,13,20,24,24,24],"damage_taken":[{"damage":4,"enemies":"Jaw Worm","floor":1,"turns":4},{"damage":0,"enemies":"Small Slimes","floor":2,"turns":4},{"damage":1,"enemies":"Cultist","floor":3,"turns":4},{"damage":4,"enemies":"Blue Slaver","floor":4,"turns":5},{"damage":6,"enemies":"Looter","floor":5,"turns":4},{"damage":16,"enemies":"3 Louse","floor":7,"turns":4},{"damage":10,"enemies":"Lagavulin","floor":13,"turns":6},{"damage":5,"enemies":"Blue Slaver","floor":14,"turns":6},{"damage":31,"enemies":"Slime Boss","floor":16,"turns":11},{"damage":9,"enemies":"3 Byrds","floor":18,"turns":6},{"damage":18,"enemies":"Chosen","floor":20,"turns":6},{"damage":39,"enemies":"Sentry and Sphere","floor":24,"turns":9},{"damage":18,"enemies":"Snecko","floor":27,"turns":5},{"damage":11,"enemies":"Gremlin Leader","floor":28,"turns":4}],"seed_played":"-8011527693577550956","potions_obtained":[{"floor":3,"key":"GamblersBrew"},{"floor":4,"key":"GamblersBrew"},{"floor":7,"key":"AttackPotion"},{"floor":18,"key":"EntropicBrew"},{"floor":24,"key":"SteroidPotion"}],"is_trial":false,"path_per_floor":["M","M","M","M","M","R","M","R","T","$","?","R","E","M","R","B",null,"M","$","M","?","$","R","M","R","T","M","E"],"character_chosen":"THE_SILENT","items_purchased":["OrangePellets","PiercingWail","Footwork","Fire Potion"],"campfire_rested":3,"item_purchase_floors":[10,19,22,22],"current_hp_per_floor":[55,55,54,50,44,44,28,47,47,47,47,47,39,36,36,7,51,44,44,28,22,22,41,4,23,23,7,0,0],"gold":65,"neow_bonus":"RANDOM_COLORLESS_2","is_daily":false,"chose_seed":false,"campfire_upgraded":3,"win_rate":0.0,"timestamp":1612545901,"path_taken":["M","M","M","M","M","R","M","R","T","$","?","R","E","M","R","BOSS","M","$","M","?","?","R","M","R","T","M","E"],"items_purchased_type":["Relic","Card","Card","Potion"],"build_version":"2020-12-22","purchased_purges":2,"victory":false,"max_hp_per_floor":[66,66,66,66,66,66,66,66,66,66,66,66,66,66,66,66,66,66,66,66,66,66,66,66,66,66,66,66,66],"relic_stats":{"Blood Vial":16,"OrangePellets":[2],"counters":[14,78],"PreservedInsect":49,"Black Star":0,"obtain_stats":[{"Blood Vial":9,"OrangePellets":10,"Anchor":26,"PreservedInsect":13,"Black Star":17,"Ring of the Snake":0},{"Blood Vial":6,"OrangePellets":6,"Anchor":12,"PreservedInsect":7,"Black Star":9,"Ring of the Snake":0},{"Blood Vial":25,"OrangePellets":25,"Anchor":69,"PreservedInsect":31,"Black Star":48,"Ring of the Snake":0}],"Ring of the Snake":[28]},"card_choices":[{"not_picked":["Thinking Ahead","Mayhem"],"picked":"HandOfGreed","floor":0},{"not_picked":["Dagger Throw","Choke"],"picked":"Noxious Fumes","floor":1},{"not_picked":["Dodge and Roll","Reflex"],"picked":"Deadly Poison","floor":2},{"not_picked":["Acrobatics","Outmaneuver","Underhanded Strike"],"picked":"SKIP","floor":3},{"not_picked":["Noxious Fumes","Bane"],"picked":"Predator","floor":4},{"not_picked":["Infinite Blades","Deadly Poison"],"picked":"Blade Dance","floor":5},{"not_picked":["Heel Hook","Prepared"],"picked":"Blade Dance","floor":7},{"not_picked":["Blade Dance","Caltrops"],"picked":"Dash","floor":13},{"not_picked":["Backflip","Reflex"],"picked":"Accuracy","floor":14},{"not_picked":["Doppelganger","Corpse Explosion"],"picked":"Phantasmal Killer","floor":16},{"not_picked":["Deadly Poison","Flying Knee+1"],"picked":"Deflect","floor":18},{"not_picked":["PiercingWail","Finisher","Masterful Stab+1"],"picked":"SKIP","floor":20},{"not_picked":["PiercingWail","Finisher","Masterful Stab+1"],"picked":"SKIP","floor":20},{"not_picked":["Skewer","Acrobatics","Poisoned Stab"],"picked":"SKIP","floor":24},{"not_picked":["Backflip","Bane"],"picked":"Blade Dance+1","floor":27}],"player_experience":3081990,"relics_obtained":[{"floor":9,"key":"Blood Vial"},{"floor":13,"key":"PreservedInsect"},{"floor":26,"key":"Anchor"}],"event_choices":[{"damage_healed":0,"gold_gain":0,"player_choice":"Ignored","damage_taken":0,"max_hp_gain":0,"max_hp_loss":0,"event_name":"Liars Game","floor":11,"gold_loss":0},{"damage_healed":0,"gold_gain":0,"player_choice":"","damage_taken":6,"max_hp_gain":0,"max_hp_loss":0,"event_name":"Knowing Skull","floor":21,"potions_obtained":[],"gold_loss":0,"cards_obtained":[]}],"is_beta":false,"boss_relics":[{"not_picked":["Calling Bell","Fusion Hammer"],"picked":"Black Star"}],"items_purged_floors":[10,19],"is_endless":false,"potions_floor_spawned":[3,4,7,18,24],"killed_by":"Gremlin Leader","ascension_level":20}}