{"host":"skr63qsdfgeey3it","time":1612551489,"event":{"mods":["BaseMod","Colored Map","Hubris","Minty Spire (QoL Compilation)","Monster B Gone","Reliquary","Replay The Spire","Spicy Shops","StSLib"],"gold_per_floor":[211,226,240,251,267,300,50,50,102,102,115,115,40,72,72,72,72],"floor_reached":16,"language":"ENG","playtime":481,"items_purged":["Strike_R"],"score":190,"play_id":"a5e7b3d6-67f6-41af-9714-e4fb53e1ccda","local_time":"20210205125809","is_ascension_mode":true,"campfire_choices":[{"data":"Defend_R","floor":8,"key":"SMITH"},{"floor":15,"key":"REST"}],"circlet_count":0,"master_deck":["AscendersBane","Strike_R","Strike_R","Strike_R","Strike_R","Defend_R+1","Defend_R","Defend_R","Defend_R","Bash+1","Wild Strike","Immolate","Immolate","Warcry","Disarm","Rupture+1"],"relics":["Burning Blood","hubris:TinFlute","Mummified Hand","reliquary:TatteredRug","hubris:Icosahedron","Frozen Egg 2"],"acts_visited":["Exordium"],"potions_floor_usage":[6,11,14],"damage_taken":[{"damage":13,"enemies":"Jaw Worm","floor":1,"turns":4},{"damage":6,"enemies":"Cultist","floor":2,"turns":4},{"damage":12,"enemies":"2 Louse","floor":3,"turns":3},{"damage":12,"enemies":"Blue Slaver","floor":4,"turns":5},{"damage":7,"enemies":"Large Slime","floor":5,"turns":6},{"damage":15,"enemies":"3 Sentries","floor":6,"turns":5},{"damage":4,"enemies":"Exordium Wildlife","floor":11,"turns":2},{"damage":24,"enemies":"Gremlin Nob","floor":14,"turns":4},{"damage":45,"enemies":"The Guardian","floor":16,"turns":11}],"seed_played":"-4242203105741450197","potions_obtained":[{"floor":2,"key":"Weak Potion"},{"floor":5,"key":"SteroidPotion"},{"floor":6,"key":"Weak Potion"}],"is_trial":false,"path_per_floor":["M","M","M","M","M","E","$","R","T","?","M","?","$","E","R","B"],"character_chosen":"IRONCLAD","items_purchased":["Mummified Hand"],"campfire_rested":1,"item_purchase_floors":[7],"current_hp_per_floor":[61,61,55,49,48,39,39,39,39,39,41,41,41,23,45,0,0],"gold":72,"neow_bonus":"HUNDRED_GOLD","is_daily":false,"chose_seed":false,"campfire_upgraded":1,"win_rate":0.0,"timestamp":1612551489,"path_taken":["M","M","M","M","M","E","$","R","T","?","?","?","$","E","R","BOSS"],"items_purchased_type":["Relic"],"build_version":"2020-12-22","purchased_purges":1,"victory":false,"max_hp_per_floor":[75,75,75,75,75,75,75,75,75,75,75,75,75,75,75,75,75],"card_choices":[{"not_picked":["True Grit","Heavy Blade"],"picked":"Wild Strike","floor":1},{"not_picked":["Thunderclap","Body Slam","Blood for Blood"],"picked":"SKIP","floor":2},{"not_picked":["Run Through","Headbutt","Iron Wave"],"picked":"SKIP","floor":3},{"not_picked":["Twin Strike","Cleave"],"picked":"Immolate","floor":4},{"not_picked":["Warcry","Pommel Strike"],"picked":"Immolate","floor":5},{"not_picked":["Havoc","Clothesline"],"picked":"Warcry","floor":6},{"not_picked":["Headbutt","ReplayTheSpireMod:Limb From Limb"],"picked":"Disarm","floor":11},{"not_picked":["Whirlwind","Rage"],"picked":"Rupture+1","floor":14}],"player_experience":877238,"relics_obtained":[{"floor":6,"key":"hubris:TinFlute"},{"floor":9,"key":"reliquary:TatteredRug"},{"floor":14,"key":"Frozen Egg 2"}],"event_choices":[{"damage_healed":0,"gold_gain":0,"player_choice":"Upgraded","damage_taken":0,"max_hp_gain":0,"max_hp_loss":0,"event_name":"Upgrade Shrine","floor":10,"gold_loss":0,"cards_upgraded":["Bash"]}],"is_beta":false,"boss_relics":[],"items_purged_floors":[13],"is_endless":false,"potions_floor_spawned":[2,5,6],"killed_by":"The Guardian","ascension_level":14}}