{"host":"dth8fvkfiulu86fi","time":1612527885,"event":{"mods":["2.2 Compatiblity","AchievementEnabler","BaseMod","Better Third Choice","Colored Map","Colored Powertips","Minty Spire (QoL Compilation)","Rare Cards Sparkle","StSLib","SuperFastMode","Synergy Search"],"gold_per_floor":[114,129,144,69,244,274,274,304,329,329,79,109,109,124,124,224,224,239,254,254,254],"floor_reached":20,"language":"ENG","playtime":784,"items_purged":["Strike_P","Strike_P"],"score":217,"play_id":"0b70b576-d7f0-40c9-8405-11c22cb87854","local_time":"20210205132445","daily_mods":["Specialized","ControlledChaos","Elite Swarm"],"is_ascension_mode":false,"campfire_choices":[{"floor":10,"key":"REST"},{"floor":13,"key":"REST"},{"floor":15,"key":"REST"}],"circlet_count":0,"master_deck":["Strike_P","Strike_P+1","Defend_P","Defend_P","Defend_P","Defend_P","Eruption","Vigilance","FlyingSleeves","FlyingSleeves","FlyingSleeves","FlyingSleeves","FlyingSleeves+1","Conclude","Consecrate+1","Doubt","Consecrate"],"relics":["PureWater","Frozen Eye","Centennial Puzzle","Art of War","Omamori","Whetstone","Torii","Calling Bell","Potion Belt","Question Card","Peace Pipe"],"acts_visited":["Exordium","TheCity"],"potions_floor_usage":[6,8,12,16,20],"damage_taken":[{"damage":0,"enemies":"2 Louse","floor":1,"turns":2},{"damage":0,"enemies":"Small Slimes","floor":2,"turns":1},{"damage":0,"enemies":"Cultist","floor":3,"turns":2},{"damage":35,"enemies":"3 Sentries","floor":6,"turns":5},{"damage":7,"enemies":"Gremlin Nob","floor":8,"turns":3},{"damage":23,"enemies":"Lagavulin","floor":12,"turns":6},{"damage":0,"enemies":"Exordium Wildlife","floor":14,"turns":2},{"damage":52,"enemies":"Hexaghost","floor":16,"turns":6},{"damage":20,"enemies":"Spheric Guardian","floor":18,"turns":3},{"damage":11,"enemies":"2 Thieves","floor":19,"turns":2},{"damage":50,"enemies":"Snake Plant","floor":20,"turns":4}],"seed_played":"-8643747277835071688","potions_obtained":[{"floor":1,"key":"BottledMiracle"},{"floor":3,"key":"ColorlessPotion"},{"floor":6,"key":"AttackPotion"},{"floor":12,"key":"Fruit Juice"},{"floor":19,"key":"SpeedPotion"}],"is_trial":false,"path_per_floor":["M","M","M","$","?","E","?","E","T","R","$","E","R","M","R","B",null,"M","M","M"],"character_chosen":"WATCHER","items_purchased":["Whetstone"],"campfire_rested":3,"item_purchase_floors":[11],"current_hp_per_floor":[72,72,72,72,72,37,37,30,30,51,51,33,56,56,77,25,77,57,46,0,0],"gold":254,"neow_bonus":"","is_daily":true,"chose_seed":false,"campfire_upgraded":0,"win_rate":0.0,"timestamp":1612527885,"path_taken":["M","M","M","$","?","E","?","E","T","R","$","E","R","M","R","BOSS","M","?","M"],"items_purchased_type":["Relic"],"build_version":"2020-12-22","purchased_purges":2,"victory":false,"max_hp_per_floor":[72,72,72,72,72,72,72,72,72,72,72,77,77,77,77,77,77,77,77,77,77],"card_choices":[{"not_picked":["Sanctity","BowlingBash"],"picked":"Conclude","floor":1},{"not_picked":["CrushJoints","CutThroughFate"],"picked":"Consecrate","floor":2},{"not_picked":["Study","TalkToTheHand","Prostrate"],"picked":"SKIP","floor":3},{"not_picked":["Wish","DeusExMachina","Omniscience"],"picked":"SKIP","floor":6},{"not_picked":["MasterReality","Omniscience","Vault"],"picked":"SKIP","floor":8},{"not_picked":["MasterReality","SpiritShield","Omniscience"],"picked":"SKIP","floor":12},{"not_picked":["Evaluate","Prostrate","Nirvana"],"picked":"SKIP","floor":14},{"not_picked":["Sanctity","ClearTheMind+1","ThirdEye"],"picked":"Consecrate","floor":18},{"not_picked":["FlurryOfBlows","FollowUp","Judgement","Pray+1"],"picked":"SKIP","floor":19}],"player_experience":1169203,"relics_obtained":[{"floor":6,"key":"Centennial Puzzle"},{"floor":8,"key":"Art of War"},{"floor":9,"key":"Omamori"},{"floor":12,"key":"Torii"},{"floor":17,"key":"Potion Belt"},{"floor":17,"key":"Question Card"},{"floor":17,"key":"Peace Pipe"}],"event_choices":[{"damage_healed":0,"gold_gain":175,"player_choice":"AGREE","damage_taken":69,"max_hp_gain":0,"max_hp_loss":0,"event_name":"betterThird:BetterSerpent","floor":5,"gold_loss":0},{"damage_healed":0,"gold_gain":0,"player_choice":"Upgraded","damage_taken":0,"max_hp_gain":0,"max_hp_loss":0,"event_name":"Upgrade Shrine","floor":7,"gold_loss":0,"cards_upgraded":["Consecrate"]}],"is_beta":false,"boss_relics":[{"not_picked":["HolyWater","Velvet Choker"],"picked":"Calling Bell"}],"items_purged_floors":[4,11],"is_endless":false,"potions_floor_spawned":[1,3,6,12,19],"killed_by":"Snake Plant","ascension_level":0}}