{"host":"vlqejv0notyktumz","time":1612490040,"event":{"mods":["AchievementEnabler","BaseMod","Colored Map","Colored Powertips","Downfall","Googly Eyes","Minty Spire (QoL Compilation)","StSLib"],"gold_per_floor":[114,125,22,22,34,34,61,61,88,104,25,42,42,42,42,173,173,198,213,237,90,108,108,108,108],"floor_reached":24,"language":"ENG","playtime":783,"items_purged":["Strike_G"],"score":294,"play_id":"acb2340b-a2fe-4605-aa4f-334898c3b7ef","local_time":"20210204195400","is_ascension_mode":true,"campfire_choices":[{"data":"Backflip","floor":6,"key":"SMITH"},{"floor":15,"key":"REST"},{"floor":23,"key":"REST"}],"circlet_count":0,"master_deck":["AscendersBane","Strike_G","Strike_G","Strike_G","Defend_G","Defend_G","Defend_G","Defend_G+1","Defend_G","Survivor","Neutralize+1","Backflip+1","Poisoned Stab","Deadly Poison","Poisoned Stab","Quick Slash","Dodge and Roll","Outmaneuver","Well Laid Plans","After Image","Cloak And Dagger","Catalyst+1","Dodge and Roll","Bane","Terror+1"],"relics":["Ring of the Snake","Ancient Tea Set","Strawberry","Tiny Chest","Golden Idol","Sozu","Potion Belt"],"acts_visited":["Exordium","TheCity"],"potions_floor_usage":[19,24],"damage_taken":[{"damage":0,"enemies":"2 Louse","floor":1,"turns":3},{"damage":0,"enemies":"Small Slimes","floor":2,"turns":9},{"damage":0,"enemies":"Cultist","floor":5,"turns":4},{"damage":23,"enemies":"3 Sentries","floor":7,"turns":13},{"damage":1,"enemies":"Large Slime","floor":10,"turns":8},{"damage":0,"enemies":"Exordium Wildlife","floor":12,"turns":2},{"damage":21,"enemies":"Hexaghost","floor":16,"turns":11},{"damage":10,"enemies":"Spheric Guardian","floor":18,"turns":7},{"damage":0,"enemies":"3 Byrds","floor":19,"turns":7},{"damage":29,"enemies":"Snake Plant","floor":22,"turns":4},{"damage":15,"enemies":"Gremlin Leader","floor":24,"turns":6}],"seed_played":"6489029238928913263","potions_obtained":[{"floor":7,"key":"SteroidPotion"},{"floor":10,"key":"Energy Potion"},{"floor":12,"key":"DuplicationPotion"}],"is_trial":false,"path_per_floor":["M","M","$","?","M","R","E","?","T","M","$","M","?","$","R","B",null,"M","M","T","$","M","R","E"],"character_chosen":"THE_SILENT","items_purchased":["Deadly Poison","Poisoned Stab","Well Laid Plans","Dodge and Roll","Bane"],"campfire_rested":2,"item_purchase_floors":[3,3,11,21,21],"current_hp_per_floor":[63,63,63,49,49,49,33,33,33,32,32,32,32,32,53,32,61,51,51,51,51,22,43,28,28],"gold":108,"neow_bonus":"RANDOM_COMMON_RELIC","is_daily":false,"chose_seed":false,"campfire_upgraded":1,"win_rate":0.0,"timestamp":1612490040,"path_taken":["M","M","$","?","M","R","E","?","T","M","$","?","?","?","R","BOSS","M","M","?","$","M","R","E"],"items_purchased_type":["Card","Card","Card","Card","Card"],"build_version":"2020-12-22","purchased_purges":1,"victory":false,"max_hp_per_floor":[70,70,70,70,70,70,77,77,77,77,77,77,71,71,71,71,71,71,71,71,71,71,71,71,71],"card_choices":[{"not_picked":["Outmaneuver","Catalyst"],"picked":"Backflip","floor":1},{"not_picked":["Backflip","Escape Plan"],"picked":"Poisoned Stab","floor":2},{"not_picked":["Dagger Spray","Deadly Poison"],"picked":"Quick Slash","floor":5},{"not_picked":["Crippling Poison","Terror"],"picked":"Dodge and Roll","floor":7},{"not_picked":["Slice","Distraction"],"picked":"Outmaneuver","floor":10},{"not_picked":["Slice","Dagger Throw","Acrobatics"],"picked":"SKIP","floor":12},{"not_picked":["Tools of the Trade","Unload"],"picked":"After Image","floor":16},{"not_picked":["Reflex","Well Laid Plans"],"picked":"Cloak And Dagger","floor":18},{"not_picked":["Deflect+1","Slice"],"picked":"Catalyst+1","floor":19},{"not_picked":["Acrobatics","Bouncing Flask+1"],"picked":"Terror+1","floor":22}],"player_experience":394671,"relics_obtained":[{"floor":7,"key":"Strawberry"},{"floor":9,"key":"Tiny Chest"},{"floor":20,"key":"Potion Belt"}],"event_choices":[{"damage_healed":0,"gold_gain":0,"player_choice":"Entered Light","damage_taken":14,"max_hp_gain":0,"max_hp_loss":0,"event_name":"Shining Light","floor":4,"gold_loss":0,"cards_upgraded":["Neutralize","Defend_G"]},{"cards_removed":["Strike_G"],"damage_healed":0,"gold_gain":0,"player_choice":"Card Removal","damage_taken":0,"max_hp_gain":0,"max_hp_loss":0,"event_name":"Wheel of Change","floor":8,"gold_loss":0},{"damage_healed":0,"gold_gain":0,"player_choice":"Lose Max HP","damage_taken":0,"relics_obtained":["Golden Idol"],"max_hp_gain":0,"max_hp_loss":6,"event_name":"Golden Idol","floor":13,"gold_loss":0}],"is_beta":false,"boss_relics":[{"not_picked":["bronze:MakeshiftBattery","SacredBark"],"picked":"Sozu"}],"items_purged_floors":[21],"is_endless":false,"potions_floor_spawned":[7,10,12,22],"killed_by":"Gremlin Leader","ascension_level":10}}