{"host":"xp5rvh2jwe2ejyfm","time":1612488389,"event":{"mods":["2.2 Compatiblity","Aspiration","BaseMod","BetterRewards","Colored Powertips","Conspire","Downfall","GifTheSpireLib","Gremlin Mod","Hermit","Hubris","Jorbs\u0027s Wanderer Trilogy","Minty Spire (QoL Compilation)","Replay The Spire","Robot Space Explorer","Shade Mod","Somnambulant","StSLib","The Bug Knight","The Clintock","The Construct","The Cursed","The Disciple","The Forsaken","The Hierophant","The Necromancer","The Runesmith","The Servant 0.9.4","The Valiant","The Witch","thorton"],"gold_per_floor":[116,129,148,165,106,132,132,164,219,219,238,253,265,276,276,381,381,401,421,439,293,306,306,325,52,52,68,103,118,131,147,147,147,147],"floor_reached":33,"language":"ENG","playtime":1563,"items_purged":[],"score":289,"play_id":"139335de-dc9a-479d-bf38-2ed8fa671194","local_time":"20210204202629","is_ascension_mode":false,"campfire_choices":[{"floor":7,"key":"REST"},{"floor":10,"key":"REST"},{"floor":15,"key":"RECALL"},{"floor":23,"key":"REST"},{"floor":32,"key":"REST"}],"circlet_count":0,"master_deck":["Shade:Strike_Shade","Shade:Strike_Shade","Shade:Strike_Shade","Shade:Strike_Shade","Shade:Defend_Shade","Shade:Defend_Shade","Shade:Defend_Shade","Shade:Defend_Shade","Shade:AnimateDead","Shade:CarefulCut","Shade:CommandSoldier","Shade:WallOfFlesh","Shade:FreshBones","Shade:FleshLikeOak","Shade:CloudOfShrapnel","Shade:FleshLikeOak","Shade:Bonestorm","Shade:SanguineRitual","Shade:SkeletonHug","Shade:SensePrey","Shade:DarkOfNight","Shade:Doomsay","Shade:WallOfFlesh","Shade:OpenGraves","Shade:CallOfTheGrave+1","Shade:GraveStillness","Shade:FreshBones","Shade:PoundOfFlesh","Shade:BoneShards+1","Shade:WallOfFlesh+1","Shade:ScuttlingHand","Shade:Bite_Shade","Shade:LichForm"],"relics":["Shade:YorickSkull","NeowsBlessing","Replay:Rubber Ducky","Peace Pipe","aspiration:AnachronicSnailShell","Boot","thethorton:BottledFunds","Centennial Puzzle","Cauldron","HornCleat","Pet Ghost"],"acts_visited":["Exordium","TheCity"],"potions_floor_usage":[8,8,16,16,16,16,20,20,20,20,22,24,28,30,31,33],"damage_taken":[{"damage":0,"enemies":"Small Slimes","floor":1,"turns":1},{"damage":0,"enemies":"Cultist","floor":2,"turns":1},{"damage":0,"enemies":"Jaw Worm","floor":3,"turns":1},{"damage":0,"enemies":"Red Slaver","floor":4,"turns":3},{"damage":45,"enemies":"3 Sentries","floor":6,"turns":8},{"damage":15,"enemies":"Gremlin Nob","floor":8,"turns":4},{"damage":3,"enemies":"Looter","floor":11,"turns":4},{"damage":0,"enemies":"Blue Slaver","floor":12,"turns":3},{"damage":2,"enemies":"2 Fungi Beasts","floor":13,"turns":3},{"damage":2,"enemies":"Exordium Thugs","floor":14,"turns":3},{"damage":15,"enemies":"Slime Boss","floor":16,"turns":9},{"damage":10,"enemies":"Shell Parasite","floor":18,"turns":8},{"damage":19,"enemies":"2 Thieves","floor":19,"turns":5},{"damage":2,"enemies":"Snecko","floor":20,"turns":7},{"damage":20,"enemies":"Sentry and Sphere","floor":22,"turns":6},{"damage":2,"enemies":"Cultist and Chosen","floor":24,"turns":7},{"damage":0,"enemies":"Snake Plant","floor":27,"turns":5},{"damage":10,"enemies":"Gremlin Leader","floor":28,"turns":6},{"damage":5,"enemies":"Sentry and Sphere","floor":29,"turns":6},{"damage":4,"enemies":"3 Cultists","floor":30,"turns":4},{"damage":4,"enemies":"Snecko","floor":31,"turns":5},{"damage":37,"enemies":"Champ","floor":33,"turns":8}],"seed_played":"-7126554842651544365","potions_obtained":[{"floor":1,"key":"ColorlessPotion"},{"floor":4,"key":"AttackPotion"},{"floor":11,"key":"AttackPotion"},{"floor":12,"key":"EntropicBrew"},{"floor":13,"key":"Guardian:BlockOnCardUsePotion"},{"floor":18,"key":"PowerPotion"},{"floor":19,"key":"EntropicBrew"},{"floor":22,"key":"Fire Potion"},{"floor":25,"key":"AttackPotion"},{"floor":25,"key":"Swift Potion"},{"floor":29,"key":"CultistPotion"},{"floor":30,"key":"LiquidBronze"},{"floor":31,"key":"Strength Potion"}],"is_trial":false,"path_per_floor":["M","M","M","M","?","E","R","E","T","R","M","M","M","M","R","B",null,"M","M","M","$","M","R","M","$","T","M","E","M","M","M","R","B"],"character_chosen":"SHADE","items_purchased":["Centennial Puzzle","Shade:FreshBones","Shade:PoundOfFlesh","Cauldron"],"campfire_rested":4,"item_purchase_floors":[21,25,25,25],"current_hp_per_floor":[65,65,65,65,65,20,39,24,24,43,40,40,38,36,36,21,65,55,36,34,34,14,33,31,31,31,31,21,16,12,8,27,0,0],"gold":147,"neow_bonus":"THREE_ENEMY_KILL","is_daily":false,"chose_seed":false,"campfire_upgraded":0,"win_rate":0.0,"timestamp":1612488389,"path_taken":["M","M","M","M","?","E","R","E","T","R","M","?","M","M","R","BOSS","M","M","?","$","M","R","M","$","T","M","E","M","M","M","R","BOSS"],"items_purchased_type":["Relic","Card","Card","Relic"],"build_version":"2020-12-22","purchased_purges":0,"victory":false,"max_hp_per_floor":[65,65,65,65,65,65,65,65,65,65,65,65,65,65,65,65,65,65,65,65,65,65,65,65,65,65,65,65,65,65,65,65,65,65],"card_choices":[{"not_picked":["Shade:SpontaneousRitual","Shade:AncientSpear"],"picked":"Shade:CommandSoldier","floor":1},{"not_picked":["Shade:FeralStrike","Shade:RavenousHorde"],"picked":"Shade:WallOfFlesh","floor":2},{"not_picked":["Shade:SkeletonHug","Shade:Brains"],"picked":"Shade:FreshBones","floor":3},{"not_picked":["Shade:Trample","Shade:CoffinDance"],"picked":"Shade:FleshLikeOak","floor":4},{"not_picked":["Shade:WallOfFlesh","Shade:Carnophage"],"picked":"Shade:CloudOfShrapnel","floor":6},{"not_picked":["Shade:RavenousHorde","Shade:Haruspicy"],"picked":"Shade:FleshLikeOak","floor":8},{"not_picked":["Shade:CloudOfShrapnel","Shade:SensePrey"],"picked":"Shade:Bonestorm","floor":11},{"not_picked":["Shade:CallWraith","Shade:RitualOffering"],"picked":"Shade:SanguineRitual","floor":12},{"not_picked":["Shade:TouchOfTheGrave","Shade:PressTheAttack"],"picked":"Shade:SkeletonHug","floor":13},{"not_picked":["Shade:CallOfTheGrave","Shade:AblativeArmor"],"picked":"Shade:SensePrey","floor":14},{"not_picked":["Shade:LoseControl","Shade:MadHubris"],"picked":"Shade:DarkOfNight","floor":16},{"not_picked":["Shade:Premonition","Shade:StitchTogether+1"],"picked":"Shade:Doomsay","floor":18},{"not_picked":["Shade:FuneraryArmor","Shade:Haruspicy"],"picked":"Shade:WallOfFlesh","floor":19},{"not_picked":["Shade:Premonition","Shade:CallWraith"],"picked":"Shade:OpenGraves","floor":20},{"not_picked":["Shade:FuneraryArmor","Shade:LastGasp"],"picked":"Shade:CallOfTheGrave+1","floor":22},{"not_picked":["Shade:CallOfTheGrave","Shade:RitualOffering"],"picked":"Shade:GraveStillness","floor":24},{"not_picked":["Shade:PotionOfRestlessness","Shade:GreyBargain+1"],"picked":"Shade:BoneShards+1","floor":27},{"not_picked":["Shade:TouchOfTheGrave+1","Shade:PotionOfRestlessness+1"],"picked":"Shade:WallOfFlesh+1","floor":28},{"not_picked":["Shade:Haruspicy","Shade:SpontaneousRitual"],"picked":"Shade:ScuttlingHand","floor":29},{"not_picked":["Shade:ExtraLimbs","Shade:FingerOfDeath"],"picked":"Shade:Bite_Shade","floor":30},{"not_picked":["Shade:FleshToFlesh","Shade:AncientSpear"],"picked":"Shade:LichForm","floor":31}],"player_experience":427098,"relics_obtained":[{"floor":6,"key":"Peace Pipe"},{"floor":8,"key":"aspiration:AnachronicSnailShell"},{"floor":9,"key":"Boot"},{"floor":26,"key":"HornCleat"},{"floor":28,"key":"Pet Ghost"}],"event_choices":[{"damage_healed":0,"gold_gain":0,"player_choice":"Paid Gold","damage_taken":0,"relics_obtained":["Replay:Rubber Ducky"],"max_hp_gain":0,"max_hp_loss":0,"event_name":"WeMeetAgain","floor":5,"gold_loss":59}],"is_beta":false,"boss_relics":[{"not_picked":["aspiration:WatcherSkillbook","Replay:Ancient Bell"],"picked":"thethorton:BottledFunds"}],"items_purged_floors":[],"is_endless":false,"potions_floor_spawned":[1,4,11,12,13,18,19,22,29,30,31],"killed_by":"Champ","ascension_level":0}}