{"host":"oewe6473mh2zp5ss","time":1612483787,"event":{"mods":["AchievementEnabler","Aspiration","Bard","BaseMod","Challenge The Spire","Conspire","Curses Come First","Custom Start","Downfall","Emptier Cage","Gremlin Mod","Halation","Hubris","Infinite Spire","Minty Spire (QoL Compilation)","Permanent Neow","Reliquary","Replay The Spire","Robot Space Explorer","Somnambulant","Spikes Relics","StSLib","The Cursed","The Disciple","The Jungle","The Senshi","thorton"],"gold_per_floor":[111,211,60,74,86,86,86,86,109,121,138,167,5,20,20,120,120,138,12,31,49,62,62,62,75,120,120,38,38,48,48,48,150,250,260,360,360],"floor_reached":36,"language":"ENG","playtime":5776,"items_purged":[],"score":441,"play_id":"302b0f88-bfac-4a64-9009-8cc662c95aab","local_time":"20210204160947","daily_mods":["Hoarder","Shiny"],"is_ascension_mode":false,"campfire_choices":[{"data":"Redo","floor":6.0,"key":"SMITH"},{"floor":8.0,"key":"REST"},{"data":"Replay:Dark Deal","floor":15.0,"key":"SMITH"},{"floor":23.0,"key":"REST"},{"floor":27.0,"key":"REST"},{"floor":29.0,"key":"REST"},{"floor":32.0,"key":"REST"}],"circlet_count":0,"master_deck":["Hyperbeam","Multi-Cast","Rainbow","hubris:SpecializedCircuitry","Mirror Shield","Echo Form","Fission","Biased Cognition","Meteor Strike","Creative AI","Machine Learning","Buffer","All For One","Core Surge","Thunder Strike","hubris:DoWhile","Electrodynamics","ReplayTheSpireMod:Omega Cannon","hubris:Prefetch","Seek","Reboot","ReplayRNGCard","Amplify","Ball Lightning","Ball Lightning","Ball Lightning","Chaos","Chaos","Chaos","Capacitor","Capacitor","Capacitor","Redo+1","Redo","Redo","Heatsinks","Heatsinks","Heatsinks","Defragment","Defragment","Defragment","Melter","Melter","Melter","Lockon","Lockon","Lockon","Genetic Algorithm","Genetic Algorithm","Genetic Algorithm","Replay:Dark Deal","Replay:Dark Deal","Replay:Dark Deal+1","Barrage","Barrage","Barrage","Aggregate","Aggregate","Aggregate","Echo Form","Echo Form","Echo Form","Melter","Melter","Melter","Leap","Leap","Leap","Tempest","Tempest","Tempest","Crystallizer","Crystallizer","Crystallizer","Coolheaded","Coolheaded","Coolheaded","BootSequence","BootSequence","BootSequence","Beam Cell","Beam Cell","Beam Cell","hubris:PowerSurge+1","hubris:PowerSurge","hubris:PowerSurge","hubris:Ukulele","hubris:Ukulele","hubris:Ukulele","Coolheaded","Coolheaded","Coolheaded","Barrage","Barrage","Barrage","Fusion","Fusion","Fusion","White Noise","White Noise","White Noise","Replay:BasicMightCard","Replay:BasicMightCard","Replay:BasicMightCard","Hologram","Hologram","Hologram","ReplayTheSpireMod:Omega Cannon","ReplayTheSpireMod:Omega Cannon","ReplayTheSpireMod:Omega Cannon","hubris:PowerSurge","hubris:PowerSurge","hubris:PowerSurge","Rip and Tear","Rip and Tear","Rip and Tear","infinitespire:Punishment","infinitespire:Punishment","infinitespire:Punishment","Coolheaded+1","Coolheaded+1","Coolheaded+1"],"relics":["Cracked Core","Ring of Chaos","replay:Trail_Library","Geode","Prayer Wheel","bronze:BronzeIdol","SpikesRelics:ToyHorsey","Empty Cage","reliquary:Knoch","Replay:Wanted Poster","halation:VictoryRuler"],"acts_visited":["Exordium","TheCity","TheBeyond"],"potions_floor_usage":[],"damage_taken":[{"damage":0.0,"enemies":"2 Louse","floor":1.0,"turns":1.0},{"damage":2.0,"enemies":"Cultist","floor":4.0,"turns":3.0},{"damage":8.0,"enemies":"Small Slimes","floor":5.0,"turns":3.0},{"damage":0.0,"enemies":"Exordium Wildlife","floor":10.0,"turns":3.0},{"damage":0.0,"enemies":"3 Louse","floor":11.0,"turns":1.0},{"damage":19.0,"enemies":"Replay:BlueRogue","floor":12.0,"turns":5.0},{"damage":0.0,"enemies":"Red Slaver","floor":14.0,"turns":3.0},{"damage":0.0,"enemies":"The Guardian","floor":16.0,"turns":1.0},{"damage":4.0,"enemies":"3 Byrds","floor":18.0,"turns":2.0},{"damage":31.0,"enemies":"2 Thieves","floor":20.0,"turns":4.0},{"damage":15.0,"enemies":"Snecko","floor":21.0,"turns":4.0},{"damage":14.0,"enemies":"Centurion and Healer","floor":22.0,"turns":3.0},{"damage":0.0,"enemies":"Shelled Parasite and Fungi","floor":25.0,"turns":2.0},{"damage":0.0,"enemies":"conspire:HollyBat","floor":30.0,"turns":9.0},{"damage":0.0,"enemies":"conspire:MysteriousRune","floor":33.0,"turns":1.0},{"damage":6.0,"enemies":"Orb Walker","floor":35.0,"turns":3.0},{"damage":4,"enemies":"infinitespire:Three Voidlings","floor":36,"turns":4},{"damage":1,"enemies":"Nightmare_Alpha","floor":36,"turns":4}],"seed_played":"-4027742585563897764","potions_obtained":[{"floor":1.0,"key":"BlessingOfTheForge"},{"floor":4.0,"key":"LifebloodPotion"},{"floor":5.0,"key":"SpeedPotion"},{"floor":12.0,"key":"FocusPotion"},{"floor":18.0,"key":"Fire Potion"},{"floor":25.0,"key":"SteroidPotion"}],"is_trial":true,"path_per_floor":["M","?","$","M","M","R","?","R","T","M","M","E","$","M","R","B",null,"M","$","M","M","M","R","?","M","T","R","$","R","M","?","R","B",null,"M","?"],"character_chosen":"DEFECT","items_purchased":["Geode","Replay:Dark Deal","Crystallizer","Coolheaded","Replay:BasicMightCard"],"campfire_rested":5,"item_purchase_floors":[3,13,19,19,28],"current_hp_per_floor":[75,75,75,73,65,65,47,69,69,69,69,50,50,50,50,50,75,71,71,40,25,11,33,19,19,19,43,43,67,67,67,80,80,80,74,73,73],"gold":360,"neow_bonus":"","is_daily":false,"chose_seed":false,"campfire_upgraded":2,"win_rate":0.0,"timestamp":1612483787,"path_taken":["M","?","$","?","M","R","?","R","T","M","M","E","$","M","R","BOSS","M","$","M","M","M","R","?","M","T","R","$","R","M","?","R","BOSS","M","?"],"items_purchased_type":["Relic","Card","Card","Card","Card"],"build_version":"2020-12-22","purchased_purges":0,"victory":false,"max_hp_per_floor":[75,75,75,75,75,75,75,75,75,75,75,75,75,75,75,75,75,75,75,75,75,75,75,80,80,80,80,80,80,80,80,80,80,80,80,80,80],"card_choices":[{"not_picked":["Sweeping Beam","Sunder"],"picked":"Ball Lightning","floor":1.0},{"not_picked":["ReplaySort","Panic Button"],"picked":"Chaos","floor":4.0},{"not_picked":["Hologram","DiskWipe"],"picked":"Capacitor","floor":5.0},{"not_picked":["Genetic Algorithm","Coolheaded"],"picked":"Redo","floor":5.0},{"not_picked":["infinitespire:FutureSight","hubris:InfiniteBlow"],"picked":"infinitespire:SealOfDarkness+","floor":7.0},{"not_picked":["ReplayTheSpireMod:Reroute Power","Reprogram"],"picked":"Heatsinks","floor":10.0},{"not_picked":["Seek","Steam"],"picked":"Defragment","floor":10.0},{"not_picked":["Storm","Undo"],"picked":"Melter","floor":11.0},{"not_picked":["Turbo","Coolheaded"],"picked":"Lockon","floor":11.0},{"not_picked":["Double Energy","Cold Snap"],"picked":"Genetic Algorithm","floor":12.0},{"not_picked":["BasicCrystalCard","Streamline"],"picked":"Barrage","floor":14.0},{"not_picked":["Compile Driver","ReplayGash"],"picked":"Aggregate","floor":14.0},{"not_picked":["ReplayRNGCard","Hyperbeam"],"picked":"Echo Form","floor":16.0},{"not_picked":["Redo","Steam Power"],"picked":"Leap","floor":18.0},{"not_picked":["Redo","Panic Button"],"picked":"Tempest","floor":18.0},{"not_picked":["Static Discharge+1","Turbo"],"picked":"BootSequence","floor":20.0},{"not_picked":["Panic Button","Scrape","Turbo"],"picked":"SKIP","floor":20.0},{"not_picked":["Leap","FTL"],"picked":"Beam Cell","floor":21.0},{"not_picked":["BasicCrystalCard","Steam"],"picked":"hubris:PowerSurge","floor":21.0},{"not_picked":["Beam Cell","Core Surge"],"picked":"hubris:Ukulele","floor":22.0},{"not_picked":["Sweeping Beam+1","Capacitor+1"],"picked":"Coolheaded","floor":22.0},{"not_picked":["Heatsinks","Force Field"],"picked":"Barrage","floor":25.0},{"not_picked":["Steam+1","Leap"],"picked":"Fusion","floor":25.0},{"not_picked":["Go for the Eyes","Rebound"],"picked":"Hologram","floor":30.0},{"not_picked":["Rebound","Chaos","Steam Power"],"picked":"SKIP","floor":30.0},{"not_picked":["Creative AI","Hyperbeam"],"picked":"ReplayTheSpireMod:Omega Cannon","floor":33.0},{"not_picked":["Turbo","Gash"],"picked":"hubris:PowerSurge","floor":35.0},{"not_picked":["Streamline","Panic Button+1"],"picked":"Rip and Tear","floor":35.0},{"not_picked":["infinitespire:SealOfDarkness+","ReplayTheSpireMod:Chaos Vortex"],"picked":"infinitespire:Punishment","floor":36},{"not_picked":["Leap+1","Go for the Eyes"],"picked":"Coolheaded+1","floor":36}],"player_experience":67152,"relics_obtained":[{"floor":9.0,"key":"bronze:BronzeIdol"},{"floor":12.0,"key":"SpikesRelics:ToyHorsey"},{"floor":26.0,"key":"reliquary:Knoch"},{"floor":36,"key":"halation:VictoryRuler"}],"event_choices":[{"damage_healed":0.0,"max_hp_gain":0.0,"max_hp_loss":0.0,"gold_gain":100.0,"event_name":"Golden Shrine","player_choice":"Pray","floor":2.0,"gold_loss":0.0,"damage_taken":0.0},{"damage_healed":0.0,"max_hp_gain":5.0,"max_hp_loss":0.0,"gold_gain":0.0,"event_name":"Forgotten Altar","player_choice":"Shed Blood","floor":24.0,"gold_loss":0.0,"damage_taken":19.0},{"damage_healed":0.0,"max_hp_gain":0.0,"max_hp_loss":0.0,"gold_gain":0.0,"event_name":"Accursed Blacksmith","player_choice":"Forge","floor":31.0,"gold_loss":0.0,"damage_taken":0.0,"cards_upgraded":["hubris:PowerSurge"]}],"is_beta":false,"boss_relics":[{"not_picked":["hubris:HollowSoul","Cursed Key"],"picked":"Empty Cage"},{"not_picked":["ReplayTheSpireMod:DimensionalGlitch","Honey Jar"],"picked":"Replay:Wanted Poster"}],"items_purged_floors":[],"is_endless":true,"potions_floor_spawned":[1,4,5,12,18,21,25,36],"killed_by":"Nightmare_Alpha","ascension_level":0}}