{"host":"uv5ws9rdk87e8i5k","time":1612484888,"event":{"mods":["AchievementEnabler","BaseMod","Colored Map","Minty Spire (QoL Compilation)","Permanent Neow","Quick Restart","StSLib","SuperFastMode","The Necromancer"],"gold_per_floor":[116,136,149,163,181,208,208,208,289,289,289,289],"floor_reached":11,"language":"ENG","playtime":220,"items_purged":[],"score":79,"play_id":"332abf51-393d-462a-8feb-6381a125e3d1","local_time":"20210204182808","is_ascension_mode":true,"campfire_choices":[{"data":"Pommel Strike","floor":8,"key":"SMITH"}],"circlet_count":0,"master_deck":["Strike_R","Strike_R","Strike_R","Strike_R","Defend_R","Defend_R","Defend_R","Defend_R","Bash","CurseOfTheBell","Ghostly Armor+1","Dropkick","Pommel Strike+1","Havoc+1","Clash","Flame Barrier+1"],"relics":["Calling Bell","Bag of Marbles","Toxic Egg 2","Bird Faced Urn","Nunchaku","Golden Idol","Meat on the Bone"],"acts_visited":["Exordium"],"potions_floor_usage":[6,6,6],"damage_taken":[{"damage":2.0,"enemies":"2 Louse","floor":1.0,"turns":3.0},{"damage":1.0,"enemies":"Cultist","floor":2.0,"turns":3.0},{"damage":2.0,"enemies":"Jaw Worm","floor":3.0,"turns":4.0},{"damage":3.0,"enemies":"2 Fungi Beasts","floor":4.0,"turns":3.0},{"damage":2.0,"enemies":"Blue Slaver","floor":5.0,"turns":3.0},{"damage":11,"enemies":"Lagavulin","floor":6,"turns":5},{"damage":0,"enemies":"Gremlin Nob","floor":11,"turns":1}],"seed_played":"4174535250358025972","potions_obtained":[{"floor":1.0,"key":"LiquidMemories"},{"floor":3.0,"key":"EntropicBrew"},{"floor":4.0,"key":"EssenceOfSteel"}],"is_trial":false,"path_per_floor":["M","M","M","M","M","E","?","R","T","?","E"],"character_chosen":"IRONCLAD","items_purchased":[],"campfire_rested":0,"item_purchase_floors":[],"current_hp_per_floor":[78,77,75,72,70,59,59,59,59,59,59,59],"gold":289,"neow_bonus":"BOSS_RELIC","is_daily":false,"chose_seed":false,"campfire_upgraded":1,"win_rate":0.0,"timestamp":1612484888,"path_taken":["M","M","M","M","M","E","?","R","T","?","E"],"items_purchased_type":[],"build_version":"2020-12-22","purchased_purges":0,"victory":false,"max_hp_per_floor":[80,80,80,80,80,80,74,74,74,74,74,74],"card_choices":[{"not_picked":["Twin Strike","Warcry+1"],"picked":"Ghostly Armor+1","floor":1.0},{"not_picked":["Sword Boomerang","Reckless Charge"],"picked":"Dropkick","floor":2.0},{"not_picked":["Clothesline","Combust"],"picked":"Pommel Strike","floor":3.0},{"not_picked":["Whirlwind","Rampage"],"picked":"Havoc+1","floor":4.0},{"not_picked":["Metallicize","Sword Boomerang"],"picked":"Clash","floor":5.0},{"not_picked":["Body Slam","Flex+1","Intimidate+1"],"picked":"SKIP","floor":6}],"player_experience":229299,"relics_obtained":[{"floor":0.0,"key":"Bag of Marbles"},{"floor":0.0,"key":"Toxic Egg 2"},{"floor":0.0,"key":"Bird Faced Urn"},{"floor":6,"key":"Nunchaku"},{"floor":9,"key":"Meat on the Bone"}],"event_choices":[{"damage_healed":0,"gold_gain":0,"player_choice":"Lose Max HP","damage_taken":0,"relics_obtained":["Golden Idol"],"max_hp_gain":0,"max_hp_loss":6,"event_name":"Golden Idol","floor":7,"gold_loss":0},{"damage_healed":0,"gold_gain":0,"cards_transformed":["Strike_R"],"player_choice":"Transformed","damage_taken":0,"max_hp_gain":0,"max_hp_loss":0,"event_name":"Transmorgrifier","floor":10,"gold_loss":0,"cards_obtained":["Flame Barrier"]}],"is_beta":false,"boss_relics":[],"items_purged_floors":[],"is_endless":false,"potions_floor_spawned":[1,3,4],"killed_by":"Gremlin Nob","ascension_level":1}}