{"host":"nvi7eteh2xa5cf87","time":1612485210,"event":{"mods":["BaseMod","Custom Start","Downfall","Hermit","Hubris","Lobotomy","Minty Spire (QoL Compilation)","StSLib","The Animator","The Jungle","The Necromancer","The Poker Player","The Runesmith","The Servant 0.9.4"],"gold_per_floor":[99,99,99,99,99,99,126,26,42,54,64,64,64,98,112,211,211,11,21,21,21,38,23,47,32,32,52,52,67,67,80,95,95,95,95],"floor_reached":33,"language":"ENG","playtime":2239,"items_purged":[],"score":295,"play_id":"83882109-6751-4c1b-854c-d14f5c8366e0","local_time":"20210204193330","is_ascension_mode":false,"campfire_choices":[{"floor":1,"key":"RECALL"},{"data":"Slimebound:CorrosiveSpit","floor":6,"key":"SMITH"},{"data":"Slimebound:Chomp","floor":8,"key":"SMITH"},{"floor":13,"key":"REST"},{"data":"Slimebound:Split","floor":18,"key":"SMITH"},{"floor":26,"key":"REST"},{"floor":30,"key":"REST"}],"circlet_count":0,"master_deck":["Slimebound:Strike_Slimebound","Slimebound:Strike_Slimebound","Slimebound:Strike_Slimebound","Slimebound:Tackle","Slimebound:Defend_Slimebound","Slimebound:Defend_Slimebound","Slimebound:Defend_Slimebound","Slimebound:Defend_Slimebound","Slimebound:Split+1","Slimebound:CorrosiveSpit+1","Slimebound:LeechEnergy","Slimebound:Chomp+1","Slimebound:Schlurp","Slimebound:GrowthPunch","Slimebound:FinishingTackle","Slimebound:LeechingTouch","Slimebound:SplitBruiser","Slimebound:SpikyOuterGoop","Slimebound:MassRepurpose","Slimebound:HauntingLick+1","Slimebound:ViciousTackle+1","Slimebound:MegaLick","Slimebound:GoopSpray","Slimebound:GrowthPunch+1","Slimebound:ForwardTackle+1","Slimebound:ItLooksTasty+1","Slimebound:LivingWall"],"relics":["Slimebound:AbsorbEndCombatUpgraded","downfall:HeartsMalice","hubris:Towel","downfall:HeartBlessingBlue","hubris:CrystalStatue","downfall:HeartBlessingRed","downfall:HeartBlessingGreen","MutagenicStrength","GremlinMask","hubris:SlimyHat","hubris:Icosahedron"],"acts_visited":["Exordium","TheCity"],"potions_floor_usage":[16,29,33,33,33],"damage_taken":[{"damage":0,"enemies":"Small Slimes","floor":2,"turns":1},{"damage":0,"enemies":"Jaw Worm","floor":3,"turns":1},{"damage":0,"enemies":"Cultist","floor":5,"turns":1},{"damage":11,"enemies":"2 Fungi Beasts","floor":9,"turns":3},{"damage":15,"enemies":"Exordium Wildlife","floor":10,"turns":3},{"damage":13,"enemies":"Large Slime","floor":11,"turns":5},{"damage":27,"enemies":"Lagavulin","floor":14,"turns":5},{"damage":3,"enemies":"Exordium Thugs","floor":15,"turns":2},{"damage":42,"enemies":"DF_ARCHETYPE_STREAMLINE","floor":16,"turns":9},{"damage":33,"enemies":"Spheric Guardian","floor":19,"turns":5},{"damage":40,"enemies":"Centurion and Healer","floor":22,"turns":8},{"damage":7,"enemies":"downfall:FleeingMerchant","floor":23,"turns":4},{"damage":9,"enemies":"downfall:FleeingMerchant","floor":25,"turns":4},{"damage":24,"enemies":"Snecko","floor":27,"turns":5},{"damage":14,"enemies":"Snake Plant","floor":29,"turns":4},{"damage":14,"enemies":"Centurion and Healer","floor":31,"turns":5},{"damage":37,"enemies":"3 Cultists","floor":32,"turns":6},{"damage":53,"enemies":"IC_MUSHROOM_ARCHETYPE","floor":33,"turns":11}],"seed_played":"3132460831528637246","potions_obtained":[{"floor":9,"key":"Weak Potion"},{"floor":10,"key":"LiquidBronze"},{"floor":11,"key":"Dexterity Potion"},{"floor":22,"key":"SteroidPotion"},{"floor":29,"key":"Fruit Juice"}],"is_trial":false,"path_per_floor":["R","M","M","?","M","R","T","R","M","M","M","?","R","E","M","B",null,"R","M","?","?","M","$","T","$","R","M","?","M","R","M","M","B"],"character_chosen":"SLIMEBOUND","items_purchased":[],"campfire_rested":3,"item_purchase_floors":[],"current_hp_per_floor":[65,65,65,65,65,65,65,75,68,57,48,45,67,46,47,13,75,75,42,42,42,17,25,25,22,44,32,32,32,56,54,32,0,0,0],"gold":95,"neow_bonus":"THREE_ENEMY_KILL","is_daily":false,"chose_seed":false,"campfire_upgraded":3,"win_rate":0.0,"timestamp":1612485210,"path_taken":["R","M","M","?","M","R","T","R","M","M","M","?","R","E","M","BOSS","R","M","?","?","?","$","T","$","R","M","?","M","R","M","M","BOSS"],"items_purchased_type":[],"build_version":"2020-12-22","purchased_purges":0,"victory":false,"max_hp_per_floor":[65,65,65,65,65,65,65,75,75,75,75,75,75,75,75,75,75,75,75,75,75,75,75,75,75,75,75,75,80,80,80,80,80,80,80],"card_choices":[{"not_picked":["Slimebound:AcidTongue","Slimebound:ComboTackle"],"picked":"Slimebound:LeechEnergy","floor":2},{"not_picked":["Slimebound:FlameTackle","Slimebound:RollThrough"],"picked":"Slimebound:Chomp","floor":3},{"not_picked":["Slimebound:LeechingTouch","Slimebound:SlimeSpikes"],"picked":"Slimebound:Schlurp","floor":5},{"not_picked":["Slimebound:RainOfGoop","Slimebound:SplitMire"],"picked":"Slimebound:GrowthPunch","floor":9},{"not_picked":["Slimebound:Grow","Slimebound:RejuvenatingLick"],"picked":"Slimebound:FinishingTackle","floor":10},{"not_picked":["Slimebound:BestDefense","Slimebound:LeechEnergy"],"picked":"Slimebound:LeechingTouch","floor":11},{"not_picked":["Slimebound:FormOfPuddle","Slimebound:MinionMaster"],"picked":"Slimebound:SplitBruiser","floor":14},{"not_picked":["Slimebound:HauntingLick","Slimebound:SamplingLick"],"picked":"Slimebound:SpikyOuterGoop","floor":15},{"not_picked":["Slimebound:DuplicatedForm","Slimebound:SelfFormingGoo"],"picked":"Slimebound:MassRepurpose","floor":16},{"not_picked":["Slimebound:ComboTackle+1","Slimebound:GrowthPunch"],"picked":"Slimebound:HauntingLick+1","floor":19},{"not_picked":["Slimebound:FlameTackle","Slimebound:FinishingTackle"],"picked":"Slimebound:ViciousTackle+1","floor":22},{"not_picked":["Slimebound:Prepare","Slimebound:LivingWall+1"],"picked":"Slimebound:MegaLick","floor":23},{"not_picked":["Slimebound:ComboTackle","Slimebound:AcidTongue+1"],"picked":"Slimebound:GoopSpray","floor":25},{"not_picked":["Slimebound:ComboTackle","Slimebound:LeechingTouch"],"picked":"Slimebound:GrowthPunch+1","floor":27},{"not_picked":["Slimebound:GoopSpray","Slimebound:Schlurp"],"picked":"Slimebound:ForwardTackle+1","floor":29},{"not_picked":["Slimebound:FinishingTackle","Slimebound:ComboTackle"],"picked":"Slimebound:ItLooksTasty+1","floor":31},{"not_picked":["Slimebound:GoopSpray","Slimebound:SamplingLick"],"picked":"Slimebound:LivingWall","floor":32}],"player_experience":93610,"relics_obtained":[{"floor":14,"key":"hubris:CrystalStatue"},{"floor":24,"key":"hubris:SlimyHat"}],"event_choices":[{"damage_healed":0,"gold_gain":0,"player_choice":"Fled","damage_taken":3,"max_hp_gain":0,"max_hp_loss":0,"event_name":"Scrap Ooze","floor":12,"gold_loss":0},{"damage_healed":0,"gold_gain":0,"player_choice":"Inject Mutagens","damage_taken":0,"relics_obtained":["MutagenicStrength"],"max_hp_gain":0,"max_hp_loss":0,"event_name":"Drug Dealer","floor":20,"gold_loss":0},{"damage_healed":0,"gold_gain":0,"player_choice":"Trade","damage_taken":0,"relics_obtained":["GremlinMask"],"max_hp_gain":0,"max_hp_loss":0,"event_name":"FaceTrader","floor":21,"gold_loss":0}],"is_beta":false,"boss_relics":[{"not_picked":["bronze:MakeshiftBattery","Snecko Eye"],"picked":"Slimebound:AbsorbEndCombatUpgraded"}],"items_purged_floors":[],"is_endless":false,"potions_floor_spawned":[9,10,11,15,22,27,29],"killed_by":"IC_MUSHROOM_ARCHETYPE","ascension_level":0}}