{"host":"vyjryxuuuxkt43k4","time":1612504471,"event":{"mods":["AchievementEnabler","BaseMod","Colored Map","DeckTracker","Highlight Path","Keyboard Shortcuts","Minty Spire (QoL Compilation)","Permanent Neow","Quick Restart","Relic Stats","StSLib","SuperFastMode","everything is the same but u backflip on backflip"],"gold_per_floor":[118,118,193,214,63,63,86,111,135,169,169,21,56,75,75,171,171,184,26,26,45,45,88,11,47,47,47,47,62,62,77,77,171,171,194,194,69,92,92,135,135,135,135,135,135,170,20,33,33,33],"floor_reached":51,"language":"KOR","playtime":8206,"items_purged":["Strike_P","Strike_P","Defend_P+1","Defend_P+1"],"score":1468,"play_id":"97af045b-fdcf-4dd3-b3d2-f48ef7b3e8d9","local_time":"20210205145431","is_ascension_mode":true,"campfire_choices":[{"floor":6.0,"key":"REST"},{"floor":15.0,"key":"REST"},{"floor":27.0,"key":"REST"},{"floor":30.0,"key":"REST"},{"data":"MentalFortress","floor":32.0,"key":"SMITH"},{"data":"ClearTheMind","floor":42.0,"key":"SMITH"},{"data":"Adaptation","floor":45.0,"key":"SMITH"},{"floor":49,"key":"REST"}],"circlet_count":0,"master_deck":["AscendersBane","Strike_P+1","Strike_P+1","Defend_P+1","Eruption+1","Vigilance+1","LessonLearned+1","Tantrum+1","TalkToTheHand+1","ClearTheMind+1","Tantrum+1","MentalFortress+1","Brilliance+1","Halt+1","Adaptation+1","Adaptation+1","Halt+1","WreathOfFlame+1","FearNoEvil","Vault+1","Prostrate+1"],"relics":["PureWater","Golden Idol","Pen Nib","Odd Mushroom","Potion Belt","Runic Pyramid","Juzu Bracelet","InkBottle","Ice Cream","Philosopher\u0027s Stone","Oddly Smooth Stone","Nunchaku","Incense Burner"],"acts_visited":["Exordium","TheCity","TheBeyond"],"potions_floor_usage":[50,50],"damage_taken":[{"damage":1.0,"enemies":"Cultist","floor":1.0,"turns":3.0},{"damage":2.0,"enemies":"2 Louse","floor":4.0,"turns":3.0},{"damage":3.0,"enemies":"Jaw Worm","floor":7.0,"turns":4.0},{"damage":2.0,"enemies":"2 Fungi Beasts","floor":8.0,"turns":4.0},{"damage":14.0,"enemies":"The Mushroom Lair","floor":10.0,"turns":4.0},{"damage":0.0,"enemies":"Gremlin Nob","floor":13.0,"turns":1.0},{"damage":0.0,"enemies":"Large Slime","floor":14.0,"turns":4.0},{"damage":0.0,"enemies":"Slime Boss","floor":16.0,"turns":3.0},{"damage":2.0,"enemies":"2 Thieves","floor":18.0,"turns":3.0},{"damage":0.0,"enemies":"3 Byrds","floor":21.0,"turns":4.0},{"damage":16.0,"enemies":"Book of Stabbing","floor":23.0,"turns":4.0},{"damage":21.0,"enemies":"Gremlin Leader","floor":25.0,"turns":5.0},{"damage":0.0,"enemies":"3 Cultists","floor":29.0,"turns":4.0},{"damage":2.0,"enemies":"Chosen and Byrds","floor":31.0,"turns":4.0},{"damage":10.0,"enemies":"Automaton","floor":33.0,"turns":8.0},{"damage":18.0,"enemies":"3 Shapes","floor":35.0,"turns":4.0},{"damage":0.0,"enemies":"Orb Walker","floor":38.0,"turns":2.0},{"damage":0.0,"enemies":"Reptomancer","floor":40.0,"turns":5.0},{"damage":14.0,"enemies":"Giant Head","floor":46.0,"turns":6.0},{"damage":0,"enemies":"Jaw Worm Horde","floor":48,"turns":3},{"damage":0,"enemies":"Donu and Deca","floor":50,"turns":5}],"seed_played":"-592545782072558522","potions_obtained":[{"floor":1.0,"key":"LiquidBronze"},{"floor":7.0,"key":"Regen Potion"},{"floor":13.0,"key":"SteroidPotion"},{"floor":14.0,"key":"FearPotion"},{"floor":18.0,"key":"FearPotion"},{"floor":25.0,"key":"SteroidPotion"},{"floor":36.0,"key":"Swift Potion"},{"floor":36.0,"key":"Explosive Potion"},{"floor":38.0,"key":"Dexterity Potion"},{"floor":40.0,"key":"LiquidMemories"},{"floor":48,"key":"SteroidPotion"}],"is_trial":false,"path_per_floor":["M","?","?","M","$","R","M","M","T","?","?","$","E","M","R","B",null,"M","$","?","M","$","E","$","E","T","R","$","M","R","M","R","B",null,"M","?","$","M","?","E","?","R","T","$","R","E","$","M","R","B",null],"character_chosen":"WATCHER","items_purchased":["TalkToTheHand","SteroidPotion","Adaptation","GamblersBrew","GamblersBrew"],"campfire_rested":5,"item_purchase_floors":[5,12,19,19,24],"current_hp_per_floor":[60,39,28,26,26,44,41,39,39,37,37,37,37,37,55,55,60,58,58,58,58,58,42,42,21,21,39,39,39,57,55,55,45,58,40,40,40,40,40,40,40,40,40,40,40,26,26,26,43,43],"gold":33,"neow_bonus":"THREE_RARE_CARDS","is_daily":false,"chose_seed":false,"campfire_upgraded":3,"win_rate":0.0,"timestamp":1612504471,"path_taken":["M","?","?","M","?","R","M","M","T","?","?","$","E","M","R","BOSS","M","$","?","M","?","E","?","E","T","R","$","M","R","M","R","BOSS","M","?","$","M","?","E","?","R","T","?","R","E","$","M","R","BOSS"],"items_purchased_type":["Card","Potion","Card","Potion","Potion"],"build_version":"2020-12-22","purchased_purges":4,"victory":true,"max_hp_per_floor":[62,62,62,62,62,62,62,62,62,62,62,62,62,62,62,62,62,62,62,62,62,62,62,62,62,62,62,62,62,62,62,62,62,62,62,62,62,62,59,59,59,59,59,59,59,59,59,59,59,59],"relic_stats":{"Nunchaku":[4],"counters":[21,83],"Golden Idol":146,"Pen Nib":[17],"Juzu Bracelet":1,"obtain_stats":[{"Potion Belt":13,"Ice Cream":26,"Golden Idol":2,"Oddly Smooth Stone":40,"Pen Nib":9,"Juzu Bracelet":23,"Incense Burner":46,"Odd Mushroom":10,"Nunchaku":43,"Philosopher\u0027s Stone":34,"PureWater":0,"InkBottle":25,"Runic Pyramid":17},{"Potion Belt":6,"Ice Cream":12,"Golden Idol":1,"Oddly Smooth Stone":18,"Pen Nib":4,"Juzu Bracelet":11,"Incense Burner":19,"Odd Mushroom":5,"Nunchaku":18,"Philosopher\u0027s Stone":15,"PureWater":0,"InkBottle":12,"Runic Pyramid":8},{"Potion Belt":19,"Ice Cream":42,"Golden Idol":3,"Oddly Smooth Stone":69,"Pen Nib":14,"Juzu Bracelet":37,"Incense Burner":75,"Odd Mushroom":18,"Nunchaku":69,"Philosopher\u0027s Stone":58,"PureWater":0,"InkBottle":42,"Runic Pyramid":26}],"InkBottle":[20]},"card_choices":[{"not_picked":["Alpha","Omniscience"],"picked":"LessonLearned","floor":0.0},{"not_picked":["BowlingBash","EmptyBody"],"picked":"Tantrum","floor":1.0},{"not_picked":["EmptyBody","PathToVictory","Crescendo"],"picked":"SKIP","floor":4.0},{"not_picked":["ClearTheMind","WaveOfTheHand","DeceiveReality"],"picked":"SKIP","floor":7.0},{"not_picked":["WaveOfTheHand","DeceiveReality"],"picked":"ClearTheMind","floor":7.0},{"not_picked":["DeceiveReality","Evaluate","Wireheading"],"picked":"SKIP","floor":8.0},{"not_picked":["DeceiveReality","Evaluate","Wireheading"],"picked":"SKIP","floor":8.0},{"not_picked":["Protect","Establishment"],"picked":"Tantrum","floor":13.0},{"not_picked":["BowlingBash","EmptyMind"],"picked":"MentalFortress","floor":14.0},{"not_picked":["ConjureBlade","Devotion"],"picked":"Brilliance","floor":16.0},{"not_picked":["CutThroughFate","JustLucky"],"picked":"Halt+1","floor":18.0},{"not_picked":["Collect","Vengeance","Protect"],"picked":"SKIP","floor":21.0},{"not_picked":["CarveReality","FollowUp"],"picked":"Halt","floor":23.0},{"not_picked":["FlurryOfBlows+1","TalkToTheHand"],"picked":"WreathOfFlame","floor":25.0},{"not_picked":["FlurryOfBlows","EmptyFist"],"picked":"FearNoEvil","floor":29.0},{"not_picked":["WreathOfFlame+1","CutThroughFate","Swivel"],"picked":"SKIP","floor":31.0},{"not_picked":["MasterReality","Blasphemy"],"picked":"Vault","floor":33.0},{"not_picked":["Protect+1","CrushJoints","JustLucky"],"picked":"SKIP","floor":35.0},{"not_picked":["PathToVictory","InnerPeace","WaveOfTheHand"],"picked":"SKIP","floor":38.0},{"not_picked":["Protect","SashWhip","Halt"],"picked":"SKIP","floor":40.0},{"not_picked":["FlyingSleeves","InnerPeace","Nirvana"],"picked":"SKIP","floor":46.0},{"not_picked":["Fasting2+1","Study+1"],"picked":"Prostrate","floor":48}],"player_experience":732591,"relics_obtained":[{"floor":9.0,"key":"Pen Nib"},{"floor":10.0,"key":"Odd Mushroom"},{"floor":13.0,"key":"Potion Belt"},{"floor":23.0,"key":"Juzu Bracelet"},{"floor":25.0,"key":"InkBottle"},{"floor":26.0,"key":"Ice Cream"},{"floor":40.0,"key":"Oddly Smooth Stone"},{"floor":43.0,"key":"Nunchaku"},{"floor":46.0,"key":"Incense Burner"}],"event_choices":[{"damage_healed":0.0,"max_hp_gain":0.0,"max_hp_loss":0.0,"gold_gain":0.0,"event_name":"Golden Idol","player_choice":"Take Damage","floor":2.0,"gold_loss":0.0,"damage_taken":21.0,"relics_obtained":["Golden Idol"]},{"damage_healed":0.0,"max_hp_gain":0.0,"max_hp_loss":0.0,"gold_gain":75.0,"event_name":"World of Goop","player_choice":"Gather Gold","floor":3.0,"gold_loss":0.0,"damage_taken":11.0},{"damage_healed":0.0,"max_hp_gain":0.0,"max_hp_loss":0.0,"gold_gain":0.0,"event_name":"Mushrooms","player_choice":"Fought Mushrooms","floor":10.0,"gold_loss":0.0,"damage_taken":0.0},{"cards_removed":["Defend_P"],"damage_healed":0.0,"max_hp_gain":0.0,"max_hp_loss":0.0,"gold_gain":0.0,"event_name":"Living Wall","player_choice":"Forget","floor":11.0,"gold_loss":0.0,"damage_taken":0.0},{"damage_healed":0.0,"max_hp_gain":0.0,"max_hp_loss":0.0,"gold_gain":0.0,"event_name":"Duplicator","player_choice":"Copied","floor":20.0,"gold_loss":0.0,"damage_taken":0.0,"cards_obtained":["Adaptation"]},{"damage_healed":0.0,"max_hp_gain":0.0,"max_hp_loss":0.0,"gold_gain":0.0,"event_name":"Lab","player_choice":"Got Potions","floor":36.0,"gold_loss":0.0,"damage_taken":0.0},{"damage_healed":0.0,"max_hp_gain":0.0,"max_hp_loss":3.0,"gold_gain":0.0,"event_name":"Winding Halls","player_choice":"Max HP","floor":39.0,"gold_loss":0.0,"damage_taken":0.0},{"damage_healed":0.0,"max_hp_gain":0.0,"max_hp_loss":0.0,"gold_gain":0.0,"event_name":"Upgrade Shrine","player_choice":"Upgraded","floor":41.0,"gold_loss":0.0,"damage_taken":0.0,"cards_upgraded":["Vault"]}],"is_beta":false,"boss_relics":[{"not_picked":["Busted Crown","HolyWater"],"picked":"Runic Pyramid"},{"not_picked":["Calling Bell","Sozu"],"picked":"Philosopher\u0027s Stone"}],"items_purged_floors":[5,12,37,47],"is_endless":false,"potions_floor_spawned":[1,7,13,14,18,25,38,40,48],"ascension_level":15}}