{"host":"3mxu71uy664p0kso","time":1612496444,"event":{"mods":["AchievementEnabler","BaseMod","Colored Map","Lobotomy","Minty Spire (QoL Compilation)","StSLib"],"gold_per_floor":[113,126,144,164,177,177,190,190,214,214,230,246,261,91,91,192,192,192,192],"floor_reached":18,"language":"KOR","playtime":1439,"items_purged":["InformationCode"],"score":183,"play_id":"b4cc53fc-7398-47a4-b8ef-d2a661370431","local_time":"20210205124044","is_ascension_mode":false,"campfire_choices":[{"floor":6,"key":"REST"},{"floor":15,"key":"REST"}],"circlet_count":0,"master_deck":["SpecialBullet","SpecialBullet","SpecialBullet","SpecialBullet","SpecialBullet","SpecialBullet","SpecialBullet","SpecialBullet","WelfareCode","CentralCode","BeautyBeast","BloodyDesire","OldLady","BlueScar","Scorched","FieryBird","UniverseFragment","SpecialBullet","Bandage Up"],"relics":["CogitoBucket","SkinProphecy","Bag of Marbles","NlothsMask","Busted Crown"],"acts_visited":["Exordium","TheCity"],"potions_floor_usage":[7,16,16,16],"damage_taken":[{"damage":6,"enemies":"Cultist","floor":1,"turns":3},{"damage":4,"enemies":"Small Slimes","floor":2,"turns":2},{"damage":8,"enemies":"Jaw Worm","floor":3,"turns":3},{"damage":21,"enemies":"Exordium Thugs","floor":4,"turns":3},{"damage":10,"enemies":"Lots of Slimes","floor":5,"turns":3},{"damage":0,"enemies":"Blue Slaver","floor":7,"turns":2},{"damage":0,"enemies":"Red Slaver","floor":11,"turns":4},{"damage":1,"enemies":"Looter","floor":12,"turns":3},{"damage":2,"enemies":"Blue Slaver","floor":13,"turns":3},{"damage":1,"enemies":"Hexaghost","floor":16,"turns":10},{"damage":92,"enemies":"2 Thieves","floor":18,"turns":13}],"seed_played":"2227557057821660856","potions_obtained":[{"floor":1,"key":"SneckoOil"},{"floor":4,"key":"SteroidPotion"},{"floor":5,"key":"SpeedPotion"},{"floor":11,"key":"Regen Potion"}],"is_trial":false,"path_per_floor":["M","M","M","M","M","R","M","R","T","?","M","M","M","$","R","B",null,"M"],"character_chosen":"Angela","items_purchased":["Bandage Up"],"campfire_rested":2,"item_purchase_floors":[14],"current_hp_per_floor":[57,53,45,24,14,39,39,39,39,39,35,30,24,24,51,65,92,0,0],"gold":192,"neow_bonus":"TWENTY_PERCENT_HP_BONUS","is_daily":false,"chose_seed":false,"campfire_upgraded":0,"win_rate":0.0,"timestamp":1612496444,"path_taken":["M","M","M","M","?","R","M","R","T","?","M","M","?","$","R","BOSS","M"],"items_purchased_type":["Card"],"build_version":"2020-12-22","purchased_purges":1,"victory":false,"max_hp_per_floor":[84,84,84,84,84,84,84,84,84,84,86,88,90,90,90,92,92,94,94],"card_choices":[{"not_picked":["Yin","SpiderBud"],"picked":"BeautyBeast","floor":1},{"not_picked":["TodaysExpression"],"picked":"BloodyDesire","floor":1},{"not_picked":["UniverseFragment","OSAHOGD"],"picked":"OldLady","floor":2},{"not_picked":["Beak"],"picked":"BlueScar","floor":2},{"not_picked":["GalaxyChild","FairyFestival"],"picked":"Scorched","floor":3},{"not_picked":["SwordSharpenedByTears","Noise"],"picked":"SKIP","floor":3},{"not_picked":["FairyFestival","MHz"],"picked":"FieryBird","floor":4},{"not_picked":["SolemnVow","DaCapo"],"picked":"SKIP","floor":4},{"not_picked":["UniverseFragment","Murderer"],"picked":"BigBird","floor":5},{"not_picked":["CherryBlossom","TodaysExpression"],"picked":"SKIP","floor":5},{"not_picked":["Freischutz","OSAHOGD"],"picked":"UniverseFragment","floor":7},{"not_picked":["BlackSwan_ego","Wingbeat"],"picked":"SKIP","floor":7},{"not_picked":["FourthMatchFlame","SomewhereSpear"],"picked":"SKIP","floor":11},{"not_picked":["Funeral","SingingMachine"],"picked":"LongBird","floor":12},{"not_picked":["Christmas","RedEyes"],"picked":"SKIP","floor":12},{"not_picked":["Hypocrisy","RedEyes"],"picked":"SKIP","floor":13},{"not_picked":["Alriune","MHz"],"picked":"PunishingBird","floor":16}],"player_experience":115990,"relics_obtained":[{"floor":9,"key":"Bag of Marbles"}],"event_choices":[{"damage_healed":0,"gold_gain":0,"player_choice":"Trade","damage_taken":0,"relics_obtained":["NlothsMask"],"max_hp_gain":0,"max_hp_loss":0,"event_name":"FaceTrader","floor":10,"gold_loss":0}],"is_beta":false,"boss_relics":[{"not_picked":["Runic Dome","Fusion Hammer"],"picked":"Busted Crown"}],"items_purged_floors":[14],"is_endless":false,"potions_floor_spawned":[1,4,5,11],"killed_by":"2 Thieves","ascension_level":0}}