{"host":"f9mdfzi4ns4wieu7","time":1612504087,"event":{"mods":["Arknights","BaseMod","Better Note","Better Skull","Better Third Choice","Colored Powertips","Curses Come First","DeckTracker","GungeonMod","Hermit","Infinite Spire","Minty Spire (QoL Compilation)","Quick Restart","Random Character Button","Rare Cards Sparkle","Relic Sorter","Reliquary","Robot Space Explorer","Shade Mod","Smile Girya","StSLib","The Poker Player","The Saiyan","The Servant 0.9.4","TheBandit","WarShipGirlsR/????R mod","Yuyuko"],"gold_per_floor":[92,108,108,118,135,170,170,26,51,115,133,148,169,186,186,288,288,308,320,270,270,289,314,314,314,339,352,352,352,352,365,365,365,365],"floor_reached":33,"language":"ENG","playtime":2344,"items_purged":[],"score":294,"play_id":"1829c1e3-bbe0-4c2e-8995-33f55b599960","local_time":"20210204224807","is_ascension_mode":false,"campfire_choices":[{"data":"Saiyan:Momentum","floor":7,"key":"SMITH"},{"data":"Saiyan:ThirstForFight","floor":15,"key":"SMITH"},{"floor":24,"key":"REST"},{"data":"Saiyan:MajinSeal","floor":28,"key":"SMITH"},{"floor":32,"key":"REST"}],"circlet_count":0,"master_deck":["Saiyan:SAIYA_Strike","Saiyan:SAIYA_Strike","Saiyan:SAIYA_Defend","Saiyan:SAIYA_Defend","Saiyan:SAIYA_Defend","Saiyan:SAIYA_Defend","Saiyan:EnergyBlast","Saiyan:KaioKen+1","Saiyan:RuthlessBlow","Saiyan:KiExplosion","Saiyan:KameHameHa","Saiyan:PowerUp","Saiyan:Planning","Saiyan:Momentum+1","Saiyan:ReverberatingForce","Saiyan:ThirstForFight+1","Saiyan:Teleport","Saiyan:ExpandingShockwave","Saiyan:MeteorDash","Saiyan:MajinSeal+1","Saiyan:RemoveWeights","Saiyan:Furor"],"relics":["SaiyanSoul","SaiyanHeart","reliquary:JackalopeAntler","Medical Kit","reliquary:RosewoodLute","Lantern","Odd Mushroom","Busted Crown","Nloth\u0027s Gift","Juzu Bracelet","reliquary:Aerogel"],"acts_visited":["Exordium","TheCity"],"potions_floor_usage":[6,10,13,13,19,31,31,31,33],"damage_taken":[{"damage":0,"enemies":"Jaw Worm","floor":1,"turns":1},{"damage":0,"enemies":"Small Slimes","floor":2,"turns":1},{"damage":0,"enemies":"2 Louse","floor":4,"turns":1},{"damage":4,"enemies":"2 Fungi Beasts","floor":5,"turns":4},{"damage":15,"enemies":"Lagavulin","floor":6,"turns":6},{"damage":11,"enemies":"3 Sentries","floor":10,"turns":8},{"damage":0,"enemies":"Looter","floor":11,"turns":4},{"damage":10,"enemies":"3 Louse","floor":12,"turns":3},{"damage":17,"enemies":"The Mushroom Lair","floor":13,"turns":3},{"damage":0,"enemies":"Exordium Wildlife","floor":14,"turns":3},{"damage":1,"enemies":"Hexaghost","floor":16,"turns":7},{"damage":0,"enemies":"Chosen","floor":18,"turns":3},{"damage":25,"enemies":"2 Thieves","floor":19,"turns":4},{"damage":11,"enemies":"Cultist and Chosen","floor":22,"turns":7},{"damage":32,"enemies":"Nightmare","floor":23,"turns":9},{"damage":9,"enemies":"3 Cultists","floor":27,"turns":5},{"damage":11,"enemies":"Chosen and Byrds","floor":31,"turns":4},{"damage":39,"enemies":"Collector","floor":33,"turns":6}],"seed_played":"6219821734012368658","potions_obtained":[{"floor":1,"key":"DuplicationPotion"},{"floor":4,"key":"BlessingOfTheForge"},{"floor":10,"key":"AttackPotion"},{"floor":12,"key":"PowerPotion"},{"floor":16,"key":"AttackPotion"},{"floor":22,"key":"PowerPotion"},{"floor":30,"key":"LiquidMemories"},{"floor":30,"key":"Ancient Potion"},{"floor":31,"key":"Weak Potion"}],"is_trial":false,"path_per_floor":["M","M","?","M","M","E","R","$","T","?","M","M","?","M","R","B",null,"M","M","?","?","M","NM","R","?","T","M","R","?","?","M","R","B"],"character_chosen":"SAIYAJIN","items_purchased":["Medical Kit"],"campfire_rested":2,"item_purchase_floors":[8],"current_hp_per_floor":[60,60,60,60,58,45,45,45,45,35,36,28,12,13,13,13,71,73,48,48,48,38,7,29,29,29,21,21,21,21,12,35,0,0],"gold":365,"neow_bonus":"THREE_ENEMY_KILL","is_daily":false,"chose_seed":false,"campfire_upgraded":3,"win_rate":0.0,"timestamp":1612504087,"path_taken":["M","M","?","M","M","E","R","$","T","?","M","M","?","M","R","BOSS","M","M","?","?","M","NM","R","?","T","M","R","?","?","M","R","BOSS"],"items_purchased_type":["Relic"],"build_version":"2020-12-22","purchased_purges":0,"victory":false,"max_hp_per_floor":[60,60,60,60,62,64,64,64,64,65,66,68,69,70,70,71,71,73,73,73,73,74,75,75,75,75,76,76,76,76,78,78,79,79],"card_choices":[{"not_picked":["Saiyan:Planning","Saiyan:Scouter"],"picked":"Saiyan:KiExplosion","floor":1},{"not_picked":["Saiyan:ReverberatingForce","Saiyan:BigBangAttack"],"picked":"Saiyan:KameHameHa","floor":2},{"not_picked":["Saiyan:PressOn","Saiyan:Medicine"],"picked":"Saiyan:PowerUp","floor":4},{"not_picked":["Saiyan:PlotArmor","Saiyan:Medicine"],"picked":"Saiyan:Planning","floor":5},{"not_picked":["Saiyan:SaiyanHubris","Saiyan:SuperSaiyanForm"],"picked":"Saiyan:Momentum","floor":6},{"not_picked":["Saiyan:DragonFist","Saiyan:SaiyanHubris"],"picked":"Saiyan:ReverberatingForce","floor":10},{"not_picked":["Saiyan:SpiritSword","Saiyan:FinalFlash"],"picked":"Saiyan:ThirstForFight","floor":11},{"not_picked":["Saiyan:TurtleShell","Saiyan:Furor"],"picked":"Saiyan:Teleport","floor":12},{"not_picked":["Saiyan:BurningSoul","Saiyan:BackAttack"],"picked":"Saiyan:ExpandingShockwave","floor":13},{"not_picked":["Saiyan:FingerParry","Saiyan:PlotArmor"],"picked":"Saiyan:MeteorDash","floor":14},{"not_picked":["Saiyan:HyperTimeChamber","Saiyan:Momentum"],"picked":"Saiyan:MajinSeal","floor":16},{"not_picked":["Saiyan:MeteorDash"],"picked":"SKIP","floor":18},{"not_picked":["Saiyan:Expend"],"picked":"SKIP","floor":19},{"not_picked":["Saiyan:Scouter"],"picked":"SKIP","floor":22},{"not_picked":[],"picked":"Saiyan:RemoveWeights","floor":23},{"not_picked":["Saiyan:BigBangAttack"],"picked":"SKIP","floor":27},{"not_picked":[],"picked":"Saiyan:Furor","floor":31}],"player_experience":106003,"relics_obtained":[{"floor":6,"key":"reliquary:JackalopeAntler"},{"floor":9,"key":"reliquary:RosewoodLute"},{"floor":10,"key":"Lantern"},{"floor":13,"key":"Odd Mushroom"},{"floor":23,"key":"Juzu Bracelet"},{"floor":26,"key":"reliquary:Aerogel"}],"event_choices":[{"damage_healed":0,"gold_gain":0,"player_choice":"Searched \u00271\u0027 times","damage_taken":0,"max_hp_gain":0,"max_hp_loss":0,"event_name":"Dead Adventurer","floor":10,"gold_loss":0},{"damage_healed":0,"gold_gain":0,"player_choice":"Fought Mushrooms","damage_taken":0,"max_hp_gain":0,"max_hp_loss":0,"event_name":"Mushrooms","floor":13,"gold_loss":0},{"damage_healed":0,"gold_gain":0,"player_choice":"Bet on Owner","damage_taken":0,"max_hp_gain":0,"max_hp_loss":0,"event_name":"The Joust","floor":20,"gold_loss":50},{"damage_healed":0,"gold_gain":0,"player_choice":"Traded Relic","damage_taken":0,"relics_obtained":["Nloth\u0027s Gift"],"max_hp_gain":0,"max_hp_loss":0,"event_name":"N\u0027loth","floor":21,"relics_lost":["NeowsBlessing"],"gold_loss":0},{"cards_removed":["Saiyan:SAIYA_Strike"],"damage_healed":0,"gold_gain":0,"player_choice":"Offered Basic","damage_taken":0,"max_hp_gain":0,"max_hp_loss":0,"event_name":"Bonfire Elementals","floor":25,"gold_loss":0},{"cards_removed":["Saiyan:SAIYA_Strike"],"damage_healed":0,"gold_gain":0,"player_choice":"Elegance","damage_taken":0,"max_hp_gain":0,"max_hp_loss":0,"event_name":"betterThird:BetterWriting","floor":29,"gold_loss":0},{"damage_healed":0,"gold_gain":0,"player_choice":"Got Potions","damage_taken":0,"max_hp_gain":0,"max_hp_loss":0,"event_name":"Lab","floor":30,"gold_loss":0}],"is_beta":false,"boss_relics":[{"not_picked":["reliquary:Ember","Runic Pyramid"],"picked":"Busted Crown"}],"items_purged_floors":[],"is_endless":true,"potions_floor_spawned":[1,4,10,12,16,22,31],"killed_by":"Collector","ascension_level":0}}