{"host":"s8caws4n06h39s1x","time":1612568402,"event":{"mods":["BaseMod","Colored Powertips","Highlight Path","Minty Spire (QoL Compilation)","Quick Restart"],"gold_per_floor":[116,135,146,146,157,184,184,209,209,219,32,65,78,78,78,183,183,201,219,219,219],"floor_reached":20,"language":"ENG","playtime":1469,"items_purged":[],"score":311,"play_id":"7b6f24c8-ab69-4853-b484-3f48886bf1a7","local_time":"20210206004002","is_ascension_mode":true,"campfire_choices":[{"floor":7,"key":"REST"},{"floor":15,"key":"REST"}],"circlet_count":0,"master_deck":["Strike_B","Strike_B","Strike_B","Strike_B","Defend_B","Defend_B","Defend_B","Defend_B","Zap","Dualcast","Loop","Genetic Algorithm","Storm","Cold Snap","Finesse","Redo","Ball Lightning","Force Field","Loop","Self Repair","Capacitor","Hologram","Echo Form","Chaos+1","Genetic Algorithm+1"],"relics":["Cracked Core","Omamori","InkBottle","Emotion Chip","Strange Spoon","Pocketwatch","Calling Bell","Bag of Marbles","Symbiotic Virus","Ice Cream"],"acts_visited":["Exordium","TheCity"],"potions_floor_usage":[6,6,19,20],"damage_taken":[{"damage":1,"enemies":"Cultist","floor":1,"turns":3},{"damage":0,"enemies":"Small Slimes","floor":2,"turns":3},{"damage":2,"enemies":"Jaw Worm","floor":3,"turns":4},{"damage":27,"enemies":"Gremlin Gang","floor":5,"turns":7},{"damage":9,"enemies":"Gremlin Nob","floor":6,"turns":3},{"damage":20,"enemies":"Lagavulin","floor":8,"turns":6},{"damage":4,"enemies":"Large Slime","floor":10,"turns":6},{"damage":9,"enemies":"Gremlin Nob","floor":12,"turns":4},{"damage":7,"enemies":"Blue Slaver","floor":13,"turns":3},{"damage":16,"enemies":"The Guardian","floor":16,"turns":8},{"damage":2,"enemies":"Chosen","floor":18,"turns":5},{"damage":12,"enemies":"Shell Parasite","floor":19,"turns":2},{"damage":87,"enemies":"Masked Bandits","floor":20,"turns":5}],"seed_played":"-3789512072176319939","potions_obtained":[{"floor":1,"key":"AttackPotion"},{"floor":3,"key":"Fire Potion"},{"floor":12,"key":"GamblersBrew"},{"floor":14,"key":"EntropicBrew"},{"floor":14,"key":"LiquidBronze"},{"floor":14,"key":"Swift Potion"},{"floor":16,"key":"DistilledChaos"},{"floor":18,"key":"Regen Potion"}],"is_trial":true,"path_per_floor":["M","M","M","?","M","E","R","E","T","M","$","E","M","?","R","B",null,"M","M","?"],"character_chosen":"DEFECT","items_purchased":["Self Repair","Strange Spoon"],"campfire_rested":2,"item_purchase_floors":[11,11],"current_hp_per_floor":[74,74,72,72,45,36,58,38,38,34,34,32,32,32,54,45,75,75,70,0,0],"gold":219,"neow_bonus":"","is_daily":false,"chose_seed":false,"campfire_upgraded":0,"win_rate":0.0,"timestamp":1612568402,"path_taken":["M","?","M","?","M","E","R","E","T","M","$","E","?","?","R","BOSS","M","?","?"],"items_purchased_type":["Card","Relic"],"build_version":"2020-12-22","purchased_purges":0,"victory":false,"max_hp_per_floor":[75,75,75,75,75,75,75,75,75,75,75,75,75,75,75,75,75,75,75,75,75],"card_choices":[{"not_picked":["Consume","Gash"],"picked":"Loop","floor":1},{"not_picked":["Go for the Eyes","Barrage"],"picked":"Genetic Algorithm","floor":2},{"not_picked":["Rebound","Stack"],"picked":"Storm","floor":3},{"not_picked":["Streamline","Melter"],"picked":"Redo","floor":5},{"not_picked":["Double Energy","Hologram"],"picked":"Ball Lightning","floor":6},{"not_picked":["Compile Driver","All For One"],"picked":"Force Field","floor":8},{"not_picked":["Auto Shields","Rebound"],"picked":"Loop","floor":10},{"not_picked":["Conserve Battery","Hologram"],"picked":"Capacitor","floor":12},{"not_picked":["Turbo","Beam Cell"],"picked":"Hologram","floor":13},{"not_picked":["Rainbow","Meteor Strike"],"picked":"Echo Form","floor":16},{"not_picked":["Cold Snap","Leap"],"picked":"Chaos+1","floor":18},{"not_picked":["Scrape","Fusion"],"picked":"Genetic Algorithm+1","floor":19}],"player_experience":472546,"relics_obtained":[{"floor":6,"key":"Omamori"},{"floor":8,"key":"InkBottle"},{"floor":9,"key":"Emotion Chip"},{"floor":12,"key":"Pocketwatch"},{"floor":17,"key":"Bag of Marbles"},{"floor":17,"key":"Symbiotic Virus"},{"floor":17,"key":"Ice Cream"}],"event_choices":[{"damage_healed":0,"gold_gain":0,"player_choice":"2 cards matched","damage_taken":0,"max_hp_gain":0,"max_hp_loss":0,"event_name":"Match and Keep!","floor":4,"gold_loss":0,"cards_obtained":["Cold Snap","Finesse"]},{"damage_healed":0,"gold_gain":0,"player_choice":"Got Potions","damage_taken":0,"max_hp_gain":0,"max_hp_loss":0,"event_name":"Lab","floor":14,"gold_loss":0},{"damage_healed":0,"gold_gain":0,"player_choice":"Fought Bandits","damage_taken":0,"max_hp_gain":0,"max_hp_loss":0,"event_name":"Masked Bandits","floor":20,"gold_loss":0}],"is_beta":false,"boss_relics":[{"not_picked":["Runic Dome","SacredBark"],"picked":"Calling Bell"}],"items_purged_floors":[],"is_endless":true,"potions_floor_spawned":[1,3,12,16,18],"killed_by":"Masked Bandits","ascension_level":1}}