{"host":"rm0ctv8qd8mnbkg1","time":1612528736,"event":{"mods":["BaseMod","BetterRewards","Bossed Relics","Colored Map","DNKmod","Dark Map","Defuse TimeMaze Blight","Friendly Minions","Hubris","Infinite Spire","Marisa????????","Minty Spire (QoL Compilation)","MostiFishMod","Permanent Neow","Quarter Circle Forward PUNCH!","RRrroohrrRGHHhhh!!","Rare Cards Sparkle","Relic Sorter","Reliquary","Replay The Spire","Robot Space Explorer","RumiaBox-????????","Shade Mod","Shop Mod","Spicy Shops","Spire Arcade","StS++","StSLib","The Dragon Tamer","The Poker Player","The Servant 0.9.4","Wandering Minibosses","[IsaacMod]????","??????REMEMod"],"gold_per_floor":[10019,10050,9754,9754,9770,9809,9826,9838,9838,9891,9891,9891,9531,9531,9531,9645,9645,9661,9760,9760,9252,9252,9270,9282,9089,9089,9089,9089,9120,9120,9120],"floor_reached":30,"language":"ENG","playtime":873,"items_purged":["Voices"],"score":438,"play_id":"83ca8324-7873-4897-be96-b9f2f97b1900","local_time":"20210205123856","is_ascension_mode":false,"campfire_choices":[{"data":"UnstableBomb","floor":11,"key":"SMITH"},{"data":"MillisecondPulsars","floor":28,"key":"SMITH"}],"circlet_count":0,"master_deck":["Strike_MRS","Strike_MRS","Strike_MRS","Strike_MRS","Defend_MRS","Defend_MRS","Defend_MRS","Defend_MRS","MasterSpark","UpSweep+1","BloodyBrimstone","PokerPlayerMod:SecondChance","Robbery","PropBag","ReplayUltimateDefense","CollectingQuirk+1","LuminesStrike","TreasureHunter","OpenUniverse","OrrerysSun","UnstableBomb+1","Parasite","Parasite","OortCloud","ManaRampage+1","MillisecondPulsars+1","BlazeAway","Singularity","ChargingUp"],"relics":["MiniHakkero","REME_ComplimentaryCards","HushsDoor","DaveBox","Membership Card","GuppysTail","Oddly Smooth Stone","Happy Flower","GuppysHead","hubris:BundleOfHerbs","Simple Rune","Ring of Peace","ReplayTheSpireMod:Ring of Exchange","ShroomBag","SalivaCoin","Replay:Wax Seal","StSpp:Balance","REME_LowDesire","Strawberry","reliquary:SilkGlove","Garlic","Blue Doll","Chameleon Ring","BookofShadows","wanderingMiniBosses:OtherGremlinHorn"],"acts_visited":["Exordium","TheCity"],"potions_floor_usage":[29],"damage_taken":[{"damage":0,"enemies":"2 Louse","floor":1,"turns":2},{"damage":0,"enemies":"Small Slimes","floor":2,"turns":2},{"damage":0,"enemies":"Jaw Worm","floor":5,"turns":1},{"damage":0,"enemies":"Lagavulin","floor":6,"turns":3},{"damage":0,"enemies":"Large Slime","floor":7,"turns":1},{"damage":0,"enemies":"Looter","floor":8,"turns":2},{"damage":0,"enemies":"Gremlin Nob","floor":10,"turns":4},{"damage":0,"enemies":"Hexaghost","floor":16,"turns":5},{"damage":0,"enemies":"Shell Parasite","floor":18,"turns":3},{"damage":0,"enemies":"Spheric Guardian","floor":23,"turns":2},{"damage":0,"enemies":"Snecko","floor":24,"turns":1},{"damage":0,"enemies":"Shelled Parasite and Fungi","floor":29,"turns":6}],"seed_played":"-8524099956658277370","potions_obtained":[{"floor":6,"key":"SpeedPotion"},{"floor":10,"key":"ShroomBrew"},{"floor":16,"key":"Explosive Potion"},{"floor":23,"key":"BottledSpark"}],"is_trial":false,"path_per_floor":["M","M","$","?","M","E","M","M","T","E","R","?","$","?","R_BF","B",null,"M","?","?","$","T","M","M","$","T","?","R","M","?"],"character_chosen":"MARISA","items_purchased":["ReplayUltimateDefense","Oddly Smooth Stone","Happy Flower","CollectingQuirk+1","ShroomBag","OortCloud","ManaRampage","SalivaCoin","Replay:Wax Seal","BlazeAway","Singularity","REME_LowDesire","Blue Doll","Chameleon Ring"],"campfire_rested":0,"item_purchase_floors":[3,3,3,3,13,13,13,13,13,17,17,21,25,25],"current_hp_per_floor":[1000,1000,1000,1000,1000,1000,1000,1000,1000,1000,1000,1000,1000,1000,1000,1000,996,996,996,996,1003,1003,1003,1003,1003,1003,1003,1003,1000,1000,1000],"gold":9120,"neow_bonus":"RANDOM_EVENT","is_daily":false,"chose_seed":false,"campfire_upgraded":2,"win_rate":0.0,"timestamp":1612528736,"path_taken":["M","M","$","?","M","E","M","M","T","E","R","?","$","?","R_BF","BOSS","M","?","?","$","?","M","M","$","T","?","R","M","?"],"items_purchased_type":["Card","Relic","Relic","Card","Relic","Card","Card","Relic","Relic","Card","Card","Relic","Relic","Relic"],"build_version":"2020-12-22","purchased_purges":1,"victory":false,"max_hp_per_floor":[1000,1000,1000,1000,1000,1000,1000,1000,1000,1000,1000,1000,1000,1000,1000,1000,996,996,996,996,1003,1003,1003,1003,1003,1003,1003,1003,1000,1000,1000],"card_choices":[{"not_picked":[],"picked":"BloodyBrimstone","floor":0},{"not_picked":["Orbital","ManaConvection"],"picked":"Robbery","floor":1},{"not_picked":["BlazeAway","AlicesGift"],"picked":"PropBag","floor":2},{"not_picked":["DC","GalacticHalo"],"picked":"LuminesStrike","floor":5},{"not_picked":["Acceleration","OneTimeOff"],"picked":"TreasureHunter","floor":6},{"not_picked":["WitchOfGreed","DC"],"picked":"OpenUniverse","floor":7},{"not_picked":["SuperPerseids","WitchOfGreed"],"picked":"OrrerysSun","floor":8},{"not_picked":["BigCrunch","LuminesStrike"],"picked":"UnstableBomb","floor":10},{"not_picked":["EscapeVelocity","UltimateShortwave"],"picked":"MillisecondPulsars","floor":16},{"not_picked":["Occultation","ShootingEcho","Acceleration"],"picked":"SKIP","floor":18},{"not_picked":["ShootTheMoon","GasGiant","OpenUniverse","MostiFishMod:OneDayCity"],"picked":"SKIP","floor":23},{"not_picked":["UnstableBomb","WitchLeyline","HandOfGreed"],"picked":"ChargingUp","floor":24},{"not_picked":["EarthLightRay","WitchLeyline","DC+1","Impatience+1"],"picked":"SKIP","floor":29}],"player_experience":225773,"relics_obtained":[{"floor":6,"key":"GuppysHead"},{"floor":9,"key":"hubris:BundleOfHerbs"},{"floor":10,"key":"Simple Rune"},{"floor":12,"key":"Ring of Peace"},{"floor":12,"key":"ReplayTheSpireMod:Ring of Exchange"},{"floor":21,"key":"Strawberry"},{"floor":21,"key":"reliquary:SilkGlove"},{"floor":22,"key":"Garlic"},{"floor":26,"key":"BookofShadows"},{"floor":29,"key":"wanderingMiniBosses:OtherGremlinHorn"}],"event_choices":[{"damage_healed":0,"gold_gain":0,"player_choice":"Ignored","damage_taken":0,"max_hp_gain":0,"max_hp_loss":0,"event_name":"Golden Wing","floor":4,"gold_loss":0},{"damage_healed":0,"gold_gain":0,"player_choice":"Ignored","damage_taken":0,"max_hp_gain":0,"max_hp_loss":0,"event_name":"Shining Light","floor":14,"gold_loss":0},{"damage_healed":0,"gold_gain":0,"player_choice":"Grow","damage_taken":0,"max_hp_gain":0,"max_hp_loss":0,"event_name":"Living Wall","floor":15,"gold_loss":0,"cards_upgraded":["ManaRampage"]},{"damage_healed":0,"gold_gain":99,"player_choice":"Stole From Cult","damage_taken":0,"max_hp_gain":0,"max_hp_loss":0,"event_name":"Nest","floor":19,"gold_loss":0}],"is_beta":false,"boss_relics":[{"not_picked":["SacredBark","Transparent"],"picked":"StSpp:Balance"},{"not_picked":[]}],"items_purged_floors":[13],"is_endless":false,"potions_floor_spawned":[6,8,10,16,23],"ascension_level":0}}