{"host":"d52brwsy6af8zvaq","time":1612558087,"event":{"mods":["AchievementEnabler","BaseMod","Bestiary","Highlight Path","Minty Spire (QoL Compilation)","Quick Restart","Relic Stats","ojb\u0027s Better Paths Mod"],"gold_per_floor":[116,72,72,90,102,137,137,137,163,163,238,266,266,266],"floor_reached":13,"language":"ENG","playtime":418,"items_purged":[],"score":166,"play_id":"cae881fa-6d58-42c5-9f5f-decdadbb6ddf","local_time":"20210205134807","is_ascension_mode":true,"campfire_choices":[{"data":"Static Discharge","floor":7.0,"key":"SMITH"},{"floor":10.0,"key":"REST"}],"circlet_count":0,"master_deck":["AscendersBane","Strike_B","Strike_B","Strike_B","Strike_B","Defend_B","Defend_B","Defend_B","Defend_B","Zap","Dualcast","Loop","Static Discharge+1","Conserve Battery","Cold Snap","Go for the Eyes"],"relics":["Cracked Core","CeramicFish","Smiling Mask"],"acts_visited":["Exordium"],"potions_floor_usage":[13],"damage_taken":[{"damage":2.0,"enemies":"2 Louse","floor":1.0,"turns":3.0},{"damage":7.0,"enemies":"Jaw Worm","floor":4.0,"turns":3.0},{"damage":5.0,"enemies":"Small Slimes","floor":5.0,"turns":4.0},{"damage":32.0,"enemies":"Lagavulin","floor":6.0,"turns":8.0},{"damage":3.0,"enemies":"3 Louse","floor":12.0,"turns":4.0},{"damage":38,"enemies":"Gremlin Nob","floor":13,"turns":4}],"seed_played":"2393945297450393437","potions_obtained":[{"floor":4.0,"key":"SkillPotion"},{"floor":6.0,"key":"Block Potion"},{"floor":12.0,"key":"Block Potion"}],"is_trial":false,"path_per_floor":["M","$","?","M","M","E","R","?","T","R","?","M","E"],"character_chosen":"DEFECT","items_purchased":["Static Discharge"],"campfire_rested":1,"item_purchase_floors":[2],"current_hp_per_floor":[69,69,69,62,57,25,25,25,25,48,37,34,0,0],"gold":266,"neow_bonus":"TEN_PERCENT_HP_BONUS","is_daily":false,"chose_seed":false,"campfire_upgraded":1,"win_rate":0.0,"timestamp":1612558087,"path_taken":["M","$","?","M","M","E","R","?","T","R","?","M","E"],"items_purchased_type":["Card"],"build_version":"2020-12-22","purchased_purges":0,"victory":false,"max_hp_per_floor":[78,78,78,78,78,78,78,78,78,78,78,78,78,78],"relic_stats":{"counters":[6,24],"CeramicFish":18,"Smiling Mask":0,"obtain_stats":[{"CeramicFish":6,"Cracked Core":0,"Smiling Mask":9},{"CeramicFish":4,"Cracked Core":0,"Smiling Mask":4},{"CeramicFish":17,"Cracked Core":0,"Smiling Mask":17}]},"card_choices":[{"not_picked":["Turbo","Beam Cell"],"picked":"Loop","floor":1.0},{"not_picked":["Reinforced Body","Steam"],"picked":"Conserve Battery","floor":4.0},{"not_picked":["Force Field","Darkness","Compile Driver"],"picked":"SKIP","floor":5.0},{"not_picked":["Ball Lightning","Leap"],"picked":"Cold Snap","floor":6.0},{"not_picked":["Conserve Battery","Cold Snap"],"picked":"Go for the Eyes","floor":12.0}],"player_experience":2153913,"relics_obtained":[{"floor":6.0,"key":"CeramicFish"},{"floor":9.0,"key":"Smiling Mask"}],"event_choices":[{"damage_healed":0.0,"max_hp_gain":0.0,"max_hp_loss":0.0,"gold_gain":0.0,"event_name":"The Cleric","player_choice":"Leave","floor":3.0,"gold_loss":0.0,"damage_taken":0.0},{"damage_healed":0.0,"max_hp_gain":0.0,"max_hp_loss":0.0,"gold_gain":0.0,"event_name":"Scrap Ooze","player_choice":"Fled","floor":8.0,"gold_loss":0.0,"damage_taken":0.0},{"damage_healed":0.0,"max_hp_gain":0.0,"max_hp_loss":0.0,"gold_gain":75.0,"event_name":"World of Goop","player_choice":"Gather Gold","floor":11.0,"gold_loss":0.0,"damage_taken":11.0}],"is_beta":false,"boss_relics":[],"items_purged_floors":[],"is_endless":false,"potions_floor_spawned":[4,6,12],"killed_by":"Gremlin Nob","ascension_level":20}}