{"host":"2sct7qpnpunnnd84","time":1612509663,"event":{"mods":["BaseMod","Googly Eyes","Minty Spire (QoL Compilation)","Quick Restart","Shop Mod","StSLib","The IronCluck"],"gold_per_floor":[362,362,74,74,87,87,106,106,160,160,160,160,60,103,103,227,227,240,240,240,117,32,62,72,72,98,98,115,115,46,46,46,141,141,152,152,206,220,220,220,220],"floor_reached":40,"language":"ENG","playtime":2733,"items_purged":["Normality"],"score":446,"play_id":"29229f1e-e19e-4946-a723-4cfce5044c1b","local_time":"20210204232103","is_ascension_mode":false,"campfire_choices":[{"data":"Apotheosis","floor":6.0,"key":"SMITH"},{"data":"Flex","floor":8.0,"key":"SMITH"},{"floor":12.0,"key":"REST"},{"floor":15.0,"key":"REST"},{"floor":25.0,"key":"REST"},{"data":"Metallicize","floor":29.0,"key":"SMITH"},{"data":"Inflame","floor":32.0,"key":"SMITH"}],"circlet_count":0,"master_deck":["Strike_R+1","Strike_R","Strike_R","Strike_R","Strike_R","Defend_R","Defend_R","Defend_R","Defend_R","Bash+1","Flex+1","Apotheosis+1","Cleave","Thunderclap","Anger","Flex","Heavy Blade","Spot Weakness","Demon Form","Flame Barrier","Rampage","Flex","Metallicize+1","Spot Weakness+1","Anger+1","Inflame+1","Barricade","Flex+1","Spot Weakness+1","Spot Weakness+1","Magnetism"],"relics":["Black Blood","Bloody Idol","Nunchaku","Boot","Toxic Egg 2","Lantern","Regal Pillow","Toy Ornithopter","SacredBark","CaptainsWheel"],"acts_visited":["TheCity","TheBeyond"],"potions_floor_usage":[35,38],"damage_taken":[{"damage":5.0,"enemies":"Cultist","floor":1.0,"turns":4.0},{"damage":8.0,"enemies":"Jaw Worm","floor":5.0,"turns":3.0},{"damage":0.0,"enemies":"Small Slimes","floor":7.0,"turns":2.0},{"damage":16.0,"enemies":"Gremlin Nob","floor":14.0,"turns":3.0},{"damage":24.0,"enemies":"Slime Boss","floor":16.0,"turns":7.0},{"damage":32.0,"enemies":"2 Thieves","floor":18.0,"turns":3.0},{"damage":19.0,"enemies":"Gremlin Leader","floor":23.0,"turns":6.0},{"damage":31.0,"enemies":"Shell Parasite","floor":24.0,"turns":5.0},{"damage":24.0,"enemies":"Sentry and Sphere","floor":28.0,"turns":6.0},{"damage":52.0,"enemies":"Champ","floor":33.0,"turns":8.0},{"damage":16,"enemies":"3 Shapes","floor":35,"turns":4},{"damage":128,"enemies":"2 Orb Walkers","floor":37,"turns":6},{"damage":11,"enemies":"Orb Walker","floor":38,"turns":5},{"damage":108,"enemies":"Reptomancer","floor":40,"turns":5}],"seed_played":"959461034794765473","potions_obtained":[{"floor":7.0,"key":"BlessingOfTheForge"},{"floor":16.0,"key":"Dexterity Potion"},{"floor":23.0,"key":"FairyPotion"},{"floor":28.0,"key":"ColorlessPotion"},{"floor":31.0,"key":"CultistPotion"},{"floor":31.0,"key":"FairyPotion"},{"floor":33.0,"key":"AttackPotion"},{"floor":37,"key":"Weak Potion"}],"is_trial":false,"path_per_floor":["M","?","$","?","M","R","M","R","T","?","?","R","$","E","R","B",null,"M","?","?","$","?","E","M","R","T","?","M","R","$","?","R","B",null,"M","$","?","M","?","E"],"character_chosen":"IRONCLAD","items_purchased":["Apotheosis","Cleave","Flex","Heavy Blade","Rampage","Flex","Inflame"],"campfire_rested":3,"item_purchase_floors":[3,3,13,13,21,21,30],"current_hp_per_floor":[80,80,80,80,78,78,80,80,80,80,64,80,80,70,80,62,80,60,80,80,80,80,78,64,80,80,80,73,73,73,73,73,43,80,80,80,25,36,36,0,0],"gold":220,"neow_bonus":"TWO_FIFTY_GOLD","is_daily":false,"chose_seed":false,"campfire_upgraded":4,"win_rate":0.0,"timestamp":1612509663,"path_taken":["M","?","$","?","?","R","M","R","T","?","?","R","$","E","R","BOSS","M","?","?","$","?","E","M","R","T","?","M","R","$","?","R","BOSS","M","$","?","M","?","E"],"items_purchased_type":["Card","Card","Card","Card","Card","Card","Card"],"build_version":"2020-12-22","purchased_purges":1,"victory":false,"max_hp_per_floor":[80,80,80,80,80,80,80,80,80,80,80,80,80,80,80,80,80,80,80,80,80,80,80,80,80,80,80,80,80,80,80,80,80,80,80,80,80,80,80,80,80],"card_choices":[{"not_picked":["Perfected Strike","Combust"],"picked":"Flex","floor":1.0},{"not_picked":["Seeing Red","Perfected Strike"],"picked":"Thunderclap","floor":5.0},{"not_picked":["Shockwave","Twin Strike"],"picked":"Anger","floor":7.0},{"not_picked":["Sword Boomerang","Dropkick"],"picked":"Spot Weakness","floor":14.0},{"not_picked":["Juggernaut","Bludgeon"],"picked":"Demon Form","floor":16.0},{"not_picked":["Dark Embrace","Clothesline"],"picked":"Flame Barrier","floor":18.0},{"not_picked":["Uppercut","Clothesline"],"picked":"Metallicize","floor":23.0},{"not_picked":["Clothesline+1","True Grit+1"],"picked":"Spot Weakness+1","floor":24.0},{"not_picked":["Combust+1","Clash"],"picked":"Anger+1","floor":28.0},{"not_picked":["Impervious+1","Exhume+1"],"picked":"Barricade","floor":33.0},{"not_picked":["Body Slam","Anger+1"],"picked":"Flex+1","floor":35},{"not_picked":["Intimidate+1","Perfected Strike"],"picked":"Spot Weakness+1","floor":37},{"not_picked":["Rampage+1","Cleave+1"],"picked":"Spot Weakness+1","floor":38},{"not_picked":["Mayhem","Finesse+1"],"picked":"Magnetism","floor":39}],"player_experience":3420695,"relics_obtained":[{"floor":9.0,"key":"Nunchaku"},{"floor":14.0,"key":"Boot"},{"floor":23.0,"key":"Lantern"},{"floor":26.0,"key":"Regal Pillow"},{"floor":37,"key":"CaptainsWheel"}],"event_choices":[{"damage_healed":0.0,"max_hp_gain":0.0,"max_hp_loss":0.0,"gold_gain":0.0,"event_name":"Golden Idol","player_choice":"Take Wound","floor":2.0,"gold_loss":0.0,"damage_taken":0.0,"relics_obtained":["Golden Idol"],"cards_obtained":["Injury"]},{"cards_removed":["Injury"],"damage_healed":0.0,"max_hp_gain":0.0,"max_hp_loss":0.0,"gold_gain":0.0,"event_name":"Fountain of Cleansing","player_choice":"Removed Curses","floor":4.0,"gold_loss":0.0,"damage_taken":0.0},{"damage_healed":0.0,"max_hp_gain":0.0,"max_hp_loss":0.0,"gold_gain":0.0,"event_name":"The Cleric","player_choice":"Leave","floor":10.0,"gold_loss":0.0,"damage_taken":0.0},{"damage_healed":0.0,"max_hp_gain":0.0,"max_hp_loss":0.0,"gold_gain":0.0,"event_name":"Shining Light","player_choice":"Entered Light","floor":11.0,"gold_loss":0.0,"damage_taken":16.0,"cards_upgraded":["Bash","Strike_R"]},{"damage_healed":26.0,"max_hp_gain":0.0,"max_hp_loss":0.0,"gold_gain":0.0,"event_name":"The Library","player_choice":"Heal","floor":19.0,"gold_loss":0.0,"damage_taken":0.0},{"damage_healed":0.0,"max_hp_gain":0.0,"max_hp_loss":0.0,"gold_gain":0.0,"event_name":"Forgotten Altar","player_choice":"Gave Idol","floor":20.0,"relics_lost":["Golden Idol"],"gold_loss":0.0,"damage_taken":0.0,"relics_obtained":["Bloody Idol"]},{"damage_healed":0.0,"max_hp_gain":0.0,"max_hp_loss":0.0,"gold_gain":0.0,"event_name":"Addict","player_choice":"Obtained Relic","floor":22.0,"gold_loss":85.0,"damage_taken":0.0,"relics_obtained":["Toxic Egg 2"]},{"damage_healed":0.0,"max_hp_gain":0.0,"max_hp_loss":0.0,"gold_gain":0.0,"event_name":"The Mausoleum","player_choice":"Opened","floor":27.0,"gold_loss":0.0,"damage_taken":0.0,"relics_obtained":["Toy Ornithopter"]},{"damage_healed":0.0,"max_hp_gain":0.0,"max_hp_loss":0.0,"gold_gain":0.0,"event_name":"Lab","player_choice":"Got Potions","floor":31.0,"gold_loss":0.0,"damage_taken":0.0},{"damage_healed":0,"gold_gain":0,"player_choice":"Fight","damage_taken":0,"max_hp_gain":0,"max_hp_loss":0,"event_name":"Mysterious Sphere","floor":37,"gold_loss":0},{"damage_healed":0,"gold_gain":0,"player_choice":"Memory 1","damage_taken":0,"max_hp_gain":0,"max_hp_loss":0,"event_name":"SensoryStone","floor":39,"gold_loss":0}],"is_beta":false,"boss_relics":[{"not_picked":["Calling Bell","SlaversCollar"],"picked":"Black Blood"},{"not_picked":["Astrolabe","Tiny House"],"picked":"SacredBark"}],"items_purged_floors":[3],"is_endless":false,"potions_floor_spawned":[7,16,23,28,33,37],"killed_by":"Reptomancer","ascension_level":0}}