{"host":"yans4pr1zf0lm9bx","time":1612535002,"event":{"mods":["AchievementEnabler","BaseMod","Downfall","Minty Spire (QoL Compilation)","StSLib","SuperFastMode","slay the spire mod where everything is the same but ironclad has a cowboy hat"],"gold_per_floor":[99,110,110,210,221,221,221,231,258,271,296,328,328,328,344,440,440,440,458,233,233,80,80,80,107,125,142,142,142,142,168,182,278,278,178,193,193,353,353,373,373,407,426,439,453,464,498,165,179,179,179,179],"floor_reached":50,"language":"ENG","playtime":3010,"items_purged":["champ:Strike","champ:Strike","Decay"],"score":708,"play_id":"2e09f12d-4616-4bcc-b515-499e9080be2e","local_time":"20210205092322","is_ascension_mode":true,"campfire_choices":[{"data":"champ:Taunt","floor":1,"key":"SMITH"},{"data":"champ:SwordSigil","floor":6,"key":"SMITH"},{"data":"champ:Circumvent","floor":13,"key":"SMITH"},{"data":"champ:Lariat","floor":18,"key":"SMITH"},{"data":"champ:EnchantCrown","floor":28,"key":"SMITH"},{"data":"champ:Taunt","floor":30,"key":"SMITH"},{"floor":35,"key":"RECALL"}],"circlet_count":0,"master_deck":["champ:Strike","champ:Defend","champ:Defend","champ:Defend","champ:Execute","champ:Taunt+1","champ:SwordSigil+1","champ:BringItOn","champ:ShieldThrow","champ:EnGarde","champ:Circumvent+1","champ:Lariat+1","champ:StanceDance","champ:Devastate","champ:ArenaPreparation","champ:SteelEdge","champ:EnchantCrown+1","champ:CheapShot","champ:PreemptiveStrike","champ:Taunt+1","champ:FalseCounter","champ:StanceDance","champ:ShieldSigil+1","champ:EnchantShield","champ:FalseCounter","champ:TripleStrike","champ:DefensiveStyle","champ:StanceDance","champ:EnGarde+1","Parasite","champ:DefensiveShout+1","champ:EnGarde+1","champ:SkillfulDodge+1","champ:FalseCounter+1"],"relics":["Cursed Key","Strawberry","Eternal Feather","Odd Mushroom","hexamod:CandleOfCauterizing","downfall:ShatteredFragment","Sozu","sneckomod:BabySnecko","Slimebound:StickyStick","Boot","Empty Cage","downfall:HeartBlessingGreen","MealTicket","Juzu Bracelet","Blue Candle"],"acts_visited":["Exordium","TheCity","TheBeyond"],"potions_floor_usage":[9,11,31],"damage_taken":[{"damage":13,"enemies":"Jaw Worm","floor":2,"turns":3},{"damage":25,"enemies":"Cultist","floor":5,"turns":3},{"damage":35,"enemies":"Small Slimes","floor":8,"turns":4},{"damage":47,"enemies":"3 Sentries","floor":9,"turns":12},{"damage":19,"enemies":"3 Louse","floor":10,"turns":4},{"damage":13,"enemies":"The Mushroom Lair","floor":11,"turns":6},{"damage":0,"enemies":"Lagavulin","floor":12,"turns":8},{"damage":10,"enemies":"Lots of Slimes","floor":15,"turns":4},{"damage":0,"enemies":"SI_SHIV_ARCHETYPE","floor":16,"turns":5},{"damage":2,"enemies":"Spheric Guardian","floor":19,"turns":3},{"damage":0,"enemies":"downfall:FleeingMerchant","floor":20,"turns":4},{"damage":10,"enemies":"downfall:FleeingMerchant","floor":22,"turns":4},{"damage":39,"enemies":"Book of Stabbing","floor":25,"turns":5},{"damage":31,"enemies":"Sentry and Sphere","floor":26,"turns":7},{"damage":20,"enemies":"Cultist and Chosen","floor":27,"turns":5},{"damage":41,"enemies":"Slavers","floor":31,"turns":4},{"damage":28,"enemies":"Shelled Parasite and Fungi","floor":32,"turns":5},{"damage":37,"enemies":"IC_MUSHROOM_ARCHETYPE","floor":33,"turns":7},{"damage":10,"enemies":"Orb Walker","floor":36,"turns":2},{"damage":10,"enemies":"downfall:FleeingMerchant","floor":38,"turns":3},{"damage":1,"enemies":"3 Shapes","floor":40,"turns":2},{"damage":15,"enemies":"Giant Head","floor":42,"turns":9},{"damage":0,"enemies":"Maw","floor":43,"turns":6},{"damage":18,"enemies":"Spire Growth","floor":44,"turns":5},{"damage":3,"enemies":"4 Shapes","floor":45,"turns":3},{"damage":26,"enemies":"Sphere and 2 Shapes","floor":46,"turns":5},{"damage":7,"enemies":"Reptomancer","floor":47,"turns":6},{"damage":21,"enemies":"Spire Growth","floor":49,"turns":4},{"damage":92,"enemies":"WA_ARCHETYPE_DIVINITY","floor":50,"turns":5}],"seed_played":"2348985261298285802","potions_obtained":[{"floor":2,"key":"Block Potion"},{"floor":9,"key":"BlessingOfTheForge"},{"floor":10,"key":"champ:OpenerPotion"},{"floor":16,"key":"ColorlessPotion"}],"is_trial":false,"path_per_floor":["R","M","?","?","M","R","T","M","E","M","?","E","R","?","M","B",null,"R","M","$","?","$","?","T","E","M","M","R","?","R","E","M","B",null,"R","M","?","$","?","M","T","E","M","M","M","M","E","?","M","B"],"character_chosen":"THE_CHAMP","items_purchased":["champ:EnchantCrown","champ:PreemptiveStrike","champ:StanceDance"],"campfire_rested":0,"item_purchase_floors":[20,22,38],"current_hp_per_floor":[90,87,87,87,87,87,94,94,67,58,45,45,54,27,27,27,97,97,95,95,95,95,95,95,86,75,75,90,90,97,71,53,26,97,97,97,97,97,97,96,96,81,81,73,70,54,47,109,88,0,0,0],"gold":179,"neow_bonus":"BOSS_RELIC","is_daily":false,"chose_seed":false,"campfire_upgraded":6,"win_rate":0.0,"timestamp":1612535002,"path_taken":["R","M","?","?","?","R","T","M","E","M","?","E","R","?","M","BOSS","R","M","$","?","$","?","T","E","M","?","R","?","R","E","M","BOSS","R","M","?","$","?","?","T","E","M","M","M","M","E","?","M","BOSS"],"items_purchased_type":["Card","Card","Card"],"build_version":"2020-12-22","purchased_purges":3,"victory":false,"max_hp_per_floor":[90,90,90,90,90,90,97,97,97,97,97,97,97,97,97,97,97,97,97,97,97,97,97,97,97,97,97,97,97,97,97,97,97,97,97,97,97,97,97,97,97,97,97,97,97,97,97,109,109,109,109,109],"card_choices":[{"not_picked":["champ:CrownThrow","champ:IronFortress"],"picked":"champ:SwordSigil","floor":2},{"not_picked":["champ:EnGarde","champ:IronFortress"],"picked":"champ:BringItOn","floor":5},{"not_picked":["champ:GladiatorStyle","champ:Haymaker"],"picked":"champ:ShieldThrow","floor":8},{"not_picked":["champ:DefensiveShout","champ:BerserkersShout"],"picked":"champ:EnGarde","floor":9},{"not_picked":["champ:FanOfKnives","champ:FaceSlap"],"picked":"champ:Circumvent","floor":10},{"not_picked":["champ:PerfectedStrike","champ:CrownThrow"],"picked":"champ:Lariat","floor":11},{"not_picked":["champ:BladeFlurry","champ:BringItOn","champ:EndlessRage"],"picked":"SKIP","floor":12},{"not_picked":["champ:BringItOn","champ:SkillfulDodge"],"picked":"champ:StanceDance","floor":15},{"not_picked":["champ:VampiricStrike","champ:IgnorePain"],"picked":"champ:Devastate","floor":16},{"not_picked":["champ:GutPunch","champ:Backstep+1"],"picked":"champ:ArenaPreparation","floor":19},{"not_picked":["champ:ViciousMockery","champ:Shatter+1"],"picked":"champ:SteelEdge","floor":20},{"not_picked":["champ:EnragedBash+1","champ:FocusedBerserking"],"picked":"champ:CheapShot","floor":22},{"not_picked":["champ:IronFortress","champ:PerfectedStrike+1","champ:FanOfKnives"],"picked":"SKIP","floor":25},{"not_picked":["champ:FocusedBerserking+1","champ:BringItOn"],"picked":"champ:StanceDance","floor":26},{"not_picked":["champ:EnragedBash","champ:StanceDance"],"picked":"champ:ShieldSigil+1","floor":27},{"not_picked":["champ:AdrenalArmor","champ:BladeFlurry+1"],"picked":"champ:EnchantShield","floor":31},{"not_picked":["champ:PerfectedStrike","champ:TornadoPunch"],"picked":"champ:FalseCounter","floor":32},{"not_picked":["champ:HoldFirm","champ:UltimateStance"],"picked":"champ:TripleStrike","floor":33},{"not_picked":["champ:Circumvent+1","champ:Lariat"],"picked":"champ:DefensiveStyle","floor":36},{"not_picked":["champ:BerserkersShout","champ:CrownThrow","champ:IgnorePain"],"picked":"SKIP","floor":38},{"not_picked":["champ:ViciousMockery","champ:BladeFlurry"],"picked":"champ:EnGarde+1","floor":40},{"not_picked":["champ:Devastate","champ:SetATrap","champ:RapidStrikes"],"picked":"SKIP","floor":42},{"not_picked":["champ:ShieldWall+1","champ:BerserkersShout"],"picked":"champ:DefensiveShout+1","floor":43},{"not_picked":["champ:ShieldSigil","champ:DefensiveShout","champ:BladeFlurry+1"],"picked":"SKIP","floor":44},{"not_picked":["champ:ShieldSigil","champ:UltimateStance"],"picked":"champ:EnGarde+1","floor":45},{"not_picked":["champ:Haymaker","champ:BladeFlurry","champ:AdrenalArmor"],"picked":"SKIP","floor":46},{"not_picked":["champ:EnchantShield","champ:FlashCut+1"],"picked":"champ:SkillfulDodge+1","floor":47},{"not_picked":["champ:BerserkersShout+1","champ:ShieldSigil"],"picked":"champ:FalseCounter+1","floor":49}],"player_experience":348076,"relics_obtained":[{"floor":7,"key":"Strawberry"},{"floor":9,"key":"Eternal Feather"},{"floor":11,"key":"Odd Mushroom"},{"floor":12,"key":"hexamod:CandleOfCauterizing"},{"floor":25,"key":"Slimebound:StickyStick"},{"floor":31,"key":"Boot"},{"floor":41,"key":"MealTicket"},{"floor":42,"key":"Juzu Bracelet"},{"floor":47,"key":"Blue Candle"}],"event_choices":[{"cards_removed":["champ:Strike"],"damage_healed":0,"gold_gain":0,"player_choice":"Card Removal","damage_taken":0,"max_hp_gain":0,"max_hp_loss":0,"event_name":"The Cleric","floor":3,"gold_loss":0},{"damage_healed":0,"gold_gain":0,"player_choice":"Fought Mushrooms","damage_taken":0,"max_hp_gain":0,"max_hp_loss":0,"event_name":"Mushrooms","floor":11,"gold_loss":0},{"cards_removed":["champ:Defend"],"damage_healed":0,"gold_gain":0,"player_choice":"Removed Skill","damage_taken":0,"max_hp_gain":0,"max_hp_loss":0,"event_name":"Falling","floor":37,"gold_loss":0}],"is_beta":false,"boss_relics":[{"not_picked":["Runic Dome","Pandora\u0027s Box"],"picked":"Sozu"},{"not_picked":["expansioncontent:StudyCardRelic","bronze:MakeshiftBattery"],"picked":"Empty Cage"}],"items_purged_floors":[20,22,38],"is_endless":false,"potions_floor_spawned":[2,9,10,16,19,26,33,36,42,44,46],"killed_by":"WA_ARCHETYPE_DIVINITY","ascension_level":1}}