{"host":"63nbeequuhdffoms","time":1612567000,"event":{"mods":["BaseMod","Card Forge","Hermit","Minty Spire (QoL Compilation)","Quick Restart","Relic Stats","StSLib","The Cursed","The Hierophant"],"gold_per_floor":[118,118,118,118,118,118,129,145,145,165,177,211,211,245,245,344,344,360,320,253,273,288,288,288,288,288,288,288,104,118,145,145,145,145],"floor_reached":33,"language":"ENG","playtime":1542,"items_purged":[],"score":300,"play_id":"3850baf1-bd61-4aaf-89f1-e8d2d042fbc2","local_time":"20210205181640","is_ascension_mode":true,"campfire_choices":[{"data":"Dualcast","floor":6,"key":"SMITH"},{"floor":15,"key":"REST"},{"floor":23,"key":"REST"},{"floor":25,"key":"REST"},{"data":"Loop","floor":27,"key":"SMITH"},{"floor":32,"key":"REST"}],"circlet_count":0,"master_deck":["Strike_B+1","Strike_B+1","Strike_B+1","Strike_B+1","Defend_B+1","Defend_B+1","Defend_B+1","Defend_B+1","Zap","Dualcast+1","Recycle+1","Darkness","Doom and Gloom+1","Barrage","Biased Cognition+1","Amplify","Multi-Cast","Conserve Battery","Loop+1","Rebound","Redo","Tempest","Fission","Apotheosis","Ball Lightning","Conserve Battery+1"],"relics":["Cracked Core","Hammer of Thor","Seething Fire","Anvil of the Gods","NeowsBlessing","MealTicket","Ornamental Fan","War Paint","Bronze Scales","Inserter","White Beast Statue","Anchor"],"acts_visited":["Exordium","TheCity"],"potions_floor_usage":[12,14,14,18,22,31,31,31,33],"damage_taken":[{"damage":0,"enemies":"2 Louse","floor":1,"turns":1},{"damage":0,"enemies":"Small Slimes","floor":7,"turns":1},{"damage":0,"enemies":"Cultist","floor":8,"turns":1},{"damage":4,"enemies":"3 Louse","floor":10,"turns":3},{"damage":12,"enemies":"2 Fungi Beasts","floor":11,"turns":3},{"damage":21,"enemies":"Lagavulin","floor":12,"turns":5},{"damage":14,"enemies":"3 Sentries","floor":14,"turns":7},{"damage":12,"enemies":"Slime Boss","floor":16,"turns":9},{"damage":22,"enemies":"Chosen","floor":18,"turns":6},{"damage":11,"enemies":"Spheric Guardian","floor":21,"turns":3},{"damage":34,"enemies":"Snake Plant","floor":22,"turns":4},{"damage":32,"enemies":"Centurion and Healer","floor":30,"turns":5},{"damage":24,"enemies":"Book of Stabbing","floor":31,"turns":5},{"damage":51,"enemies":"Champ","floor":33,"turns":7}],"seed_played":"9010351153015675639","potions_obtained":[{"floor":1,"key":"DistilledChaos"},{"floor":10,"key":"Swift Potion"},{"floor":11,"key":"SkillPotion"},{"floor":12,"key":"GamblersBrew"},{"floor":14,"key":"GamblersBrew"},{"floor":18,"key":"Energy Potion"},{"floor":21,"key":"EssenceOfSteel"},{"floor":30,"key":"Weak Potion"},{"floor":31,"key":"Explosive Potion"}],"is_trial":false,"path_per_floor":["M","?","?","?","?","R","M","M","T","M","M","E","?","E","R","B",null,"M","?","$","M","M","R","?","R","T","R","?","$","M","E","R","B"],"character_chosen":"DEFECT","items_purchased":["Loop","Apotheosis"],"campfire_rested":4,"item_purchase_floors":[20,29],"current_hp_per_floor":[75,80,80,80,80,80,80,80,80,76,64,43,27,13,37,25,80,58,58,73,62,28,52,52,76,76,76,76,80,48,24,48,0,0],"gold":145,"neow_bonus":"THREE_ENEMY_KILL","is_daily":false,"chose_seed":false,"campfire_upgraded":2,"win_rate":0.0,"timestamp":1612567000,"path_taken":["M","?","?","?","?","R","?","M","T","M","M","E","?","E","R","BOSS","M","?","$","M","?","R","?","R","T","R","?","$","?","E","R","BOSS"],"items_purchased_type":["Card","Card"],"build_version":"2020-12-22","purchased_purges":0,"victory":false,"max_hp_per_floor":[75,80,80,80,80,80,80,80,80,80,80,80,80,80,80,80,80,80,80,80,80,80,80,80,80,80,80,80,80,80,80,80,80,80],"relic_stats":{"Inserter":[15],"counters":[14,60],"Ornamental Fan":[8],"Bronze Scales":[96],"MealTicket":19,"War Paint":["Defend_B","Defend_B"],"obtain_stats":[{"Anchor":31,"Inserter":17,"NeowsBlessing":0,"Anvil of the Gods":0,"Ornamental Fan":9,"Bronze Scales":14,"MealTicket":5,"Hammer of Thor":0,"Seething Fire":0,"War Paint":12,"Cracked Core":0,"White Beast Statue":26},{"Anchor":13,"Inserter":8,"NeowsBlessing":0,"Anvil of the Gods":0,"Ornamental Fan":3,"Bronze Scales":7,"MealTicket":1,"Hammer of Thor":0,"Seething Fire":0,"War Paint":6,"Cracked Core":0,"White Beast Statue":11},{"Anchor":53,"Inserter":30,"NeowsBlessing":0,"Anvil of the Gods":0,"Ornamental Fan":3,"Bronze Scales":21,"MealTicket":1,"Hammer of Thor":0,"Seething Fire":0,"War Paint":14,"Cracked Core":0,"White Beast Statue":43}]},"card_choices":[{"not_picked":["Blizzard","Turbo"],"picked":"Redo","floor":1},{"not_picked":["Streamline","Sweeping Beam"],"picked":"Recycle","floor":7},{"not_picked":["Turbo","Genetic Algorithm"],"picked":"Darkness","floor":8},{"not_picked":["Double Energy","Turbo"],"picked":"Doom and Gloom","floor":10},{"not_picked":["Leap","Stack"],"picked":"Barrage","floor":11},{"not_picked":["Hologram","Fission"],"picked":"Biased Cognition","floor":12},{"not_picked":["Gash","Cold Snap"],"picked":"Amplify","floor":14},{"not_picked":["Meteor Strike","Electrodynamics"],"picked":"Multi-Cast","floor":16},{"not_picked":["Doom and Gloom+1","Coolheaded+1"],"picked":"Conserve Battery","floor":18},{"not_picked":["Barrage+1","Hologram"],"picked":"Rebound","floor":21},{"not_picked":["Sweeping Beam","Rebound"],"picked":"Redo","floor":22},{"not_picked":["Double Energy","Cold Snap+1"],"picked":"Ball Lightning","floor":30},{"not_picked":["Reboot","White Noise+1"],"picked":"Conserve Battery+1","floor":31}],"player_experience":75340,"relics_obtained":[{"floor":9,"key":"Ornamental Fan"},{"floor":12,"key":"War Paint"},{"floor":14,"key":"Bronze Scales"},{"floor":26,"key":"White Beast Statue"},{"floor":31,"key":"Anchor"}],"event_choices":[{"damage_healed":0,"gold_gain":0,"player_choice":"Donut","damage_taken":0,"max_hp_gain":5,"max_hp_loss":0,"event_name":"Big Fish","floor":2,"gold_loss":0},{"damage_healed":0,"gold_gain":0,"player_choice":"Ignored","damage_taken":0,"max_hp_gain":0,"max_hp_loss":0,"event_name":"Liars Game","floor":3,"gold_loss":0},{"damage_healed":0,"gold_gain":0,"player_choice":"Ignored","damage_taken":0,"max_hp_gain":0,"max_hp_loss":0,"event_name":"Golden Wing","floor":4,"gold_loss":0},{"cards_removed":["Redo"],"damage_healed":0,"gold_gain":0,"player_choice":"Gave Card","damage_taken":0,"relics_obtained":["MealTicket"],"max_hp_gain":0,"max_hp_loss":0,"event_name":"WeMeetAgain","floor":5,"gold_loss":0},{"damage_healed":0,"gold_gain":0,"player_choice":"Entered Light","damage_taken":16,"max_hp_gain":0,"max_hp_loss":0,"event_name":"Shining Light","floor":13,"gold_loss":0,"cards_upgraded":["Doom and Gloom","Strike_B"]},{"damage_healed":0,"gold_gain":0,"player_choice":"Upgraded Two","damage_taken":0,"max_hp_gain":0,"max_hp_loss":0,"event_name":"Designer","floor":19,"gold_loss":40,"cards_upgraded":["Biased Cognition","Recycle"]},{"damage_healed":0,"gold_gain":0,"player_choice":"Simplicity","damage_taken":0,"max_hp_gain":0,"max_hp_loss":0,"event_name":"Back to Basics","floor":24,"gold_loss":0,"cards_upgraded":["Strike_B","Strike_B","Strike_B","Defend_B","Defend_B"]},{"damage_healed":0,"gold_gain":0,"player_choice":"2 cards matched","damage_taken":0,"max_hp_gain":0,"max_hp_loss":0,"event_name":"Match and Keep!","floor":28,"gold_loss":0,"cards_obtained":["Tempest","Fission"]}],"is_beta":false,"boss_relics":[{"not_picked":["Black Star","SacredBark"],"picked":"Inserter"}],"items_purged_floors":[],"is_endless":false,"potions_floor_spawned":[1,10,11,12,14,18,21,30,31],"killed_by":"Champ","ascension_level":2}}