{"host":"8i4doyxqctgl5qb0","time":1612533811,"event":{"mods":["AchievementEnabler","BaseMod","Block Reminder","Colored Powertips","Downfall","Minty Spire (QoL Compilation)","Permanent Neow","Potion Indicator Mod","Rare Cards Sparkle","StSLib","SuperFastMode","The Jungle"],"gold_per_floor":[15,15,15,42,42,42,95,95,95,45,94,94,94,94,94,94,94],"floor_reached":16,"language":"ZHS","playtime":251,"items_purged":["Injury"],"score":166,"play_id":"6a398b91-7b27-4768-9167-80ead73db237","local_time":"20210205220331","is_ascension_mode":true,"campfire_choices":[{"data":"Zap","floor":6.0,"key":"SMITH"},{"data":"Loop","floor":8.0,"key":"SMITH"},{"floor":13,"key":"REST"},{"floor":15,"key":"REST"}],"circlet_count":0,"master_deck":["AscendersBane","Strike_B","Strike_B","Strike_B","Strike_B","Defend_B","Defend_B","Defend_B","Defend_B","Zap+1","Dualcast","Auto Shields+1","Loop+1","Hello World+1"],"relics":["Cracked Core","Golden Idol","CeramicFish","champ:DuelingGlove","Smiling Mask","Bronze Scales"],"acts_visited":["Exordium"],"potions_floor_usage":[],"damage_taken":[{"damage":3.0,"enemies":"2 Louse","floor":1.0,"turns":3.0},{"damage":5.0,"enemies":"Small Slimes","floor":4.0,"turns":4.0},{"damage":24.0,"enemies":"3 Sentries","floor":7.0,"turns":9.0},{"damage":20,"enemies":"Lagavulin","floor":11,"turns":6},{"damage":14,"enemies":"The Guardian","floor":16,"turns":4}],"seed_played":"2123272942466150486","potions_obtained":[{"floor":11,"key":"Energy Potion"}],"is_trial":false,"path_per_floor":["M","?","?","M","$","R","E","R","T","$","E","?","R","$","R","B"],"character_chosen":"DEFECT","items_purchased":[],"campfire_rested":2,"item_purchase_floors":[],"current_hp_per_floor":[79,79,79,74,74,74,50,50,50,50,30,12,38,38,64,50,50],"gold":94,"neow_bonus":"TWENTY_PERCENT_HP_BONUS","is_daily":false,"chose_seed":false,"campfire_upgraded":2,"win_rate":0.0,"timestamp":1612533811,"path_taken":["M","?","?","?","?","R","E","R","T","$","E","?","R","?","R","BOSS"],"items_purchased_type":[],"build_version":"2020-12-22","purchased_purges":1,"victory":false,"max_hp_per_floor":[89,89,89,89,89,89,89,89,89,89,89,89,89,89,89,89,89],"card_choices":[{"not_picked":["Gash","Stack"],"picked":"Conserve Battery","floor":1.0},{"not_picked":["Blizzard","Redo"],"picked":"Auto Shields","floor":4.0},{"not_picked":["Cold Snap","Gash"],"picked":"Loop","floor":7.0},{"not_picked":["Rip and Tear","Glacier"],"picked":"Hello World","floor":11}],"player_experience":278238,"relics_obtained":[{"floor":7.0,"key":"champ:DuelingGlove"},{"floor":9.0,"key":"Smiling Mask"},{"floor":11,"key":"Bronze Scales"}],"event_choices":[{"damage_healed":0.0,"max_hp_gain":0.0,"max_hp_loss":0.0,"gold_gain":0.0,"event_name":"Golden Idol","player_choice":"Take Wound","floor":2.0,"gold_loss":0.0,"damage_taken":0.0,"relics_obtained":["Golden Idol"],"cards_obtained":["Injury"]},{"cards_removed":["Conserve Battery"],"damage_healed":0.0,"max_hp_gain":0.0,"max_hp_loss":0.0,"gold_gain":0.0,"event_name":"WeMeetAgain","player_choice":"Gave Card","floor":3.0,"gold_loss":0.0,"damage_taken":0.0,"relics_obtained":["CeramicFish"]},{"damage_healed":0,"gold_gain":0,"player_choice":"Entered Light","damage_taken":18,"max_hp_gain":0,"max_hp_loss":0,"event_name":"Shining Light","floor":12,"gold_loss":0,"cards_upgraded":["Hello World","Auto Shields"]}],"is_beta":false,"boss_relics":[],"items_purged_floors":[10],"is_endless":false,"potions_floor_spawned":[11],"killed_by":"The Guardian","ascension_level":12}}