{"host":"sav7uxregyirlf69","time":1612523383,"event":{"mods":["AchievementEnabler","BaseMod","Colored Map","DeckTracker","Keyboard Shortcuts","Minty Spire (QoL Compilation)","READ ME - Guardian Mod","StSLib","SuperFastMode"],"gold_per_floor":[111,111,130,143,143,154,154,171,243,243,267,267,302,302,302,392,392,405,426,57,107,125,125,145,145,145,145,189,94,94,134,146,158,158],"floor_reached":33,"language":"KOR","playtime":657,"items_purged":["Strike_G","Strike_G"],"score":670,"play_id":"b247a3eb-e1a1-498f-8d66-7a36e89f864f","local_time":"20210205200943","is_ascension_mode":true,"campfire_choices":[{"data":"Noxious Fumes","floor":7,"key":"SMITH"},{"floor":12,"key":"REST"},{"data":"Neutralize","floor":15,"key":"SMITH"},{"floor":23,"key":"REST"},{"floor":25,"key":"REST"},{"data":"Footwork","floor":30,"key":"SMITH"},{"data":"Reflex","floor":32,"key":"SMITH"}],"circlet_count":0,"master_deck":["AscendersBane","Defend_G","Defend_G","Defend_G","Defend_G","Survivor","Neutralize+1","Distraction","Blade Dance","Reflex+1","Noxious Fumes+1","Deadly Poison","PiercingWail","Glass Knife","Escape Plan+1","Distraction+1","Corpse Explosion+1","Backflip","Prepared+1","Footwork+1"],"relics":["Ring of the Snake","Bag of Marbles","Golden Idol","TungstenRod","CaptainsWheel","Astrolabe","Membership Card","Strawberry","Omamori","Torii","MawBank"],"acts_visited":["Exordium","TheCity"],"potions_floor_usage":[13,16,28,31,33],"damage_taken":[{"damage":14.0,"enemies":"Cultist","floor":1.0,"turns":6.0},{"damage":2.0,"enemies":"2 Louse","floor":3.0,"turns":3.0},{"damage":0.0,"enemies":"Jaw Worm","floor":4.0,"turns":4.0},{"damage":16.0,"enemies":"Large Slime","floor":6.0,"turns":6.0},{"damage":2,"enemies":"Exordium Thugs","floor":8,"turns":5},{"damage":0,"enemies":"Blue Slaver","floor":11,"turns":5},{"damage":18,"enemies":"3 Sentries","floor":13,"turns":7},{"damage":6,"enemies":"The Guardian","floor":16,"turns":8},{"damage":24,"enemies":"Chosen","floor":18,"turns":5},{"damage":10,"enemies":"Spheric Guardian","floor":19,"turns":4},{"damage":15,"enemies":"Centurion and Healer","floor":22,"turns":6},{"damage":0,"enemies":"Snake Plant","floor":24,"turns":5},{"damage":14,"enemies":"Slavers","floor":28,"turns":3},{"damage":0,"enemies":"Book of Stabbing","floor":31,"turns":7},{"damage":39,"enemies":"Champ","floor":33,"turns":9}],"seed_played":"158202695368534102","potions_obtained":[{"floor":1.0,"key":"FearPotion"},{"floor":3.0,"key":"BlessingOfTheForge"},{"floor":6,"key":"PowerPotion"},{"floor":22,"key":"AttackPotion"},{"floor":28,"key":"BlessingOfTheForge"},{"floor":31,"key":"Ancient Potion"}],"is_trial":false,"path_per_floor":["M","T","M","M","?","M","R","M","T","?","M","R","E","?","R","B",null,"M","M","$","?","M","R","M","R","T","T","E","$","R","E","R","B"],"character_chosen":"THE_SILENT","items_purchased":["Membership Card","Backflip","Strawberry","Ancient Potion","Footwork"],"campfire_rested":3,"item_purchase_floors":[20,20,20,20,29],"current_hp_per_floor":[45,45,43,43,43,27,27,25,25,25,25,43,25,21,21,15,49,25,15,22,22,7,27,27,47,47,47,33,33,33,33,33,0,0],"gold":158,"neow_bonus":"TRANSFORM_CARD","is_daily":false,"chose_seed":false,"campfire_upgraded":4,"win_rate":0.0,"timestamp":1612523383,"path_taken":["M","?","M","M","?","M","R","M","T","?","M","R","E","?","R","BOSS","M","M","$","?","M","R","M","R","T","?","E","$","R","E","R","BOSS"],"items_purchased_type":["Relic","Card","Relic","Potion","Card"],"build_version":"2020-12-22","purchased_purges":2,"victory":false,"max_hp_per_floor":[66,66,66,66,66,66,66,66,66,60,60,60,60,60,60,60,60,60,60,67,67,67,67,67,67,67,67,67,67,67,67,67,67,67],"card_choices":[{"not_picked":["Accuracy","Quick Slash"],"picked":"Blade Dance","floor":1.0},{"not_picked":["Bane","Deadly Poison"],"picked":"Reflex","floor":3.0},{"not_picked":["Underhanded Strike","Deadly Poison"],"picked":"Noxious Fumes","floor":4.0},{"not_picked":["Skewer","Blade Dance"],"picked":"Deadly Poison","floor":6},{"not_picked":["Sucker Punch","Dodge and Roll","Burst"],"picked":"SKIP","floor":8},{"not_picked":["Dagger Throw","Dash","Distraction"],"picked":"SKIP","floor":11},{"not_picked":["Masterful Stab","Envenom"],"picked":"PiercingWail","floor":13},{"not_picked":["Phantasmal Killer","Venomology"],"picked":"Glass Knife","floor":16},{"not_picked":["Bane","Acrobatics","All Out Attack"],"picked":"SKIP","floor":18},{"not_picked":["Finisher","Dagger Spray","Underhanded Strike"],"picked":"SKIP","floor":19},{"not_picked":["Skewer+1","Choke","Quick Slash"],"picked":"SKIP","floor":22},{"not_picked":["Predator","Dagger Spray"],"picked":"Prepared+1","floor":24},{"not_picked":["Deadly Poison","Blade Dance+1","Predator"],"picked":"SKIP","floor":28},{"not_picked":["Skewer","Flechettes","Corpse Explosion"],"picked":"SKIP","floor":31}],"player_experience":1494524,"relics_obtained":[{"floor":2.0,"key":"Bag of Marbles"},{"floor":13,"key":"TungstenRod"},{"floor":27,"key":"Omamori"},{"floor":28,"key":"Torii"},{"floor":31,"key":"MawBank"}],"event_choices":[{"damage_healed":0.0,"max_hp_gain":0.0,"max_hp_loss":0.0,"gold_gain":0.0,"event_name":"Liars Game","player_choice":"Ignored","floor":5.0,"gold_loss":0.0,"damage_taken":0.0},{"damage_healed":0,"gold_gain":0,"player_choice":"Lose Max HP","damage_taken":0,"relics_obtained":["Golden Idol"],"max_hp_gain":0,"max_hp_loss":6,"event_name":"Golden Idol","floor":10,"gold_loss":0},{"damage_healed":0,"gold_gain":0,"player_choice":"Success","damage_taken":5,"relics_obtained":["CaptainsWheel"],"max_hp_gain":0,"max_hp_loss":0,"event_name":"Scrap Ooze","floor":14,"gold_loss":0},{"damage_healed":0,"gold_gain":50,"player_choice":"Stole From Cult","damage_taken":0,"max_hp_gain":0,"max_hp_loss":0,"event_name":"Nest","floor":21,"gold_loss":0}],"is_beta":false,"boss_relics":[{"not_picked":["Philosopher\u0027s Stone","Runic Dome"],"picked":"Astrolabe"}],"items_purged_floors":[20,29],"is_endless":false,"potions_floor_spawned":[1,3,6,22,28,31],"killed_by":"Champ","ascension_level":20}}