{"host":"vyiqbz5w606ur92t","time":1612549927,"event":{"mods":["BaseMod","Downfall","Minty Spire (QoL Compilation)","StSLib"],"gold_per_floor":[99,114,129,144,144,174,199,223,223,247,272,381,181,220,244,353,353,353,377,401,416,86,110,144,183,192,192,210,249,273,305,329,438,438,338,347,372,396,411,441,475,475,484,523,523,553,612,627,642,642,642,681,12,12,12,12],"floor_reached":57,"language":"ENG","playtime":8492,"items_purged":["Guardian:Strike_Guardian"],"score":1593,"play_id":"65fca98e-d305-4deb-b92a-cc32cfcfd586","local_time":"20210205183207","daily_mods":["downfall:Improvised","ControlledChaos","Night Terrors"],"is_ascension_mode":false,"campfire_choices":[{"floor":1,"key":"RECALL"},{"data":"Guardian:StasisEngine","floor":13,"key":"SMITH"},{"data":"Guardian:CompilePackage","floor":18,"key":"SMITH"},{"data":"Guardian:ConstructionForm","floor":35,"key":"SMITH"},{"data":"Guardian:FloatingOrbs","floor":42,"key":"SMITH"},{"data":"Guardian:DecasProtection","floor":45,"key":"SMITH"},{"data":"Guardian:DecasProtection","floor":54,"key":"SMITH"}],"circlet_count":0,"master_deck":["Guardian:Strike_Guardian","Guardian:Strike_Guardian","Guardian:Defend_Guardian","Guardian:Defend_Guardian+1","Guardian:Defend_Guardian","Guardian:Defend_Guardian+1","Guardian:CurlUp","Guardian:TwinSlam","sneckomod:UnknownCommonAttack","sneckomod:UnknownCommonAttack","sneckomod:UnknownCommonAttack","sneckomod:UnknownCommonSkill","sneckomod:UnknownCommonSkill","sneckomod:UnknownCommonSkill+1","sneckomod:UnknownUncommonAttack","sneckomod:UnknownUncommonSkill","sneckomod:UnknownUncommonPower","sneckomod:Unknown+1","Guardian:DecasProtection+1","Guardian:ChargeUp+1","Guardian:ChargeCore","Guardian:Recover","Guardian:StasisEngine+1","Guardian:Recover","Guardian:TemporalShield","Guardian:EvasiveProtocol","Guardian:CompilePackage+1","Guardian:DecasProtection+1","Guardian:ShieldCharger","Guardian:FuturePlans+1","Guardian:BronzeOrb","Guardian:Orbwalk","Guardian:BronzeOrb","Parasite","Guardian:Reroute+1","RitualDagger","PanicButton","Guardian:Incinerate","Guardian:ConstructionForm+1","Clumsy","Guardian:FloatingOrbs+1","downfall:Bewildered","Guardian:TimeCapacitor+1","Guardian:TemporalShield+1","Guardian:PrismaticBeam+1"],"relics":["Guardian:ModeShifter","Frozen Eye","Guardian:PocketSentry","CeramicFish","Spirit Poop","White Beast Statue","downfall:HeartBlessingBlue","downfall:HeartBlessingRed","Nunchaku","Cursed Key","Lantern","Boot","The Courier","Bottled Flame","Black Star","downfall:HeartBlessingGreen","StrikeDummy","Guardian:GemstoneGun","Pen Nib","TungstenRod","sneckomod:BlankCard","Oddly Smooth Stone","Molten Egg 2","Blood Vial","Happy Flower","Dead Branch","HornCleat","Shuriken","Bag of Preparation","Kunai","hexamod:CandleOfCauterizing","War Paint"],"acts_visited":["Exordium","TheCity","TheBeyond","TheEnding"],"potions_floor_usage":[6,15,16,19,21,22,25,29,29,30,32,33,33,40,40,52,55],"damage_taken":[{"damage":0,"enemies":"2 Louse","floor":2,"turns":3},{"damage":0,"enemies":"Small Slimes","floor":3,"turns":5},{"damage":1,"enemies":"Cultist","floor":4,"turns":3},{"damage":7,"enemies":"3 Sentries","floor":6,"turns":6},{"damage":1,"enemies":"Exordium Wildlife","floor":8,"turns":4},{"damage":0,"enemies":"Blue Slaver","floor":10,"turns":4},{"damage":12,"enemies":"downfall:LadyInBlue","floor":12,"turns":12},{"damage":10,"enemies":"Gremlin Nob","floor":14,"turns":4},{"damage":0,"enemies":"Exordium Thugs","floor":15,"turns":2},{"damage":3,"enemies":"SI_SHIV_ARCHETYPE","floor":16,"turns":9},{"damage":0,"enemies":"Spheric Guardian","floor":19,"turns":3},{"damage":23,"enemies":"Snake Plant","floor":20,"turns":6},{"damage":3,"enemies":"Snecko","floor":21,"turns":6},{"damage":0,"enemies":"downfall:FleeingMerchant","floor":22,"turns":4},{"damage":0,"enemies":"Chosen and Byrds","floor":23,"turns":5},{"damage":24,"enemies":"Gremlin Leader","floor":25,"turns":7},{"damage":0,"enemies":"Book of Stabbing","floor":29,"turns":2},{"damage":0,"enemies":"Cultist and Chosen","floor":30,"turns":5},{"damage":0,"enemies":"Snecko","floor":31,"turns":4},{"damage":10,"enemies":"Shelled Parasite and Fungi","floor":32,"turns":6},{"damage":11,"enemies":"WA_ARCHETYPE_CALM","floor":33,"turns":8},{"damage":18,"enemies":"2 Orb Walkers","floor":37,"turns":6},{"damage":0,"enemies":"Orb Walker","floor":38,"turns":3},{"damage":0,"enemies":"3 Shapes","floor":39,"turns":3},{"damage":0,"enemies":"Nemesis","floor":40,"turns":7},{"damage":0,"enemies":"Giant Head","floor":44,"turns":6},{"damage":0,"enemies":"Reptomancer","floor":46,"turns":5},{"damage":8,"enemies":"Reptomancer","floor":47,"turns":7},{"damage":0,"enemies":"Maw","floor":48,"turns":5},{"damage":4,"enemies":"Spire Growth","floor":49,"turns":2},{"damage":0,"enemies":"IC_BLOCK_ARCHETYPE","floor":50,"turns":8},{"damage":0,"enemies":"downfall:CharBossMerchant","floor":52,"turns":5},{"damage":0,"enemies":"downfall:NeowBoss","floor":55,"turns":8},{"damage":0,"enemies":"downfall:NeowBossFinal","floor":56,"turns":7}],"seed_played":"-8643747277835071688","potions_obtained":[{"floor":2,"key":"champ:CounterPotion"},{"floor":3,"key":"Fire Potion"},{"floor":8,"key":"sneckomod:MuddlingPotion"},{"floor":12,"key":"Guardian:BlockOnCardUsePotion"},{"floor":12,"key":"DuplicationPotion"},{"floor":12,"key":"SteroidPotion"},{"floor":14,"key":"AttackPotion"},{"floor":15,"key":"sneckomod:MuddlingPotion"},{"floor":16,"key":"Strength Potion"},{"floor":19,"key":"Slimebound:ThreeZeroPotion"},{"floor":21,"key":"Explosive Potion"},{"floor":22,"key":"DuplicationPotion"},{"floor":25,"key":"Slimebound:ThreeZeroPotion"},{"floor":29,"key":"DistilledChaos"},{"floor":30,"key":"Fruit Juice"},{"floor":31,"key":"Fire Potion"},{"floor":32,"key":"LiquidMemories"},{"floor":33,"key":"GamblersBrew"},{"floor":37,"key":"GamblersBrew"},{"floor":38,"key":"Weak Potion"},{"floor":40,"key":"FairyPotion"},{"floor":44,"key":"SpeedPotion"},{"floor":46,"key":"Slimebound:ThreeZeroPotion"},{"floor":52,"key":"Slimebound:ThreeZeroPotion"}],"is_trial":false,"path_per_floor":["R","M","M","M","?","E","T","M","?","M","T","?","R","E","M","B",null,"R","M","M","M","$","M","T","E","?","?","?","E","M","M","M","B",null,"R","T","?","M","M","E","T","R","?","E","R","E","?","M","M","B",null,"E","$","R","B","B",null],"character_chosen":"GUARDIAN","items_purchased":["Lantern","Guardian:BronzeOrb","Guardian:Orbwalk","Bag of Preparation","Kunai","Guardian:Gem_Red","hexamod:CandleOfCauterizing","War Paint"],"campfire_rested":0,"item_purchase_floors":[22,22,22,53,53,53,53,53],"current_hp_per_floor":[80,80,80,79,79,72,72,71,71,71,71,59,69,59,59,56,90,90,90,67,64,64,64,64,47,41,41,41,41,41,41,31,25,95,95,95,77,77,77,77,77,77,77,77,77,77,71,73,76,78,95,95,95,95,95,95],"gold":12,"neow_bonus":"","is_daily":true,"chose_seed":false,"campfire_upgraded":6,"win_rate":0.0,"timestamp":1612549927,"path_taken":["R","M","M","M","?","E","T","M","?","?","?","?","R","E","M","BOSS","R","M","M","M","$","M","T","E","?","?","?","E","M","M","M","BOSS","R","?","?","M","M","E","T","R","?","E","R","E","?","M","M","BOSS","E","$","R","BOSS","BOSS"],"items_purchased_type":["Relic","Card","Card","Relic","Relic","Card","Relic","Relic"],"build_version":"2020-12-22","purchased_purges":1,"victory":true,"max_hp_per_floor":[80,80,80,80,80,80,80,80,80,80,80,80,90,90,90,90,90,90,90,90,90,90,90,90,90,90,90,90,90,90,90,90,95,95,95,95,95,95,95,95,95,95,95,95,95,95,95,95,95,95,95,95,95,95,95,95],"card_choices":[{"not_picked":["Guardian:Incinerate","Guardian:Reroute"],"picked":"Guardian:DecasProtection","floor":2},{"not_picked":["Guardian:Gem_Lightblue","Guardian:PiercingHide"],"picked":"Guardian:ChargeUp","floor":3},{"not_picked":["Guardian:Harden","Guardian:TemporalStrike"],"picked":"Guardian:ChargeCore","floor":4},{"not_picked":["Guardian:Gem_Fragmented","Guardian:WalkerClaw","Guardian:Repulse"],"picked":"SKIP","floor":6},{"not_picked":["Guardian:Gem_Red","Guardian:MultiBeam"],"picked":"Guardian:Recover","floor":8},{"not_picked":["Guardian:Clone","Guardian:Incinerate"],"picked":"Guardian:StasisEngine","floor":10},{"not_picked":["Guardian:PrimingBeam","Guardian:CrystalBeam"],"picked":"Guardian:Recover","floor":12},{"not_picked":["Guardian:ChargeCore","Guardian:GuardianWhirl"],"picked":"Guardian:TemporalShield","floor":14},{"not_picked":["Guardian:PiercingHide","Guardian:PrismaticBeam"],"picked":"Guardian:EvasiveProtocol","floor":15},{"not_picked":["Guardian:ExploitGems","Guardian:RevengeProtocol"],"picked":"Guardian:CompilePackage","floor":16},{"not_picked":["Guardian:PiercingHide","Guardian:Gem_Red"],"picked":"Guardian:DecasProtection","floor":19},{"not_picked":["Guardian:VentSteam","Guardian:Gem_Lightblue"],"picked":"Guardian:ShieldCharger","floor":20},{"not_picked":["Guardian:Gem_Red","Guardian:Gem_Green","Guardian:Gem_Crimson"],"picked":"SKIP","floor":21},{"not_picked":["Guardian:Gem_Cyan","Guardian:Gem_White"],"picked":"Guardian:FuturePlans+1","floor":22},{"not_picked":["Guardian:Gem_Red","Guardian:ArmoredProtocol+1"],"picked":"Guardian:BronzeOrb","floor":23},{"not_picked":["Guardian:FastForward","Guardian:PiercingHide"],"picked":"Guardian:Reroute+1","floor":25},{"not_picked":["Guardian:Clone","Guardian:PrimingBeam"],"picked":"Guardian:Gem_Purple","floor":29},{"not_picked":["Guardian:Reroute","Guardian:CrystalBeam"],"picked":"Guardian:Incinerate","floor":30},{"not_picked":["Guardian:Reroute+1","Guardian:Gem_Lightblue"],"picked":"Guardian:ConstructionForm","floor":31},{"not_picked":["Guardian:PrimingBeam","Guardian:CrystalBeam+1"],"picked":"Guardian:Gem_Red","floor":32},{"not_picked":["Guardian:BaubleBeam","Guardian:RevengeProtocol"],"picked":"Guardian:Gem_Synthetic","floor":33},{"not_picked":["Guardian:Reroute+1","Guardian:ShieldCharger"],"picked":"Guardian:FloatingOrbs","floor":38},{"not_picked":["Guardian:EvasiveProtocol","Guardian:RollAttack","Guardian:TemporalStrike"],"picked":"SKIP","floor":39},{"not_picked":["Guardian:RollAttack","Guardian:GuardianWhirl+1","Guardian:SentryBeam"],"picked":"SKIP","floor":40},{"not_picked":["Guardian:TemporalShield+1","Guardian:PrimingBeam+1"],"picked":"Guardian:TimeCapacitor+1","floor":44},{"not_picked":["Guardian:Gem_Purple","Guardian:Gem_Crimson","Guardian:ShieldSpikes"],"picked":"SKIP","floor":46},{"not_picked":["Guardian:Planning+1","Guardian:RefractedBeam+1"],"picked":"Guardian:TemporalShield+1","floor":47},{"not_picked":["Guardian:PrimingBeam+1","Guardian:TemporalStrike+1","Guardian:Harden+1"],"picked":"SKIP","floor":48},{"not_picked":["Guardian:ShieldCharger","Guardian:RevengeProtocol","Guardian:Gem_Cyan"],"picked":"SKIP","floor":49},{"not_picked":["Guardian:SentryBeam+1","Guardian:Gem_Fragmented"],"picked":"Guardian:PrismaticBeam+1","floor":52}],"player_experience":1523148,"relics_obtained":[{"floor":6,"key":"Guardian:PocketSentry"},{"floor":7,"key":"CeramicFish"},{"floor":12,"key":"White Beast Statue"},{"floor":14,"key":"Nunchaku"},{"floor":24,"key":"Boot"},{"floor":25,"key":"The Courier"},{"floor":29,"key":"Bottled Flame"},{"floor":36,"key":"StrikeDummy"},{"floor":37,"key":"Guardian:GemstoneGun"},{"floor":40,"key":"Pen Nib"},{"floor":40,"key":"TungstenRod"},{"floor":41,"key":"sneckomod:BlankCard"},{"floor":44,"key":"Oddly Smooth Stone"},{"floor":44,"key":"Molten Egg 2"},{"floor":46,"key":"Blood Vial"},{"floor":46,"key":"Happy Flower"},{"floor":47,"key":"Dead Branch"},{"floor":52,"key":"HornCleat"},{"floor":52,"key":"Shuriken"}],"event_choices":[{"cards_removed":["downfall:Malfunctioning"],"damage_healed":0,"gold_gain":0,"player_choice":"Offered Curse","damage_taken":0,"relics_obtained":["Spirit Poop"],"max_hp_gain":0,"max_hp_loss":0,"event_name":"Bonfire Elementals","floor":9,"gold_loss":0},{"damage_healed":0,"gold_gain":0,"player_choice":"Fight","damage_taken":0,"max_hp_gain":0,"max_hp_loss":0,"event_name":"Mysterious Sphere","floor":37,"gold_loss":0}],"is_beta":false,"boss_relics":[{"not_picked":["Calling Bell","Guardian:ModeShifterPlus"],"picked":"Cursed Key"},{"not_picked":["Pandora\u0027s Box","Runic Dome"],"picked":"Black Star"}],"items_purged_floors":[22],"is_endless":false,"potions_floor_spawned":[2,3,8,14,15,16,19,20,21,22,23,25,29,30,31,32,33,37,38,39,40,44,46,47,48,49,52],"ascension_level":0}}