{"host":"wuernuywc9gl215o","time":1612527144,"event":{"mods":["AchievementEnabler","BaseMod","Block Reminder","Highlight Path","Key Reminder","Minty Spire (QoL Compilation)","Permanent Neow","Potion Indicator Mod","Quick Restart","Relic Stats"],"gold_per_floor":[111,131,149,149,74,74,54,74,150,173,173,192,226,251,251,349,349,367,392,50,50,50,50,63,63,63,63,63,63,63],"floor_reached":29,"language":"ENG","playtime":1409,"items_purged":["Strike_R"],"score":454,"play_id":"1db9b981-1a95-4f62-8bf8-09617fd61b38","local_time":"20210205121224","is_ascension_mode":true,"campfire_choices":[{"data":"Spot Weakness","floor":6.0,"key":"SMITH"},{"floor":11.0,"key":"REST"},{"floor":15.0,"key":"REST"},{"floor":23,"key":"REST"},{"data":"Shame","floor":25,"key":"PURGE"},{"floor":27,"key":"REST"}],"circlet_count":0,"master_deck":["AscendersBane","Strike_R","Strike_R","Strike_R","Defend_R","Defend_R","Defend_R","Defend_R","Bash","Battle Trance","Twin Strike","Spot Weakness+1","Bloodletting","True Grit","Shrug It Off","Sentinel","Fire Breathing","Reaper","Clothesline+1","Entrench","Feel No Pain","Whirlwind"],"relics":["Runic Dome","Golden Idol","Matryoshka","Bronze Scales","Snecko Eye","Membership Card","MealTicket","InkBottle","Peace Pipe","Darkstone Periapt","Pear"],"acts_visited":["Exordium","TheCity"],"potions_floor_usage":[16,16,19,24,28],"damage_taken":[{"damage":4.0,"enemies":"2 Louse","floor":1.0,"turns":3.0},{"damage":7.0,"enemies":"Jaw Worm","floor":2.0,"turns":3.0},{"damage":0.0,"enemies":"Cultist","floor":3.0,"turns":2.0},{"damage":17.0,"enemies":"Exordium Wildlife","floor":8.0,"turns":4.0},{"damage":18.0,"enemies":"Exordium Thugs","floor":10.0,"turns":3.0},{"damage":6.0,"enemies":"Looter","floor":12.0,"turns":3.0},{"damage":5.0,"enemies":"3 Sentries","floor":13.0,"turns":8.0},{"damage":8.0,"enemies":"Gremlin Gang","floor":14.0,"turns":6.0},{"damage":42,"enemies":"Slime Boss","floor":16,"turns":8},{"damage":17,"enemies":"Chosen","floor":18,"turns":6},{"damage":26,"enemies":"Spheric Guardian","floor":19,"turns":5},{"damage":26,"enemies":"Cultist and Chosen","floor":24,"turns":6},{"damage":0,"enemies":"Shelled Parasite and Fungi","floor":28,"turns":1},{"damage":77,"enemies":"Centurion and Healer","floor":29,"turns":11}],"seed_played":"-4286669012650397771","potions_obtained":[{"floor":1.0,"key":"Strength Potion"},{"floor":7.0,"key":"FearPotion"},{"floor":16,"key":"SmokeBomb"},{"floor":18,"key":"DuplicationPotion"},{"floor":19,"key":"PowerPotion"}],"is_trial":false,"path_per_floor":["M","M","M","?","?","R","?","M","T","M","R","M","E","M","R","B",null,"M","M","$","?","?","R","M","R","T","R","M","M"],"character_chosen":"IRONCLAD","items_purchased":["Membership Card","Feel No Pain","Whirlwind","MealTicket"],"campfire_rested":4,"item_purchase_floors":[20,20,20,20],"current_hp_per_floor":[64,57,57,57,57,57,57,40,40,22,42,36,31,23,43,1,51,34,24,24,24,24,44,26,26,36,59,59,0,0],"gold":63,"neow_bonus":"BOSS_RELIC","is_daily":false,"chose_seed":false,"campfire_upgraded":1,"win_rate":0.0,"timestamp":1612527144,"path_taken":["M","M","M","?","?","R","?","M","T","M","R","M","E","M","R","BOSS","M","M","$","?","?","R","M","R","T","R","?","M"],"items_purchased_type":["Relic","Card","Card","Relic"],"build_version":"2020-12-22","purchased_purges":1,"victory":false,"max_hp_per_floor":[75,75,75,68,68,68,68,68,68,68,68,68,68,68,68,68,68,68,68,68,68,68,68,68,68,78,78,78,78,78],"relic_stats":{"Peace Pipe":1,"Darkstone Periapt":0,"counters":[14,69],"Golden Idol":61,"Bronze Scales":[81],"Snecko Eye":[43,56,58,50],"MealTicket":0,"obtain_stats":[{"Peace Pipe":22,"Darkstone Periapt":26,"Runic Dome":0,"Matryoshka":9,"Pear":26,"Golden Idol":4,"Bronze Scales":13,"Snecko Eye":17,"MealTicket":20,"Membership Card":20,"Burning Blood":0,"InkBottle":21},{"Peace Pipe":11,"Darkstone Periapt":12,"Runic Dome":0,"Matryoshka":4,"Pear":12,"Golden Idol":3,"Bronze Scales":7,"Snecko Eye":9,"MealTicket":11,"Membership Card":11,"Burning Blood":0,"InkBottle":11},{"Peace Pipe":51,"Darkstone Periapt":57,"Runic Dome":0,"Matryoshka":12,"Pear":57,"Golden Idol":8,"Bronze Scales":26,"Snecko Eye":40,"MealTicket":51,"Membership Card":51,"Burning Blood":0,"InkBottle":51}],"InkBottle":[5]},"card_choices":[{"not_picked":["Shockwave","Cleave"],"picked":"Battle Trance","floor":1.0},{"not_picked":["Entrench","Thunderclap"],"picked":"Twin Strike","floor":2.0},{"not_picked":["True Grit","Wild Strike"],"picked":"Spot Weakness","floor":3.0},{"not_picked":["Spot Weakness","Dual Wield"],"picked":"Bloodletting","floor":8.0},{"not_picked":["Combust","Twin Strike"],"picked":"True Grit","floor":10.0},{"not_picked":["Clash","Cleave"],"picked":"Shrug It Off","floor":12.0},{"not_picked":["Demon Form","Pommel Strike"],"picked":"Sentinel","floor":13.0},{"not_picked":["Sentinel","Clash"],"picked":"Fire Breathing","floor":14.0},{"not_picked":["Bludgeon","Juggernaut"],"picked":"Reaper","floor":16},{"not_picked":["Perfected Strike","Anger+1"],"picked":"Clothesline+1","floor":18},{"not_picked":["Searing Blow+1","Thunderclap"],"picked":"Entrench","floor":19},{"not_picked":["Anger","Thunderclap","Spot Weakness"],"picked":"SKIP","floor":24}],"player_experience":824247,"relics_obtained":[{"floor":9.0,"key":"Matryoshka"},{"floor":13.0,"key":"Bronze Scales"},{"floor":22,"key":"Peace Pipe"},{"floor":26,"key":"Darkstone Periapt"},{"floor":26,"key":"Pear"}],"event_choices":[{"damage_healed":0.0,"max_hp_gain":0.0,"max_hp_loss":7.0,"gold_gain":0.0,"event_name":"Golden Idol","player_choice":"Lose Max HP","floor":4.0,"gold_loss":0.0,"damage_taken":0.0,"relics_obtained":["Golden Idol"]},{"cards_removed":["Strike_R"],"damage_healed":0.0,"max_hp_gain":0.0,"max_hp_loss":0.0,"gold_gain":0.0,"event_name":"The Cleric","player_choice":"Card Removal","floor":5.0,"gold_loss":75.0,"damage_taken":0.0},{"damage_healed":0.0,"max_hp_gain":0.0,"max_hp_loss":0.0,"gold_gain":0.0,"event_name":"The Woman in Blue","player_choice":"Bought 1 Potion","floor":7.0,"gold_loss":0.0,"damage_taken":0.0},{"damage_healed":0,"gold_gain":0,"player_choice":"Stole Relic","damage_taken":0,"relics_obtained":["InkBottle"],"max_hp_gain":0,"max_hp_loss":0,"event_name":"Addict","floor":21,"gold_loss":0,"cards_obtained":["Shame"]},{"damage_healed":0,"gold_gain":0,"player_choice":"Relic","damage_taken":0,"max_hp_gain":0,"max_hp_loss":0,"event_name":"Wheel of Change","floor":22,"gold_loss":0}],"is_beta":false,"boss_relics":[{"not_picked":["Fusion Hammer","SacredBark"],"picked":"Snecko Eye"}],"items_purged_floors":[20],"is_endless":false,"potions_floor_spawned":[1,12,13,16,18,19],"killed_by":"Centurion and Healer","ascension_level":20}}