{"host":"j9610sde00vfp93k","time":1612511258,"event":{"mods":["AchievementEnabler","BaseMod","Minty Spire (QoL Compilation)","StSLib","SuperFastMode"],"gold_per_floor":[114,134,53,68,79,104,117,128,154,172,172,191,191,210,210,210,210],"floor_reached":16,"language":"ENG","playtime":811,"items_purged":[],"score":108,"play_id":"3f78e521-a83b-4eb4-89df-c365883fa8da","local_time":"20210205154738","is_ascension_mode":false,"campfire_choices":[{"data":"Dark Embrace","floor":11,"key":"SMITH"},{"data":"Clash","floor":13,"key":"SMITH"},{"data":"Bash","floor":15,"key":"SMITH"}],"circlet_count":0,"master_deck":["Strike_R","Strike_R","Strike_R","Strike_R","Defend_R","Defend_R","Defend_R","Defend_R","Bash+1","Reaper","Clash","Burning Pact","Flex","Clash","Clash+1","Dark Embrace+1","Burning Pact"],"relics":["Burning Blood","Centennial Puzzle","Tiny Chest"],"acts_visited":["Exordium"],"potions_floor_usage":[10,16,16],"damage_taken":[{"damage":10,"enemies":"Cultist","floor":1,"turns":4},{"damage":18,"enemies":"Jaw Worm","floor":2,"turns":3},{"damage":4,"enemies":"2 Louse","floor":4,"turns":4},{"damage":38,"enemies":"Exordium Thugs","floor":5,"turns":5},{"damage":44,"enemies":"3 Sentries","floor":6,"turns":9},{"damage":5,"enemies":"Large Slime","floor":7,"turns":4},{"damage":15,"enemies":"3 Louse","floor":8,"turns":2},{"damage":12,"enemies":"Gremlin Gang","floor":10,"turns":3},{"damage":8,"enemies":"Exordium Thugs","floor":12,"turns":3},{"damage":13,"enemies":"2 Fungi Beasts","floor":14,"turns":3},{"damage":62,"enemies":"Hexaghost","floor":16,"turns":9}],"seed_played":"3928826118524302312","potions_obtained":[{"floor":5,"key":"BlessingOfTheForge"},{"floor":6,"key":"SpeedPotion"},{"floor":7,"key":"FairyPotion"},{"floor":8,"key":"Explosive Potion"},{"floor":14,"key":"AttackPotion"}],"is_trial":false,"path_per_floor":["M","M","$","M","M","E","M","M","T","M","R","M","R","M","R","B"],"character_chosen":"IRONCLAD","items_purchased":["Clash","Burning Pact"],"campfire_rested":0,"item_purchase_floors":[3,3],"current_hp_per_floor":[80,74,74,76,52,26,27,30,30,33,33,34,34,33,33,0,0],"gold":210,"neow_bonus":"TRANSFORM_CARD","is_daily":false,"chose_seed":false,"campfire_upgraded":3,"win_rate":0.0,"timestamp":1612511258,"path_taken":["M","M","$","?","?","E","M","M","T","M","R","M","R","M","R","BOSS"],"items_purchased_type":["Card","Card"],"build_version":"2020-12-22","purchased_purges":0,"victory":false,"max_hp_per_floor":[80,80,80,80,80,80,80,80,80,80,80,80,80,80,80,80,80],"card_choices":[{"not_picked":["Body Slam","Cleave","Fire Breathing"],"picked":"SKIP","floor":1},{"not_picked":["Uppercut","Armaments","Shrug It Off"],"picked":"SKIP","floor":2},{"not_picked":["Rage","Battle Trance"],"picked":"Flex","floor":4},{"not_picked":["Seeing Red","Headbutt"],"picked":"Clash","floor":5},{"not_picked":["Wild Strike","Heavy Blade"],"picked":"Clash","floor":6},{"not_picked":["Double Tap","Sentinel","Hemokinesis"],"picked":"SKIP","floor":7},{"not_picked":["Heavy Blade","Inflame","Sword Boomerang"],"picked":"SKIP","floor":8},{"not_picked":["Perfected Strike","True Grit"],"picked":"Dark Embrace","floor":10},{"not_picked":["Perfected Strike","True Grit"],"picked":"Burning Pact","floor":12},{"not_picked":["Warcry","Headbutt","Twin Strike"],"picked":"SKIP","floor":14}],"player_experience":195233,"relics_obtained":[{"floor":6,"key":"Centennial Puzzle"},{"floor":9,"key":"Tiny Chest"}],"event_choices":[],"is_beta":false,"boss_relics":[],"items_purged_floors":[],"is_endless":false,"potions_floor_spawned":[5,6,7,8,14],"killed_by":"Hexaghost","ascension_level":0}}