{"host":"szp1d6dso4pv7ddl","time":1612506311,"event":{"mods":["AchievementEnabler","Alarm Clock","BaseMod","Bestiary","Block Reminder","Colored Map","Colored Powertips","Curses Come First","Dark Map","Displayed Cursed Tome","Highlight Path","Minty Spire (QoL Compilation)","Permanent Neow","Quick Restart","Relic Sorter","Relic Stats","StSLib","Synergy Search"],"gold_per_floor":[112,112,112,187,212,255,269,309,309,72,91,111,111,111,111,202,202,222,222,247,258,69,69,82,82,82,114,114,144,50,70,70,148,148,166,90,90,38,53,53,68,68,68,82,109,343,385,413,425,437],"floor_reached":51,"language":"ENG","playtime":3101,"items_purged":["Defend_R"],"score":1493,"play_id":"b33a221d-7016-44aa-84ea-ff3c32689cc1","local_time":"20210204222511","is_ascension_mode":true,"campfire_choices":[{"floor":13.0,"key":"REST"},{"floor":15.0,"key":"REST"},{"data":"Carnage","floor":23.0,"key":"SMITH"},{"data":"Carnage","floor":25.0,"key":"SMITH"},{"floor":28.0,"key":"REST"},{"floor":32.0,"key":"REST"},{"data":"Double Tap","floor":40.0,"key":"SMITH"},{"floor":42.0,"key":"REST"},{"floor":49.0,"key":"REST"}],"circlet_count":0,"master_deck":["AscendersBane","Strike_R","Strike_R","Strike_R+1","Strike_R+1","Defend_R","Defend_R","Defend_R","Bash","Shockwave","Spot Weakness","Pommel Strike","Ghostly Armor","Impervious","Carnage+1","Bludgeon+1","Cleave","Exhume","Sword Boomerang","Shrug It Off+1","Power Through","Impervious","Carnage+1","True Grit","Thunderclap+1","Dark Shackles","Double Tap+1","Demon Form","Carnage","Feel No Pain","Havoc","Carnage","Entrench","Metallicize+1","Battle Trance","Parasite","Bloodletting"],"relics":["Burning Blood","NeowsBlessing","Bloody Idol","CaptainsWheel","Lizard Tail","Incense Burner","Velvet Choker","Red Mask","Pear","Shovel","Boot","Snecko Eye","Whetstone","MawBank","Red Skull"],"acts_visited":["Exordium","TheCity","TheBeyond"],"potions_floor_usage":[50],"damage_taken":[{"damage":0.0,"enemies":"Jaw Worm","floor":1.0,"turns":1.0},{"damage":0.0,"enemies":"Small Slimes","floor":5.0,"turns":1.0},{"damage":0.0,"enemies":"3 Sentries","floor":6.0,"turns":2.0},{"damage":11.0,"enemies":"2 Louse","floor":7.0,"turns":3.0},{"damage":15.0,"enemies":"Lagavulin","floor":8.0,"turns":4.0},{"damage":17.0,"enemies":"Exordium Thugs","floor":11.0,"turns":6.0},{"damage":21.0,"enemies":"3 Louse","floor":12.0,"turns":4.0},{"damage":50.0,"enemies":"Slime Boss","floor":16.0,"turns":10.0},{"damage":22.0,"enemies":"2 Thieves","floor":18.0,"turns":4.0},{"damage":2.0,"enemies":"Masked Bandits","floor":20.0,"turns":4.0},{"damage":4.0,"enemies":"Spheric Guardian","floor":21.0,"turns":4.0},{"damage":14.0,"enemies":"Snake Plant","floor":24.0,"turns":4.0},{"damage":64.0,"enemies":"Gremlin Leader","floor":27.0,"turns":9.0},{"damage":32.0,"enemies":"Slavers","floor":29.0,"turns":6.0},{"damage":0.0,"enemies":"3 Cultists","floor":31.0,"turns":5.0},{"damage":32.0,"enemies":"Champ","floor":33.0,"turns":11.0},{"damage":41.0,"enemies":"3 Darklings","floor":35.0,"turns":5.0},{"damage":3.0,"enemies":"3 Shapes","floor":39.0,"turns":3.0},{"damage":10.0,"enemies":"Spire Growth","floor":41.0,"turns":5.0},{"damage":9.0,"enemies":"Jaw Worm Horde","floor":44.0,"turns":3.0},{"damage":16.0,"enemies":"Reptomancer","floor":45.0,"turns":5.0},{"damage":46.0,"enemies":"Giant Head","floor":47.0,"turns":6.0},{"damage":12.0,"enemies":"Writhing Mass","floor":48.0,"turns":5.0},{"damage":45,"enemies":"Awakened One","floor":50,"turns":14}],"seed_played":"-8629553519838120640","potions_obtained":[{"floor":5.0,"key":"AttackPotion"},{"floor":12.0,"key":"SteroidPotion"},{"floor":16.0,"key":"SpeedPotion"},{"floor":27.0,"key":"LiquidBronze"},{"floor":29.0,"key":"Weak Potion"},{"floor":31.0,"key":"AttackPotion"},{"floor":33.0,"key":"SmokeBomb"},{"floor":44.0,"key":"ElixirPotion"},{"floor":45.0,"key":"HeartOfIron"}],"is_trial":false,"path_per_floor":["M","?","?","?","M","E","M","E","T","$","M","M","R","?","R","B",null,"M","?","?","M","$","R","M","R","T","E","R","E","$","M","R","B",null,"M","$","?","$","M","R","M","R","T","M","E","?","E","M","R","B",null],"character_chosen":"IRONCLAD","items_purchased":["Impervious","Impervious","Carnage","Dark Shackles","Feel No Pain","Havoc"],"campfire_rested":6,"item_purchase_floors":[10,22,22,30,36,38],"current_hp_per_floor":[74,48,48,37,43,49,44,35,35,35,24,9,31,31,53,9,59,43,43,52,59,59,59,56,56,66,13,38,17,17,28,53,32,72,42,42,42,42,50,50,51,76,76,78,73,83,50,54,84,46],"gold":449,"neow_bonus":"THREE_ENEMY_KILL","is_daily":false,"chose_seed":false,"campfire_upgraded":3,"win_rate":0.0,"timestamp":1612506311,"path_taken":["M","?","?","?","M","E","M","E","T","?","?","M","R","?","R","BOSS","M","?","?","M","?","R","M","R","T","E","R","E","$","?","R","BOSS","M","$","?","$","?","R","M","R","T","M","E","?","E","M","R","BOSS"],"items_purchased_type":["Card","Card","Card","Card","Card","Card"],"build_version":"2020-12-22","purchased_purges":1,"victory":true,"max_hp_per_floor":[75,75,75,75,75,75,75,75,75,75,75,75,75,75,75,75,75,75,75,75,75,75,75,75,75,85,85,85,85,85,85,85,85,85,85,85,85,85,85,85,85,85,85,85,85,85,85,85,85,85],"relic_stats":{"Lizard Tail":0,"Shovel":0,"counters":[24,124],"Bloody Idol":98,"Snecko Eye":[89,87,82,75],"Whetstone":["Strike_R","Strike_R"],"Boot":[17],"MawBank":72,"obtain_stats":[{"Pear":26,"NeowsBlessing":0,"Golden Idol":2,"Velvet Choker":17,"Incense Burner":9,"Whetstone":43,"Boot":29,"MawBank":45,"Burning Blood":0,"CaptainsWheel":6,"Lizard Tail":8,"Shovel":27,"Bloody Idol":19,"Snecko Eye":34,"Red Mask":20,"Red Skull":47},{"Pear":12,"NeowsBlessing":0,"Golden Idol":1,"Velvet Choker":8,"Incense Burner":5,"Whetstone":19,"Boot":14,"MawBank":21,"Burning Blood":0,"CaptainsWheel":3,"Lizard Tail":5,"Shovel":13,"Bloody Idol":9,"Snecko Eye":16,"Red Mask":10,"Red Skull":22},{"Pear":47,"NeowsBlessing":0,"Golden Idol":1,"Velvet Choker":31,"Incense Burner":11,"Whetstone":91,"Boot":62,"MawBank":99,"Burning Blood":0,"CaptainsWheel":4,"Lizard Tail":11,"Shovel":56,"Bloody Idol":35,"Snecko Eye":78,"Red Mask":39,"Red Skull":105}],"Burning Blood":144},"card_choices":[{"not_picked":["Perfected Strike","Flex","Clash"],"picked":"SKIP","floor":1.0},{"not_picked":["Intimidate","Havoc"],"picked":"Shockwave","floor":5.0},{"not_picked":["Infernal Blade","Blood for Blood"],"picked":"Spot Weakness","floor":6.0},{"not_picked":["Sever Soul","Heavy Blade"],"picked":"Pommel Strike","floor":7.0},{"not_picked":["Iron Wave","Shrug It Off"],"picked":"Ghostly Armor","floor":8.0},{"not_picked":["Shrug It Off","Burning Pact"],"picked":"Carnage","floor":11.0},{"not_picked":["Rage","True Grit"],"picked":"Bludgeon","floor":12.0},{"not_picked":["Immolate","Berserk"],"picked":"Exhume","floor":16.0},{"not_picked":["Armaments","Sentinel"],"picked":"Sword Boomerang","floor":18.0},{"not_picked":["Rampage","Seeing Red"],"picked":"Shrug It Off+1","floor":20.0},{"not_picked":["Shrug It Off","Dark Embrace"],"picked":"Power Through","floor":21.0},{"not_picked":["Sword Boomerang","Battle Trance+1"],"picked":"True Grit","floor":24.0},{"not_picked":["Sword Boomerang","Shrug It Off","Anger"],"picked":"SKIP","floor":27.0},{"not_picked":["Warcry","Iron Wave"],"picked":"Thunderclap+1","floor":29.0},{"not_picked":["Blood for Blood","Armaments"],"picked":"Double Tap","floor":31.0},{"not_picked":["Immolate","Juggernaut"],"picked":"Demon Form","floor":33.0},{"not_picked":["Rage","Sword Boomerang+1"],"picked":"Carnage","floor":35.0},{"not_picked":["Rampage","Second Wind+1","Fire Breathing"],"picked":"SKIP","floor":39.0},{"not_picked":["Havoc","Flex"],"picked":"Carnage","floor":41.0},{"not_picked":["Pummel","Cleave"],"picked":"Entrench","floor":44.0},{"not_picked":["Flex","Pommel Strike"],"picked":"Metallicize+1","floor":45.0},{"not_picked":["Juggernaut","Feed"],"picked":"Battle Trance","floor":47.0},{"not_picked":["Twin Strike","Cleave"],"picked":"Bloodletting","floor":48.0}],"player_experience":1366173,"relics_obtained":[{"floor":6.0,"key":"CaptainsWheel"},{"floor":8.0,"key":"Lizard Tail"},{"floor":9.0,"key":"Incense Burner"},{"floor":20.0,"key":"Red Mask"},{"floor":26.0,"key":"Pear"},{"floor":27.0,"key":"Shovel"},{"floor":29.0,"key":"Boot"},{"floor":43.0,"key":"Whetstone"},{"floor":45.0,"key":"MawBank"},{"floor":47.0,"key":"Red Skull"}],"event_choices":[{"damage_healed":0.0,"max_hp_gain":0.0,"max_hp_loss":0.0,"gold_gain":0.0,"event_name":"Golden Idol","player_choice":"Take Damage","floor":2.0,"gold_loss":0.0,"damage_taken":26.0,"relics_obtained":["Golden Idol"]},{"damage_healed":0.0,"max_hp_gain":0.0,"max_hp_loss":0.0,"gold_gain":0.0,"event_name":"Shining Light","player_choice":"Ignored","floor":3.0,"gold_loss":0.0,"damage_taken":0.0},{"damage_healed":0.0,"max_hp_gain":0.0,"max_hp_loss":0.0,"gold_gain":75.0,"event_name":"World of Goop","player_choice":"Gather Gold","floor":4.0,"gold_loss":0.0,"damage_taken":11.0},{"damage_healed":0.0,"max_hp_gain":0.0,"max_hp_loss":0.0,"gold_gain":0.0,"cards_transformed":["Strike_R"],"event_name":"Transmorgrifier","player_choice":"Transformed","floor":14.0,"gold_loss":0.0,"damage_taken":0.0,"cards_obtained":["Cleave"]},{"damage_healed":0.0,"max_hp_gain":0.0,"max_hp_loss":0.0,"gold_gain":0.0,"event_name":"Forgotten Altar","player_choice":"Gave Idol","floor":19.0,"relics_lost":["Golden Idol"],"gold_loss":0.0,"damage_taken":0.0,"relics_obtained":["Bloody Idol"]},{"damage_healed":0.0,"max_hp_gain":0.0,"max_hp_loss":0.0,"gold_gain":0.0,"event_name":"Masked Bandits","player_choice":"Fought Bandits","floor":20.0,"gold_loss":0.0,"damage_taken":0.0},{"damage_healed":0.0,"max_hp_gain":0.0,"max_hp_loss":0.0,"gold_gain":0.0,"event_name":"Upgrade Shrine","player_choice":"Upgraded","floor":37.0,"gold_loss":0.0,"damage_taken":0.0,"cards_upgraded":["Bludgeon"]},{"damage_healed":0.0,"max_hp_gain":0.0,"max_hp_loss":0.0,"gold_gain":222.0,"event_name":"Tomb of Lord Red Mask","player_choice":"Wore Mask","floor":46.0,"gold_loss":0.0,"damage_taken":0.0}],"is_beta":false,"boss_relics":[{"not_picked":["Calling Bell","Pandora\u0027s Box"],"picked":"Velvet Choker"},{"not_picked":["Astrolabe","Black Blood"],"picked":"Snecko Eye"}],"items_purged_floors":[10],"is_endless":false,"potions_floor_spawned":[5,12,16,27,29,31,33,44,45,48],"ascension_level":17}}