{"host":"dvdvdvm357cut69v","time":1612547705,"event":{"mods":["BaseMod","Minty Spire (QoL Compilation)","StSLib"],"gold_per_floor":[110,127,127,18,77,93,93,106,130,148,148,182,182,199,199,274,274,288,288,308,55,66,66,96,96,96,107,107,119,43,43,43],"floor_reached":31,"language":"ENG","playtime":1127,"items_purged":[],"score":463,"play_id":"c94c0fdb-cc93-4be1-864c-d98a1d6ac419","local_time":"20210205205505","is_ascension_mode":true,"campfire_choices":[{"floor":7,"key":"REST"},{"data":"Go for the Eyes","floor":11,"key":"SMITH"},{"data":"Rainbow","floor":15,"key":"SMITH"},{"data":"Dualcast","floor":23,"key":"SMITH"},{"floor":25,"key":"REST"},{"data":"Self Repair","floor":28,"key":"SMITH"}],"circlet_count":0,"master_deck":["AscendersBane","Strike_B","Strike_B","Strike_B","Strike_B","Defend_B","Defend_B+1","Defend_B","Defend_B","Zap+1","Dualcast+1","Steam","Go for the Eyes+1","Streamline","Stack","Rainbow+1","Ball Lightning","Cold Snap","Undo","Self Repair+1","All For One","Beam Cell+1","Turbo","Melter","Leap","Capacitor","Capacitor","Barrage","Gash","Loop"],"relics":["FrozenCore","Centennial Puzzle","Pen Nib","Orichalcum","MealTicket","Blue Candle"],"acts_visited":["Exordium","TheCity"],"potions_floor_usage":[0,12,14,16,18,24,24],"damage_taken":[{"damage":12,"enemies":"Jaw Worm","floor":1,"turns":2},{"damage":0,"enemies":"2 Louse","floor":2,"turns":2},{"damage":0,"enemies":"Small Slimes","floor":6,"turns":2},{"damage":8,"enemies":"2 Fungi Beasts","floor":8,"turns":3},{"damage":8,"enemies":"Blue Slaver","floor":10,"turns":3},{"damage":3,"enemies":"Lagavulin","floor":12,"turns":4},{"damage":14,"enemies":"Exordium Thugs","floor":14,"turns":5},{"damage":11,"enemies":"Hexaghost","floor":16,"turns":11},{"damage":5,"enemies":"Spheric Guardian","floor":18,"turns":5},{"damage":9,"enemies":"3 Byrds","floor":20,"turns":8},{"damage":22,"enemies":"Snake Plant","floor":22,"turns":6},{"damage":19,"enemies":"Slavers","floor":24,"turns":7},{"damage":11,"enemies":"Sentry and Sphere","floor":27,"turns":5},{"damage":14,"enemies":"3 Cultists","floor":29,"turns":6},{"damage":89,"enemies":"Gremlin Leader","floor":31,"turns":7}],"seed_played":"6509270952379614915","potions_obtained":[{"floor":0,"key":"Fruit Juice"},{"floor":0,"key":"EssenceOfSteel"},{"floor":0,"key":"SneckoOil"},{"floor":2,"key":"Strength Potion"},{"floor":14,"key":"SpeedPotion"},{"floor":16,"key":"BlessingOfTheForge"},{"floor":18,"key":"Fruit Juice"},{"floor":22,"key":"SkillPotion"},{"floor":27,"key":"SteroidPotion"}],"is_trial":false,"path_per_floor":["M","M","?","$","?","M","R","M","T","M","R","E","?","M","R","B",null,"M","?","M","$","M","R","E","R","T","M","R","M","$","E"],"character_chosen":"DEFECT","items_purchased":["Streamline","Stack","Orichalcum","Melter","Leap","Loop"],"campfire_rested":2,"item_purchase_floors":[4,4,21,21,21,30],"current_hp_per_floor":[57,57,52,52,52,52,74,66,66,58,58,55,32,18,18,14,61,68,81,79,79,64,64,52,76,76,72,72,68,81,0,0],"gold":43,"neow_bonus":"THREE_SMALL_POTIONS","is_daily":false,"chose_seed":false,"campfire_upgraded":4,"win_rate":0.0,"timestamp":1612547705,"path_taken":["M","M","?","$","?","M","R","M","T","M","R","E","?","M","R","BOSS","M","?","M","$","?","R","E","R","T","M","R","M","$","E"],"items_purchased_type":["Card","Card","Relic","Card","Card","Card"],"build_version":"2020-12-13","purchased_purges":0,"victory":false,"max_hp_per_floor":[76,76,76,76,76,76,76,76,76,76,76,76,76,76,76,76,76,81,81,81,81,81,81,81,81,81,81,81,81,81,81,81],"card_choices":[{"not_picked":["Go for the Eyes","Conserve Battery"],"picked":"Steam","floor":1},{"not_picked":["White Noise","Beam Cell"],"picked":"Go for the Eyes","floor":2},{"not_picked":["Fusion","Rebound"],"picked":"Rainbow","floor":6},{"not_picked":["Turbo","Doom and Gloom"],"picked":"Ball Lightning","floor":8},{"not_picked":["Stack","Rebound"],"picked":"Cold Snap","floor":10},{"not_picked":["Stack","Meteor Strike"],"picked":"Undo","floor":12},{"not_picked":["Doom and Gloom","Melter"],"picked":"Self Repair","floor":14},{"not_picked":["Thunder Strike","Meteor Strike"],"picked":"All For One","floor":16},{"not_picked":["Melter","Sweeping Beam"],"picked":"Beam Cell+1","floor":18},{"not_picked":["Beam Cell","Redo"],"picked":"Turbo","floor":20},{"not_picked":["Barrage+1","Beam Cell"],"picked":"Capacitor","floor":22},{"not_picked":["Doom and Gloom","Double Energy+1"],"picked":"Capacitor","floor":24},{"not_picked":["Streamline","Stack"],"picked":"Barrage","floor":27},{"not_picked":["Compile Driver+1","Beam Cell"],"picked":"Gash","floor":29}],"player_experience":119233,"relics_obtained":[{"floor":9,"key":"Centennial Puzzle"},{"floor":12,"key":"Pen Nib"},{"floor":24,"key":"MealTicket"},{"floor":26,"key":"Blue Candle"}],"event_choices":[{"damage_healed":0,"gold_gain":0,"player_choice":"Fled","damage_taken":5,"max_hp_gain":0,"max_hp_loss":0,"event_name":"Scrap Ooze","floor":3,"gold_loss":0},{"damage_healed":0,"gold_gain":59,"player_choice":"Gained Gold","damage_taken":0,"max_hp_gain":0,"max_hp_loss":0,"event_name":"Golden Wing","floor":5,"gold_loss":0},{"damage_healed":0,"gold_gain":0,"player_choice":"Entered Light","damage_taken":23,"max_hp_gain":0,"max_hp_loss":0,"event_name":"Shining Light","floor":13,"gold_loss":0,"cards_upgraded":["Defend_B","Zap"]},{"damage_healed":13,"gold_gain":0,"player_choice":"Full Heal","damage_taken":0,"max_hp_gain":0,"max_hp_loss":0,"event_name":"Wheel of Change","floor":19,"gold_loss":0}],"is_beta":false,"boss_relics":[{"not_picked":["Runic Pyramid","Sozu"],"picked":"FrozenCore"}],"items_purged_floors":[],"is_endless":false,"potions_floor_spawned":[2,14,16,18,22,27],"killed_by":"Gremlin Leader","ascension_level":16}}