{"host":"ypphcgdomtfqpc2w","time":1612520897,"event":{"mods":["BaseMod","DeckTracker","Minty Spire (QoL Compilation)","Relic Stats","StSLib"],"gold_per_floor":[115,126,146,156,27,27,62,62,62,80,45,45,78,94,94,167,167,184,200,200,21,21,21,53,53,125,154,154,180,196,196,196,270,270,286,299,316,329,329,356,369,400,425,442,459,475,37,52,52,52,52,52,52,13,40,40],"floor_reached":57,"language":"ENG","playtime":6619,"items_purged":["Strike_G"],"score":2797,"play_id":"903ad75c-eb34-4baf-be96-20653e14237b","local_time":"20210205192817","is_ascension_mode":true,"campfire_choices":[{"data":"Neutralize","floor":6.0,"key":"SMITH"},{"floor":12.0,"key":"REST"},{"data":"Catalyst","floor":15.0,"key":"SMITH"},{"data":"Backflip","floor":23.0,"key":"SMITH"},{"data":"Survivor","floor":25.0,"key":"SMITH"},{"floor":28.0,"key":"REST"},{"floor":32.0,"key":"REST"},{"floor":49,"key":"RECALL"},{"data":"Tactician","floor":53,"key":"SMITH"}],"circlet_count":0,"master_deck":["AscendersBane","Defend_G","Defend_G","Defend_G","Defend_G","Survivor+1","Neutralize+1","PiercingWail","Noxious Fumes","Escape Plan","All Out Attack","Backstab","Catalyst+1","Acrobatics","Corpse Explosion","Tools of the Trade+1","Glass Knife+1","Tools of the Trade+1","Quick Slash+1","Well Laid Plans+1","Prepared+1","Footwork+1","Backflip+1","Cloak And Dagger+1","Calculated Gamble","Underhanded Strike","Adrenaline","Prepared+1","Tactician+1","Leg Sweep","Reflex","Madness","Madness","Acrobatics+1","Deadly Poison+1","Deflect","PiercingWail","Setup"],"relics":["Ring of the Snake","Frozen Egg 2","InkBottle","Sundial","Astrolabe","White Beast Statue","Mummified Hand","Boot","Torii","Nilry\u0027s Codex","Empty Cage","Letter Opener","Orichalcum","Membership Card","Vajra","CaptainsWheel","Snake Skull"],"acts_visited":["Exordium","TheCity","TheBeyond","TheEnding"],"potions_floor_usage":[55,56,56],"damage_taken":[{"damage":6.0,"enemies":"2 Louse","floor":1.0,"turns":4.0},{"damage":13.0,"enemies":"Jaw Worm","floor":2.0,"turns":7.0},{"damage":6.0,"enemies":"Cultist","floor":3.0,"turns":5.0},{"damage":4.0,"enemies":"2 Fungi Beasts","floor":4.0,"turns":5.0},{"damage":18.0,"enemies":"3 Sentries","floor":7.0,"turns":7.0},{"damage":4.0,"enemies":"Exordium Wildlife","floor":10.0,"turns":5.0},{"damage":8.0,"enemies":"Gremlin Nob","floor":13.0,"turns":3.0},{"damage":7.0,"enemies":"Gremlin Gang","floor":14.0,"turns":4.0},{"damage":23.0,"enemies":"Slime Boss","floor":16.0,"turns":8.0},{"damage":16.0,"enemies":"2 Thieves","floor":18.0,"turns":3.0},{"damage":2.0,"enemies":"Chosen","floor":19.0,"turns":5.0},{"damage":4.0,"enemies":"Book of Stabbing","floor":24.0,"turns":9.0},{"damage":2.0,"enemies":"Gremlin Leader","floor":27.0,"turns":6.0},{"damage":1.0,"enemies":"Slavers","floor":29.0,"turns":2.0},{"damage":1.0,"enemies":"Centurion and Healer","floor":30.0,"turns":5.0},{"damage":13.0,"enemies":"Champ","floor":33.0,"turns":8.0},{"damage":0.0,"enemies":"3 Darklings","floor":35.0,"turns":3.0},{"damage":0.0,"enemies":"3 Shapes","floor":36.0,"turns":6.0},{"damage":1.0,"enemies":"Jaw Worm Horde","floor":37.0,"turns":3.0},{"damage":1.0,"enemies":"Spire Growth","floor":38.0,"turns":7.0},{"damage":1.0,"enemies":"Giant Head","floor":40.0,"turns":6.0},{"damage":0.0,"enemies":"Writhing Mass","floor":41.0,"turns":6.0},{"damage":1,"enemies":"Reptomancer","floor":42,"turns":7},{"damage":0,"enemies":"3 Darklings","floor":44,"turns":1},{"damage":0,"enemies":"4 Shapes","floor":45,"turns":2},{"damage":0,"enemies":"Spire Growth","floor":46,"turns":3},{"damage":6,"enemies":"Sphere and 2 Shapes","floor":48,"turns":3},{"damage":67,"enemies":"Time Eater","floor":50,"turns":11},{"damage":2,"enemies":"Donu and Deca","floor":51,"turns":8},{"damage":1,"enemies":"Shield and Spear","floor":55,"turns":4},{"damage":46,"enemies":"The Heart","floor":56,"turns":9}],"seed_played":"-6895107904133193162","potions_obtained":[{"floor":4.0,"key":"Strength Potion"},{"floor":7.0,"key":"Explosive Potion"},{"floor":10.0,"key":"DistilledChaos"},{"floor":13.0,"key":"ColorlessPotion"},{"floor":14.0,"key":"BlessingOfTheForge"},{"floor":18.0,"key":"PowerPotion"},{"floor":24.0,"key":"SkillPotion"},{"floor":27.0,"key":"Poison Potion"},{"floor":29.0,"key":"Energy Potion"},{"floor":30.0,"key":"Fire Potion"},{"floor":36.0,"key":"FairyPotion"},{"floor":45,"key":"PowerPotion"},{"floor":55,"key":"Explosive Potion"}],"is_trial":false,"path_per_floor":["M","M","M","M","$","R","E","?","T","M","?","R","E","M","R","B",null,"M","M","?","$","?","R","E","R","T","E","R","E","M","?","R","B",null,"M","M","M","M","?","E","M","E","T","M","M","M","$","M","R","B","B",null,"R","$","E","B",null],"character_chosen":"THE_SILENT","items_purchased":["Poison Potion","Footwork+1","Dexterity Potion","Backflip","Membership Card","PiercingWail","Vajra","CaptainsWheel","DistilledChaos"],"campfire_rested":3,"item_purchase_floors":[5,21,21,21,47,47,47,47,54],"current_hp_per_floor":[53,40,34,30,30,30,12,12,12,8,24,43,35,28,28,5,51,35,33,33,33,33,33,29,29,29,27,46,45,44,23,42,29,57,57,57,56,55,43,42,42,41,41,41,41,41,41,35,35,19,17,54,54,54,53,7],"gold":40,"neow_bonus":"REMOVE_CARD","is_daily":false,"chose_seed":false,"campfire_upgraded":5,"win_rate":0.0,"timestamp":1612520897,"path_taken":["M","M","M","M","$","R","E","?","T","M","?","R","E","M","R","BOSS","M","M","?","$","?","R","E","R","T","E","R","E","?","?","R","BOSS","M","M","M","M","?","E","M","E","T","M","M","M","$","M","R","BOSS","BOSS","R","$","E","BOSS"],"items_purchased_type":["Potion","Card","Potion","Card","Relic","Card","Relic","Relic","Potion"],"build_version":"2020-12-22","purchased_purges":1,"victory":true,"max_hp_per_floor":[66,66,66,66,66,66,66,66,66,66,66,66,66,66,66,66,66,66,66,66,66,66,66,66,66,66,66,66,66,66,66,66,66,66,66,66,66,66,66,66,66,66,66,66,66,66,66,66,66,66,66,66,66,66,66,66],"relic_stats":{"Torii":18,"counters":[31,165],"Sundial":[44],"Mummified Hand":[119],"Astrolabe":["Glass Knife","Tools of the Trade","Quick Slash"],"Snake Skull":[15],"Letter Opener":[552],"Orichalcum":[30],"Boot":[85],"obtain_stats":[{"Torii":29,"Nilry\u0027s Codex":31,"Astrolabe":17,"Vajra":47,"Snake Skull":55,"Letter Opener":40,"Frozen Egg 2":7,"Orichalcum":42,"Boot":27,"Empty Cage":34,"White Beast Statue":24,"CaptainsWheel":47,"Sundial":13,"Mummified Hand":26,"Membership Card":47,"InkBottle":9,"Ring of the Snake":0},{"Torii":14,"Nilry\u0027s Codex":15,"Astrolabe":9,"Vajra":26,"Snake Skull":30,"Letter Opener":21,"Frozen Egg 2":5,"Orichalcum":23,"Boot":13,"Empty Cage":16,"White Beast Statue":12,"CaptainsWheel":26,"Sundial":7,"Mummified Hand":12,"Membership Card":26,"InkBottle":5,"Ring of the Snake":0},{"Torii":73,"Nilry\u0027s Codex":78,"Astrolabe":48,"Vajra":130,"Snake Skull":156,"Letter Opener":111,"Frozen Egg 2":28,"Orichalcum":124,"Boot":71,"Empty Cage":86,"White Beast Statue":65,"CaptainsWheel":130,"Sundial":36,"Mummified Hand":65,"Membership Card":130,"InkBottle":28,"Ring of the Snake":0}],"InkBottle":[100],"Ring of the Snake":[62]},"card_choices":[{"not_picked":["Bane","Deflect"],"picked":"PiercingWail","floor":1.0},{"not_picked":["Sucker Punch","Dodge and Roll"],"picked":"Noxious Fumes","floor":2.0},{"not_picked":["Caltrops","Outmaneuver"],"picked":"Escape Plan","floor":3.0},{"not_picked":["Noxious Fumes","Underhanded Strike"],"picked":"All Out Attack","floor":4.0},{"not_picked":["Outmaneuver","Dodge and Roll"],"picked":"Backstab","floor":7.0},{"not_picked":["Choke","Noxious Fumes+1"],"picked":"Catalyst","floor":10.0},{"not_picked":["Cloak And Dagger","Outmaneuver"],"picked":"Acrobatics","floor":13.0},{"not_picked":["Riddle With Holes","Blade Dance"],"picked":"Corpse Explosion","floor":14.0},{"not_picked":["Phantasmal Killer","Malaise"],"picked":"Tools of the Trade+1","floor":16.0},{"not_picked":["Blur","Deadly Poison"],"picked":"Well Laid Plans+1","floor":18.0},{"not_picked":["Flechettes","Dash"],"picked":"Prepared","floor":19.0},{"not_picked":["Dagger Spray","Slice"],"picked":"Cloak And Dagger+1","floor":24.0},{"not_picked":["Malaise","Setup+1"],"picked":"Calculated Gamble","floor":27.0},{"not_picked":["Outmaneuver","Heel Hook","Well Laid Plans+1"],"picked":"SKIP","floor":29.0},{"not_picked":["Sucker Punch","Heel Hook"],"picked":"Underhanded Strike","floor":30.0},{"not_picked":["Malaise","Wraith Form v2+1"],"picked":"Adrenaline","floor":33.0},{"not_picked":["Caltrops+1","Leg Sweep"],"picked":"Prepared+1","floor":35.0},{"not_picked":["Prepared","All Out Attack+1"],"picked":"Tactician","floor":36.0},{"not_picked":["Distraction","Prepared+1"],"picked":"Leg Sweep","floor":37.0},{"not_picked":["Skewer","PiercingWail"],"picked":"Reflex","floor":38.0},{"not_picked":["Flying Knee+1","Blade Dance+1","Expertise"],"picked":"SKIP","floor":40.0},{"not_picked":["Flying Knee+1","Blade Dance+1","Expertise"],"picked":"SKIP","floor":40.0},{"not_picked":["Outmaneuver+1","Underhanded Strike"],"picked":"Acrobatics+1","floor":41.0},{"not_picked":["Prepared","Leg Sweep"],"picked":"Deadly Poison+1","floor":42},{"not_picked":["Sucker Punch","Phantasmal Killer","Poisoned Stab+1"],"picked":"SKIP","floor":44},{"not_picked":["Acrobatics+1","Terror+1","Dodge and Roll"],"picked":"SKIP","floor":45},{"not_picked":["Acrobatics+1","Terror+1","Dodge and Roll"],"picked":"SKIP","floor":45},{"not_picked":["Noxious Fumes+1","Cloak And Dagger+1"],"picked":"Deflect","floor":46},{"not_picked":["Deadly Poison+1","Distraction","Setup"],"picked":"SKIP","floor":48},{"not_picked":["Deadly Poison+1","Distraction"],"picked":"Setup","floor":48},{"not_picked":["Quick Slash+1","Riddle With Holes","Tactician"],"picked":"SKIP","floor":55}],"player_experience":2135819,"relics_obtained":[{"floor":7.0,"key":"Frozen Egg 2"},{"floor":9.0,"key":"InkBottle"},{"floor":13.0,"key":"Sundial"},{"floor":24.0,"key":"White Beast Statue"},{"floor":26.0,"key":"Mummified Hand"},{"floor":27.0,"key":"Boot"},{"floor":29.0,"key":"Torii"},{"floor":31.0,"key":"Nilry\u0027s Codex"},{"floor":40.0,"key":"Letter Opener"},{"floor":42,"key":"Orichalcum"},{"floor":55,"key":"Snake Skull"}],"event_choices":[{"damage_healed":0.0,"max_hp_gain":0.0,"max_hp_loss":0.0,"gold_gain":0.0,"event_name":"Shining Light","player_choice":"Ignored","floor":8.0,"gold_loss":0.0,"damage_taken":0.0},{"damage_healed":16.0,"max_hp_gain":0.0,"max_hp_loss":0.0,"gold_gain":0.0,"event_name":"The Cleric","player_choice":"Healed","floor":11.0,"gold_loss":35.0,"damage_taken":0.0},{"damage_healed":0.0,"max_hp_gain":0.0,"max_hp_loss":0.0,"gold_gain":0.0,"event_name":"Forgotten Altar","player_choice":"Smashed Altar","floor":20.0,"gold_loss":0.0,"damage_taken":0.0,"cards_obtained":["Decay"]},{"damage_healed":0.0,"max_hp_gain":0.0,"max_hp_loss":0.0,"gold_gain":0.0,"event_name":"Upgrade Shrine","player_choice":"Upgraded","floor":22.0,"gold_loss":0.0,"damage_taken":0.0,"cards_upgraded":["Prepared"]},{"damage_healed":0.0,"max_hp_gain":0.0,"max_hp_loss":0.0,"gold_gain":0.0,"event_name":"Cursed Tome","player_choice":"Obtained Book","floor":31.0,"gold_loss":0.0,"damage_taken":21.0},{"damage_healed":0.0,"max_hp_gain":0.0,"max_hp_loss":0.0,"gold_gain":0.0,"event_name":"Winding Halls","player_choice":"Embrace Madness","floor":39.0,"gold_loss":0.0,"damage_taken":12.0,"cards_obtained":["Madness","Madness"]}],"is_beta":false,"boss_relics":[{"not_picked":["Fusion Hammer","SlaversCollar"],"picked":"Astrolabe"},{"not_picked":["Runic Dome","Coffee Dripper"],"picked":"Empty Cage"}],"items_purged_floors":[5],"is_endless":false,"potions_floor_spawned":[4,7,10,13,14,18,24,27,29,30,33,35,36,37,38,40,41,42,44,45,46,48,55],"ascension_level":20}}