{"host":"c5452fuijzdtmpqe","time":1612497504,"event":{"mods":["Aspiration","BaseMod","Better Third Choice","BetterRewards","Colored Map","Colored Powertips","Downfall","Evolution","Googly Eyes","Highlight Path","Minty Spire (QoL Compilation)","Shop Mod","StSLib","SuperFastMode"],"gold_per_floor":[110,110,120,133,150,150,150,169,169,204,220,220,250,269,269,368,368,378,378,394,4,4,16,16,29,55,2,2,22,122,149,149,251,251,263,263,274,274,274,274,41,51,78,110,34,49,82,95,95,95,95],"floor_reached":50,"language":"ENG","playtime":1330,"items_purged":[],"score":634,"play_id":"4492bf94-f5de-40d2-97d0-cb91456bea34","local_time":"20210204225824","is_ascension_mode":false,"campfire_choices":[{"data":"Hemokinesis","floor":7.0,"key":"SMITH"},{"floor":12.0,"key":"REST"},{"floor":15.0,"key":"REST"},{"floor":28.0,"key":"REST"},{"floor":32,"key":"REST"},{"data":"Demon Form","floor":40,"key":"SMITH"},{"floor":49,"key":"REST"}],"circlet_count":0,"master_deck":["Strike_R+1","Strike_R+1","Strike_R+1","Strike_R+1","Strike_R+1","Defend_R+1","Defend_R+1","Defend_R+1","Bash","Hemokinesis+1","Anger+1","Cleave+1","Twin Strike","Spot Weakness+1","Rage+1","Impervious+1","Shrug It Off+1","Inflame","Juggernaut","Writhe","Shame","Flex+1","Feed","Demon Form+1","Ghostly Armor+1","Flex+1","Swift Strike","Anger+1","Normality","Writhe","Seeing Red+1","Seeing Red+1"],"relics":["Burning Blood","EVO:Axolotl","Toxic Egg 2","Bag of Marbles","Frozen Eye","Ice Cream","Matryoshka","Du-Vu Doll","Black Star","downfall:ExtraCursedKey","Strange Spoon","War Paint","Whetstone","Bag of Preparation","Champion Belt","Self Forming Clay","aspiration:FrozenJewel","FossilizedHelix","Nunchaku","Orichalcum","Blood Vial","Happy Flower","Vajra","Thread and Needle","Turnip"],"acts_visited":["Exordium","TheCity","TheBeyond"],"potions_floor_usage":[31,33,44,44,50],"damage_taken":[{"damage":3.0,"enemies":"Small Slimes","floor":1.0,"turns":4.0},{"damage":2.0,"enemies":"Cultist","floor":3.0,"turns":2.0},{"damage":2.0,"enemies":"Jaw Worm","floor":4.0,"turns":1.0},{"damage":11.0,"enemies":"3 Louse","floor":5.0,"turns":3.0},{"damage":4.0,"enemies":"Blue Slaver","floor":8.0,"turns":2.0},{"damage":31.0,"enemies":"3 Sentries","floor":10.0,"turns":4.0},{"damage":13.0,"enemies":"Red Slaver","floor":11.0,"turns":2.0},{"damage":20.0,"enemies":"Lagavulin","floor":13.0,"turns":2.0},{"damage":2.0,"enemies":"Looter","floor":14.0,"turns":1.0},{"damage":4.0,"enemies":"Slime Boss","floor":16.0,"turns":7.0},{"damage":22.0,"enemies":"Shell Parasite","floor":18.0,"turns":3.0},{"damage":2.0,"enemies":"Chosen","floor":20.0,"turns":3.0},{"damage":12.0,"enemies":"Sentry and Sphere","floor":23.0,"turns":5.0},{"damage":35.0,"enemies":"Shelled Parasite and Fungi","floor":25.0,"turns":4.0},{"damage":2,"enemies":"Centurion and Healer","floor":29,"turns":3},{"damage":22,"enemies":"Colosseum Slavers","floor":30,"turns":3},{"damage":23,"enemies":"Colosseum Nobs","floor":30,"turns":4},{"damage":11,"enemies":"Book of Stabbing","floor":31,"turns":4},{"damage":45,"enemies":"Champ","floor":33,"turns":9},{"damage":0,"enemies":"3 Shapes","floor":35,"turns":3},{"damage":11,"enemies":"3 Darklings","floor":37,"turns":6},{"damage":5,"enemies":"Sphere and 2 Shapes","floor":42,"turns":4},{"damage":45,"enemies":"Reptomancer","floor":44,"turns":5},{"damage":0,"enemies":"Transient","floor":46,"turns":5},{"damage":23,"enemies":"Giant Head","floor":47,"turns":7},{"damage":14,"enemies":"Spire Growth","floor":48,"turns":5},{"damage":65,"enemies":"Donu and Deca","floor":50,"turns":6}],"seed_played":"-2289931531223333922","potions_obtained":[{"floor":25.0,"key":"Swift Potion"},{"floor":29,"key":"AttackPotion"},{"floor":33,"key":"BlessingOfTheForge"},{"floor":42,"key":"Swift Potion"},{"floor":48,"key":"EssenceOfSteel"}],"is_trial":false,"path_per_floor":["M","$","M","M","M","?","R","M","T","E","M","R","E","M","R","B",null,"M","?","M","$","?","M","?","M","T","$","R","M","?","E","R","B",null,"M","?","M","?","?","R","$","M","T","E","$","M","E","M","R","B"],"character_chosen":"IRONCLAD","items_purchased":["Toxic Egg 2","Bag of Marbles","Frozen Eye","champ:CounterPotion","Explosive Potion","FearPotion","Strange Spoon","War Paint","Inflame","Flex+1","Nunchaku","Swift Strike","Seeing Red+1"],"campfire_rested":5,"item_purchase_floors":[0,0,0,0,0,0,21,21,21,27,41,41,45],"current_hp_per_floor":[80,80,80,80,75,75,75,77,77,52,45,69,55,59,80,80,80,64,64,68,68,68,62,62,33,33,33,57,61,31,26,50,11,83,86,86,81,81,81,81,81,85,85,46,46,54,39,33,58,0,0],"gold":95,"neow_bonus":"","is_daily":false,"chose_seed":false,"campfire_upgraded":2,"win_rate":0.0,"timestamp":1612497504,"path_taken":["M","$","M","M","M","?","R","M","T","E","M","R","E","M","R","BOSS","M","?","M","$","?","M","?","M","T","?","R","?","?","E","R","BOSS","M","?","M","?","?","R","$","M","T","E","$","?","E","M","R","BOSS"],"items_purchased_type":["Relic","Relic","Relic","Potion","Potion","Potion","Relic","Relic","Card","Card","Relic","Card","Card"],"build_version":"2020-12-22","purchased_purges":0,"victory":false,"max_hp_per_floor":[80,80,80,80,80,80,80,80,80,80,80,80,80,80,80,80,80,80,80,80,80,80,80,80,80,80,80,80,80,83,83,83,83,83,86,86,86,82,82,82,82,85,85,85,85,85,85,85,85,85,85],"card_choices":[{"not_picked":["Second Wind+1","Combust"],"picked":"Hemokinesis","floor":1.0},{"not_picked":["Warcry+1","Bloodletting+1"],"picked":"Anger","floor":3.0},{"not_picked":["Havoc+1","Disarm+1"],"picked":"Cleave","floor":4.0},{"not_picked":["Clash","Perfected Strike"],"picked":"Twin Strike","floor":5.0},{"not_picked":["Heavy Blade","Battle Trance+1","Combust"],"picked":"SKIP","floor":8.0},{"not_picked":["Headbutt","Power Through+1"],"picked":"Spot Weakness+1","floor":10.0},{"not_picked":["Seeing Red+1","Sword Boomerang"],"picked":"Rage+1","floor":11.0},{"not_picked":["Spot Weakness+1","Clothesline","Armaments+1"],"picked":"SKIP","floor":13.0},{"not_picked":["Warcry+1","Dropkick","Metallicize"],"picked":"SKIP","floor":14.0},{"not_picked":["Brutality","Exhume+1"],"picked":"Impervious+1","floor":16.0},{"not_picked":["Twin Strike","Pommel Strike"],"picked":"Shrug It Off+1","floor":18.0},{"not_picked":["Wild Strike","Dropkick","Clash+1"],"picked":"SKIP","floor":20.0},{"not_picked":["Wild Strike","Dropkick","Clash+1"],"picked":"SKIP","floor":20.0},{"not_picked":["Twin Strike","Dual Wield+1"],"picked":"Juggernaut","floor":23.0},{"not_picked":["Iron Wave","Body Slam","Perfected Strike"],"picked":"SKIP","floor":25.0},{"not_picked":["Anger","Reckless Charge"],"picked":"Feed","floor":29},{"not_picked":["Wild Strike","Warcry+1","Metallicize"],"picked":"SKIP","floor":31},{"not_picked":["Impervious+1","Juggernaut"],"picked":"Demon Form","floor":33},{"not_picked":["Entrench+1","Hemokinesis"],"picked":"Ghostly Armor+1","floor":35},{"not_picked":["Rampage+1","Pommel Strike"],"picked":"Flex+1","floor":37},{"not_picked":["Clash","Body Slam+1"],"picked":"Anger+1","floor":42},{"not_picked":["Headbutt+1","Rampage"],"picked":"Seeing Red+1","floor":44},{"not_picked":["Carnage","Dropkick","Clothesline+1"],"picked":"SKIP","floor":46},{"not_picked":["Flame Barrier+1","Heavy Blade","Perfected Strike+1"],"picked":"SKIP","floor":47},{"not_picked":["Impervious+1","Cleave+1","Combust+1"],"picked":"SKIP","floor":48}],"player_experience":518777,"relics_obtained":[{"floor":10.0,"key":"Matryoshka"},{"floor":13.0,"key":"Du-Vu Doll"},{"floor":26.0,"key":"Whetstone"},{"floor":26.0,"key":"Bag of Preparation"},{"floor":30,"key":"Champion Belt"},{"floor":30,"key":"Self Forming Clay"},{"floor":31,"key":"aspiration:FrozenJewel"},{"floor":31,"key":"FossilizedHelix"},{"floor":43,"key":"Orichalcum"},{"floor":43,"key":"Blood Vial"},{"floor":44,"key":"Happy Flower"},{"floor":44,"key":"Vajra"},{"floor":47,"key":"Thread and Needle"},{"floor":47,"key":"Turnip"}],"event_choices":[{"damage_healed":0.0,"max_hp_gain":0.0,"max_hp_loss":0.0,"gold_gain":0.0,"event_name":"NoteForYourself","player_choice":"Ignored","floor":6.0,"gold_loss":0.0,"damage_taken":0.0},{"damage_healed":0.0,"max_hp_gain":0.0,"max_hp_loss":7.0,"gold_gain":0.0,"event_name":"betterThird:BetterWriting","player_choice":"Simplicity","floor":22.0,"gold_loss":0.0,"damage_taken":0.0},{"damage_healed":0.0,"max_hp_gain":0.0,"max_hp_loss":0.0,"gold_gain":0.0,"event_name":"Ghosts","player_choice":"Ignored","floor":24.0,"gold_loss":0.0,"damage_taken":0.0},{"damage_healed":0,"gold_gain":0,"player_choice":"Fight","damage_taken":0,"max_hp_gain":0,"max_hp_loss":0,"event_name":"Colosseum","floor":30,"gold_loss":0},{"damage_healed":0,"gold_gain":0,"player_choice":"Fought Nobs","damage_taken":0,"max_hp_gain":0,"max_hp_loss":0,"event_name":"Colosseum","floor":30,"gold_loss":0},{"cards_removed":["Defend_R"],"damage_healed":0,"gold_gain":0,"player_choice":"Removed Skill","damage_taken":0,"max_hp_gain":0,"max_hp_loss":0,"event_name":"Falling","floor":36,"gold_loss":0},{"damage_healed":0,"gold_gain":0,"player_choice":"Max HP","damage_taken":0,"max_hp_gain":0,"max_hp_loss":4,"event_name":"Winding Halls","floor":38,"gold_loss":0},{"damage_healed":0,"gold_gain":0,"player_choice":"Ignored","damage_taken":0,"max_hp_gain":0,"max_hp_loss":0,"event_name":"Transmorgrifier","floor":39,"gold_loss":0}],"is_beta":false,"boss_relics":[{"not_picked":["Empty Cage","Runic Cube"],"picked":"Black Star"},{"not_picked":["Coffee Dripper","aspiration:WatcherSkillbook","Busted Crown"]}],"items_purged_floors":[],"is_endless":false,"potions_floor_spawned":[5,8,10,25,29,33,42,48],"killed_by":"Donu and Deca","ascension_level":0}}