{"host":"h1qktzcccqnez8tx","time":1612501812,"event":{"mods":["AchievementEnabler","BaseMod","Bestiary","Better Note","Block Reminder","Colored Map","Colored Powertips","Curses Come First","Downfall","Highlight Path","Infinite Spire","Minty Spire (QoL Compilation)","Permanent Neow","Quick Restart","Relic Stats","Replay The Spire","Say the Spire","StSLib","The Cursed","UnlockEverythingMod"],"gold_per_floor":[111,11,11,30,30,59,69,85,133,149,178,22,56,76,76,178,278,298,298,298,341,385,385,449,476,501,541,574,574,618,618,618,722,722,739,739,753,771,771,801,813,841,853,865,877,889,915,960,972,984,996,1008],"floor_reached":53,"language":"ENG","playtime":4494,"items_purged":["Doubt","TheCursedMod:RavingStaff"],"score":1138,"play_id":"8490e2fb-22c1-42e5-8661-1c78c48ed893","local_time":"20210205061012","daily_mods":["Draft"],"is_ascension_mode":true,"campfire_choices":[{"data":"HandOfGreed","floor":15,"key":"SMITH"},{"floor":23,"key":"REST"},{"floor":29,"key":"REST"},{"data":"TheCursedMod:CursedSpellbook","floor":32,"key":"SMITH"},{"floor":41,"key":"REST"},{"floor":44,"key":"REST"},{"floor":51,"key":"REST"}],"circlet_count":0,"master_deck":["TheCursedMod:CursedShiv","TheCursedMod:CursedShiv","TheCursedMod:DoubleShield","TheCursedMod:RapidMovement","TheCursedMod:RapidMovement","TheCursedMod:CursedBlade","TheCursedMod:WearCloak","TheCursedMod:CursedSpellbook+1","TheCursedMod:CircleOfCorruption","TheCursedMod:CursedBlade","TheCursedMod:RapidMovement","TheCursedMod:RapidMovement","TheCursedMod:SpitefulStrike","TheCursedMod:CursedShiv","TheCursedMod:AbyssShockwave","TheCursedMod:CursedBlade","TheCursedMod:SpitefulPlan","TheCursedMod:SmokeScreen","TheCursedMod:CursedSpellbook","TheCursedMod:CircleOfCorruption","TheCursedMod:ReleasedStrength","TheCursedMod:CircleOfCorruption","TheCursedMod:DemonSword","TheCursedMod:Wield","TheCursedMod:CursedShiv+1","TheCursedMod:WearCloak+1","TheCursedMod:SpitefulPray","TheCursedMod:VoidForm","TheCursedMod:HellfireBreathing","TheCursedMod:WearCloak+1","TheCursedMod:HellfireBreathing+1","TheCursedMod:SpitefulStrike+1","TheCursedMod:RavingStaff+1","TheCursedMod:CircleOfCorruption+1","TheCursedMod:SoulReap+1"],"relics":["TheCursedMod:BlackMagic101","Gremlin Horn","hexamod:BolsterEngine","infinitespire:PuzzleCube","ReplayTheSpireMod:CursedCoin","Pet Ghost","Replay:Wanted Poster","Bag of Preparation","infinitespire:Golems Mask","Omamori","Replay:Wax Seal","Empty Cage","MawBank","Peace Pipe","Replay:Ringing Soul","Replay:Lucky Slots","Philosopher\u0027s Stone","Lantern"],"acts_visited":["Exordium","TheCity","TheBeyond"],"potions_floor_usage":[11,16,42,52,52,52,52,52,52],"damage_taken":[{"damage":0,"enemies":"Jaw Worm","floor":1,"turns":3},{"damage":0,"enemies":"Small Slimes","floor":4,"turns":2},{"damage":0,"enemies":"3 Sentries","floor":6,"turns":3},{"damage":0,"enemies":"Cultist","floor":7,"turns":3},{"damage":0,"enemies":"Red Slaver","floor":8,"turns":3},{"damage":0,"enemies":"3 Louse","floor":10,"turns":1},{"damage":0,"enemies":"Lagavulin","floor":11,"turns":4},{"damage":18,"enemies":"Gremlin Nob","floor":13,"turns":4},{"damage":6,"enemies":"Exordium Thugs","floor":14,"turns":2},{"damage":21,"enemies":"Fading Forest","floor":16,"turns":11},{"damage":0,"enemies":"Spheric Guardian","floor":18,"turns":3},{"damage":21,"enemies":"Shell Parasite","floor":21,"turns":5},{"damage":5,"enemies":"Centurion and Healer","floor":22,"turns":5},{"damage":0,"enemies":"Cultist and Chosen","floor":24,"turns":4},{"damage":11,"enemies":"Slavers","floor":25,"turns":3},{"damage":0,"enemies":"3 Cultists","floor":27,"turns":3},{"damage":6,"enemies":"Book of Stabbing","floor":28,"turns":4},{"damage":0,"enemies":"Centurion and Healer","floor":30,"turns":4},{"damage":7,"enemies":"Automaton","floor":33,"turns":5},{"damage":0,"enemies":"3 Shapes","floor":35,"turns":2},{"damage":10,"enemies":"Orb Walker","floor":37,"turns":3},{"damage":4,"enemies":"4 Shapes","floor":38,"turns":2},{"damage":54,"enemies":"Nemesis","floor":40,"turns":7},{"damage":0,"enemies":"3 Darklings","floor":42,"turns":3},{"damage":10,"enemies":"Maw","floor":47,"turns":5},{"damage":12,"enemies":"Giant Head","floor":48,"turns":6},{"damage":69,"enemies":"Awakened One","floor":52,"turns":7}],"seed_played":"-5177147686286194787","potions_obtained":[{"floor":4,"key":"Adrenaline Potion"},{"floor":6,"key":"bronze:BurnAndBuffPotion"},{"floor":13,"key":"TheCursedMod:DregsPotion"},{"floor":16,"key":"Energy Potion"},{"floor":24,"key":"infinitespire:BlackPotion"},{"floor":42,"key":"Adrenaline Potion"},{"floor":47,"key":"EntropicBrew"}],"is_trial":true,"path_per_floor":["M","$","?","M","?","E","M","M","T","M","E","$","E","M","R","B",null,"M","T","?","M","M","R","M","E","T","M","E","R","M","?","R","B",null,"M","?","M","M","?","E","R","M","T","R","T","AVR","M","E","R_BF","PTL","R","B",null],"character_chosen":"THE_CURSED","items_purchased":["Block Potion","TheCursedMod:CursedBlade","ReplayTheSpireMod:CursedCoin","TheCursedMod:CircleOfCorruption","HandOfGreed"],"campfire_rested":5,"item_purchase_floors":[2,2,12,12,12],"current_hp_per_floor":[68,68,68,68,68,68,68,68,68,68,68,68,50,44,44,31,64,64,64,50,29,24,48,48,37,37,37,31,55,55,55,55,48,72,72,72,62,58,58,4,28,28,28,52,52,52,45,36,36,36,61,11],"gold":1020,"neow_bonus":"","is_daily":false,"chose_seed":false,"campfire_upgraded":2,"win_rate":0.0,"timestamp":1612501812,"path_taken":["M","$","?","M","?","E","M","?","T","M","E","?","E","M","R","BOSS","M","?","?","M","M","R","M","E","T","M","E","R","M","?","R","BOSS","M","?","?","M","?","E","R","M","T","R","?","AVR","M","E","R_BF","PTL","R","BOSS"],"items_purchased_type":["Potion","Card","Relic","Card","Card"],"build_version":"2020-12-22","purchased_purges":2,"victory":true,"max_hp_per_floor":[75,75,75,75,75,75,75,75,75,75,75,75,75,75,75,75,75,75,75,80,80,80,80,80,80,80,80,80,80,80,80,80,80,80,80,80,80,80,80,80,80,80,80,80,80,80,83,86,86,86,86,86],"relic_stats":{"Peace Pipe":0,"Gremlin Horn":[23,28],"counters":[27,107],"Bag of Preparation":[32],"MawBank":156,"obtain_stats":[{"TheCursedMod:BlackMagic101":0,"Lantern":48,"Gremlin Horn":6,"ReplayTheSpireMod:CursedCoin":12,"Bag of Preparation":19,"Omamori":26,"Empty Cage":34,"MawBank":40,"Pet Ghost":13,"Replay:Wanted Poster":17,"Peace Pipe":43,"Replay:Ringing Soul":45,"infinitespire:Golems Mask":25,"Philosopher\u0027s Stone":46,"Replay:Lucky Slots":46,"hexamod:BolsterEngine":9,"Replay:Wax Seal":28,"infinitespire:PuzzleCube":11},{"TheCursedMod:BlackMagic101":0,"Lantern":26,"Gremlin Horn":3,"ReplayTheSpireMod:CursedCoin":7,"Bag of Preparation":11,"Omamori":15,"Empty Cage":19,"MawBank":23,"Pet Ghost":8,"Replay:Wanted Poster":10,"Peace Pipe":24,"Replay:Ringing Soul":24,"infinitespire:Golems Mask":15,"Philosopher\u0027s Stone":24,"Replay:Lucky Slots":24,"hexamod:BolsterEngine":5,"Replay:Wax Seal":17,"infinitespire:PuzzleCube":7},{"TheCursedMod:BlackMagic101":0,"Lantern":100,"Gremlin Horn":8,"ReplayTheSpireMod:CursedCoin":19,"Bag of Preparation":39,"Omamori":56,"Empty Cage":72,"MawBank":86,"Pet Ghost":23,"Replay:Wanted Poster":36,"Peace Pipe":89,"Replay:Ringing Soul":89,"infinitespire:Golems Mask":56,"Philosopher\u0027s Stone":89,"Replay:Lucky Slots":89,"hexamod:BolsterEngine":14,"Replay:Wax Seal":63,"infinitespire:PuzzleCube":19}]},"card_choices":[{"not_picked":["TheCursedMod:SpitefulStrike","TheCursedMod:SurpriseAttack"],"picked":"TheCursedMod:CursedShiv","floor":0},{"not_picked":["TheCursedMod:Obscuration","TheCursedMod:CursedMace"],"picked":"TheCursedMod:CursedShiv","floor":0},{"not_picked":["TheCursedMod:SpitefulStrike","TheCursedMod:CursedShiv"],"picked":"TheCursedMod:FleshFromBone","floor":0},{"not_picked":["TheCursedMod:ReleasedKnowledge","TheCursedMod:PrepareRite"],"picked":"TheCursedMod:DoubleShield","floor":0},{"not_picked":["TheCursedMod:Evocation","TheCursedMod:EmpowerCircles"],"picked":"TheCursedMod:RapidMovement","floor":0},{"not_picked":["TheCursedMod:CursedMace","TheCursedMod:EmpowerCircles"],"picked":"TheCursedMod:RapidMovement","floor":0},{"not_picked":["TheCursedMod:ManaBullet","TheCursedMod:SpreadPlague"],"picked":"TheCursedMod:CursedBlade","floor":0},{"not_picked":["TheCursedMod:Stretching","TheCursedMod:CursedBlade"],"picked":"TheCursedMod:WearCloak","floor":0},{"not_picked":["TheCursedMod:Hemoplague","TheCursedMod:CursedBlade"],"picked":"TheCursedMod:CursedSpellbook","floor":0},{"not_picked":["TheCursedMod:BloodBarrier","TheCursedMod:Evocation"],"picked":"TheCursedMod:CircleOfCorruption","floor":0},{"not_picked":["TheCursedMod:SurpriseAttack","TheCursedMod:CursedArmor"],"picked":"TheCursedMod:CursedBlade","floor":0},{"not_picked":["TheCursedMod:StingEye","TheCursedMod:SmokeScreen"],"picked":"TheCursedMod:RapidMovement","floor":0},{"not_picked":["TheCursedMod:SaltUponWound","TheCursedMod:TacticalStrike"],"picked":"TheCursedMod:RapidMovement","floor":0},{"not_picked":["TheCursedMod:CursedMace","TheCursedMod:Stretching"],"picked":"TheCursedMod:SpitefulStrike","floor":0},{"not_picked":["TheCursedMod:SmokeScreen","TheCursedMod:VitalStrike"],"picked":"TheCursedMod:CursedShiv","floor":0},{"not_picked":["TheCursedMod:PrepareRite","TheCursedMod:BloodBarrier"],"picked":"TheCursedMod:AbyssShockwave","floor":1},{"not_picked":["TheCursedMod:Obscuration","TheCursedMod:CursedMace","TheCursedMod:BloodBarrier"],"picked":"SKIP","floor":4},{"not_picked":["TheCursedMod:SurpriseAttack","TheCursedMod:CursedMace"],"picked":"TheCursedMod:SpitefulStrike","floor":6},{"not_picked":["TheCursedMod:CursedBlade","TheCursedMod:Stigma"],"picked":"TheCursedMod:SpitefulPlan","floor":7},{"not_picked":["TheCursedMod:CursedShiv","TheCursedMod:CursedRelics"],"picked":"TheCursedMod:RavingStaff","floor":8},{"not_picked":["TheCursedMod:CursedShiv","TheCursedMod:TacticalStrike"],"picked":"TheCursedMod:SmokeScreen","floor":10},{"not_picked":["TheCursedMod:Torture","TheCursedMod:StingEye"],"picked":"TheCursedMod:CursedSpellbook","floor":11},{"not_picked":["TheCursedMod:WearCloak","TheCursedMod:SpitefulPray"],"picked":"TheCursedMod:ReleasedStrength","floor":13},{"not_picked":["TheCursedMod:SurpriseAttack","TheCursedMod:TroublousMinions"],"picked":"TheCursedMod:CircleOfCorruption","floor":14},{"not_picked":["TheCursedMod:Neurasthenia","TheCursedMod:ForbiddenAlchemy"],"picked":"TheCursedMod:DemonSword","floor":16},{"not_picked":["TheCursedMod:Stretching+1","TheCursedMod:CursedShiv"],"picked":"TheCursedMod:Wield","floor":18},{"not_picked":["TheCursedMod:Evocation","TheCursedMod:StingEye","TheCursedMod:CursedBlade"],"picked":"SKIP","floor":21},{"not_picked":["TheCursedMod:TacticalStrike","TheCursedMod:Evocation"],"picked":"TheCursedMod:CursedShiv+1","floor":22},{"not_picked":["TheCursedMod:CircleOfFlame+1","TheCursedMod:FuryStrike+1"],"picked":"TheCursedMod:WearCloak+1","floor":24},{"not_picked":["TheCursedMod:Stigma+1","TheCursedMod:SaltUponWound+1"],"picked":"TheCursedMod:SpitefulPray","floor":25},{"not_picked":["TheCursedMod:Grudge","TheCursedMod:AshesToAshes","TheCursedMod:RavingStaff"],"picked":"SKIP","floor":27},{"not_picked":["TheCursedMod:RavingStaff","TheCursedMod:Obscuration","TheCursedMod:Hemoplague"],"picked":"SKIP","floor":30},{"not_picked":["TheCursedMod:DemonSword","TheCursedMod:OutForBlood"],"picked":"TheCursedMod:VoidForm","floor":33},{"not_picked":["TheCursedMod:FleshFromBone+1","TheCursedMod:SpitefulStrike"],"picked":"TheCursedMod:HellfireBreathing","floor":35},{"not_picked":["TheCursedMod:CursedMace","TheCursedMod:FuryStrike+1"],"picked":"TheCursedMod:WearCloak+1","floor":37},{"not_picked":["TheCursedMod:ReleasedKnowledge+1","TheCursedMod:CursedAmulet"],"picked":"TheCursedMod:HellfireBreathing+1","floor":38},{"not_picked":["TheCursedMod:Stigma","TheCursedMod:DarkBarrier"],"picked":"TheCursedMod:SpitefulStrike+1","floor":40},{"not_picked":["TheCursedMod:CursedAmulet","TheCursedMod:SpitefulStrike+1"],"picked":"TheCursedMod:RavingStaff+1","floor":42},{"not_picked":["TheCursedMod:Torture+1","TheCursedMod:CircleOfAmplification+1"],"picked":"TheCursedMod:CircleOfCorruption+1","floor":47},{"not_picked":["TheCursedMod:WearCloak+1","TheCursedMod:Neurasthenia"],"picked":"TheCursedMod:SoulReap+1","floor":48}],"player_experience":380768,"relics_obtained":[{"floor":6,"key":"Gremlin Horn"},{"floor":9,"key":"hexamod:BolsterEngine"},{"floor":11,"key":"infinitespire:PuzzleCube"},{"floor":13,"key":"Pet Ghost"},{"floor":19,"key":"Bag of Preparation"},{"floor":25,"key":"infinitespire:Golems Mask"},{"floor":26,"key":"Omamori"},{"floor":28,"key":"Replay:Wax Seal"},{"floor":40,"key":"MawBank"},{"floor":43,"key":"Peace Pipe"},{"floor":45,"key":"Replay:Ringing Soul"},{"floor":48,"key":"Lantern"}],"event_choices":[{"damage_healed":0,"gold_gain":0,"player_choice":"0 cards matched","damage_taken":0,"max_hp_gain":0,"max_hp_loss":0,"event_name":"Match and Keep!","floor":5,"gold_loss":0,"cards_obtained":[]},{"damage_healed":0,"gold_gain":0,"player_choice":"Shed Blood","damage_taken":19,"max_hp_gain":5,"max_hp_loss":0,"event_name":"Forgotten Altar","floor":20,"gold_loss":0},{"cards_removed":["HandOfGreed"],"damage_healed":0,"gold_gain":0,"player_choice":"Elegance","damage_taken":0,"max_hp_gain":0,"max_hp_loss":0,"event_name":"Back to Basics","floor":31,"gold_loss":0},{"damage_healed":0,"gold_gain":0,"player_choice":"Got Potions","damage_taken":0,"max_hp_gain":0,"max_hp_loss":0,"event_name":"Lab","floor":36,"gold_loss":0},{"damage_healed":0,"gold_gain":0,"player_choice":"Ignored","damage_taken":0,"max_hp_gain":0,"max_hp_loss":0,"event_name":"Tomb of Lord Red Mask","floor":39,"gold_loss":0}],"is_beta":false,"boss_relics":[{"not_picked":["Ectoplasm","Runic Dome"],"picked":"Replay:Wanted Poster"},{"not_picked":["Snecko Eye","ReplayTheSpireMod:SealedPack"],"picked":"Empty Cage"}],"items_purged_floors":[12,46],"is_endless":false,"potions_floor_spawned":[4,6,7,13,16,22,24,25,30,33,38,42,47],"ascension_level":6}}