{"host":"3y2rtlgteqp2nuo3","time":1612533650,"event":{"mods":["2.2 Compatiblity","AchievementEnabler","BaseMod","Colored Map","DeckTracker","Highlight Path","Keyboard Shortcuts","Minty Spire (QoL Compilation)","Permanent Neow","Quick Restart","StSLib","SuperFastMode","everything is the same but u backflip on backflip"],"gold_per_floor":[115,126,276,292,308,308,335,335,408,421,421,1,13,13,13,90,90,107,7,18,35,35,35,35,48,93,93,106,106,106,106],"floor_reached":30,"language":"KOR","playtime":612,"items_purged":["Doubt","Strike_B"],"score":454,"play_id":"0245a2b9-0c36-41df-9b5d-2ce2e3a11d9e","local_time":"20210205230050","is_ascension_mode":true,"campfire_choices":[{"data":"Rainbow","floor":6.0,"key":"SMITH"},{"data":"Dualcast","floor":8.0,"key":"SMITH"},{"data":"Capacitor","floor":11.0,"key":"SMITH"},{"data":"Coolheaded","floor":15,"key":"SMITH"},{"floor":23,"key":"REST"},{"floor":27,"key":"REST"}],"circlet_count":0,"master_deck":["AscendersBane","Defend_B","Defend_B","Defend_B","Defend_B","Zap","Dualcast+1","Rainbow+1","Ball Lightning","Cold Snap","Compile Driver","Capacitor+1","Beam Cell","Amplify","Stack","Coolheaded+1","Biased Cognition","Streamline","Tempest+1","Chaos","Bite","Bite","Bite","Bite","Bite"],"relics":["Cracked Core","Unceasing Top","Letter Opener","ClockworkSouvenir","Akabeko","Snecko Eye","Incense Burner","Smiling Mask"],"acts_visited":["Exordium","TheCity"],"potions_floor_usage":[28],"damage_taken":[{"damage":5.0,"enemies":"Small Slimes","floor":1.0,"turns":3.0},{"damage":2.0,"enemies":"Jaw Worm","floor":2.0,"turns":3.0},{"damage":0.0,"enemies":"Cultist","floor":4.0,"turns":3.0},{"damage":11.0,"enemies":"3 Louse","floor":5.0,"turns":4.0},{"damage":24.0,"enemies":"3 Sentries","floor":7.0,"turns":7.0},{"damage":0.0,"enemies":"2 Fungi Beasts","floor":10.0,"turns":2.0},{"damage":7.0,"enemies":"Red Slaver","floor":13.0,"turns":3.0},{"damage":6,"enemies":"Hexaghost","floor":16,"turns":9},{"damage":41,"enemies":"2 Thieves","floor":18,"turns":4},{"damage":0,"enemies":"Spheric Guardian","floor":20,"turns":3},{"damage":11,"enemies":"Centurion and Healer","floor":21,"turns":5},{"damage":10,"enemies":"Shelled Parasite and Fungi","floor":25,"turns":7},{"damage":28,"enemies":"3 Cultists","floor":28,"turns":4},{"damage":27,"enemies":"Snecko","floor":30,"turns":3}],"seed_played":"-9135499240985214783","potions_obtained":[{"floor":2.0,"key":"SkillPotion"},{"floor":4.0,"key":"Fruit Juice"},{"floor":7.0,"key":"SneckoOil"},{"floor":10.0,"key":"FocusPotion"},{"floor":28,"key":"Fire Potion"}],"is_trial":false,"path_per_floor":["M","M","?","M","M","R","E","R","T","M","R","$","M","?","R","B",null,"M","$","M","M","?","R","$","M","T","R","M","?","M"],"character_chosen":"DEFECT","items_purchased":["ClockworkSouvenir","Amplify","Stack"],"campfire_rested":2,"item_purchase_floors":[12,12,12],"current_hp_per_floor":[59,57,57,62,51,51,27,27,27,27,27,27,20,20,20,14,61,20,20,20,9,9,31,31,21,21,43,15,15,0,0],"gold":106,"neow_bonus":"ONE_RANDOM_RARE_CARD","is_daily":false,"chose_seed":false,"campfire_upgraded":4,"win_rate":0.0,"timestamp":1612533650,"path_taken":["M","M","?","M","M","R","E","R","T","M","R","$","M","?","R","BOSS","M","$","M","M","?","R","?","M","T","R","M","?","M"],"items_purchased_type":["Relic","Card","Card"],"build_version":"2020-12-22","purchased_purges":2,"victory":false,"max_hp_per_floor":[71,71,71,76,76,76,76,76,76,76,76,76,76,76,76,76,76,76,76,76,76,76,76,76,76,76,76,76,53,53,53],"card_choices":[{"not_picked":["Streamline","Cold Snap"],"picked":"Ball Lightning","floor":1.0},{"not_picked":["Loop","Hello World"],"picked":"Cold Snap","floor":2.0},{"not_picked":["Undo","Sunder"],"picked":"Compile Driver","floor":4.0},{"not_picked":["Cold Snap","Ball Lightning","Gash"],"picked":"SKIP","floor":5.0},{"not_picked":["Steam","Stack"],"picked":"Capacitor","floor":7.0},{"not_picked":["Ball Lightning","Compile Driver"],"picked":"Beam Cell","floor":10.0},{"not_picked":["Leap","Compile Driver"],"picked":"Coolheaded","floor":13.0},{"not_picked":["Seek","Rainbow"],"picked":"Biased Cognition","floor":16},{"not_picked":["Ball Lightning","Steam","Compile Driver"],"picked":"SKIP","floor":18},{"not_picked":["Coolheaded","Gash+1"],"picked":"Streamline","floor":20},{"not_picked":["Capacitor+1","Go for the Eyes"],"picked":"Tempest+1","floor":21},{"not_picked":["Rebound","Hologram"],"picked":"Chaos","floor":25},{"not_picked":["Streamline","Steam","Lockon"],"picked":"SKIP","floor":28}],"player_experience":759591,"relics_obtained":[{"floor":7.0,"key":"Unceasing Top"},{"floor":9.0,"key":"Letter Opener"},{"floor":26,"key":"Smiling Mask"}],"event_choices":[{"damage_healed":0.0,"max_hp_gain":0.0,"max_hp_loss":0.0,"gold_gain":150.0,"event_name":"Liars Game","player_choice":"AGREE","floor":3.0,"gold_loss":0.0,"damage_taken":0.0,"cards_obtained":["Doubt"]},{"damage_healed":0,"gold_gain":0,"player_choice":"Searched \u00271\u0027 times","damage_taken":0,"relics_obtained":["Akabeko"],"max_hp_gain":0,"max_hp_loss":0,"event_name":"Dead Adventurer","floor":14,"gold_loss":0},{"damage_healed":0,"gold_gain":0,"player_choice":"Gave Potion","damage_taken":0,"relics_obtained":["Incense Burner"],"max_hp_gain":0,"max_hp_loss":0,"event_name":"WeMeetAgain","floor":22,"gold_loss":0},{"damage_healed":0,"gold_gain":0,"player_choice":"Became a vampire","damage_taken":0,"max_hp_gain":0,"max_hp_loss":23,"event_name":"Vampires","floor":29,"gold_loss":0,"cards_obtained":["Bite","Bite","Bite","Bite","Bite"]}],"is_beta":false,"boss_relics":[{"not_picked":["Coffee Dripper","FrozenCore"],"picked":"Snecko Eye"}],"items_purged_floors":[12,19],"is_endless":false,"potions_floor_spawned":[2,4,7,10,18,28],"killed_by":"Snecko","ascension_level":17}}