{"host":"5n1fl7z5i1vf7jan","time":1612526031,"event":{"mods":["BaseMod","Minty Spire (QoL Compilation)","Quick Restart","Relic Stats"],"gold_per_floor":[119,129,18,18,36,36,68,83,83,111,122,152,152,169,169,242,242,260,260,260,260,274,274,290,290,290,290,304,304,304,319,319,319,319],"floor_reached":33,"language":"ENG","playtime":937,"items_purged":[],"score":696,"play_id":"dc743ce2-9058-4616-8603-dd170b5f27db","local_time":"20210205035351","is_ascension_mode":true,"campfire_choices":[{"data":"ForeignInfluence","floor":6.0,"key":"SMITH"},{"floor":15.0,"key":"REST"},{"data":"1","floor":23.0,"key":"LIFT"},{"data":"2","floor":25,"key":"LIFT"},{"data":"3","floor":27,"key":"LIFT"},{"floor":32,"key":"REST"}],"circlet_count":0,"master_deck":["AscendersBane","Strike_P","Defend_P","Defend_P","Defend_P","Defend_P","Eruption","Vigilance","Consecrate","ForeignInfluence+1","FollowUp","EmptyFist","TalkToTheHand","BattleHymn","CutThroughFate","Omniscience","Vengeance","Prostrate","Halt","Clumsy","FlyingSleeves","Tantrum","JustLucky"],"relics":["PureWater","Turnip","Happy Flower","Bottled Lightning","Girya","Cursed Key","Enchiridion","Pear"],"acts_visited":["Exordium","TheCity"],"potions_floor_usage":[24,31,33],"damage_taken":[{"damage":0.0,"enemies":"Jaw Worm","floor":1.0,"turns":4.0},{"damage":0.0,"enemies":"2 Louse","floor":2.0,"turns":2.0},{"damage":0.0,"enemies":"Cultist","floor":5.0,"turns":3.0},{"damage":16.0,"enemies":"Gremlin Nob","floor":7.0,"turns":3.0},{"damage":2.0,"enemies":"Exordium Wildlife","floor":8.0,"turns":2.0},{"damage":10.0,"enemies":"Lagavulin","floor":10.0,"turns":7.0},{"damage":8.0,"enemies":"Looter","floor":11.0,"turns":3.0},{"damage":0.0,"enemies":"Blue Slaver","floor":14.0,"turns":1.0},{"damage":37.0,"enemies":"The Guardian","floor":16.0,"turns":8.0},{"damage":0.0,"enemies":"Spheric Guardian","floor":18.0,"turns":2.0},{"damage":19.0,"enemies":"Shell Parasite","floor":22.0,"turns":4.0},{"damage":17,"enemies":"Shelled Parasite and Fungi","floor":24,"turns":3},{"damage":19,"enemies":"Cultist and Chosen","floor":28,"turns":7},{"damage":0,"enemies":"Snake Plant","floor":31,"turns":2},{"damage":51,"enemies":"Collector","floor":33,"turns":6}],"seed_played":"-7448076291444241550","potions_obtained":[{"floor":2.0,"key":"StancePotion"},{"floor":7.0,"key":"LiquidBronze"},{"floor":18.0,"key":"ColorlessPotion"},{"floor":24,"key":"Ambrosia"}],"is_trial":false,"path_per_floor":["M","M","$","?","M","R","E","M","T","E","M","?","?","M","R","B",null,"M","?","?","?","M","R","M","R","T","R","M","?","?","M","R","B"],"character_chosen":"WATCHER","items_purchased":["FollowUp","LiquidMemories"],"campfire_rested":2,"item_purchase_floors":[3,3],"current_hp_per_floor":[61,61,61,61,61,61,45,43,43,33,25,25,25,25,43,6,48,48,27,27,62,43,43,26,26,36,36,17,17,17,17,38,0,0],"gold":319,"neow_bonus":"ONE_RARE_RELIC","is_daily":false,"chose_seed":false,"campfire_upgraded":1,"win_rate":0.0,"timestamp":1612526031,"path_taken":["M","M","$","?","M","R","E","M","T","E","M","?","?","?","R","BOSS","M","?","?","?","M","R","M","R","T","R","?","?","?","M","R","BOSS"],"items_purchased_type":["Card","Potion"],"build_version":"2020-12-22","purchased_purges":0,"victory":false,"max_hp_per_floor":[62,62,62,62,62,62,62,62,62,62,62,62,62,62,62,62,62,62,62,62,62,62,62,62,62,72,72,72,72,72,72,72,72,72],"relic_stats":{"Happy Flower":[15],"counters":[15,57],"Turnip":[11],"Cursed Key":1,"obtain_stats":[{"Girya":10,"Pear":26,"Happy Flower":7,"Enchiridion":19,"Turnip":0,"Bottled Lightning":9,"PureWater":0,"Cursed Key":17},{"Girya":6,"Pear":12,"Happy Flower":4,"Enchiridion":10,"Turnip":0,"Bottled Lightning":5,"PureWater":0,"Cursed Key":9},{"Girya":21,"Pear":42,"Happy Flower":12,"Enchiridion":35,"Turnip":0,"Bottled Lightning":14,"PureWater":0,"Cursed Key":33}]},"card_choices":[{"not_picked":["ThirdEye","CrushJoints"],"picked":"Consecrate","floor":1.0},{"not_picked":["Fasting2","Prostrate"],"picked":"ForeignInfluence","floor":2.0},{"not_picked":["Evaluate","WheelKick"],"picked":"EmptyFist","floor":5.0},{"not_picked":["Sanctity","Devotion"],"picked":"TalkToTheHand","floor":7.0},{"not_picked":["Consecrate","EmptyBody"],"picked":"BattleHymn","floor":8.0},{"not_picked":["SandsOfTime","Pray","WreathOfFlame"],"picked":"SKIP","floor":10.0},{"not_picked":["ReachHeaven","Evaluate"],"picked":"CutThroughFate","floor":11.0},{"not_picked":["Crescendo","WindmillStrike","JustLucky"],"picked":"SKIP","floor":14.0},{"not_picked":["Brilliance","SpiritShield"],"picked":"Omniscience","floor":16.0},{"not_picked":["JustLucky","Swivel"],"picked":"Vengeance","floor":18.0},{"not_picked":["SashWhip","CutThroughFate"],"picked":"Halt","floor":22.0},{"not_picked":["Prostrate","Vengeance","ForeignInfluence"],"picked":"SKIP","floor":24},{"not_picked":["Meditate","Wireheading"],"picked":"FlyingSleeves","floor":28},{"not_picked":["Halt","Vengeance+1"],"picked":"JustLucky","floor":31}],"player_experience":320136,"relics_obtained":[{"floor":7.0,"key":"Happy Flower"},{"floor":9.0,"key":"Bottled Lightning"},{"floor":10.0,"key":"Girya"},{"floor":19.0,"key":"Enchiridion"},{"floor":26,"key":"Pear"}],"event_choices":[{"damage_healed":0.0,"max_hp_gain":0.0,"max_hp_loss":0.0,"gold_gain":0.0,"event_name":"Liars Game","player_choice":"Ignored","floor":4.0,"gold_loss":0.0,"damage_taken":0.0},{"damage_healed":0.0,"max_hp_gain":0.0,"max_hp_loss":0.0,"gold_gain":30.0,"event_name":"Dead Adventurer","player_choice":"Searched \u00271\u0027 times","floor":12.0,"gold_loss":0.0,"damage_taken":0.0},{"cards_removed":["Strike_P"],"damage_healed":0.0,"max_hp_gain":0.0,"max_hp_loss":0.0,"gold_gain":0.0,"event_name":"Purifier","player_choice":"Purged","floor":13.0,"gold_loss":0.0,"damage_taken":0.0},{"damage_healed":0.0,"max_hp_gain":0.0,"max_hp_loss":0.0,"gold_gain":0.0,"event_name":"Cursed Tome","player_choice":"Obtained Book","floor":19.0,"gold_loss":0.0,"damage_taken":21.0},{"damage_healed":0.0,"max_hp_gain":0.0,"max_hp_loss":0.0,"gold_gain":0.0,"cards_transformed":["Strike_P","Strike_P"],"event_name":"Drug Dealer","player_choice":"Became Test Subject","floor":20.0,"gold_loss":0.0,"damage_taken":0.0,"cards_obtained":["SignatureMove","Prostrate"]},{"cards_removed":["SignatureMove"],"damage_healed":35.0,"max_hp_gain":0.0,"max_hp_loss":0.0,"gold_gain":0.0,"event_name":"Bonfire Elementals","player_choice":"Offered Uncommon","floor":21.0,"gold_loss":0.0,"damage_taken":0.0},{"damage_healed":0,"gold_gain":0,"player_choice":"Read","damage_taken":0,"max_hp_gain":0,"max_hp_loss":0,"event_name":"The Library","floor":29,"gold_loss":0,"cards_obtained":["Tantrum"]},{"damage_healed":0,"gold_gain":0,"player_choice":"Ignored","damage_taken":0,"max_hp_gain":0,"max_hp_loss":0,"event_name":"The Mausoleum","floor":30,"gold_loss":0}],"is_beta":false,"boss_relics":[{"not_picked":["Tiny House","SacredBark"],"picked":"Cursed Key"}],"items_purged_floors":[],"is_endless":false,"potions_floor_spawned":[2,7,10,14,18,24,28],"killed_by":"Collector","ascension_level":19}}