{"host":"4eao2pkwlmv012cz","time":1612498497,"event":{"mods":["BaseMod","Colored Powertips","Minty Spire (QoL Compilation)","Permanent Neow","Quick Restart","Random Character Button","StSLib"],"gold_per_floor":[15,34,45,45,65,97,97,97,167,179,179,179],"floor_reached":11,"language":"ENG","playtime":344,"items_purged":[],"score":150,"play_id":"393bbf39-ce41-4bab-8bf7-85cc2c02c329","local_time":"20210204231457","is_ascension_mode":true,"campfire_choices":[{"floor":7,"key":"REST"}],"circlet_count":0,"master_deck":["AscendersBane","Strike_B","Strike_B","Strike_B","Strike_B","Defend_B","Defend_B","Defend_B","Defend_B","Zap","Dualcast","Genetic Algorithm","FTL","Ball Lightning","Self Repair","Lockon","Barrage","Defragment","Ball Lightning","Capacitor","Multi-Cast","Hello World"],"relics":["Cracked Core","Prayer Wheel","Ice Cream","Bottled Tornado"],"acts_visited":["Exordium"],"potions_floor_usage":[6,11],"damage_taken":[{"damage":11,"enemies":"Jaw Worm","floor":1,"turns":4},{"damage":1,"enemies":"Cultist","floor":2,"turns":4},{"damage":7,"enemies":"Small Slimes","floor":3,"turns":3},{"damage":7,"enemies":"Looter","floor":5,"turns":3},{"damage":25,"enemies":"3 Sentries","floor":6,"turns":5},{"damage":49,"enemies":"Exordium Thugs","floor":10,"turns":4},{"damage":0,"enemies":"Gremlin Nob","floor":11,"turns":2}],"seed_played":"-4827728437014249206","potions_obtained":[{"floor":2,"key":"BlessingOfTheForge"},{"floor":6,"key":"Explosive Potion"},{"floor":8,"key":"FocusPotion"},{"floor":8,"key":"PotionOfCapacity"}],"is_trial":false,"path_per_floor":["M","M","M","$","M","E","R","?","T","M","E"],"character_chosen":"DEFECT","items_purchased":[],"campfire_rested":1,"item_purchase_floors":[],"current_hp_per_floor":[53,52,52,52,52,34,55,55,55,6,6,6],"gold":179,"neow_bonus":"ONE_RARE_RELIC","is_daily":false,"chose_seed":false,"campfire_upgraded":0,"win_rate":0.0,"timestamp":1612498497,"path_taken":["M","M","M","$","M","E","R","?","T","M","E"],"items_purchased_type":[],"build_version":"2020-12-22","purchased_purges":0,"victory":false,"max_hp_per_floor":[71,71,71,71,71,71,71,71,71,71,71,71],"card_choices":[{"not_picked":["Rebound","Streamline"],"picked":"Genetic Algorithm","floor":1},{"not_picked":["Steam Power","Conserve Battery"],"picked":"FTL","floor":1},{"not_picked":["Beam Cell","Recycle"],"picked":"Ball Lightning","floor":2},{"not_picked":["Compile Driver","Gash"],"picked":"Self Repair","floor":2},{"not_picked":["Melter","Rip and Tear"],"picked":"Lockon","floor":3},{"not_picked":["Compile Driver","Beam Cell"],"picked":"Barrage","floor":3},{"not_picked":["Cold Snap","Coolheaded"],"picked":"Defragment","floor":5},{"not_picked":["Streamline","Steam"],"picked":"Ball Lightning","floor":5},{"not_picked":["Storm","Hello World"],"picked":"Capacitor","floor":6},{"not_picked":["Barrage","Sweeping Beam"],"picked":"Multi-Cast","floor":10},{"not_picked":["Reprogram","Steam"],"picked":"Hello World","floor":10}],"player_experience":2878098,"relics_obtained":[{"floor":6,"key":"Ice Cream"},{"floor":9,"key":"Bottled Tornado"}],"event_choices":[{"damage_healed":0,"gold_gain":0,"player_choice":"Got Potions","damage_taken":0,"max_hp_gain":0,"max_hp_loss":0,"event_name":"Lab","floor":8,"gold_loss":0}],"is_beta":false,"boss_relics":[],"items_purged_floors":[],"is_endless":false,"potions_floor_spawned":[2,6],"killed_by":"Gremlin Nob","ascension_level":20}}