{"host":"xp5rvh2jwe2ejyfm","time":1612533896,"event":{"mods":["2.2 Compatiblity","Aspiration","BaseMod","BetterRewards","Colored Powertips","Conspire","Downfall","GifTheSpireLib","Gremlin Mod","Hermit","Hubris","Jorbs\u0027s Wanderer Trilogy","Minty Spire (QoL Compilation)","Replay The Spire","Robot Space Explorer","Shade Mod","Somnambulant","StSLib","The Bug Knight","The Clintock","The Construct","The Cursed","The Disciple","The Forsaken","The Hierophant","The Necromancer","The Runesmith","The Servant 0.9.4","The Valiant","The Witch","thorton"],"gold_per_floor":[120,138,138,138,150,150,179,224,224,224,254,254,282,282,282,292,292,292],"floor_reached":16,"language":"ENG","playtime":449,"items_purged":[],"score":102,"play_id":"b6b8906d-60ee-46b0-960a-f8e2b50626a5","local_time":"20210205090456","is_ascension_mode":false,"campfire_choices":[{"data":"thethorton:BusinessCard","floor":6,"key":"SMITH"},{"floor":10,"key":"REST"},{"floor":12,"key":"REST"},{"floor":15,"key":"RECALL"}],"circlet_count":0,"master_deck":["thethorton:Strike","thethorton:Strike","thethorton:Strike","thethorton:Strike","thethorton:Defend","thethorton:Defend","thethorton:Defend","thethorton:Defend","thethorton:Heckle","thethorton:CreditCard","Normality","thethorton:OddChange","thethorton:GoldBuffer","TheCursedMod:CircleOfCorruption","thethorton:ChartProject","thethorton:BusinessCard+1","thethorton:StampSmack","thethorton:MomentaryBreak","thethorton:OddChange","thethorton:StampSmack","Injury"],"relics":["thethorton:CouragePotion","NeowsBlessing","hubris:Towel","Ancient Tea Set","Golden Idol"],"acts_visited":["Exordium"],"potions_floor_usage":[8,16],"damage_taken":[{"damage":0,"enemies":"Jaw Worm","floor":1,"turns":1},{"damage":0,"enemies":"Cultist","floor":2,"turns":1},{"damage":0,"enemies":"2 Louse","floor":5,"turns":2},{"damage":27,"enemies":"Exordium Thugs","floor":7,"turns":7},{"damage":11,"enemies":"Lagavulin","floor":8,"turns":7},{"damage":14,"enemies":"Large Slime","floor":11,"turns":9},{"damage":13,"enemies":"Blue Slaver","floor":13,"turns":6},{"damage":56,"enemies":"Slime Boss","floor":16,"turns":6}],"seed_played":"5501753963924493865","potions_obtained":[{"floor":7,"key":"ColorlessPotion"},{"floor":8,"key":"Dexterity Potion"}],"is_trial":false,"path_per_floor":["M","M","?","?","M","R","M","E","T","R","M","R","M","?","R","B"],"character_chosen":"THE_THORT","items_purchased":[],"campfire_rested":2,"item_purchase_floors":[],"current_hp_per_floor":[68,68,68,68,68,68,41,30,30,50,39,59,49,49,49,0,0,0],"gold":292,"neow_bonus":"THREE_ENEMY_KILL","is_daily":false,"chose_seed":false,"campfire_upgraded":1,"win_rate":0.0,"timestamp":1612533896,"path_taken":["M","M","?","?","M","R","M","E","T","R","?","R","M","?","R","BOSS"],"items_purchased_type":[],"build_version":"2020-12-22","purchased_purges":0,"victory":false,"max_hp_per_floor":[68,68,68,68,68,68,68,68,68,68,68,68,68,68,68,68,68,68],"card_choices":[{"not_picked":["thethorton:AngerMoment","thethorton:HitAhead"],"picked":"thethorton:OddChange","floor":1},{"not_picked":["thethorton:TakeAccounts","thethorton:WhirlingBriefcase"],"picked":"thethorton:GoldBuffer","floor":2},{"not_picked":["thethorton:CoinClash","thethorton:Investment"],"picked":"thethorton:BusinessCard","floor":5},{"not_picked":["thethorton:WhirlingBriefcase","thethorton:FocusStrength"],"picked":"thethorton:StampSmack","floor":7},{"not_picked":["thethorton:Fortune","thethorton:ElbowSmash"],"picked":"thethorton:MomentaryBreak","floor":8},{"not_picked":["thethorton:ShoutAndRun","thethorton:PennyToss"],"picked":"thethorton:OddChange","floor":11},{"not_picked":["thethorton:CannonShot","thethorton:AngerMoment"],"picked":"thethorton:StampSmack","floor":13}],"player_experience":431161,"relics_obtained":[{"floor":8,"key":"Ancient Tea Set"}],"event_choices":[{"damage_healed":0,"gold_gain":0,"player_choice":"2 cards matched","damage_taken":0,"max_hp_gain":0,"max_hp_loss":0,"event_name":"Match and Keep!","floor":4,"gold_loss":0,"cards_obtained":["TheCursedMod:CircleOfCorruption","thethorton:ChartProject"]},{"damage_healed":0,"gold_gain":0,"player_choice":"Take Wound","damage_taken":0,"relics_obtained":["Golden Idol"],"max_hp_gain":0,"max_hp_loss":0,"event_name":"Golden Idol","floor":14,"gold_loss":0,"cards_obtained":["Injury"]}],"is_beta":false,"boss_relics":[],"items_purged_floors":[],"is_endless":false,"potions_floor_spawned":[7,8],"killed_by":"Slime Boss","ascension_level":0}}