{"host":"59jh88lrys5rvd4j","time":1612504979,"event":{"mods":["2.2 Compatiblity","Aspiration","BaseMod","Conspire","Defuse TimeMaze Blight","Energized Spire","FutureSeer","GifTheSpireLib","Halation","Hubris","Infinite Spire","Magitek Elite","Minty Spire (QoL Compilation)","Reliquary","Remove Card Discount Mod","StSLib","Stuff the Spire","The Mystic","The Necromancer","The Runesmith","The Wild Card","The_Crusader"],"gold_per_floor":[114,114,14,14,8,8,33,45,45,45,64,339,369,382,382,485,485,502,502,502,502,518,518,518,544,589,600,600,600,600,515,515,615,615,630,152,152,152],"floor_reached":37,"language":"ENG","playtime":2243,"items_purged":["Runesmith:Strike_RS","Runesmith:Defend_RS","Runesmith:Strike_RS"],"score":391,"play_id":"789389c4-b6b3-40ed-a44d-808716ef2eeb","local_time":"20210205010259","daily_mods":["Heirloom","Time Dilation","Flight"],"is_ascension_mode":false,"campfire_choices":[{"data":"Runesmith:CraftMagma","floor":6,"key":"SMITH"},{"floor":10,"key":"REST"},{"data":"Runesmith:BackupBattery","floor":15,"key":"SMITH"},{"data":"Runesmith:BackupBattery+1","floor":23,"key":"SMITH"},{"floor":24,"key":"REST"},{"floor":28,"key":"REST"},{"floor":30,"key":"REST"},{"floor":32,"key":"REST"}],"circlet_count":0,"master_deck":["Runesmith:Strike_RS","Runesmith:Strike_RS","Runesmith:Defend_RS","Runesmith:Defend_RS","Runesmith:CraftFirestone","Runesmith:Fortify","Runesmith:CraftMagma+1","Ghostly","Runesmith:RunicBlueprint","aspiration:UnbridledHammer","Runesmith:PoweredAnvil","Runesmith:BackupBattery+2","Runesmith:CraftPrismatica","Runesmith:Repurpose","infinitespire:Starlight","Runesmith:ChiselStab","Runesmith:FieryHammer","Runesmith:Supernova","Runesmith:CraftIncendium"],"relics":["Runesmith:BrokenRuby","StuffTheSpire:Nightcore","halation:PinkSoulGem","Vajra","infinitespire:PuzzleCube","Calipers","hubris:Backtick","Gremlin Horn","halation:StarCompass","infinitespire:Golems Mask","halation:KoshaPiece","hubris:Reverence","Runesmith:MiniCore","aspiration:PoetsPen_weak","Lantern","aspiration:FetidBarrel"],"acts_visited":["Exordium","TheCity","TheBeyond"],"potions_floor_usage":[7,13,16,27,27,37],"damage_taken":[{"damage":6,"enemies":"Jaw Worm","floor":1,"turns":2},{"damage":21,"enemies":"Gremlin Nob","floor":7,"turns":4},{"damage":0,"enemies":"Small Slimes","floor":8,"turns":2},{"damage":0,"enemies":"Cultist","floor":11,"turns":2},{"damage":10,"enemies":"Lagavulin","floor":13,"turns":7},{"damage":4,"enemies":"Large Slime","floor":14,"turns":4},{"damage":13,"enemies":"The Guardian","floor":16,"turns":6},{"damage":31,"enemies":"3 Byrds","floor":18,"turns":4},{"damage":18,"enemies":"Spheric Guardian","floor":22,"turns":6},{"damage":19,"enemies":"Gremlin Leader","floor":25,"turns":7},{"damage":48,"enemies":"Centurion and Healer","floor":27,"turns":5},{"damage":25,"enemies":"hubris:MusketHawk","floor":33,"turns":6},{"damage":70,"enemies":"3 Darklings","floor":35,"turns":5},{"damage":25,"enemies":"2 Orb Walkers","floor":37,"turns":1}],"seed_played":"9055509922497183362","potions_obtained":[{"floor":1,"key":"SkillPotion"},{"floor":7,"key":"CultistPotion"},{"floor":13,"key":"Fruit Juice"},{"floor":16,"key":"Strength Potion"},{"floor":22,"key":"SkillPotion"},{"floor":33,"key":"AttackPotion"}],"is_trial":true,"path_per_floor":["M","?","?","?","$","R","E","M","T","R","M","?","E","M","R","B",null,"M","?","?","AVR","M","R","R","E","T","M","R","T","R","?","R","B",null,"M","$","?"],"character_chosen":"RUNESMITH_CLASS","items_purchased":["Lantern","Runesmith:CraftIncendium","aspiration:FetidBarrel"],"campfire_rested":5,"item_purchase_floors":[36,36,36],"current_hp_per_floor":[64,64,64,64,64,64,43,43,43,64,64,64,59,55,55,42,75,44,44,44,44,36,36,58,49,49,11,33,33,55,55,75,60,75,15,15,0,0],"gold":152,"neow_bonus":"","is_daily":false,"chose_seed":false,"campfire_upgraded":3,"win_rate":0.0,"timestamp":1612504979,"path_taken":["M","?","?","?","$","R","E","?","T","R","M","?","E","?","R","BOSS","M","?","?","AVR","?","R","R","E","T","M","R","?","R","?","R","BOSS","M","$","?"],"items_purchased_type":["Relic","Card","Relic"],"build_version":"2020-12-22","purchased_purges":3,"victory":false,"max_hp_per_floor":[70,70,70,70,70,70,70,70,70,70,70,70,75,75,75,75,75,75,75,75,75,75,75,75,75,75,75,75,75,75,75,75,75,75,75,75,75,75],"card_choices":[{"not_picked":["Runesmith:Overpower","Runesmith:CraftSpiculum"],"picked":"Runesmith:CraftMagma","floor":1},{"not_picked":["Runesmith:Accelerate","Runesmith:Grindstone"],"picked":"Runesmith:RunicBlueprint","floor":7},{"not_picked":["Runesmith:StaticCage","Runesmith:MakeshiftArmor"],"picked":"aspiration:UnbridledHammer","floor":8},{"not_picked":["Runesmith:Terraform","Runesmith:HeatExchange"],"picked":"Runesmith:PoweredAnvil","floor":11},{"not_picked":["Runesmith:Prism","Runesmith:Discharge","aspiration:UnbridledHammer"],"picked":"SKIP","floor":13},{"not_picked":["Runesmith:StaticCage","Runesmith:CraftIncendium"],"picked":"Runesmith:BackupBattery","floor":14},{"not_picked":["Runesmith:LightningRod","Runesmith:FissionHammer"],"picked":"Runesmith:CraftPrismatica","floor":16},{"not_picked":["Runesmith:StaticCage","Runesmith:EnergizedChisel"],"picked":"Runesmith:Repurpose","floor":18},{"not_picked":["Runesmith:ShiftingStrike","Runesmith:Grindstone+1"],"picked":"Runesmith:ChiselStab","floor":22},{"not_picked":["Runesmith:DuctTape","Runesmith:ChargedHammer","Runesmith:Retool"],"picked":"SKIP","floor":25},{"not_picked":["Runesmith:CraftReservo","Runesmith:Electrocute"],"picked":"Runesmith:FieryHammer","floor":27},{"not_picked":["Runesmith:Duplicate","Runesmith:FissionHammer"],"picked":"Runesmith:Supernova","floor":33},{"not_picked":["Runesmith:Grindstone+1","Runesmith:EnergizedChisel","Runesmith:Superposition"],"picked":"SKIP","floor":35}],"player_experience":499952,"relics_obtained":[{"floor":7,"key":"Vajra"},{"floor":9,"key":"infinitespire:PuzzleCube"},{"floor":13,"key":"Calipers"},{"floor":25,"key":"infinitespire:Golems Mask"},{"floor":26,"key":"halation:KoshaPiece"},{"floor":29,"key":"hubris:Reverence"}],"event_choices":[{"damage_healed":0,"gold_gain":0,"player_choice":"Argue","damage_taken":0,"max_hp_gain":0,"max_hp_loss":0,"event_name":"conspire:LoneGhost","floor":3,"gold_loss":0},{"cards_removed":["Runesmith:Defend_RS"],"damage_healed":0,"gold_gain":0,"player_choice":"Offered Basic","damage_taken":0,"max_hp_gain":0,"max_hp_loss":0,"event_name":"Bonfire Elementals","floor":4,"gold_loss":0},{"damage_healed":0,"gold_gain":275,"player_choice":"Desecrate","damage_taken":0,"max_hp_gain":0,"max_hp_loss":0,"event_name":"Golden Shrine","floor":12,"gold_loss":0,"cards_obtained":["Regret"]},{"cards_removed":["Regret"],"damage_healed":0,"gold_gain":0,"player_choice":"Removed Curses","damage_taken":0,"max_hp_gain":0,"max_hp_loss":0,"event_name":"Fountain of Cleansing","floor":20,"gold_loss":0},{"damage_healed":0,"gold_gain":0,"player_choice":"Obtained Relic","damage_taken":0,"relics_obtained":["Runesmith:MiniCore"],"max_hp_gain":0,"max_hp_loss":0,"event_name":"Addict","floor":31,"gold_loss":85},{"damage_healed":0,"gold_gain":0,"player_choice":"Fight","damage_taken":0,"max_hp_gain":0,"max_hp_loss":0,"event_name":"Mysterious Sphere","floor":37,"gold_loss":0}],"is_beta":false,"boss_relics":[{"not_picked":["halation:PinkAlligatorPlush","halation:LoveArrow"],"picked":"hubris:Backtick"},{"not_picked":["Velvet Choker","Sozu"],"picked":"aspiration:PoetsPen_weak"}],"items_purged_floors":[5,5,5],"is_endless":false,"potions_floor_spawned":[1,7,13,16,22,33],"killed_by":"2 Orb Walkers","ascension_level":0}}