{"host":"aapp7ew3jk5k1bvd","time":1612531728,"event":{"mods":["AchievementEnabler","BaseMod","Colored Map","Minty Spire (QoL Compilation)","Permanent Neow","StSLib","SuperFastMode"],"gold_per_floor":[213,228,303,321,321,334,345,345,391,391,423,433,382,396,396,396,396],"floor_reached":16,"language":"KOR","playtime":232,"items_purged":[],"score":161,"play_id":"02f43e34-d21a-4885-9ce7-009a3e76c64c","local_time":"20210205222848","is_ascension_mode":true,"campfire_choices":[{"data":"Whirlwind","floor":8,"key":"SMITH"},{"data":"Sword Boomerang","floor":10,"key":"SMITH"},{"data":"Perfected Strike","floor":15,"key":"SMITH"}],"circlet_count":0,"master_deck":["AscendersBane","Strike_R","Strike_R","Strike_R","Strike_R","Strike_R","Defend_R","Defend_R","Defend_R","Defend_R","Bash","Whirlwind+1","Perfected Strike+1","Pommel Strike","Sword Boomerang+1","Armaments+1","Perfected Strike+1","Pommel Strike","Pommel Strike"],"relics":["Burning Blood","Anchor","Toxic Egg 2"],"acts_visited":["Exordium"],"potions_floor_usage":[],"damage_taken":[{"damage":7,"enemies":"2 Louse","floor":1,"turns":3},{"damage":11,"enemies":"Cultist","floor":2,"turns":4},{"damage":7,"enemies":"Jaw Worm","floor":4,"turns":2},{"damage":0,"enemies":"Lots of Slimes","floor":6,"turns":1},{"damage":5,"enemies":"Gremlin Gang","floor":7,"turns":3},{"damage":16,"enemies":"Gremlin Nob","floor":11,"turns":3},{"damage":0,"enemies":"Looter","floor":12,"turns":2},{"damage":9,"enemies":"Red Slaver","floor":14,"turns":4},{"damage":18,"enemies":"The Guardian","floor":16,"turns":7}],"seed_played":"5208106566764117962","potions_obtained":[{"floor":2,"key":"AttackPotion"},{"floor":6,"key":"BlessingOfTheForge"},{"floor":12,"key":"LiquidBronze"}],"is_trial":false,"path_per_floor":["M","M","?","M","?","M","M","R","T","R","E","M","$","M","R","B"],"character_chosen":"IRONCLAD","items_purchased":["Pommel Strike"],"campfire_rested":0,"item_purchase_floors":[13],"current_hp_per_floor":[71,66,55,54,54,60,61,61,61,61,51,57,57,54,54,36,36],"gold":396,"neow_bonus":"HUNDRED_GOLD","is_daily":false,"chose_seed":false,"campfire_upgraded":3,"win_rate":0.0,"timestamp":1612531728,"path_taken":["M","M","?","M","?","M","M","R","T","R","E","M","$","?","R","BOSS"],"items_purchased_type":["Card"],"build_version":"2020-12-22","purchased_purges":0,"victory":false,"max_hp_per_floor":[80,80,80,80,80,80,80,80,80,80,80,80,80,80,80,80,80],"card_choices":[{"not_picked":["Thunderclap","Headbutt"],"picked":"Whirlwind","floor":1},{"not_picked":["Body Slam","Ghostly Armor"],"picked":"Perfected Strike","floor":2},{"not_picked":["Headbutt","Wild Strike"],"picked":"Pommel Strike","floor":4},{"not_picked":["Burning Pact","Reckless Charge","Brutality"],"picked":"SKIP","floor":6},{"not_picked":["Anger","Wild Strike"],"picked":"Sword Boomerang","floor":7},{"not_picked":["Shockwave+1","Fiend Fire"],"picked":"Armaments+1","floor":11},{"not_picked":["Flex+1","Dual Wield+1"],"picked":"Perfected Strike","floor":12},{"not_picked":["Clothesline","Intimidate+1"],"picked":"Pommel Strike","floor":14}],"player_experience":1320398,"relics_obtained":[{"floor":9,"key":"Anchor"},{"floor":11,"key":"Toxic Egg 2"}],"event_choices":[{"damage_healed":0,"gold_gain":75,"player_choice":"Gather Gold","damage_taken":11,"max_hp_gain":0,"max_hp_loss":0,"event_name":"World of Goop","floor":3,"gold_loss":0},{"damage_healed":0,"gold_gain":0,"player_choice":"Upgraded","damage_taken":0,"max_hp_gain":0,"max_hp_loss":0,"event_name":"Upgrade Shrine","floor":5,"gold_loss":0,"cards_upgraded":["Perfected Strike"]}],"is_beta":false,"boss_relics":[],"items_purged_floors":[],"is_endless":false,"potions_floor_spawned":[2,6,12,14],"killed_by":"The Guardian","ascension_level":11}}