{"host":"rxqgn04mcfja67mv","time":1612531947,"event":{"mods":["AchievementEnabler","BaseMod","BetterRewards","Grow up Mod","Hermit","Hubris","Minty Spire (QoL Compilation)","Replay The Spire","Shop Mod","StSLib","The Bug Knight"],"gold_per_floor":[119,173,173,448,464,464,499,512,562,590,23,61,61,3,3,107,107,146,146,1,15,15,65,65,65,65,76,76,76,121,121,121,125,125,137,152,166,247,247,247,278,278,278,278,278,291,291,291,291,291,291,291,15,40,40],"floor_reached":56,"language":"ENG","playtime":2959,"items_purged":["Regret","Pain"],"score":1943,"play_id":"7d8dcfa0-ff57-4141-a21b-116bc4dc5f67","local_time":"20210205133227","is_ascension_mode":true,"campfire_choices":[{"floor":6.0,"key":"RECALL"},{"data":"Hemogenesis","floor":24,"key":"SMITH"},{"data":"HandOfGreed","floor":28,"key":"SMITH"},{"data":"RitualDagger","floor":32,"key":"SMITH"},{"floor":40,"key":"REST"},{"data":"Dual Wield","floor":42,"key":"SMITH"},{"data":"RitualDagger","floor":44,"key":"SMITH"},{"floor":49,"key":"DIG"},{"data":"Double Tap","floor":52,"key":"SMITH"}],"circlet_count":0,"master_deck":["Strike_R+1","Strike_R+1","Strike_R+1","Strike_R+1","Defend_R+1","Defend_R+1","Defend_R+1","Defend_R+1","Bash","Replay:Undeath\u0027s Touch","Flame Barrier","Seeing Red+1","ReplayReversal","Heavy Blade","Flex+1","Metallicize","Warcry","Flex+1","Hemokinesis","Hemokinesis","Clash+1","ReplayTheSpireMod:Uncanny Aura","HandOfGreed+1","Dark Embrace","Flex+1","Evolve","Hemogenesis+1","Flex+1","True Grit+1","Bludgeon","Clash+1","RitualDagger+1","Clothesline","RitualDagger+1","Double Tap+1","Sword Boomerang+1","hubris:ReadiedAction","Combust+1","Dual Wield+1","Clash+1","Limit Break+1","Hemokinesis","Hemokinesis","Dual Wield+1"],"relics":["Burning Blood","NeowsBlessing","Ancient Tea Set","Blue Doll","Replay:Wax Seal","Juzu Bracelet","Ornamental Fan","BargainBundle","Red Skull","hubris:ChampionShield","hubris:Backtick","Membership Card","Lee\u0027s Waffle","Tiny Chest","Akabeko","Garlic","hubris:TerracottaHorce","Regal Pillow","hubris:SlimyHat","WarpedTongs","hubris:Icosahedron","Replay:Bottled Eggs","Replay:WaspNest","Boot","Medical Kit","Orichalcum"],"acts_visited":["Exordium","TheCity","TheBeyond","TheEnding"],"potions_floor_usage":[33,41,41,46],"damage_taken":[{"damage":0.0,"enemies":"Cultist","floor":1.0,"turns":1.0},{"damage":0.0,"enemies":"2 Louse","floor":5.0,"turns":1.0},{"damage":0.0,"enemies":"Lagavulin","floor":7.0,"turns":1.0},{"damage":7.0,"enemies":"Small Slimes","floor":8.0,"turns":5.0},{"damage":0.0,"enemies":"Gremlin Nob","floor":10.0,"turns":2.0},{"damage":34.0,"enemies":"Lots of Slimes","floor":12.0,"turns":5.0},{"damage":137.0,"enemies":"Hexaghost","floor":16.0,"turns":9.0},{"damage":9.0,"enemies":"3 Byrds","floor":18.0,"turns":5.0},{"damage":23.0,"enemies":"2 Thieves","floor":21.0,"turns":4.0},{"damage":68,"enemies":"Slavers","floor":23,"turns":7},{"damage":23,"enemies":"Snake Plant","floor":27,"turns":3},{"damage":50,"enemies":"Centurion and Healer","floor":30,"turns":5},{"damage":130,"enemies":"Pondfish","floor":33,"turns":14},{"damage":87,"enemies":"3 Darklings","floor":35,"turns":7},{"damage":0,"enemies":"Orb Walker","floor":36,"turns":2},{"damage":72,"enemies":"3 Darklings","floor":37,"turns":6},{"damage":33,"enemies":"R_Hoarder","floor":41,"turns":9},{"damage":68,"enemies":"Transient","floor":46,"turns":5},{"damage":146,"enemies":"Donu and Deca","floor":50,"turns":8},{"damage":117,"enemies":"Shield and Spear","floor":54,"turns":6},{"damage":172,"enemies":"The Heart","floor":55,"turns":7}],"seed_played":"-6070817801209627611","potions_obtained":[{"floor":2.0,"key":"SkillPotion"},{"floor":2.0,"key":"SkillPotion"},{"floor":8.0,"key":"Explosive Potion"},{"floor":10.0,"key":"ColorlessPotion"},{"floor":18.0,"key":"BloodPotion"},{"floor":23,"key":"SpeedPotion"},{"floor":30,"key":"AttackPotion"},{"floor":33,"key":"ColorlessPotion"}],"is_trial":false,"path_per_floor":["M","?","?","?","M","R","E","M","T","E","$","M","?","$","R","B",null,"M","?","$","M","$","E","R","?","T","M","R","?","M","?","R","B",null,"M","M","M","T","?","R","E","R","T","R","?","M","?","T","R","B",null,"R","$","E","B",null],"character_chosen":"IRONCLAD","items_purchased":["Ornamental Fan","BargainBundle","Metallicize","Warcry","Flex","Hemokinesis","Clash+1","ReplayTheSpireMod:Uncanny Aura","HandOfGreed","Red Skull","Adrenaline Potion","ColorlessPotion","Flex+1","Evolve","Lee\u0027s Waffle","Tiny Chest","Limit Break+1","Boot","Hemokinesis","Medical Kit"],"campfire_rested":1,"item_purchase_floors":[11,11,11,11,11,11,11,11,11,11,11,11,14,14,20,20,53,53,53,53],"current_hp_per_floor":[100,110,113,123,139,149,160,169,179,190,200,182,192,202,240,119,260,267,277,297,290,300,253,263,273,283,284,294,298,264,274,284,261,396,325,341,285,295,305,461,444,454,464,474,484,432,442,452,462,332,541,551,561,471,315],"gold":40,"neow_bonus":"THREE_ENEMY_KILL","is_daily":false,"chose_seed":false,"campfire_upgraded":6,"win_rate":0.0,"timestamp":1612531947,"path_taken":["M","?","?","?","M","R","E","M","T","E","$","M","?","$","R","BOSS","M","?","$","M","$","E","R","?","T","M","R","?","M","?","R","BOSS","M","M","M","?","?","R","E","R","T","R","?","M","?","?","R","BOSS","R","$","E","BOSS"],"items_purchased_type":["Relic","Relic","Card","Card","Card","Card","Card","Card","Card","Relic","Potion","Potion","Card","Card","Relic","Relic","Card","Relic","Card","Relic"],"build_version":"2020-12-22","purchased_purges":2,"victory":true,"max_hp_per_floor":[100,110,120,130,140,150,160,170,180,190,200,210,220,230,240,250,260,270,280,297,307,317,327,337,347,357,367,377,387,397,407,417,427,437,447,457,467,477,487,497,507,517,527,537,547,557,567,577,587,597,607,617,627,637,647],"card_choices":[{"not_picked":["Wild Strike","Warcry"],"picked":"Replay:Undeath\u0027s Touch","floor":1.0},{"not_picked":["Havoc","Replay:Undeath\u0027s Touch"],"picked":"Flame Barrier","floor":2.0},{"not_picked":["Feel No Pain","ReplayTheSpireMod:Strike From Hell"],"picked":"Seeing Red","floor":5.0},{"not_picked":["Warcry","Armaments"],"picked":"ReplayReversal","floor":7.0},{"not_picked":["Pommel Strike","Warcry"],"picked":"Heavy Blade","floor":8.0},{"not_picked":["Exhume","Sentinel"],"picked":"Flex","floor":10.0},{"not_picked":["ReplayTheSpireMod:Stacked","True Grit"],"picked":"Dark Embrace","floor":12.0},{"not_picked":["Feed","Berserk"],"picked":"Hemogenesis","floor":16.0},{"not_picked":["Wild Strike","Iron Wave"],"picked":"Flex+1","floor":18.0},{"not_picked":["Cleave+1","Wild Strike"],"picked":"True Grit+1","floor":21.0},{"not_picked":["Shrug It Off","Dark Embrace"],"picked":"Bludgeon","floor":23},{"not_picked":["Thunderclap","Body Slam"],"picked":"Clash+1","floor":27},{"not_picked":["ReplayTheSpireMod:Stacked+1","Metallicize"],"picked":"Clothesline","floor":30},{"not_picked":["Impervious","Exhume"],"picked":"Double Tap","floor":33},{"not_picked":["Anger","Dark Embrace+1"],"picked":"Sword Boomerang+1","floor":35},{"not_picked":["Bloodletting","Dual Wield"],"picked":"hubris:ReadiedAction","floor":36},{"not_picked":["Entrench+1","Headbutt+1"],"picked":"Combust+1","floor":37},{"not_picked":["Metallicize+1","Spot Weakness"],"picked":"Dual Wield","floor":41},{"not_picked":["Havoc+1","Cleave"],"picked":"Clash+1","floor":46},{"not_picked":["Massacre","Warcry+1"],"picked":"Dual Wield+1","floor":54}],"player_experience":403369,"relics_obtained":[{"floor":2.0,"key":"Ancient Tea Set"},{"floor":7.0,"key":"Blue Doll"},{"floor":9.0,"key":"Replay:Wax Seal"},{"floor":10.0,"key":"Juzu Bracelet"},{"floor":23,"key":"Akabeko"},{"floor":26,"key":"Garlic"},{"floor":41,"key":"Regal Pillow"},{"floor":43,"key":"hubris:SlimyHat"},{"floor":48,"key":"Replay:Bottled Eggs"},{"floor":49,"key":"Replay:WaspNest"},{"floor":54,"key":"Orichalcum"}],"event_choices":[{"cards_removed":["ReplayTheSpireMod:Splinters"],"damage_healed":0.0,"max_hp_gain":0.0,"max_hp_loss":0.0,"gold_gain":0.0,"event_name":"Golden Wing","player_choice":"Card Removal","floor":3.0,"gold_loss":0.0,"damage_taken":7.0},{"damage_healed":0.0,"max_hp_gain":0.0,"max_hp_loss":0.0,"gold_gain":275.0,"event_name":"Golden Shrine","player_choice":"Desecrate","floor":4.0,"gold_loss":0.0,"damage_taken":0.0,"cards_obtained":["Regret"]},{"damage_healed":0.0,"max_hp_gain":0.0,"max_hp_loss":0.0,"gold_gain":0.0,"event_name":"WeMeetAgain","player_choice":"Gave Potion","floor":13.0,"gold_loss":0.0,"damage_taken":0.0,"relics_obtained":["hubris:ChampionShield"]},{"damage_healed":0.0,"max_hp_gain":0.0,"max_hp_loss":0.0,"gold_gain":0.0,"event_name":"Ghosts","player_choice":"Ignored","floor":19.0,"gold_loss":0.0,"damage_taken":0.0},{"damage_healed":0,"gold_gain":0,"player_choice":"Simplicity","damage_taken":0,"max_hp_gain":0,"max_hp_loss":0,"event_name":"Back to Basics","floor":25,"gold_loss":0,"cards_upgraded":["Strike_R","Strike_R","Strike_R","Strike_R","Strike_R","Defend_R","Defend_R","Defend_R","Defend_R"]},{"damage_healed":0,"gold_gain":0,"player_choice":"Joined the Cult","damage_taken":6,"max_hp_gain":0,"max_hp_loss":0,"event_name":"Nest","floor":29,"gold_loss":0,"cards_obtained":["RitualDagger"]},{"damage_healed":0,"gold_gain":0,"player_choice":"Copied","damage_taken":0,"max_hp_gain":0,"max_hp_loss":0,"event_name":"Duplicator","floor":31,"gold_loss":0,"cards_obtained":["RitualDagger"]},{"cards_removed":["Strike_R"],"damage_healed":0,"gold_gain":0,"player_choice":"Removed Attack","damage_taken":0,"max_hp_gain":0,"max_hp_loss":0,"event_name":"Falling","floor":39,"gold_loss":0},{"damage_healed":0,"gold_gain":0,"player_choice":"Rummage","damage_taken":0,"relics_obtained":["WarpedTongs"],"max_hp_gain":0,"max_hp_loss":0,"event_name":"Accursed Blacksmith","floor":45,"gold_loss":0,"cards_obtained":["Pain"]}],"is_beta":false,"boss_relics":[{"not_picked":["SlaversCollar","Pandora\u0027s Box"],"picked":"hubris:Backtick"},{"not_picked":["Honey Jar","hubris:CrackedHourglass"],"picked":"hubris:TerracottaHorce"}],"items_purged_floors":[11,53],"is_endless":false,"potions_floor_spawned":[8,10,18,23,30,33,35],"ascension_level":5}}