{"host":"r53pw7z744tg3fxg","time":1612532361,"event":{"mods":["AchievementEnabler","BaseMod","Colored Map","Colored Powertips","Highlight Path","Minty Spire (QoL Compilation)","Quick Restart","Transform Curses"],"gold_per_floor":[113,128,128,143,46,46,46,46,46,46,80,96,110,138,138,211,211,223,242,15,35,5,5,24,24,24,24,24],"floor_reached":27,"language":"ENG","playtime":931,"items_purged":[],"score":519,"play_id":"cb0ecaa7-6411-4531-aba2-12549bb6b217","local_time":"20210205063921","is_ascension_mode":true,"campfire_choices":[{"data":"Eruption","floor":6.0,"key":"SMITH"},{"data":"Dramatic Entrance","floor":8.0,"key":"SMITH"},{"data":"LikeWater","floor":10.0,"key":"SMITH"},{"data":"SashWhip","floor":15.0,"key":"SMITH"},{"floor":23.0,"key":"REST"},{"floor":25.0,"key":"REST"}],"circlet_count":0,"master_deck":["AscendersBane","Strike_P","Strike_P","Strike_P","Strike_P","Defend_P","Defend_P","Defend_P","Defend_P","Eruption+1","Vigilance","LikeWater+1","Swivel","SashWhip+1","Dramatic Entrance+1","CarveReality","FollowUp","Conclude","EmptyBody","DevaForm","ReachHeaven","Prostrate","Halt","Crescendo","BowlingBash","Evaluate"],"relics":["PureWater","Ornamental Fan","MealTicket","Torii","SlaversCollar","Vajra","Molten Egg 2"],"acts_visited":["Exordium","TheCity"],"potions_floor_usage":[27],"damage_taken":[{"damage":7.0,"enemies":"Small Slimes","floor":1.0,"turns":6.0},{"damage":2.0,"enemies":"Cultist","floor":2.0,"turns":3.0},{"damage":0.0,"enemies":"Jaw Worm","floor":4.0,"turns":3.0},{"damage":0.0,"enemies":"Gremlin Nob","floor":11.0,"turns":2.0},{"damage":2.0,"enemies":"Exordium Thugs","floor":12.0,"turns":5.0},{"damage":2.0,"enemies":"Looter","floor":13.0,"turns":3.0},{"damage":0.0,"enemies":"3 Sentries","floor":14.0,"turns":2.0},{"damage":1.0,"enemies":"Slime Boss","floor":16.0,"turns":7.0},{"damage":3.0,"enemies":"3 Byrds","floor":18.0,"turns":6.0},{"damage":20.0,"enemies":"2 Thieves","floor":19.0,"turns":3.0},{"damage":39.0,"enemies":"Snake Plant","floor":21.0,"turns":6.0},{"damage":22.0,"enemies":"3 Cultists","floor":24.0,"turns":4.0},{"damage":59,"enemies":"Book of Stabbing","floor":27,"turns":5}],"seed_played":"9136942712336697369","potions_obtained":[{"floor":1.0,"key":"Energy Potion"},{"floor":7.0,"key":"Weak Potion"},{"floor":7.0,"key":"ColorlessPotion"},{"floor":12.0,"key":"BlessingOfTheForge"},{"floor":14.0,"key":"SpeedPotion"},{"floor":19.0,"key":"BlessingOfTheForge"},{"floor":24.0,"key":"StancePotion"}],"is_trial":false,"path_per_floor":["M","M","?","M","$","R","?","R","T","R","E","M","M","E","R","B",null,"M","M","$","M","$","R","M","R","T","E"],"character_chosen":"WATCHER","items_purchased":["Dramatic Entrance","Vajra","Halt","BowlingBash"],"campfire_rested":2,"item_purchase_floors":[5,20,20,22],"current_hp_per_floor":[60,58,58,58,58,58,58,58,58,58,58,56,54,54,54,53,69,66,46,61,22,37,59,37,59,59,0,0],"gold":24,"neow_bonus":"TEN_PERCENT_HP_BONUS","is_daily":false,"chose_seed":false,"campfire_upgraded":4,"win_rate":0.0,"timestamp":1612532361,"path_taken":["M","M","?","M","$","R","?","R","T","R","E","M","?","E","R","BOSS","M","?","$","M","$","R","M","R","T","E"],"items_purchased_type":["Card","Relic","Card","Card"],"build_version":"2020-12-22","purchased_purges":0,"victory":false,"max_hp_per_floor":[74,74,74,74,74,74,74,74,74,74,74,74,74,74,74,74,74,74,74,74,74,74,74,74,74,74,74,74],"card_choices":[{"not_picked":["InnerPeace","Consecrate"],"picked":"LikeWater","floor":1.0},{"not_picked":["Wireheading","Nirvana"],"picked":"Swivel","floor":2.0},{"not_picked":["Swivel","JustLucky"],"picked":"SashWhip","floor":4.0},{"not_picked":["Swivel","PathToVictory"],"picked":"CarveReality","floor":11.0},{"not_picked":["Scrawl","ClearTheMind"],"picked":"FollowUp","floor":12.0},{"not_picked":["Adaptation","WheelKick"],"picked":"Conclude","floor":13.0},{"not_picked":["Fasting2","PathToVictory"],"picked":"EmptyBody","floor":14.0},{"not_picked":["Alpha","Omniscience"],"picked":"DevaForm","floor":16.0},{"not_picked":["Halt","CarveReality+1"],"picked":"ReachHeaven","floor":18.0},{"not_picked":["LikeWater+1","Vengeance"],"picked":"Prostrate","floor":19.0},{"not_picked":["Worship","Halt"],"picked":"Crescendo","floor":21.0},{"not_picked":["Halt","SashWhip"],"picked":"Evaluate","floor":24.0}],"player_experience":1439932,"relics_obtained":[{"floor":9.0,"key":"Ornamental Fan"},{"floor":11.0,"key":"MealTicket"},{"floor":14.0,"key":"Torii"},{"floor":26.0,"key":"Molten Egg 2"}],"event_choices":[{"damage_healed":0.0,"max_hp_gain":0.0,"max_hp_loss":0.0,"gold_gain":0.0,"event_name":"Liars Game","player_choice":"Ignored","floor":3.0,"gold_loss":0.0,"damage_taken":0.0},{"damage_healed":0.0,"max_hp_gain":0.0,"max_hp_loss":0.0,"gold_gain":0.0,"event_name":"Lab","player_choice":"Got Potions","floor":7.0,"gold_loss":0.0,"damage_taken":0.0}],"is_beta":false,"boss_relics":[{"not_picked":["Runic Pyramid","Philosopher\u0027s Stone"],"picked":"SlaversCollar"}],"items_purged_floors":[],"is_endless":false,"potions_floor_spawned":[1,12,14,19,24],"killed_by":"Book of Stabbing","ascension_level":18}}