{"host":"oigynbtg272c19pw","time":1612548220,"event":{"mods":["BaseMod","Colored Map","Minty Spire (QoL Compilation)","Relic Stats","Slay the Relics Exporter","StSLib"],"gold_per_floor":[113,125,138,37,54,54,79,79,155,31,31,31],"floor_reached":11,"playtime":940,"items_purged":["Decay"],"score":146,"play_id":"adc21494-6326-4b57-8f91-56bb1a153ccb","local_time":"20210205190340","is_ascension_mode":true,"campfire_choices":[{"data":"Skewer","floor":6,"key":"SMITH"}],"circlet_count":0,"master_deck":["AscendersBane","Strike_G","Strike_G","Strike_G","Strike_G","Strike_G","Defend_G","Defend_G","Defend_G","Defend_G","Defend_G","Survivor","Neutralize","Skewer+1","Well Laid Plans","Outmaneuver","Dagger Spray","PiercingWail","After Image","Noxious Fumes","Masterful Stab"],"relics":["Ring of the Snake","Ginger","Unceasing Top","Golden Idol","Shuriken"],"acts_visited":["Exordium"],"potions_floor_usage":[7],"damage_taken":[{"damage":4,"enemies":"Jaw Worm","floor":1,"turns":6},{"damage":4,"enemies":"Small Slimes","floor":2,"turns":5},{"damage":0,"enemies":"2 Louse","floor":3,"turns":3},{"damage":7,"enemies":"Looter","floor":5,"turns":5},{"damage":28,"enemies":"Gremlin Nob","floor":7,"turns":4},{"damage":8,"enemies":"3 Sentries","floor":11,"turns":3}],"seed_played":"8395976716119615651","potions_obtained":[{"floor":5,"key":"Fire Potion"}],"is_trial":false,"path_per_floor":["M","M","M","$","M","R","E","?","T","$","E"],"character_chosen":"THE_SILENT","items_purchased":["Dagger Spray","Noxious Fumes","Masterful Stab"],"campfire_rested":0,"item_purchase_floors":[4,10,10],"current_hp_per_floor":[55,51,51,51,44,44,16,16,16,16,8,8],"gold":31,"neow_bonus":"ONE_RARE_RELIC","is_daily":false,"chose_seed":false,"campfire_upgraded":1,"win_rate":0.0,"timestamp":1612548220,"path_taken":["M","M","M","$","M","R","E","?","T","$","E"],"items_purchased_type":["Card","Card","Card"],"build_version":"2020-12-13","purchased_purges":1,"victory":false,"max_hp_per_floor":[66,66,66,66,66,66,66,60,60,60,60,60],"relic_stats":{"counters":[6,26],"Golden Idol":0,"Shuriken":[0],"Ginger":[3],"obtain_stats":[{"Golden Idol":8,"Shuriken":9,"Ginger":0,"Unceasing Top":7,"Ring of the Snake":0},{"Golden Idol":5,"Shuriken":5,"Ginger":0,"Unceasing Top":5,"Ring of the Snake":0},{"Golden Idol":23,"Shuriken":23,"Ginger":0,"Unceasing Top":23,"Ring of the Snake":0}],"Unceasing Top":[0],"Ring of the Snake":[12]},"card_choices":[{"not_picked":["PiercingWail","Bane"],"picked":"Skewer","floor":1},{"not_picked":["Dodge and Roll","Sucker Punch"],"picked":"Well Laid Plans","floor":2},{"not_picked":["Blade Dance","Sucker Punch"],"picked":"Outmaneuver","floor":3},{"not_picked":["Blade Dance","Bane"],"picked":"PiercingWail","floor":5},{"not_picked":["Terror","Choke"],"picked":"After Image","floor":7}],"player_experience":1547355,"relics_obtained":[{"floor":7,"key":"Unceasing Top"},{"floor":9,"key":"Shuriken"}],"event_choices":[{"damage_healed":0,"gold_gain":0,"player_choice":"Lose Max HP","damage_taken":0,"relics_obtained":["Golden Idol"],"max_hp_gain":0,"max_hp_loss":6,"event_name":"Golden Idol","floor":8,"gold_loss":0}],"is_beta":false,"boss_relics":[],"items_purged_floors":[4],"is_endless":false,"potions_floor_spawned":[5],"killed_by":"3 Sentries","ascension_level":20}}