{"host":"3jjxuhjpio8e4zkv","time":1612554560,"event":{"mods":["BaseMod","Colored Map","Highlight Path","Minty Spire (QoL Compilation)","Permanent Neow","Relic Stats","StSLib"],"gold_per_floor":[116,131,51,61,77,77,110,126,153,153,153,167,195,19,19,94,94,106,106,118,118,15,15,48,59,86,112,112,127,127,161,161,236,236,253,265,284,0,0,0,29,43,43,55,55,55],"floor_reached":45,"language":"ENG","playtime":1837,"items_purged":["Strike_G+1"],"score":1155,"play_id":"ad86b42d-0c68-4af2-a08e-8740ed6c295a","local_time":"20210205144920","is_ascension_mode":true,"campfire_choices":[{"data":"Terror","floor":6,"key":"SMITH"},{"floor":10,"key":"REST"},{"data":"Footwork","floor":15,"key":"SMITH"},{"data":"Accuracy","floor":23,"key":"SMITH"},{"data":"Burst","floor":30,"key":"SMITH"},{"data":"Sucker Punch","floor":32,"key":"SMITH"},{"floor":40,"key":"RECALL"}],"circlet_count":0,"master_deck":["AscendersBane","Strike_G+1","Strike_G+1","Defend_G+1","Defend_G+1","Defend_G+1","Defend_G+1","Survivor","Neutralize","Terror+1","Flying Knee","Blade Dance","Accuracy+1","A Thousand Cuts","Finisher","Blade Dance","PiercingWail","Blur","Footwork+1","Backstab","Burst+1","Dagger Spray+1","Well Laid Plans","Backflip","PiercingWail","Dodge and Roll","Acrobatics","Accuracy+1","Sucker Punch+1","Tools of the Trade+1","Acrobatics","Dash","Acrobatics+1","All Out Attack","Predator","PiercingWail+1","Corpse Explosion"],"relics":["Ring of the Snake","Nunchaku","Centennial Puzzle","Whetstone","Coffee Dripper","PreservedInsect","Art of War","Frozen Egg 2","Juzu Bracelet","Snecko Eye","Kunai","Peace Pipe","Bottled Tornado"],"acts_visited":["Exordium","TheCity","TheBeyond"],"potions_floor_usage":[7,20,24,27,31,33,45],"damage_taken":[{"damage":12,"enemies":"Small Slimes","floor":1,"turns":4},{"damage":0,"enemies":"Jaw Worm","floor":2,"turns":5},{"damage":0,"enemies":"Cultist","floor":4,"turns":2},{"damage":18,"enemies":"Exordium Wildlife","floor":5,"turns":4},{"damage":0,"enemies":"Gremlin Nob","floor":7,"turns":2},{"damage":7,"enemies":"3 Louse","floor":8,"turns":3},{"damage":5,"enemies":"Lots of Slimes","floor":12,"turns":3},{"damage":4,"enemies":"3 Sentries","floor":13,"turns":6},{"damage":13,"enemies":"The Guardian","floor":16,"turns":12},{"damage":0,"enemies":"Chosen","floor":18,"turns":3},{"damage":3,"enemies":"2 Thieves","floor":20,"turns":2},{"damage":20,"enemies":"Book of Stabbing","floor":24,"turns":4},{"damage":2,"enemies":"Snake Plant","floor":25,"turns":4},{"damage":4,"enemies":"Gremlin Leader","floor":27,"turns":6},{"damage":1,"enemies":"Centurion and Healer","floor":29,"turns":4},{"damage":3,"enemies":"Slavers","floor":31,"turns":2},{"damage":7,"enemies":"Automaton","floor":33,"turns":10},{"damage":0,"enemies":"3 Shapes","floor":35,"turns":3},{"damage":5,"enemies":"Orb Walker","floor":36,"turns":2},{"damage":0,"enemies":"Spire Growth","floor":37,"turns":3},{"damage":0,"enemies":"Giant Head","floor":41,"turns":6},{"damage":11,"enemies":"Jaw Worm Horde","floor":42,"turns":3},{"damage":23,"enemies":"Maw","floor":44,"turns":7},{"damage":25,"enemies":"Reptomancer","floor":45,"turns":2}],"seed_played":"-6020096154827458152","potions_obtained":[{"floor":1,"key":"Regen Potion"},{"floor":5,"key":"AttackPotion"},{"floor":12,"key":"Dexterity Potion"},{"floor":16,"key":"LiquidMemories"},{"floor":25,"key":"EssenceOfSteel"},{"floor":27,"key":"ColorlessPotion"},{"floor":31,"key":"Energy Potion"},{"floor":35,"key":"Dexterity Potion"},{"floor":41,"key":"LiquidBronze"},{"floor":44,"key":"Poison Potion"}],"is_trial":false,"path_per_floor":["M","M","$","M","M","R","E","M","T","R","?","M","E","$","R","B",null,"M","?","M","?","$","R","E","M","T","E","?","M","R","E","R","B",null,"M","M","M","$","?","R","E","M","T","M","E"],"character_chosen":"THE_SILENT","items_purchased":["Blade Dance","PowerPotion","Footwork","Backstab","Backflip","Kunai"],"campfire_rested":1,"item_purchase_floors":[3,3,14,14,22,38],"current_hp_per_floor":[47,47,47,47,29,29,29,22,22,40,45,40,36,36,36,23,55,55,55,52,52,52,52,32,30,30,26,26,25,25,22,22,15,53,53,48,48,48,48,48,48,37,37,14,0,0],"gold":55,"neow_bonus":"REMOVE_TWO","is_daily":false,"chose_seed":false,"campfire_upgraded":5,"win_rate":0.0,"timestamp":1612554560,"path_taken":["M","M","$","M","M","R","E","M","T","R","?","M","E","$","R","BOSS","M","?","M","?","$","R","E","?","T","E","?","M","R","E","R","BOSS","M","M","M","$","?","R","E","M","T","M","E"],"items_purchased_type":["Card","Potion","Card","Card","Card","Relic"],"build_version":"2020-12-22","purchased_purges":1,"victory":false,"max_hp_per_floor":[60,60,60,60,60,60,60,60,60,60,65,65,65,65,65,65,65,65,65,65,65,65,65,65,65,65,65,65,65,65,65,65,65,65,65,65,65,65,65,65,65,65,65,65,65,65],"relic_stats":{"Peace Pipe":0,"Nunchaku":[25],"Centennial Puzzle":[42],"counters":[24,102],"Snecko Eye":[64,72,59,61],"PreservedInsect":282,"Art of War":[6],"Juzu Bracelet":0,"Whetstone":["Strike_G","Strike_G"],"Kunai":[14],"obtain_stats":[{"PreservedInsect":24,"Juzu Bracelet":31,"Whetstone":13,"Frozen Egg 2":27,"Bottled Tornado":43,"Peace Pipe":41,"Nunchaku":7,"Centennial Puzzle":9,"Snecko Eye":34,"Coffee Dripper":17,"Art of War":26,"Kunai":38,"Ring of the Snake":0},{"PreservedInsect":12,"Juzu Bracelet":16,"Whetstone":8,"Frozen Egg 2":14,"Bottled Tornado":22,"Peace Pipe":21,"Nunchaku":5,"Centennial Puzzle":6,"Snecko Eye":17,"Coffee Dripper":9,"Art of War":13,"Kunai":20,"Ring of the Snake":0},{"PreservedInsect":50,"Juzu Bracelet":66,"Whetstone":29,"Frozen Egg 2":60,"Bottled Tornado":93,"Peace Pipe":90,"Nunchaku":17,"Centennial Puzzle":20,"Snecko Eye":76,"Coffee Dripper":41,"Art of War":54,"Kunai":84,"Ring of the Snake":0}],"Ring of the Snake":[48]},"card_choices":[{"not_picked":["Dagger Spray","Caltrops"],"picked":"Terror","floor":1},{"not_picked":["Finisher","Leg Sweep"],"picked":"Flying Knee","floor":2},{"not_picked":["Bane","Dagger Throw"],"picked":"Accuracy","floor":4},{"not_picked":["Poisoned Stab","Skewer"],"picked":"A Thousand Cuts","floor":5},{"not_picked":["Escape Plan","Dagger Throw"],"picked":"Finisher","floor":7},{"not_picked":["Slice","Acrobatics"],"picked":"Blade Dance","floor":8},{"not_picked":["Acrobatics","Caltrops"],"picked":"PiercingWail","floor":12},{"not_picked":["Backflip","PiercingWail"],"picked":"Blur","floor":13},{"not_picked":["Unload","Night Terror"],"picked":"Burst","floor":16},{"not_picked":["Prepared","Skewer","Tactician"],"picked":"SKIP","floor":18},{"not_picked":["Outmaneuver","Escape Plan+1"],"picked":"Dagger Spray+1","floor":20},{"not_picked":["Acrobatics","Flying Knee"],"picked":"PiercingWail","floor":24},{"not_picked":["PiercingWail","Finisher"],"picked":"Dodge and Roll","floor":25},{"not_picked":["Dodge and Roll","Underhanded Strike+1"],"picked":"Acrobatics","floor":27},{"not_picked":["Dagger Throw","Quick Slash"],"picked":"Accuracy+1","floor":29},{"not_picked":["Outmaneuver","Dagger Spray"],"picked":"Sucker Punch","floor":31},{"not_picked":["Storm of Steel","Grand Finale"],"picked":"Tools of the Trade+1","floor":33},{"not_picked":["Bane","Outmaneuver"],"picked":"Acrobatics","floor":35},{"not_picked":["Bane","Quick Slash"],"picked":"Dash","floor":36},{"not_picked":["Quick Slash","Deflect"],"picked":"Acrobatics+1","floor":37},{"not_picked":["Riddle With Holes","Bane"],"picked":"Predator","floor":41},{"not_picked":["Bane+1","Acrobatics"],"picked":"PiercingWail+1","floor":42},{"not_picked":["Poisoned Stab","Dagger Throw"],"picked":"Corpse Explosion","floor":44}],"player_experience":1256151,"relics_obtained":[{"floor":7,"key":"Nunchaku"},{"floor":9,"key":"Centennial Puzzle"},{"floor":13,"key":"Whetstone"},{"floor":24,"key":"PreservedInsect"},{"floor":26,"key":"Art of War"},{"floor":27,"key":"Frozen Egg 2"},{"floor":31,"key":"Juzu Bracelet"},{"floor":41,"key":"Peace Pipe"},{"floor":43,"key":"Bottled Tornado"}],"event_choices":[{"damage_healed":0,"gold_gain":0,"player_choice":"Donut","damage_taken":0,"max_hp_gain":5,"max_hp_loss":0,"event_name":"Big Fish","floor":11,"gold_loss":0},{"damage_healed":0,"gold_gain":0,"player_choice":"Simplicity","damage_taken":0,"max_hp_gain":0,"max_hp_loss":0,"event_name":"Back to Basics","floor":19,"gold_loss":0,"cards_upgraded":["Strike_G","Strike_G","Defend_G","Defend_G","Defend_G","Defend_G"]},{"damage_healed":0,"gold_gain":0,"player_choice":"Read","damage_taken":0,"max_hp_gain":0,"max_hp_loss":0,"event_name":"The Library","floor":21,"gold_loss":0,"cards_obtained":["Well Laid Plans"]},{"damage_healed":0,"gold_gain":0,"player_choice":"Ignored","damage_taken":0,"max_hp_gain":0,"max_hp_loss":0,"event_name":"Vampires","floor":28,"gold_loss":0},{"damage_healed":0,"gold_gain":0,"cards_transformed":["Strike_G"],"player_choice":"Transformed","damage_taken":0,"max_hp_gain":0,"max_hp_loss":0,"event_name":"Transmorgrifier","floor":39,"gold_loss":0,"cards_obtained":["All Out Attack"]}],"is_beta":false,"boss_relics":[{"not_picked":["HoveringKite","Runic Dome"],"picked":"Coffee Dripper"},{"not_picked":["Philosopher\u0027s Stone","Tiny House"],"picked":"Snecko Eye"}],"items_purged_floors":[22],"is_endless":false,"potions_floor_spawned":[1,5,12,16,18,25,27,31,35,41,44],"killed_by":"Reptomancer","ascension_level":20}}