{"host":"aw6ta4ll26ap9lu8","time":1612483925,"event":{"mods":["AchievementEnabler","AlwaysNeverKeys","BaseMod","Bestiary","Block Reminder","Colored Map","Colored Powertips","Dark Map","DeckTracker","Highlight Path","Minty Spire (QoL Compilation)","Permanent Neow","Quick Restart","Relic Stats","StSLib"],"gold_per_floor":[366,385,50,50,65,99,118,118,195,222,222,142,175,191,191,191,191],"floor_reached":16,"language":"ENG","playtime":517,"items_purged":["Defend_P","Strike_P"],"score":272,"play_id":"6d1844ff-b5db-44e0-802f-a090dbeb89b7","local_time":"20210204191205","is_ascension_mode":true,"campfire_choices":[{"data":"Eruption","floor":8.0,"key":"SMITH"},{"data":"BowlingBash","floor":11.0,"key":"SMITH"},{"floor":15.0,"key":"REST"}],"circlet_count":0,"master_deck":["AscendersBane","Strike_P","Strike_P","Strike_P","Defend_P","Defend_P","Defend_P","Eruption+1","Vigilance","Evaluate","BowlingBash+1","CutThroughFate","Adaptation"],"relics":["PureWater","TeardropLocket","FossilizedHelix","The Courier","Potion Belt","MealTicket"],"acts_visited":["Exordium"],"potions_floor_usage":[16],"damage_taken":[{"damage":0.0,"enemies":"Small Slimes","floor":1.0,"turns":3.0},{"damage":0.0,"enemies":"Jaw Worm","floor":2.0,"turns":3.0},{"damage":1.0,"enemies":"2 Louse","floor":5.0,"turns":2.0},{"damage":23.0,"enemies":"3 Sentries","floor":6.0,"turns":4.0},{"damage":0.0,"enemies":"Blue Slaver","floor":7.0,"turns":2.0},{"damage":0.0,"enemies":"Lagavulin","floor":10.0,"turns":4.0},{"damage":0.0,"enemies":"Gremlin Nob","floor":13.0,"turns":2.0},{"damage":0.0,"enemies":"2 Fungi Beasts","floor":14.0,"turns":3.0},{"damage":62,"enemies":"Hexaghost","floor":16,"turns":9}],"seed_played":"2901291973947295790","potions_obtained":[{"floor":2.0,"key":"Swift Potion"},{"floor":6.0,"key":"Fire Potion"},{"floor":7.0,"key":"Strength Potion"},{"floor":10.0,"key":"DistilledChaos"},{"floor":14.0,"key":"Regen Potion"}],"is_trial":false,"path_per_floor":["M","M","$","?","M","E","M","R","T","E","R","$","E","M","R","B"],"character_chosen":"WATCHER","items_purchased":["TeardropLocket"],"campfire_rested":1,"item_purchase_floors":[3],"current_hp_per_floor":[47,47,47,47,46,23,23,23,23,23,23,23,23,23,44,0,0],"gold":191,"neow_bonus":"TWO_FIFTY_GOLD","is_daily":false,"chose_seed":false,"campfire_upgraded":2,"win_rate":0.0,"timestamp":1612483925,"path_taken":["M","M","$","?","M","E","M","R","T","E","R","$","E","M","R","BOSS"],"items_purchased_type":["Relic"],"build_version":"2020-12-22","purchased_purges":2,"victory":false,"max_hp_per_floor":[72,72,72,72,72,72,72,72,72,72,72,72,72,72,72,72,72],"relic_stats":{"counters":[9,32],"MealTicket":0,"obtain_stats":[{"Potion Belt":10,"MealTicket":13,"The Courier":9,"TeardropLocket":3,"PureWater":0,"FossilizedHelix":6},{"Potion Belt":6,"MealTicket":7,"The Courier":5,"TeardropLocket":2,"PureWater":0,"FossilizedHelix":4},{"Potion Belt":18,"MealTicket":20,"The Courier":14,"TeardropLocket":6,"PureWater":0,"FossilizedHelix":12}]},"card_choices":[{"not_picked":["CrushJoints","BattleHymn"],"picked":"Evaluate","floor":1.0},{"not_picked":["JustLucky","WindmillStrike","EmptyFist"],"picked":"SKIP","floor":2.0},{"not_picked":["ThirdEye","Meditate"],"picked":"BowlingBash","floor":5.0},{"not_picked":["Meditate","CrushJoints"],"picked":"CutThroughFate","floor":6.0},{"not_picked":["Blasphemy","Prostrate","PathToVictory"],"picked":"SKIP","floor":7.0},{"not_picked":["FlyingSleeves","CarveReality","ClearTheMind"],"picked":"SKIP","floor":10.0},{"not_picked":["ClearTheMind","Halt","Meditate"],"picked":"SKIP","floor":13.0},{"not_picked":["MentalFortress","LikeWater"],"picked":"Adaptation","floor":14.0}],"player_experience":633535,"relics_obtained":[{"floor":6.0,"key":"FossilizedHelix"},{"floor":9.0,"key":"The Courier"},{"floor":10.0,"key":"Potion Belt"},{"floor":13.0,"key":"MealTicket"}],"event_choices":[{"damage_healed":0.0,"max_hp_gain":0.0,"max_hp_loss":0.0,"gold_gain":0.0,"event_name":"Liars Game","player_choice":"Ignored","floor":4.0,"gold_loss":0.0,"damage_taken":0.0}],"is_beta":false,"boss_relics":[],"items_purged_floors":[3,12],"is_endless":false,"potions_floor_spawned":[2,6,7,10,14],"killed_by":"Hexaghost","ascension_level":12}}