{"host":"avjwtc49fhlk6kym","time":1612569282,"event":{"mods":["AchievementEnabler","BaseMod","Better Match","Better Note","Better Third Choice","Colored Map","Colored Powertips","Displayed Cursed Tome","Highlight Path","Minty Spire (QoL Compilation)","Permanent Neow","Quick Restart","StSLib"],"gold_per_floor":[109,123,78,78,95,95,108,108,108,122,122,135,167,182,182,182,182],"floor_reached":16,"language":"ENG","playtime":603,"items_purged":[],"score":104,"play_id":"30c6d374-7174-4ccf-a083-9d118703bf23","local_time":"20210205185442","is_ascension_mode":false,"campfire_choices":[{"data":"Eruption","floor":6,"key":"SMITH"},{"data":"CutThroughFate","floor":8,"key":"SMITH"},{"data":"Consecrate","floor":11,"key":"SMITH"},{"floor":15,"key":"REST"}],"circlet_count":0,"master_deck":["Strike_P","Strike_P","Strike_P","Strike_P","Defend_P","Defend_P","Defend_P","Eruption+1","Vigilance","Establishment","ClearTheMind","CutThroughFate+1","Conclude","Consecrate+1","WheelKick","SandsOfTime"],"relics":["PureWater","Singing Bowl","InkBottle"],"acts_visited":["Exordium"],"potions_floor_usage":[5,13,14],"damage_taken":[{"damage":2,"enemies":"Cultist","floor":1,"turns":3},{"damage":0,"enemies":"Small Slimes","floor":2,"turns":3},{"damage":0,"enemies":"Jaw Worm","floor":5,"turns":2},{"damage":5,"enemies":"Looter","floor":7,"turns":2},{"damage":13,"enemies":"2 Fungi Beasts","floor":10,"turns":3},{"damage":0,"enemies":"Lots of Slimes","floor":12,"turns":1},{"damage":32,"enemies":"Lagavulin","floor":13,"turns":5},{"damage":10,"enemies":"Large Slime","floor":14,"turns":3},{"damage":40,"enemies":"The Guardian","floor":16,"turns":10}],"seed_played":"7629442598577130093","potions_obtained":[{"floor":2,"key":"DistilledChaos"},{"floor":5,"key":"Swift Potion"},{"floor":7,"key":"Fire Potion"}],"is_trial":false,"path_per_floor":["M","M","$","?","M","R","M","R","T","M","R","M","E","M","R","B"],"character_chosen":"WATCHER","items_purchased":["CutThroughFate"],"campfire_rested":1,"item_purchase_floors":[3],"current_hp_per_floor":[70,70,70,70,70,70,65,65,65,54,54,54,22,14,36,0,0],"gold":182,"neow_bonus":"ONE_RANDOM_RARE_CARD","is_daily":false,"chose_seed":false,"campfire_upgraded":3,"win_rate":0.0,"timestamp":1612569282,"path_taken":["M","?","$","?","M","R","M","R","T","M","R","M","E","M","R","BOSS"],"items_purchased_type":["Card"],"build_version":"2020-12-22","purchased_purges":0,"victory":false,"max_hp_per_floor":[72,72,72,72,72,72,72,72,72,74,74,74,74,76,76,76,76],"card_choices":[{"not_picked":["EmptyBody","Crescendo","Nirvana"],"picked":"SKIP","floor":1},{"not_picked":["SashWhip","Indignation"],"picked":"ClearTheMind","floor":2},{"not_picked":["Swivel","Protect"],"picked":"Conclude","floor":5},{"not_picked":["EmptyBody","Evaluate"],"picked":"Consecrate","floor":7},{"not_picked":["Protect","EmptyBody","Alpha"],"picked":"Singing Bowl","floor":10},{"not_picked":["JustLucky","Meditate"],"picked":"WheelKick","floor":12},{"not_picked":["CrushJoints","Wireheading"],"picked":"SandsOfTime","floor":13},{"not_picked":["Weave","EmptyBody","JustLucky"],"picked":"Singing Bowl","floor":14}],"player_experience":431259,"relics_obtained":[{"floor":9,"key":"Singing Bowl"},{"floor":13,"key":"InkBottle"}],"event_choices":[{"cards_removed":["Defend_P"],"damage_healed":0,"gold_gain":0,"player_choice":"Offered Basic","damage_taken":0,"max_hp_gain":0,"max_hp_loss":0,"event_name":"Bonfire Elementals","floor":4,"gold_loss":0}],"is_beta":false,"boss_relics":[],"items_purged_floors":[],"is_endless":false,"potions_floor_spawned":[2,5,7],"killed_by":"The Guardian","ascension_level":0}}