{"host":"yuwyc1esdalgjt4e","time":1612540560,"event":{"mods":["Arknights","Astrologer","BaseMod","CapriCore","Hermit","KomeijiMod","Marisa????????","Minty Spire (QoL Compilation)","Railgun Mod","Reimu??????","StSLib","The Bug Knight","The Death Knight","The Dragon Tamer","The Hierophant","The Immortal","The Marked","The Servant 0.9.4","The Wild Card","TheSwordswoman","Yuri Mod"],"gold_per_floor":[16,16,16,16,316,349,365,365,365,365,381,306,306,316,316,418,418,418,86,86,86,86,86,86,86,86],"floor_reached":25,"language":"ENG","playtime":744,"items_purged":["DeathKnight:Defend_DeathKnight","DeathKnight:Defend_DeathKnight"],"score":217,"play_id":"567e0296-ce6f-42db-b079-a619d4cf57d1","local_time":"20210205165600","is_ascension_mode":false,"campfire_choices":[{"data":"DeathKnight:RuneTap","floor":8,"key":"SMITH"},{"floor":10,"key":"REST"},{"data":"DeathKnight:DarkSuccor","floor":13,"key":"SMITH"},{"floor":15,"key":"REST"},{"data":"DeathKnight:Defile","floor":23,"key":"SMITH"}],"circlet_count":0,"master_deck":["DeathKnight:Strike_DeathKnight","DeathKnight:Strike_DeathKnight","DeathKnight:Strike_DeathKnight","DeathKnight:Strike_DeathKnight","DeathKnight:Strike_DeathKnight","DeathKnight:Defend_DeathKnight","DeathKnight:Defend_DeathKnight","DeathKnight:RuneTap+1","DeathKnight:RuneStrike","DeathKnight:IcyTouch","DeathKnight:DeathAndDecay","DeathKnight:DarkSuccor+1","DeathKnight:PlagueStrike","DeathKnight:Frostscythe","DeathKnight:Defile+1","Flash of Steel","DeathKnight:Pestilence","DeathKnight:DeathRune"],"relics":["DeathKnight:BrokenRuneblade","DeathKnight:HelmOfDomination","ThirstyCross","Old Coin","Dream Catcher","CrazyTorch:ReiMu","Ectoplasm","DeathKnight:JainasLocket","Mastiff:ReiMu"],"acts_visited":["Exordium","TheCity"],"potions_floor_usage":[16,16,24,24],"damage_taken":[{"damage":3,"enemies":"Cultist","floor":1,"turns":4},{"damage":38,"enemies":"Gremlin Nob","floor":6,"turns":5},{"damage":0,"enemies":"Small Slimes","floor":7,"turns":2},{"damage":2,"enemies":"2 Louse","floor":11,"turns":2},{"damage":8,"enemies":"Red Slaver","floor":14,"turns":3},{"damage":21,"enemies":"Hexaghost","floor":16,"turns":7},{"damage":10,"enemies":"3 Byrds","floor":18,"turns":4},{"damage":0,"enemies":"Chosen","floor":22,"turns":3},{"damage":40,"enemies":"Slavers","floor":24,"turns":4},{"damage":27,"enemies":"Shelled Parasite and Fungi","floor":25,"turns":3}],"seed_played":"417381031887214569","potions_obtained":[{"floor":11,"key":"Block Potion"},{"floor":14,"key":"Strength Potion"},{"floor":16,"key":"SteroidPotion"},{"floor":22,"key":"DeathKnight:RunicPotion"},{"floor":24,"key":"EssenceOfSteel"}],"is_trial":false,"path_per_floor":["M","?","$","?","?","E","M","R","T","R","M","$","R","M","R","B",null,"M","$","?","T","M","R","E","M"],"character_chosen":"DEATH_KNIGHT","items_purchased":["DeathKnight:Defile","Flash of Steel"],"campfire_rested":2,"item_purchase_floors":[19,19],"current_hp_per_floor":[72,72,72,65,65,27,27,27,27,49,47,47,47,39,61,40,75,65,65,65,65,65,65,25,0,0],"gold":86,"neow_bonus":"ONE_RARE_RELIC","is_daily":false,"chose_seed":false,"campfire_upgraded":3,"win_rate":0.0,"timestamp":1612540560,"path_taken":["M","?","$","?","?","E","M","R","T","R","M","$","R","M","R","BOSS","M","$","?","?","M","R","E","M"],"items_purchased_type":["Card","Card"],"build_version":"2020-12-22","purchased_purges":2,"victory":false,"max_hp_per_floor":[75,75,75,75,75,75,75,75,75,75,75,75,75,75,75,75,75,75,75,75,75,75,75,75,75,75],"card_choices":[{"not_picked":["DeathKnight:ScourgeStrike","DeathKnight:FrosPresence"],"picked":"DeathKnight:BloodBoil","floor":1},{"not_picked":["DeathKnight:IceboundArmor","DeathKnight:BloodTap"],"picked":"DeathKnight:IcyTouch","floor":6},{"not_picked":["DeathKnight:Marrowrend","DeathKnight:BoneShield","DeathKnight:DeathGrip"],"picked":"SKIP","floor":7},{"not_picked":["DeathKnight:DeathRune","DeathKnight:Hysteria"],"picked":"DeathKnight:DeathAndDecay","floor":10},{"not_picked":["DeathKnight:ReapingStrike","DeathKnight:DeathRune"],"picked":"DeathKnight:DarkSuccor","floor":11},{"not_picked":["DeathKnight:HornOfWinter","DeathKnight:Hysteria","DeathKnight:DeathGrip"],"picked":"SKIP","floor":14},{"not_picked":["DeathKnight:MindFreeze","DeathKnight:RunicDetonation"],"picked":"DeathKnight:PlagueStrike","floor":15},{"not_picked":["DeathKnight:Simulacrum","DeathKnight:UnholyExperiment"],"picked":"DeathKnight:Frostscythe","floor":16},{"not_picked":["DeathKnight:HowlingBlast","DeathKnight:ShatteringStrikes","DeathKnight:Runeguard+1"],"picked":"SKIP","floor":18},{"not_picked":["DeathKnight:BloodTap","DeathKnight:AntiMagicShell"],"picked":"DeathKnight:Pestilence","floor":22},{"not_picked":["DeathKnight:ShatteringStrikes+1","DeathKnight:UnholyFrenzy"],"picked":"DeathKnight:DeathRune","floor":24}],"player_experience":105647,"relics_obtained":[{"floor":6,"key":"Dream Catcher"},{"floor":9,"key":"CrazyTorch:ReiMu"},{"floor":21,"key":"DeathKnight:JainasLocket"},{"floor":24,"key":"Mastiff:ReiMu"}],"event_choices":[{"cards_removed":["DeathKnight:Defend_DeathKnight"],"damage_healed":0,"gold_gain":0,"player_choice":"Card Removal","damage_taken":7,"max_hp_gain":0,"max_hp_loss":0,"event_name":"Golden Wing","floor":4,"gold_loss":0},{"cards_removed":["DeathKnight:BloodBoil"],"damage_healed":0,"gold_gain":0,"player_choice":"Gave Card","damage_taken":0,"relics_obtained":["Old Coin"],"max_hp_gain":0,"max_hp_loss":0,"event_name":"WeMeetAgain","floor":5,"gold_loss":0}],"is_beta":false,"boss_relics":[{"not_picked":["Snecko Eye","SlaversCollar"],"picked":"Ectoplasm"}],"items_purged_floors":[12,19],"is_endless":false,"potions_floor_spawned":[11,14,16,22,24],"killed_by":"Shelled Parasite and Fungi","ascension_level":0}}