{"host":"vld99k9l4elccfy8","time":1612567116,"event":{"mods":["AchievementEnabler","BaseMod","Bestiary","Block Reminder","Colored Map","Colored Powertips","Custom Start","Highlight Path","Minty Spire (QoL Compilation)","Permanent Neow","Rare Cards Sparkle"],"gold_per_floor":[116,191,209,222,241,241,163,175,175,191,156,8,8,8,8,136,136,151,151,151,171,196,196,196],"floor_reached":23,"language":"ENG","playtime":2297,"items_purged":[],"score":181,"play_id":"1ff3df07-26df-4524-9ddb-e60669fddd1f","local_time":"20210205161836","is_ascension_mode":false,"campfire_choices":[{"floor":6.0,"key":"RECALL"},{"data":"Catalyst","floor":13.0,"key":"SMITH"},{"data":"Phantasmal Killer","floor":15.0,"key":"SMITH"}],"circlet_count":0,"master_deck":["Strike_G","Strike_G","Strike_G","Strike_G","Strike_G","Defend_G","Defend_G","Defend_G","Defend_G","Defend_G","Survivor","Neutralize","Enlightenment","Catalyst+1","Infinite Blades","Blade Dance","Deadly Poison","Eviscerate","Blade Dance","Phantasmal Killer+1","Deadly Poison","Injury","Grand Finale","Endless Agony","Well Laid Plans"],"relics":["Ring of the Snake","Golden Idol","SlaversCollar","Bag of Marbles"],"acts_visited":["Exordium","TheCity"],"potions_floor_usage":[21,23,23],"damage_taken":[{"damage":6.0,"enemies":"2 Louse","floor":1.0,"turns":3.0},{"damage":4.0,"enemies":"Cultist","floor":3.0,"turns":5.0},{"damage":0.0,"enemies":"Small Slimes","floor":4.0,"turns":4.0},{"damage":0.0,"enemies":"Looter","floor":5.0,"turns":4.0},{"damage":0.0,"enemies":"3 Louse","floor":8.0,"turns":5.0},{"damage":0.0,"enemies":"2 Fungi Beasts","floor":10.0,"turns":4.0},{"damage":35.0,"enemies":"Hexaghost","floor":16.0,"turns":7.0},{"damage":8.0,"enemies":"3 Byrds","floor":18.0,"turns":6.0},{"damage":36,"enemies":"Shell Parasite","floor":21,"turns":5},{"damage":63,"enemies":"Slavers","floor":23,"turns":4}],"seed_played":"-6329866753605323244","potions_obtained":[{"floor":3.0,"key":"Ancient Potion"},{"floor":4.0,"key":"CunningPotion"},{"floor":8.0,"key":"GamblersBrew"},{"floor":18.0,"key":"Explosive Potion"},{"floor":21,"key":"LiquidMemories"}],"is_trial":false,"path_per_floor":["M","?","M","M","M","R","$","M","T","M","?","$","R","?","R","B",null,"M","?","?","M","T","E"],"character_chosen":"THE_SILENT","items_purchased":["Eviscerate","FairyPotion","Deadly Poison"],"campfire_rested":0,"item_purchase_floors":[7,12,12],"current_hp_per_floor":[64,57,53,53,53,53,53,53,53,53,70,70,70,70,70,35,70,62,62,62,26,26,0,0],"gold":196,"neow_bonus":"RANDOM_COLORLESS","is_daily":false,"chose_seed":false,"campfire_upgraded":2,"win_rate":0.0,"timestamp":1612567116,"path_taken":["M","?","?","?","M","R","?","M","T","M","?","$","R","?","R","BOSS","M","?","?","M","?","E"],"items_purchased_type":["Card","Potion","Card"],"build_version":"2020-12-22","purchased_purges":0,"victory":false,"max_hp_per_floor":[70,70,70,70,70,70,70,70,70,70,70,70,70,70,70,70,70,70,70,70,70,70,70,70],"card_choices":[{"not_picked":["Panacea","Discovery"],"picked":"Enlightenment","floor":0.0},{"not_picked":["Flying Knee","Deflect"],"picked":"Catalyst","floor":1.0},{"not_picked":["Deflect","Underhanded Strike"],"picked":"Infinite Blades","floor":3.0},{"not_picked":["Dagger Throw","Cloak And Dagger"],"picked":"Blade Dance","floor":4.0},{"not_picked":["Underhanded Strike","Sucker Punch"],"picked":"Deadly Poison","floor":5.0},{"not_picked":["PiercingWail","Blur"],"picked":"Blade Dance","floor":8.0},{"not_picked":["Outmaneuver","Predator"],"picked":"Phantasmal Killer","floor":10.0},{"not_picked":["Adrenaline","Envenom"],"picked":"Grand Finale","floor":16.0},{"not_picked":["Calculated Gamble","Masterful Stab"],"picked":"Endless Agony","floor":18.0},{"not_picked":["Masterful Stab","Footwork"],"picked":"Well Laid Plans","floor":21}],"player_experience":393697,"relics_obtained":[{"floor":22,"key":"Bag of Marbles"}],"event_choices":[{"damage_healed":0.0,"max_hp_gain":0.0,"max_hp_loss":0.0,"gold_gain":75.0,"event_name":"FaceTrader","player_choice":"Touch","floor":2.0,"gold_loss":0.0,"damage_taken":7.0},{"damage_healed":17.0,"max_hp_gain":0.0,"max_hp_loss":0.0,"gold_gain":0.0,"event_name":"The Cleric","player_choice":"Healed","floor":11.0,"gold_loss":35.0,"damage_taken":0.0},{"damage_healed":0.0,"max_hp_gain":0.0,"max_hp_loss":0.0,"gold_gain":0.0,"event_name":"Golden Idol","player_choice":"Take Wound","floor":14.0,"gold_loss":0.0,"damage_taken":0.0,"relics_obtained":["Golden Idol"],"cards_obtained":["Injury"]},{"damage_healed":0.0,"max_hp_gain":0.0,"max_hp_loss":0.0,"gold_gain":0.0,"event_name":"Vampires","player_choice":"Ignored","floor":19.0,"gold_loss":0.0,"damage_taken":0.0},{"damage_healed":0.0,"max_hp_gain":0.0,"max_hp_loss":0.0,"gold_gain":0.0,"event_name":"Ghosts","player_choice":"Ignored","floor":20.0,"gold_loss":0.0,"damage_taken":0.0}],"is_beta":false,"boss_relics":[{"not_picked":["Runic Dome","HoveringKite"],"picked":"SlaversCollar"}],"items_purged_floors":[],"is_endless":false,"potions_floor_spawned":[3,4,8,18,21],"killed_by":"Slavers","ascension_level":0}}