{"host":"06gxn1c1bsk424jw","time":1612537948,"event":{"mods":["BaseMod","DeckTracker","Minty Spire (QoL Compilation)","SuperFastMode"],"gold_per_floor":[112,124,144,144,154,185,185,217,241,241,241,259,434,448,448,524,524,541,210,210,227,227,253,253,264,336,336,336,261,261,292,292,366,366,377,377,377,397,416,444,444,444,444,444,444,444,97,114,114,114],"floor_reached":51,"language":"KOR","playtime":4133,"items_purged":["Doubt","Strike_G"],"score":1336,"play_id":"60d6679e-452f-4633-878d-ca19fc3383b7","local_time":"20210206001228","is_ascension_mode":true,"campfire_choices":[{"floor":7,"key":"REST"},{"floor":10,"key":"REST"},{"floor":15,"key":"REST"},{"data":"Bouncing Flask","floor":24,"key":"SMITH"},{"floor":27,"key":"REST"},{"data":"Footwork","floor":30,"key":"SMITH"},{"data":"Deadly Poison","floor":32,"key":"SMITH"},{"floor":41,"key":"DIG"},{"floor":44,"key":"DIG"},{"floor":46,"key":"DIG"},{"floor":49,"key":"DIG"}],"circlet_count":0,"master_deck":["AscendersBane","Strike_G+1","Defend_G","Defend_G","Defend_G","Defend_G","Survivor","Neutralize+1","Deadly Poison+1","Footwork+1","Poisoned Stab","Riddle With Holes","Footwork+1","Crippling Poison","Blur","Corpse Explosion","Dagger Throw","Bouncing Flask+1","Bullet Time","Backflip","After Image+1","Quick Slash+1","Sucker Punch+1","Deadly Poison+1","Secret Technique","Bandage Up","Dark Shackles","Footwork+1","Footwork+1","Dodge and Roll","Leg Sweep"],"relics":["Ring of the Snake","CaptainsWheel","Frozen Egg 2","Snake Skull","Strawberry","GremlinMask","HoveringKite","Meat on the Bone","Anchor","Mummified Hand","Mercury Hourglass","Ancient Tea Set","Astrolabe","Shovel","Pen Nib","Shuriken","Calipers","Vajra","Unceasing Top","Whetstone","Bird Faced Urn"],"acts_visited":["Exordium","TheCity","TheBeyond"],"potions_floor_usage":[6,6,8,23,24,50,50],"damage_taken":[{"damage":3,"enemies":"2 Louse","floor":1,"turns":4},{"damage":0,"enemies":"Cultist","floor":2,"turns":4},{"damage":0,"enemies":"Jaw Worm","floor":3,"turns":5},{"damage":5,"enemies":"Exordium Wildlife","floor":5,"turns":6},{"damage":14,"enemies":"Lagavulin","floor":6,"turns":7},{"damage":32,"enemies":"3 Sentries","floor":8,"turns":9},{"damage":16,"enemies":"2 Fungi Beasts","floor":12,"turns":5},{"damage":5,"enemies":"Large Slime","floor":14,"turns":5},{"damage":24,"enemies":"Slime Boss","floor":16,"turns":17},{"damage":12,"enemies":"Chosen","floor":18,"turns":6},{"damage":5,"enemies":"Shell Parasite","floor":21,"turns":7},{"damage":27,"enemies":"Slavers","floor":23,"turns":4},{"damage":18,"enemies":"3 Cultists","floor":25,"turns":3},{"damage":0,"enemies":"Gremlin Leader","floor":31,"turns":6},{"damage":12,"enemies":"Automaton","floor":33,"turns":10},{"damage":0,"enemies":"3 Shapes","floor":35,"turns":1},{"damage":1,"enemies":"Orb Walker","floor":38,"turns":3},{"damage":0,"enemies":"4 Shapes","floor":39,"turns":4},{"damage":7,"enemies":"Nemesis","floor":40,"turns":9},{"damage":0,"enemies":"Writhing Mass","floor":48,"turns":5},{"damage":0,"enemies":"Time Eater","floor":50,"turns":12}],"seed_played":"-5376806945227472826","potions_obtained":[{"floor":1,"key":"FearPotion"},{"floor":5,"key":"SpeedPotion"},{"floor":6,"key":"CunningPotion"},{"floor":16,"key":"Swift Potion"},{"floor":23,"key":"Fruit Juice"},{"floor":25,"key":"DistilledChaos"},{"floor":33,"key":"PowerPotion"}],"is_trial":false,"path_per_floor":["M","M","M","?","M","E","R","E","T","R","?","M","?","M","R","B",null,"M","$","?","M","?","E","R","M","T","R","?","?","R","E","R","B",null,"M","?","?","M","M","E","R","?","T","R","$","R","$","M","R","B",null],"character_chosen":"THE_SILENT","items_purchased":["Meat on the Bone","Whetstone","DistilledChaos","Dodge and Roll"],"campfire_rested":4,"item_purchase_floors":[19,47,47,47],"current_hp_per_floor":[56,56,56,49,44,30,48,16,23,43,43,27,27,22,42,18,55,43,43,43,38,38,23,28,22,22,43,30,30,30,42,42,42,68,68,58,58,61,61,58,58,58,58,58,58,58,58,62,62,76],"gold":114,"neow_bonus":"ONE_RARE_RELIC","is_daily":false,"chose_seed":false,"campfire_upgraded":3,"win_rate":0.0,"timestamp":1612537948,"path_taken":["M","M","M","?","M","E","R","E","T","R","?","?","?","M","R","BOSS","M","$","?","M","?","E","R","M","T","R","?","?","R","E","R","BOSS","M","?","?","M","?","E","R","?","T","R","$","R","$","M","R","BOSS"],"items_purchased_type":["Relic","Relic","Potion","Card"],"build_version":"2020-12-22","purchased_purges":2,"victory":true,"max_hp_per_floor":[60,60,60,60,60,60,60,60,67,67,67,67,67,67,67,67,67,67,67,67,67,67,67,72,72,72,72,77,77,77,77,77,77,77,77,77,77,77,77,77,77,77,77,77,77,77,77,77,77,77],"card_choices":[{"not_picked":["Catalyst","Bane"],"picked":"Deadly Poison","floor":1},{"not_picked":["Well Laid Plans","Leg Sweep"],"picked":"Footwork","floor":2},{"not_picked":["Outmaneuver","Underhanded Strike","Deadly Poison"],"picked":"SKIP","floor":3},{"not_picked":["Blur","Underhanded Strike"],"picked":"Poisoned Stab","floor":5},{"not_picked":["Flying Knee","PiercingWail"],"picked":"Riddle With Holes","floor":6},{"not_picked":["Outmaneuver","Reflex"],"picked":"Footwork+1","floor":8},{"not_picked":["Cloak And Dagger","Deadly Poison"],"picked":"Crippling Poison","floor":12},{"not_picked":["Backflip","Masterful Stab"],"picked":"Blur","floor":14},{"not_picked":["Glass Knife","Tools of the Trade+1"],"picked":"Corpse Explosion","floor":16},{"not_picked":["Poisoned Stab","Cloak And Dagger","Underhanded Strike"],"picked":"SKIP","floor":18},{"not_picked":["Riddle With Holes","Prepared"],"picked":"Dagger Throw","floor":21},{"not_picked":["Blade Dance","Sucker Punch"],"picked":"Bullet Time","floor":23},{"not_picked":["Corpse Explosion","Bouncing Flask"],"picked":"Backflip","floor":25},{"not_picked":["Deflect","Blade Dance","Slice"],"picked":"SKIP","floor":31},{"not_picked":["Phantasmal Killer","Envenom+1"],"picked":"After Image+1","floor":33},{"not_picked":["Flying Knee","Cloak And Dagger","Blade Dance"],"picked":"SKIP","floor":35},{"not_picked":["The Bomb","Blind"],"picked":"Secret Technique","floor":36},{"not_picked":["Forethought","Mind Blast"],"picked":"Bandage Up","floor":36},{"not_picked":["Dramatic Entrance","Mind Blast"],"picked":"Dark Shackles","floor":36},{"not_picked":["Cloak And Dagger","Finisher"],"picked":"Footwork+1","floor":38},{"not_picked":["Poisoned Stab","Deflect","Escape Plan+1"],"picked":"SKIP","floor":39},{"not_picked":["Bullet Time","Quick Slash"],"picked":"Footwork+1","floor":40},{"not_picked":["Escape Plan","Concentrate"],"picked":"Leg Sweep","floor":48}],"player_experience":755052,"relics_obtained":[{"floor":6,"key":"Frozen Egg 2"},{"floor":8,"key":"Snake Skull"},{"floor":9,"key":"Strawberry"},{"floor":23,"key":"Mummified Hand"},{"floor":26,"key":"Mercury Hourglass"},{"floor":31,"key":"Ancient Tea Set"},{"floor":37,"key":"Shovel"},{"floor":40,"key":"Pen Nib"},{"floor":41,"key":"Shuriken"},{"floor":43,"key":"Calipers"},{"floor":44,"key":"Vajra"},{"floor":46,"key":"Unceasing Top"},{"floor":49,"key":"Bird Faced Urn"}],"event_choices":[{"cards_removed":["Defend_G"],"damage_healed":0,"gold_gain":0,"player_choice":"Card Removal","damage_taken":7,"max_hp_gain":0,"max_hp_loss":0,"event_name":"Golden Wing","floor":4,"gold_loss":0},{"damage_healed":0,"gold_gain":0,"player_choice":"Trade","damage_taken":0,"relics_obtained":["GremlinMask"],"max_hp_gain":0,"max_hp_loss":0,"event_name":"FaceTrader","floor":11,"gold_loss":0},{"damage_healed":0,"gold_gain":175,"player_choice":"AGREE","damage_taken":0,"max_hp_gain":0,"max_hp_loss":0,"event_name":"Liars Game","floor":13,"gold_loss":0,"cards_obtained":["Doubt"]},{"damage_healed":0,"gold_gain":0,"player_choice":"Opened","damage_taken":0,"relics_obtained":["Anchor"],"max_hp_gain":0,"max_hp_loss":0,"event_name":"The Mausoleum","floor":20,"gold_loss":0,"cards_obtained":["Writhe"]},{"damage_healed":0,"gold_gain":0,"player_choice":"Read","damage_taken":0,"max_hp_gain":0,"max_hp_loss":0,"event_name":"The Library","floor":22,"gold_loss":0,"cards_obtained":["Bouncing Flask"]},{"damage_healed":0,"gold_gain":0,"player_choice":"Shed Blood","damage_taken":18,"max_hp_gain":5,"max_hp_loss":0,"event_name":"Forgotten Altar","floor":28,"gold_loss":0},{"cards_removed":["Writhe"],"damage_healed":0,"gold_gain":0,"player_choice":"Gave Gold","damage_taken":0,"max_hp_gain":0,"max_hp_loss":0,"event_name":"Beggar","floor":29,"gold_loss":75},{"damage_healed":0,"gold_gain":0,"player_choice":"Memory 3","damage_taken":10,"max_hp_gain":0,"max_hp_loss":0,"event_name":"SensoryStone","floor":36,"gold_loss":0},{"damage_healed":0,"gold_gain":0,"player_choice":"Relic","damage_taken":0,"max_hp_gain":0,"max_hp_loss":0,"event_name":"Wheel of Change","floor":37,"gold_loss":0},{"damage_healed":0,"gold_gain":0,"player_choice":"Ignored","damage_taken":0,"max_hp_gain":0,"max_hp_loss":0,"event_name":"Tomb of Lord Red Mask","floor":42,"gold_loss":0}],"is_beta":false,"boss_relics":[{"not_picked":["Runic Pyramid","Fusion Hammer"],"picked":"HoveringKite"},{"not_picked":["Cursed Key","Empty Cage"],"picked":"Astrolabe"}],"items_purged_floors":[19,47],"is_endless":false,"potions_floor_spawned":[1,5,6,16,23,25,33,39,40,48],"ascension_level":14}}