{"host":"f5gffvlv6a66yqkd","time":1612543160,"event":{"mods":["2.2 Compatiblity","BaseMod","Colored Map","Custom Start","DeckTracker","Keyboard Shortcuts","Minty Spire (QoL Compilation)","Permanent Neow","Quick Restart","Relic Stats","StSLib","SuperFastMode"],"gold_per_floor":[119,119,140,3,16,49,49,75,123,123,139,159,159,84,84,179,179,200,47,72,72,72],"floor_reached":21,"language":"KOR","playtime":499,"items_purged":["Strike_R","Strike_R"],"score":358,"play_id":"f9ea8644-227e-408f-b178-d3f73f3c87f5","local_time":"20210206013920","is_ascension_mode":true,"campfire_choices":[{"data":"Armaments","floor":7.0,"key":"SMITH"},{"data":"Body Slam","floor":13,"key":"SMITH"},{"data":"Fire Breathing","floor":15,"key":"SMITH"}],"circlet_count":0,"master_deck":["AscendersBane","Strike_R","Strike_R","Strike_R","Defend_R","Defend_R","Defend_R","Defend_R","Bash+1","Twin Strike","Perfected Strike","Armaments+1","Power Through","Second Wind","Body Slam+1","Fire Breathing+1","Perfected Strike","Double Tap","Disarm"],"relics":["Burning Blood","Golden Idol","MealTicket","Odd Mushroom","Toy Ornithopter","Pantograph","Mark of Pain"],"acts_visited":["Exordium","TheCity"],"potions_floor_usage":[11,11],"damage_taken":[{"damage":21.0,"enemies":"Jaw Worm","floor":1.0,"turns":5.0},{"damage":3.0,"enemies":"2 Louse","floor":3.0,"turns":3.0},{"damage":1.0,"enemies":"Cultist","floor":5.0,"turns":3.0},{"damage":30.0,"enemies":"Lagavulin","floor":6.0,"turns":6.0},{"damage":5,"enemies":"The Mushroom Lair","floor":8,"turns":4},{"damage":12,"enemies":"Exordium Thugs","floor":11,"turns":4},{"damage":1,"enemies":"Exordium Wildlife","floor":12,"turns":3},{"damage":56,"enemies":"Slime Boss","floor":16,"turns":9},{"damage":37,"enemies":"3 Byrds","floor":18,"turns":5},{"damage":26,"enemies":"Chosen","floor":20,"turns":4},{"damage":0,"enemies":"Centurion and Healer","floor":21,"turns":1}],"seed_played":"-744739625031266709","potions_obtained":[{"floor":3.0,"key":"SkillPotion"},{"floor":8,"key":"AttackPotion"},{"floor":11,"key":"ElixirPotion"}],"is_trial":false,"path_per_floor":["M","?","M","$","M","E","R","?","T","?","M","M","R","$","R","B",null,"M","$","M","M"],"character_chosen":"IRONCLAD","items_purchased":["Armaments","Power Through","SpeedPotion"],"campfire_rested":0,"item_purchase_floors":[4,4,19],"current_hp_per_floor":[53,53,56,56,61,37,37,38,38,12,16,21,21,36,36,11,54,23,38,18,18,18],"gold":72,"neow_bonus":"UPGRADE_CARD","is_daily":false,"chose_seed":false,"campfire_upgraded":3,"win_rate":0.0,"timestamp":1612543160,"path_taken":["M","?","M","$","M","E","R","?","T","?","M","M","R","?","R","BOSS","M","$","M","?"],"items_purchased_type":["Card","Card","Potion"],"build_version":"2020-12-22","purchased_purges":2,"victory":false,"max_hp_per_floor":[75,68,68,68,68,68,68,68,68,68,68,68,68,68,68,68,68,68,68,68,68,68],"relic_stats":{"counters":[11,47],"Golden Idol":54,"Pantograph":25,"MealTicket":30,"obtain_stats":[{"Golden Idol":2,"Pantograph":10,"MealTicket":6,"Mark of Pain":17,"Odd Mushroom":8,"Burning Blood":0,"Toy Ornithopter":9},{"Golden Idol":1,"Pantograph":5,"MealTicket":4,"Mark of Pain":8,"Odd Mushroom":5,"Burning Blood":0,"Toy Ornithopter":5},{"Golden Idol":5,"Pantograph":21,"MealTicket":17,"Mark of Pain":37,"Odd Mushroom":21,"Burning Blood":0,"Toy Ornithopter":21}],"Burning Blood":60,"Toy Ornithopter":10},"card_choices":[{"not_picked":["Thunderclap","Heavy Blade"],"picked":"Twin Strike","floor":1.0},{"not_picked":["Twin Strike","Thunderclap"],"picked":"Perfected Strike","floor":3.0},{"not_picked":["Thunderclap","True Grit"],"picked":"Second Wind","floor":5.0},{"not_picked":["Exhume","Warcry"],"picked":"Body Slam","floor":6.0},{"not_picked":["Inflame","Bloodletting"],"picked":"Fire Breathing","floor":8},{"not_picked":["Iron Wave","Sword Boomerang"],"picked":"Perfected Strike","floor":11},{"not_picked":["Inflame","Spot Weakness","Clash"],"picked":"SKIP","floor":12},{"not_picked":["Fiend Fire","Demon Form"],"picked":"Double Tap","floor":16},{"not_picked":["Clothesline","Spot Weakness","Carnage+1"],"picked":"SKIP","floor":18},{"not_picked":["Burning Pact+1","Perfected Strike"],"picked":"Disarm","floor":20}],"player_experience":1658630,"relics_obtained":[{"floor":6.0,"key":"MealTicket"},{"floor":8,"key":"Odd Mushroom"},{"floor":9,"key":"Toy Ornithopter"}],"event_choices":[{"damage_healed":0.0,"max_hp_gain":0.0,"max_hp_loss":7.0,"gold_gain":0.0,"event_name":"Golden Idol","player_choice":"Lose Max HP","floor":2.0,"gold_loss":0.0,"damage_taken":0.0,"relics_obtained":["Golden Idol"]},{"damage_healed":0,"gold_gain":0,"player_choice":"Fought Mushrooms","damage_taken":0,"max_hp_gain":0,"max_hp_loss":0,"event_name":"Mushrooms","floor":8,"gold_loss":0},{"damage_healed":0,"gold_gain":0,"player_choice":"Success","damage_taken":26,"relics_obtained":["Pantograph"],"max_hp_gain":0,"max_hp_loss":0,"event_name":"Scrap Ooze","floor":10,"gold_loss":0}],"is_beta":false,"boss_relics":[{"not_picked":["Fusion Hammer","Tiny House"],"picked":"Mark of Pain"}],"items_purged_floors":[14,19],"is_endless":false,"potions_floor_spawned":[3,8,11,20],"killed_by":"Centurion and Healer","ascension_level":20}}