{"host":"Sylvester","time":1612510936,"event":{"mods":["BaseMod","Filter the Spire","Lobotomy","Minty Spire (QoL Compilation)","Replay The Spire","StSLib"],"gold_per_floor":[113,38,38,50,50,50,75,140,140,140,140,152,152,166,166,166,166],"floor_reached":16,"language":"ENG","playtime":448,"items_purged":[],"score":296,"play_id":"d7dea034-9ec4-41e0-9cf1-9c3ebcbfae64","local_time":"20210204234216","is_ascension_mode":true,"campfire_choices":[{"data":"Reprogram","floor":6.0,"key":"SMITH"},{"floor":11.0,"key":"REST"},{"floor":15,"key":"DIG"}],"circlet_count":0,"master_deck":["AscendersBane","Strike_B+1","Defend_B","Defend_B+1","Defend_B","Zap","Dualcast","Steam+1","ReplayGash+1","Amplify+1","Reprogram+1","Sunder","Hologram","Sweeping Beam","Hologram"],"relics":["Astrolabe","Dream Catcher","Iron Hammer","HornCleat","Shuriken"],"acts_visited":["Exordium"],"potions_floor_usage":[16],"damage_taken":[{"damage":2.0,"enemies":"Cultist","floor":1.0,"turns":4.0},{"damage":11.0,"enemies":"2 Louse","floor":4.0,"turns":5.0},{"damage":4.0,"enemies":"Lagavulin","floor":7.0,"turns":8.0},{"damage":5.0,"enemies":"Small Slimes","floor":12.0,"turns":3.0},{"damage":0.0,"enemies":"Looter","floor":14.0,"turns":3.0}],"seed_played":"7759745092184262010","potions_obtained":[{"floor":1.0,"key":"Milkshake"},{"floor":12.0,"key":"Dexterity Potion"},{"floor":14.0,"key":"Weak Potion"}],"is_trial":false,"path_per_floor":["M","?","?","M","$","R","E","?","T","T","R","M","T","M","R","B"],"character_chosen":"DEFECT","items_purchased":[],"campfire_rested":1,"item_purchase_floors":[],"current_hp_per_floor":[62,62,41,30,30,30,26,26,26,26,47,42,42,42,42,0,0],"gold":166,"neow_bonus":"BOSS_RELIC","is_daily":false,"chose_seed":false,"campfire_upgraded":1,"win_rate":0.0,"timestamp":1612510936,"path_taken":["M","?","?","M","$","R","E","?","T","?","R","M","?","?","R","BOSS"],"items_purchased_type":[],"build_version":"2020-11-17","purchased_purges":0,"victory":false,"max_hp_per_floor":[71,71,71,71,71,71,71,71,71,71,71,71,71,71,71,71,71],"card_choices":[{"not_picked":["ReplayTheSpireMod:Reroute Power","Conserve Battery"],"picked":"Reprogram","floor":1.0},{"not_picked":["Compile Driver","Aggregate","Steam"],"picked":"SKIP","floor":4.0},{"not_picked":["Compile Driver","Mirror Shield"],"picked":"Sunder","floor":7.0},{"not_picked":["Barrage","Storm"],"picked":"Hologram","floor":11.0},{"not_picked":["FIFO Queue","Ball Lightning"],"picked":"Sweeping Beam","floor":12.0},{"not_picked":["Steam Power","Redo"],"picked":"Hologram","floor":14.0}],"player_experience":212192,"relics_obtained":[{"floor":7.0,"key":"Dream Catcher"},{"floor":9.0,"key":"Iron Hammer"},{"floor":13.0,"key":"HornCleat"},{"floor":15,"key":"Shuriken"}],"event_choices":[{"cards_removed":["Strike_B"],"damage_healed":0.0,"max_hp_gain":0.0,"max_hp_loss":0.0,"gold_gain":0.0,"event_name":"The Cleric","player_choice":"Card Removal","floor":2.0,"gold_loss":75.0,"damage_taken":0.0},{"damage_healed":0.0,"max_hp_gain":0.0,"max_hp_loss":0.0,"gold_gain":0.0,"event_name":"Shining Light","player_choice":"Entered Light","floor":3.0,"gold_loss":0.0,"damage_taken":21.0,"cards_upgraded":["Strike_B","Defend_B"]},{"damage_healed":0.0,"max_hp_gain":0.0,"max_hp_loss":0.0,"gold_gain":65.0,"event_name":"Golden Wing","player_choice":"Gained Gold","floor":8.0,"gold_loss":0.0,"damage_taken":0.0}],"is_beta":true,"boss_relics":[],"items_purged_floors":[],"is_endless":false,"potions_floor_spawned":[1,12,14],"killed_by":"The Guardian","ascension_level":20}}