{"host":"8a72fthmlk1o8pdb","time":1612492485,"event":{"mods":["AchievementEnabler","Aspiration","Astrologer","Bard","BaseMod","Beaked The Cultist","Better Sensory Stone","Better Skull","Better Third Choice","ChefMod","Colored Map","Colored Powertips","Dark Map","Downfall","Friendly Minions","GifTheSpireLib","Googly Eyes","Gremlin Mod","Hermit","JesterMod","Jorbs\u0027s Wanderer Trilogy","Marisa????????","Minty Spire (QoL Compilation)","Permanent Neow","Random Character Button","Rare Cards Sparkle","Relic Stats","Reliquary","Robot Space Explorer","Shade Mod","Shop Mod","Somnambulant","StSLib","The Alterego","The Animator","The Blue Laboratory","The Construct","The Cursed","The Disciple","The Hayseed","The Hierophant","The Marked","The Necromancer","The Poker Player","The Problem Sleuth","The Runesmith","thorton"],"gold_per_floor":[115,115,130,154,4,34,48,48,48],"floor_reached":8,"language":"ENG","playtime":249,"items_purged":["Strike_R"],"score":56,"play_id":"4814f46b-0e2f-474b-ab4f-8b8789e788d3","local_time":"20210204183445","is_ascension_mode":false,"campfire_choices":[],"circlet_count":0,"master_deck":["Strike_R","Strike_R","Strike_R","Strike_R","Defend_R","Defend_R+1","Defend_R","Defend_R","Bash","Flex+1","Dark Embrace","Twin Strike","Flex"],"relics":["aspiration:MobileForge","Blood Vial","Ancient Tea Set"],"acts_visited":["Exordium"],"potions_floor_usage":[6],"damage_taken":[{"damage":0,"enemies":"Small Slimes","floor":1,"turns":3},{"damage":1,"enemies":"Jaw Worm","floor":3,"turns":4},{"damage":18,"enemies":"3 Sentries","floor":6,"turns":4},{"damage":1,"enemies":"Cultist","floor":7,"turns":3},{"damage":53,"enemies":"Gremlin Nob","floor":8,"turns":4}],"seed_played":"1566725094279096461","potions_obtained":[{"floor":3,"key":"blueLaboratory:NullPotion"}],"is_trial":false,"path_per_floor":["M","?","M","T","$","E","M","E"],"character_chosen":"IRONCLAD","items_purchased":["Twin Strike","Flex"],"campfire_rested":0,"item_purchase_floors":[5,5],"current_hp_per_floor":[80,64,63,63,63,47,48,0,0],"gold":48,"neow_bonus":"BOSS_RELIC","is_daily":false,"chose_seed":false,"campfire_upgraded":0,"win_rate":0.0,"timestamp":1612492485,"path_taken":["M","?","M","?","$","E","M","E"],"items_purchased_type":["Card","Card"],"build_version":"2020-12-22","purchased_purges":1,"victory":false,"max_hp_per_floor":[80,80,80,80,80,80,80,80,80],"relic_stats":{"Blood Vial":6,"counters":[5,18],"obtain_stats":[{"Blood Vial":4,"aspiration:MobileForge":0,"Ancient Tea Set":6,"Burning Blood":0},{"Blood Vial":2,"aspiration:MobileForge":0,"Ancient Tea Set":3,"Burning Blood":0},{"Blood Vial":7,"aspiration:MobileForge":0,"Ancient Tea Set":11,"Burning Blood":0}]},"card_choices":[{"not_picked":["Clothesline","Anger"],"picked":"Flex","floor":1},{"not_picked":["Clothesline","Perfected Strike"],"picked":"Dark Embrace","floor":3},{"not_picked":["Metallicize","Iron Wave","Cleave"],"picked":"SKIP","floor":6},{"not_picked":["Pummel","Anger","Rage"],"picked":"SKIP","floor":7}],"player_experience":150751,"relics_obtained":[{"floor":4,"key":"Blood Vial"},{"floor":6,"key":"Ancient Tea Set"}],"event_choices":[{"damage_healed":80,"gold_gain":0,"player_choice":"Upgrade","damage_taken":16,"max_hp_gain":0,"max_hp_loss":80,"event_name":"betterThird:BetterShining","floor":2,"gold_loss":0,"cards_upgraded":["Defend_R","Flex"]}],"is_beta":false,"boss_relics":[],"items_purged_floors":[5],"is_endless":false,"potions_floor_spawned":[3],"killed_by":"Gremlin Nob","ascension_level":0}}