{"host":"6qo42zgaknezulyg","time":1612512209,"event":{"mods":["2.2 Compatiblity","BaseMod","Faster Ascension Climbing","Keyboard Shortcuts","Minty Spire (QoL Compilation)","Permanent Neow","Quick Restart","StSLib","SuperFastMode","The Construct"],"gold_per_floor":[118,129,129,139,64,64,83,83,109,259,259,294,190,190,190,281,281,297,310,310,310,333,353,353,373,427,427,427,107,107,128,128,221,221,246,261,136,116,137,178,192,192,192,192,216,232,232,282,282,282,282],"floor_reached":52,"language":"ENG","playtime":1560,"items_purged":["Doubt","construct:Strike_Gold","construct:Strike_Gold"],"score":1864,"play_id":"0d456537-27db-4c8f-8f90-35ccb3b3efa9","local_time":"20210205170329","is_ascension_mode":true,"campfire_choices":[{"data":"construct:DefenseMode","floor":6.0,"key":"SMITH"},{"data":"construct:ShieldBurst","floor":8.0,"key":"SMITH"},{"data":"construct:ShieldBurst+1","floor":11.0,"key":"SMITH"},{"data":"construct:DefenseMode+1","floor":15.0,"key":"SMITH"},{"data":"construct:ClockworkEgg","floor":24.0,"key":"SMITH"},{"data":"construct:Backup","floor":28.0,"key":"SMITH"},{"data":"construct:Reinforce","floor":30.0,"key":"SMITH"},{"data":"construct:Reinforce+1","floor":32.0,"key":"SMITH"},{"data":"construct:ClockworkEgg","floor":42,"key":"SMITH"},{"floor":44,"key":"REST"},{"floor":47,"key":"REST"},{"floor":49,"key":"REST"}],"circlet_count":0,"master_deck":["AscendersBane","construct:Strike_Gold","construct:Defend_Gold","construct:Defend_Gold","construct:Defend_Gold","construct:Defend_Gold","construct:Defend_Gold","construct:AttackMode","construct:DefenseMode+2","construct:ShieldBurst+2","construct:Forcefield","construct:ClockworkEgg+1","construct:Backup+1","construct:Reinforce+2","construct:ClockworkEgg+1","construct:Forcefield+1"],"relics":["construct:ClockworkPhoenix","Happy Flower","Juzu Bracelet","Golden Idol","SlaversCollar","Orichalcum","Lee\u0027s Waffle","Philosopher\u0027s Stone","The Courier","Thread and Needle"],"acts_visited":["Exordium","TheCity","TheBeyond"],"potions_floor_usage":[45,45],"damage_taken":[{"damage":2.0,"enemies":"Jaw Worm","floor":1.0,"turns":6.0},{"damage":19.0,"enemies":"Small Slimes","floor":2.0,"turns":5.0},{"damage":0.0,"enemies":"2 Louse","floor":4.0,"turns":2.0},{"damage":11.0,"enemies":"Exordium Thugs","floor":7.0,"turns":5.0},{"damage":0.0,"enemies":"3 Sentries","floor":12.0,"turns":2.0},{"damage":23.0,"enemies":"The Guardian","floor":16.0,"turns":10.0},{"damage":3.0,"enemies":"Chosen","floor":18.0,"turns":7.0},{"damage":0.0,"enemies":"3 Byrds","floor":19.0,"turns":2.0},{"damage":13.0,"enemies":"Snake Plant","floor":22.0,"turns":7.0},{"damage":0.0,"enemies":"Sentry and Sphere","floor":23.0,"turns":5.0},{"damage":25.0,"enemies":"Chosen and Byrds","floor":25.0,"turns":6.0},{"damage":11.0,"enemies":"Colosseum Slavers","floor":27.0,"turns":6.0},{"damage":48.0,"enemies":"Cultist and Chosen","floor":31.0,"turns":7.0},{"damage":15.0,"enemies":"Collector","floor":33.0,"turns":4.0},{"damage":0.0,"enemies":"Orb Walker","floor":35.0,"turns":4.0},{"damage":7.0,"enemies":"3 Shapes","floor":36.0,"turns":1.0},{"damage":0,"enemies":"Writhing Mass","floor":39,"turns":4},{"damage":0,"enemies":"Nemesis","floor":40,"turns":7},{"damage":29,"enemies":"Sphere and 2 Shapes","floor":41,"turns":6},{"damage":18,"enemies":"Transient","floor":45,"turns":6},{"damage":0,"enemies":"3 Darklings","floor":46,"turns":2},{"damage":5,"enemies":"Awakened One","floor":50,"turns":12},{"damage":27,"enemies":"Donu and Deca","floor":51,"turns":5}],"seed_played":"52999348158363203","potions_obtained":[{"floor":2.0,"key":"EssenceOfSteel"},{"floor":4.0,"key":"DistilledChaos"},{"floor":7.0,"key":"Fire Potion"},{"floor":18.0,"key":"Dexterity Potion"},{"floor":23.0,"key":"DuplicationPotion"},{"floor":31.0,"key":"Fire Potion"},{"floor":35.0,"key":"Strength Potion"},{"floor":38,"key":"DistilledChaos"},{"floor":39,"key":"Explosive Potion"},{"floor":40,"key":"Weak Potion"}],"is_trial":false,"path_per_floor":["M","M","?","M","?","R","M","R","T","?","R","E","$","?","R","B",null,"M","M","?","?","M","M","R","M","T","?","R","$","R","M","R","B",null,"M","M","$","?","M","E","M","R","T","R","M","M","R","?","R","B","B",null],"character_chosen":"THE_CONSTRUCT_MOD","items_purchased":["construct:Forcefield","Lee\u0027s Waffle","construct:Reinforce"],"campfire_rested":3,"item_purchase_floors":[13,29,29],"current_hp_per_floor":[70,51,51,51,51,51,40,40,40,40,40,40,40,40,40,17,58,55,55,55,55,42,42,42,17,17,6,6,79,79,31,31,16,63,63,56,56,56,56,56,27,27,27,50,32,32,55,55,78,73,46],"gold":282,"neow_bonus":"ONE_RANDOM_RARE_CARD","is_daily":false,"chose_seed":true,"campfire_upgraded":9,"win_rate":0.0,"timestamp":1612512209,"path_taken":["M","M","?","M","?","R","M","R","T","?","R","E","$","?","R","BOSS","M","M","?","?","M","M","R","M","T","?","R","$","R","M","R","BOSS","M","M","$","?","M","E","M","R","T","R","M","M","R","?","R","BOSS","BOSS"],"items_purchased_type":["Card","Relic","Card"],"build_version":"2020-12-22","purchased_purges":3,"victory":true,"max_hp_per_floor":[80,80,80,80,80,80,80,80,80,80,80,80,80,72,72,72,72,72,72,72,72,72,72,72,72,72,72,72,79,79,79,79,79,79,79,79,79,79,79,79,79,79,79,79,79,79,79,79,79,79,79],"card_choices":[{"not_picked":["construct:ModeShift","construct:SweepLaser","construct:Accumulate"],"picked":"SKIP","floor":1.0},{"not_picked":["construct:SweepLaser","construct:OmegaCannon","construct:SaveState"],"picked":"SKIP","floor":2.0},{"not_picked":["construct:FierceBash","construct:Failsafe","construct:SyphonStrike"],"picked":"SKIP","floor":4.0},{"not_picked":["construct:ReactiveShield","construct:Accumulate","construct:ModeShift"],"picked":"SKIP","floor":7.0},{"not_picked":["construct:ShiftStrike","construct:HeavyBolt","construct:SweepLaser"],"picked":"SKIP","floor":12.0},{"not_picked":["construct:SpinDrive","construct:MemoryTap"],"picked":"construct:ClockworkEgg","floor":16.0},{"not_picked":["construct:VentSteam","construct:Autoturret","construct:HeavyBolt"],"picked":"SKIP","floor":18.0},{"not_picked":["construct:SuppressiveFire","construct:Accumulate","construct:ClusterMines"],"picked":"SKIP","floor":19.0},{"not_picked":["construct:SweepLaser","construct:VentSteam","construct:Anticipate+1"],"picked":"SKIP","floor":22.0},{"not_picked":["construct:Boost","construct:Antimatter"],"picked":"construct:Backup","floor":23.0},{"not_picked":["construct:Accumulate","construct:Anticipate+1","construct:LongRangeLance"],"picked":"SKIP","floor":25.0},{"not_picked":["construct:ClusterMines","construct:Overcharge","construct:MetalShell"],"picked":"SKIP","floor":31.0},{"not_picked":["construct:GatlingGun","construct:ShieldBurst"],"picked":"construct:ClockworkEgg","floor":33.0},{"not_picked":["construct:Boost+1","construct:ModeShift+1"],"picked":"construct:Forcefield+1","floor":35.0},{"not_picked":["construct:Versatility","construct:SuppressiveFire","construct:PointDefense+1"],"picked":"SKIP","floor":36.0},{"not_picked":["construct:ElectricArmor","construct:Forcefield","construct:FlameCore"],"picked":"SKIP","floor":39},{"not_picked":["construct:PointDefense","construct:Boost","construct:Chainstrike+1"],"picked":"SKIP","floor":40},{"not_picked":["construct:Chainstrike","construct:ReactiveShield","construct:ScrapCannon"],"picked":"SKIP","floor":41},{"not_picked":["construct:MetalShell+1","construct:SuppressiveFire","construct:Hazardproof"],"picked":"SKIP","floor":45},{"not_picked":["construct:Autoturret","construct:Missile","construct:Analyze"],"picked":"SKIP","floor":46}],"player_experience":733428,"relics_obtained":[{"floor":9.0,"key":"Happy Flower"},{"floor":12.0,"key":"Juzu Bracelet"},{"floor":26.0,"key":"Orichalcum"},{"floor":40,"key":"The Courier"},{"floor":43,"key":"Thread and Needle"}],"event_choices":[{"cards_removed":["construct:Strike_Gold"],"damage_healed":0.0,"max_hp_gain":0.0,"max_hp_loss":0.0,"gold_gain":0.0,"event_name":"Living Wall","player_choice":"Forget","floor":3.0,"gold_loss":0.0,"damage_taken":0.0},{"cards_removed":["construct:Strike_Gold"],"damage_healed":0.0,"max_hp_gain":0.0,"max_hp_loss":0.0,"gold_gain":0.0,"event_name":"The Cleric","player_choice":"Card Removal","floor":5.0,"gold_loss":75.0,"damage_taken":0.0},{"damage_healed":0.0,"max_hp_gain":0.0,"max_hp_loss":0.0,"gold_gain":150.0,"event_name":"Liars Game","player_choice":"AGREE","floor":10.0,"gold_loss":0.0,"damage_taken":0.0,"cards_obtained":["Doubt"]},{"damage_healed":0.0,"max_hp_gain":0.0,"max_hp_loss":8.0,"gold_gain":0.0,"event_name":"Golden Idol","player_choice":"Lose Max HP","floor":14.0,"gold_loss":0.0,"damage_taken":0.0,"relics_obtained":["Golden Idol"]},{"damage_healed":0.0,"max_hp_gain":0.0,"max_hp_loss":0.0,"gold_gain":0.0,"event_name":"Ghosts","player_choice":"Ignored","floor":20.0,"gold_loss":0.0,"damage_taken":0.0},{"damage_healed":0.0,"max_hp_gain":0.0,"max_hp_loss":0.0,"gold_gain":0.0,"event_name":"Vampires","player_choice":"Ignored","floor":21.0,"gold_loss":0.0,"damage_taken":0.0},{"damage_healed":0.0,"max_hp_gain":0.0,"max_hp_loss":0.0,"gold_gain":0.0,"event_name":"Colosseum","player_choice":"Fight","floor":27.0,"gold_loss":0.0,"damage_taken":0.0},{"damage_healed":0.0,"max_hp_gain":0.0,"max_hp_loss":0.0,"gold_gain":0.0,"event_name":"Colosseum","player_choice":"Fled From Nobs","floor":27.0,"gold_loss":0.0,"damage_taken":0.0},{"damage_healed":0,"gold_gain":0,"player_choice":"Bought 1 Potion","damage_taken":0,"max_hp_gain":0,"max_hp_loss":0,"event_name":"The Woman in Blue","floor":38,"gold_loss":0},{"damage_healed":0,"gold_gain":50,"player_choice":"Pray","damage_taken":0,"max_hp_gain":0,"max_hp_loss":0,"event_name":"Golden Shrine","floor":48,"gold_loss":0}],"is_beta":false,"boss_relics":[{"not_picked":["Coffee Dripper","Pandora\u0027s Box"],"picked":"SlaversCollar"},{"not_picked":["construct:ClawGrip","Velvet Choker"],"picked":"Philosopher\u0027s Stone"}],"items_purged_floors":[13,29,37],"is_endless":false,"potions_floor_spawned":[2,4,7,18,23,27,31,35,39,40],"ascension_level":20}}