{"host":"80x1ozqd5wpd4nvo","time":1612555278,"event":{"mods":["2.2 Compatiblity","Aspiration","BaseMod","Better Altar","Better Match","Better Note","Better Sensory Stone","Better Skull","Better Third Choice","BetterRewards","CCEM2","Card Forge","Custom Start","DNKmod","Dark Map","Defuse TimeMaze Blight","Dota2Spire","Energized Spire","Friendly Minions","GifTheSpireLib","Hubris","Infinite Spire","Jedi Mod","Minty Spire (QoL Compilation)","MostiFishMod","Permanent Neow","Poor People Problems","Quick Restart","Reliquary","Shop Mod","Spicy Shops","StS++","StSLib","The Blue Laboratory","??????REMEMod"],"gold_per_floor":[1213,1213,1233,1245,1263,1295,1311,1311,1311,1343,1362,1381,1409,1421,1421,1517,1517,1532,1582,1597,1614,1628,1654,1354,1413,1413,1448,1476,1346,1371,1371,1371,1506,1506,1518,1488,1326,1326,1548,1548,1548,1548,1548,1560,1622,1094,1117,1132,1132,1162,1162,1162,887,915,945],"floor_reached":56,"language":"ENG","playtime":2928,"items_purged":["Ghostly Armor"],"score":1943,"play_id":"ee2fc944-944a-4b8d-9b62-57744f98bd50","local_time":"20210205210118","is_ascension_mode":true,"campfire_choices":[{"data":"infinitespire:OneForAll","floor":8,"key":"SMITH"},{"data":"Dark Embrace","floor":15,"key":"SMITH"},{"data":"Havoc","floor":32,"key":"SMITH"},{"data":"MostiFishMod:FlyOverUtopia","floor":40,"key":"SMITH"},{"data":"MostiFishMod:HellRitual","floor":42,"key":"SMITH"},{"floor":49,"key":"RECALL"},{"data":"MostiFishMod:TheEndOfMoonlight","floor":52,"key":"SMITH"}],"circlet_count":0,"master_deck":["Bash","MostiFishMod:Neptune+1","MostiFishMod:TheEndOfMoonlight+1","MostiFishMod:SparklingWater+1","MostiFishMod:FantasySummer","MostiFishMod:NightSea","Dark Embrace+1","REME_HeartOfCthun+1","Shrug It Off","Havoc+1","Shrug It Off","infinitespire:OneForAll+1","StSpp:Succumb","Exhume","jedi:collectorstrike","MostiFishMod:FlyOverUtopia+1","Ghostly Armor","Battle Trance+1","Flex","Feel No Pain","Twin Strike","Disarm","Dropkick","StSpp:Jab","Combust+1","Inflame","MostiFishMod:HellRitual+1","Loop","infinitespire:Fortify","Warcry+1","Conserve Battery+1","Rupture+1","jedi:forcepull+1","Impatience"],"relics":["Burning Blood","Hammer of Thor","Seething Fire","Anvil of the Gods","REME_ComplimentaryCards","DaveBox","aspiration:Nostalgia","Ring of the Snake","MoonlightInvasionPlan","SynthV:TestCard","Bag of Marbles","aspiration:Lifesprig","hubris:ToyBattleship","Whetstone","Pandora\u0027s Box","Prayer Wheel","Membership Card","Dota2Spire:HandOfMidas","Frozen Eye","Juzu Bracelet","hubris:MedicalManual","Pocketwatch","Red Mask","Eternal Feather","reliquary:WeakTea","aspiration:DefectSkillbook","Ornamental Fan","reliquary:RoseTintedGlasses","Boot","OrangePellets","Dota2Spire:AghanimScepter","Incense Burner","infinitespire:PuzzleCube","Pen Nib","War Paint","reliquary:Bookmark","CCEMRelics:LatexGloves","hubris:Zylophone"],"acts_visited":["Exordium","TheCity","TheBeyond","TheEnding"],"potions_floor_usage":[13,21,25,25,55,55],"damage_taken":[{"damage":0,"enemies":"2 Louse","floor":1,"turns":1},{"damage":0,"enemies":"Small Slimes","floor":3,"turns":2},{"damage":0,"enemies":"Cultist","floor":4,"turns":2},{"damage":0,"enemies":"Gremlin Gang","floor":5,"turns":1},{"damage":0,"enemies":"3 Sentries","floor":6,"turns":2},{"damage":7,"enemies":"3 Louse","floor":7,"turns":2},{"damage":0,"enemies":"Gremlin Nob","floor":10,"turns":1},{"damage":0,"enemies":"Red Slaver","floor":11,"turns":2},{"damage":0,"enemies":"Lots of Slimes","floor":12,"turns":2},{"damage":0,"enemies":"Lagavulin","floor":13,"turns":2},{"damage":0,"enemies":"Blue Slaver","floor":14,"turns":2},{"damage":0,"enemies":"Slime Boss","floor":16,"turns":1},{"damage":0,"enemies":"Shell Parasite","floor":18,"turns":1},{"damage":0,"enemies":"Chosen","floor":20,"turns":1},{"damage":3,"enemies":"Shelled Parasite and Fungi","floor":21,"turns":2},{"damage":9,"enemies":"Chosen and Byrds","floor":22,"turns":2},{"damage":9,"enemies":"Book of Stabbing","floor":23,"turns":1},{"damage":9,"enemies":"REME_1_Revenger","floor":25,"turns":2},{"damage":5,"enemies":"Gremlin Leader","floor":27,"turns":1},{"damage":4,"enemies":"Masked Bandits","floor":28,"turns":1},{"damage":11,"enemies":"Book of Stabbing","floor":30,"turns":2},{"damage":10,"enemies":"hubris:MusketHawk","floor":33,"turns":2},{"damage":0,"enemies":"3 Shapes","floor":35,"turns":1},{"damage":9,"enemies":"3 Darklings","floor":44,"turns":3},{"damage":4,"enemies":"Reptomancer","floor":45,"turns":1},{"damage":16,"enemies":"Transient","floor":48,"turns":4},{"damage":13,"enemies":"Time Eater","floor":50,"turns":4},{"damage":9,"enemies":"Shield and Spear","floor":54,"turns":2},{"damage":15,"enemies":"The Heart","floor":55,"turns":4}],"seed_played":"2172412321382509370","potions_obtained":[{"floor":3,"key":"blueLaboratory:BottledHope"},{"floor":4,"key":"blueLaboratory:FrostheartPotion"},{"floor":6,"key":"blueLaboratory:PhilterOfMotion"},{"floor":14,"key":"blueLaboratory:NullPotion"},{"floor":20,"key":"DuplicationPotion"},{"floor":21,"key":"blueLaboratory:BottledHope"},{"floor":22,"key":"SteroidPotion"},{"floor":36,"key":"PowerPotion"},{"floor":36,"key":"blueLaboratory:ExaltedPotion"}],"is_trial":false,"path_per_floor":["M","?","M","M","M","E","M","R","T","E","M","M","E","M","R","B",null,"M","?","M","M","M","E","$","E","T","E","?","$","E","?","R","B",null,"M","?","$","?","?","R","?","R","T","M","E","$","T","M","R","B",null,"R","$","E","B",null],"character_chosen":"IRONCLAD","items_purchased":["Membership Card","Dota2Spire:HandOfMidas","Frozen Eye","Eternal Feather","Ornamental Fan","reliquary:RoseTintedGlasses","OrangePellets","Dota2Spire:AghanimScepter","Incense Burner","jedi:forcepull","infinitespire:PuzzleCube","Swift Potion","War Paint","reliquary:Bookmark","CCEMRelics:LatexGloves","Impatience"],"campfire_rested":0,"item_purchase_floors":[24,24,24,29,37,37,46,46,46,46,46,46,53,53,53,53],"current_hp_per_floor":[100,100,100,100,100,100,99,99,99,100,100,100,100,100,100,100,100,100,100,100,100,97,94,94,91,91,92,94,94,89,89,100,96,100,100,100,100,74,74,92,92,95,95,92,94,94,94,84,95,88,95,95,95,92,83],"gold":945,"neow_bonus":"NOSTALGIA","is_daily":false,"chose_seed":false,"campfire_upgraded":6,"win_rate":0.0,"timestamp":1612555278,"path_taken":["M","?","?","M","M","E","M","R","T","E","?","M","E","M","R","BOSS","M","?","?","M","?","E","$","E","T","E","?","$","E","?","R","BOSS","M","?","$","?","?","R","?","R","T","M","E","$","?","M","R","BOSS","R","$","E","BOSS"],"items_purchased_type":["Relic","Relic","Relic","Relic","Relic","Relic","Relic","Relic","Relic","Card","Relic","Potion","Relic","Relic","Relic","Card"],"build_version":"2020-12-22","purchased_purges":1,"victory":true,"max_hp_per_floor":[100,100,100,100,100,100,100,100,100,100,100,100,100,100,100,100,100,100,100,100,100,100,100,100,100,100,100,100,100,100,100,100,100,100,100,100,100,100,100,100,95,95,95,95,95,95,95,95,95,95,95,95,95,95,95],"card_choices":[{"not_picked":["Shrug It Off","Spot Weakness"],"picked":"Dark Embrace","floor":1},{"not_picked":["Dark Shackles","hubris:Insight","Swift Strike","Sadistic Nature"],"picked":"REME_HeartOfCthun","floor":2},{"not_picked":["Anger","Wild Strike","StSpp:TheBiggerTheyAre","Body Slam"],"picked":"Shrug It Off","floor":3},{"not_picked":["StSpp:Sprint","Whirlwind","Clash","Headbutt"],"picked":"Havoc","floor":4},{"not_picked":["MostiFishMod:TemporaryOutbreak","Rage","Perfected Strike","Havoc"],"picked":"Shrug It Off","floor":5},{"not_picked":["REME_Cut","Thunderclap","Bloodletting","Burning Pact"],"picked":"infinitespire:OneForAll","floor":6},{"not_picked":["Sword Boomerang","hubris:SharpeningStone","Wild Strike","Dark Embrace"],"picked":"StSpp:Succumb","floor":7},{"not_picked":["StSpp:Sprint","MostiFishMod:BrandingRite","Sword Boomerang","Entrench"],"picked":"Exhume","floor":10},{"not_picked":["Clash","Cleave","StSpp:Sprint","hubris:SharpeningStone","Iron Wave"],"picked":"SKIP","floor":11},{"not_picked":["Infernal Blade","Barricade","Heavy Blade","Thunderclap"],"picked":"jedi:collectorstrike","floor":12},{"not_picked":["Twin Strike","Armaments","Sentinel","hubris:CleavingFinish"],"picked":"jedi:collectorstrike","floor":13},{"not_picked":["Flex","jedi:controlledanger","StSpp:Succumb","jedi:collectorstrike"],"picked":"jedi:collectorstrike","floor":14},{"not_picked":["hubris:SharpeningStone","Iron Wave","Bloodletting+1","Infernal Blade"],"picked":"jedi:collectorstrike","floor":18},{"not_picked":["Armaments+1","jedi:collectorstrike","Combust+1","Ghostly Armor"],"picked":"Rupture","floor":20},{"not_picked":["Clothesline","Sword Boomerang","Body Slam+1","Pommel Strike+1"],"picked":"jedi:collectorstrike","floor":21},{"not_picked":["Heavy Blade+1","Dark Embrace","True Grit","Sword Boomerang"],"picked":"jedi:collectorstrike","floor":22},{"not_picked":["Immolate","Bludgeon","Headbutt","Wild Strike+1"],"picked":"jedi:collectorstrike","floor":23},{"not_picked":["MostiFishMod:BrandingRite","Sever Soul+1","Rampage","infinitespire:OneForAll"],"picked":"jedi:collectorstrike","floor":25},{"not_picked":["jedi:collectorstrike","MostiFishMod:TemporaryOutbreak","jedi:hate+1","Shrug It Off"],"picked":"StSpp:Jab","floor":27},{"not_picked":["StSpp:Succumb","jedi:collectorstrike","StSpp:Sprint","Wild Strike"],"picked":"Combust+1","floor":28},{"not_picked":["Intimidate","hubris:ReadiedAction","StSpp:Jab+1","Flex"],"picked":"Inflame","floor":30},{"not_picked":["jedi:collectorstrike","Double Tap","Offering","MostiFishMod:FlyOverUtopia"],"picked":"MostiFishMod:HellRitual","floor":33},{"not_picked":["Hologram+1","Genetic Algorithm+1","Rip and Tear","Anger","Compile Driver"],"picked":"jedi:collectorstrike","floor":35},{"not_picked":["jedi:collectorstrike","MostiFishMod:IceShield+1","Conserve Battery+1","Coolheaded","Barrage+1"],"picked":"Loop","floor":35},{"not_picked":["infinitespire:DeathsTouch","hubris:Fate"],"picked":"infinitespire:Fortify","floor":38},{"not_picked":["Stack","hubris:ReadiedAction+1","Coolheaded","Reckless Charge","Multi-Cast"],"picked":"jedi:collectorstrike","floor":44},{"not_picked":["jedi:collectorstrike","Coolheaded+1","Combust+1","Thunderclap","jedi:blockon+1"],"picked":"Warcry+1","floor":44},{"not_picked":["Carnage+1","Ball Lightning","jedi:studyfrost","Reckless Charge+1","Glacier"],"picked":"jedi:collectorstrike","floor":45},{"not_picked":["Steam","Body Slam","MostiFishMod:PushDownKick+1","Leap+1","True Grit+1"],"picked":"jedi:collectorstrike","floor":48},{"not_picked":["jedi:blockon","MostiFishMod:Distribution","hubris:ReadiedAction","Intimidate+1","Clash"],"picked":"Conserve Battery+1","floor":48},{"not_picked":["MostiFishMod:IceShield+1","Streamline+1","Chill","True Grit+1","Static Discharge"],"picked":"jedi:collectorstrike","floor":54}],"player_experience":290641,"relics_obtained":[{"floor":1,"key":"SynthV:TestCard"},{"floor":6,"key":"Bag of Marbles"},{"floor":9,"key":"aspiration:Lifesprig"},{"floor":10,"key":"hubris:ToyBattleship"},{"floor":13,"key":"Whetstone"},{"floor":23,"key":"Prayer Wheel"},{"floor":25,"key":"Juzu Bracelet"},{"floor":26,"key":"hubris:MedicalManual"},{"floor":27,"key":"Pocketwatch"},{"floor":28,"key":"Red Mask"},{"floor":30,"key":"reliquary:WeakTea"},{"floor":45,"key":"Boot"},{"floor":47,"key":"Pen Nib"},{"floor":54,"key":"hubris:Zylophone"}],"event_choices":[{"damage_healed":0,"gold_gain":1,"player_choice":"1","damage_taken":0,"max_hp_gain":0,"max_hp_loss":0,"event_name":"betterStone:BetterStone","floor":2,"gold_loss":0},{"damage_healed":0,"gold_gain":100,"player_choice":"Bet on Murderer","damage_taken":0,"max_hp_gain":0,"max_hp_loss":0,"event_name":"The Joust","floor":19,"gold_loss":50},{"damage_healed":0,"gold_gain":0,"player_choice":"Fought Bandits","damage_taken":0,"max_hp_gain":0,"max_hp_loss":0,"event_name":"Masked Bandits","floor":28,"gold_loss":0},{"damage_healed":0,"gold_gain":0,"player_choice":"Ignored","damage_taken":0,"max_hp_gain":0,"max_hp_loss":0,"event_name":"The Mausoleum","floor":31,"gold_loss":0},{"damage_healed":0,"gold_gain":0,"player_choice":"Bought 2 Potions","damage_taken":0,"max_hp_gain":0,"max_hp_loss":0,"event_name":"The Woman in Blue","floor":36,"gold_loss":0},{"damage_healed":0,"gold_gain":222,"player_choice":"Wore Mask","damage_taken":0,"max_hp_gain":0,"max_hp_loss":0,"event_name":"Tomb of Lord Red Mask","floor":39,"gold_loss":0},{"damage_healed":0,"gold_gain":0,"player_choice":"Max HP","damage_taken":0,"max_hp_gain":0,"max_hp_loss":5,"event_name":"Winding Halls","floor":41,"gold_loss":0}],"is_beta":false,"boss_relics":[{"not_picked":["SacredBark","jedi:hotpepper"],"picked":"Pandora\u0027s Box"},{"not_picked":["Sozu","ExusiaiGun"],"picked":"aspiration:DefectSkillbook"}],"items_purged_floors":[24],"is_endless":false,"potions_floor_spawned":[3,4,6,10,14,20,21,22,23,48],"ascension_level":2}}