{"host":"10b2ljh1rg6srmxa","time":1612565183,"event":{"mods":["AchievementEnabler","BaseMod","Better Third Choice","Colored Map","Colored Powertips","Conspire","Downfall","Googly Eyes","Highlight Path","Hubris","Infinite Spire","Minty Spire (QoL Compilation)","Replay The Spire","StSLib","The Animator","The Wild Card","everything is the same but u backflip on backflip"],"gold_per_floor":[111,111,126,126,126,126,151,185,260,260,303,303,322,341,341,341,341],"floor_reached":16,"language":"ENG","playtime":1343,"items_purged":[],"score":132,"play_id":"51c69abc-6741-446d-891a-935a54da11ed","local_time":"20210205234623","is_ascension_mode":true,"campfire_choices":[{"data":"Sucker Punch","floor":6,"key":"SMITH"},{"floor":10,"key":"REST"},{"data":"Dagger Throw","floor":10,"key":"SMITH"},{"floor":12,"key":"REST"},{"data":"Replay:Parry","floor":12,"key":"SMITH"}],"circlet_count":0,"master_deck":["Strike_G","Strike_G","Strike_G","Strike_G","Strike_G","Defend_G","Defend_G","Defend_G","Defend_G","Defend_G","Survivor","Neutralize","Replay:Parry+1","Acrobatics","Sucker Punch+1","Poisoned Stab","Dagger Throw+1","Cloak And Dagger+1","Flying Knee","Distraction"],"relics":["Burning Blood","infinitespire:Cubic Diamond","Golden Idol","infinitespire:Magic Flask","Bag of Marbles"],"acts_visited":["Exordium"],"potions_floor_usage":[8,16],"damage_taken":[{"damage":0,"enemies":"Jaw Worm","floor":1,"turns":3},{"damage":0,"enemies":"conspire:RoseBush","floor":3,"turns":4},{"damage":2,"enemies":"2 Louse","floor":7,"turns":3},{"damage":35,"enemies":"Gremlin Nob","floor":8,"turns":5},{"damage":25,"enemies":"Replay:BlueRogue","floor":11,"turns":7},{"damage":22,"enemies":"conspire:2 RoseBushes","floor":13,"turns":7},{"damage":9,"enemies":"Large Slime","floor":14,"turns":4},{"damage":70,"enemies":"Fading Forest","floor":16,"turns":10}],"seed_played":"-6929642384919703367","potions_obtained":[{"floor":1,"key":"sneckomod:MuddlingPotion"},{"floor":7,"key":"Poison Potion"},{"floor":11,"key":"PowerPotion"}],"is_trial":false,"path_per_floor":["M","?","M","?","$","R","M","E","T","R","E","R","M","M","R_BF","B"],"character_chosen":"THE_SILENT","items_purchased":[],"campfire_rested":2,"item_purchase_floors":[],"current_hp_per_floor":[70,70,70,53,53,53,57,28,28,49,30,51,35,32,53,0,0],"gold":341,"neow_bonus":"RANDOM_COLORLESS","is_daily":false,"chose_seed":false,"campfire_upgraded":3,"win_rate":0.0,"timestamp":1612565183,"path_taken":["M","?","M","?","$","R","M","E","T","R","E","R","M","M","R_BF","BOSS"],"items_purchased_type":[],"build_version":"2020-12-22","purchased_purges":0,"victory":false,"max_hp_per_floor":[70,70,70,70,70,70,70,70,70,70,70,70,70,70,70,70,70],"card_choices":[{"not_picked":["Swift Strike","Purity"],"picked":"Replay:Parry","floor":0},{"not_picked":["Hidden Blade","All Out Attack"],"picked":"Acrobatics","floor":1},{"not_picked":["Slice","Dash"],"picked":"Sucker Punch","floor":3},{"not_picked":["Atom Bomb","ReplayTheSpireMod:The Works"],"picked":"Poisoned Stab","floor":7},{"not_picked":["Endless Agony","Reflex"],"picked":"Dagger Throw","floor":8},{"not_picked":["Quick Slash","Slice"],"picked":"Cloak And Dagger","floor":11},{"not_picked":["Poisoned Stab","Escape Plan"],"picked":"Flying Knee","floor":13},{"not_picked":["Riddle With Holes","Dagger Throw"],"picked":"Distraction","floor":14}],"player_experience":384824,"relics_obtained":[{"floor":8,"key":"infinitespire:Magic Flask"},{"floor":11,"key":"Bag of Marbles"}],"event_choices":[{"damage_healed":0,"gold_gain":0,"player_choice":"Take Damage","damage_taken":17,"relics_obtained":["Golden Idol"],"max_hp_gain":0,"max_hp_loss":0,"event_name":"Golden Idol","floor":4,"gold_loss":0}],"is_beta":false,"boss_relics":[],"items_purged_floors":[],"is_endless":false,"potions_floor_spawned":[1,7,11],"killed_by":"Fading Forest","ascension_level":4}}