{"host":"i9z6y8pcdeu2qxnx","time":1612494869,"event":{"mods":["BaseMod","Colored Map","Googly Eyes","Highlight Path","Minty Spire (QoL Compilation)","Replay The Spire","StSLib"],"gold_per_floor":[114,129,144,174,189,219,219,249,274,304,319,349,349,372,372,498,498,525,550,490,490,90,134,165,217,242,242,288,288,61,67,67],"floor_reached":31,"language":"ENG","playtime":2473,"items_purged":[],"score":446,"play_id":"eba9ca4d-a061-45fa-809f-9932a03ee778","local_time":"20210204221429","daily_mods":["Specialized","ControlledChaos","Elite Swarm"],"is_ascension_mode":false,"campfire_choices":[{"floor":7,"key":"REST"},{"floor":13,"key":"REST"},{"floor":15,"key":"REST"},{"floor":27,"key":"REST"}],"circlet_count":0,"master_deck":["Strike_P","Strike_P","Strike_P","Strike_P","Defend_P","Defend_P","Defend_P","Defend_P","Eruption","Vigilance","Brilliance","Brilliance","Brilliance","Brilliance","Brilliance","FollowUp","CutThroughFate","TalkToTheHand","DevaForm","Pray","FlyingSleeves","Devotion","Ragnarok","Devotion","Prostrate","Scrawl","Establishment","CurseOfTheBell","WheelKick+1","ClearTheMind+1","Brilliance","SandsOfTime","Brilliance","Wish+1","Decay","Panache","Consecrate"],"relics":["PureWater","Frozen Eye","ReplayFunnel","Damaru","Pen Nib","Lantern","Incense Burner","Replay:Bandana","Calling Bell","Juzu Bracelet","Blue Candle","Calipers","PreservedInsect","Bottled Tornado","Toxic Egg 2","Red Mask","Vajra","Simple Rune","Turnip"],"acts_visited":["Exordium","TheCity"],"potions_floor_usage":[5,6,8,11,12,23,28],"damage_taken":[{"damage":0,"enemies":"2 Louse","floor":1,"turns":1},{"damage":0,"enemies":"Small Slimes","floor":2,"turns":1},{"damage":0,"enemies":"Cultist","floor":3,"turns":2},{"damage":1,"enemies":"Exordium Wildlife","floor":5,"turns":3},{"damage":27,"enemies":"3 Sentries","floor":6,"turns":5},{"damage":0,"enemies":"Replay:BlueRogue","floor":8,"turns":3},{"damage":0,"enemies":"Lagavulin","floor":10,"turns":4},{"damage":19,"enemies":"Blue Slaver","floor":11,"turns":2},{"damage":6,"enemies":"Replay:BlueRogue","floor":12,"turns":3},{"damage":0,"enemies":"Exordium Thugs","floor":14,"turns":2},{"damage":12,"enemies":"Fading Forest","floor":16,"turns":12},{"damage":20,"enemies":"Spheric Guardian","floor":18,"turns":4},{"damage":0,"enemies":"2 Thieves","floor":19,"turns":2},{"damage":11,"enemies":"Replay:Snechameleon","floor":23,"turns":4},{"damage":23,"enemies":"Masked Bandits","floor":24,"turns":4},{"damage":12,"enemies":"Gremlin Leader","floor":25,"turns":5},{"damage":11,"enemies":"Book of Stabbing","floor":28,"turns":4},{"damage":25,"enemies":"Slavers","floor":31,"turns":2}],"seed_played":"-8643747277835071688","potions_obtained":[{"floor":1,"key":"PowerPotion"},{"floor":2,"key":"Weak Potion"},{"floor":4,"key":"Regen Potion"},{"floor":5,"key":"Adrenaline Potion"},{"floor":11,"key":"EssenceOfSteel"},{"floor":12,"key":"Elixir"},{"floor":14,"key":"SpeedPotion"},{"floor":19,"key":"Block Potion"},{"floor":24,"key":"SpeedPotion"}],"is_trial":false,"path_per_floor":["M","M","M","?","M","E","R","E","T","E","M","E","R","M","R","B",null,"M","M","?","?","$","E","?","E","T","R","E","?","$","E"],"character_chosen":"WATCHER","items_purchased":["PreservedInsect","Bottled Tornado","Panache","Consecrate"],"campfire_rested":4,"item_purchase_floors":[22,22,30,30],"current_hp_per_floor":[72,72,72,44,52,25,46,46,46,46,27,21,42,42,63,55,72,52,52,52,52,52,41,18,6,6,27,16,16,16,0,0],"gold":67,"neow_bonus":"","is_daily":true,"chose_seed":false,"campfire_upgraded":0,"win_rate":0.0,"timestamp":1612494869,"path_taken":["M","M","M","?","?","E","R","E","T","E","M","E","R","M","R","BOSS","M","M","?","?","$","E","?","E","T","R","E","?","$","E"],"items_purchased_type":["Relic","Relic","Card","Card"],"build_version":"2020-12-22","purchased_purges":0,"victory":false,"max_hp_per_floor":[72,72,72,72,72,72,72,72,72,72,72,72,72,72,72,72,72,72,72,72,72,72,72,72,72,72,72,72,72,72,72,72],"card_choices":[{"not_picked":["Nirvana","BattleHymn"],"picked":"FollowUp","floor":1},{"not_picked":["CrushJoints","SashWhip"],"picked":"CutThroughFate","floor":2},{"not_picked":["Fasting2","CrushJoints"],"picked":"TalkToTheHand","floor":3},{"not_picked":["FlurryOfBlows","Replay:ManipulateFuture"],"picked":"DevaForm","floor":4},{"not_picked":["ThirdEye","TalkToTheHand"],"picked":"Pray","floor":4},{"not_picked":["Crescendo","CrushJoints"],"picked":"FlyingSleeves","floor":5},{"not_picked":["DevaForm","MasterReality"],"picked":"Devotion","floor":6},{"not_picked":["ConjureBlade","Blasphemy"],"picked":"Ragnarok","floor":8},{"not_picked":["Ragnarok","Replay:AllIn"],"picked":"Devotion","floor":10},{"not_picked":["Swivel","Indignation"],"picked":"Prostrate","floor":11},{"not_picked":["DevaForm","Alpha"],"picked":"Scrawl","floor":12},{"not_picked":["Crescendo","WaveOfTheHand","Replay:AtTheReady"],"picked":"SKIP","floor":14},{"not_picked":["DevaForm","Judgement"],"picked":"Establishment","floor":16},{"not_picked":["Prostrate","JustLucky"],"picked":"WheelKick+1","floor":18},{"not_picked":["Blasphemy","PathToVictory"],"picked":"ClearTheMind+1","floor":19},{"not_picked":["MasterReality","Alpha+1"],"picked":"Brilliance","floor":23},{"not_picked":["DeceiveReality+1","FlyingSleeves"],"picked":"SandsOfTime","floor":24},{"not_picked":["SpiritShield+1","MasterReality"],"picked":"Brilliance","floor":25},{"not_picked":["Omniscience+1","Alpha+1"],"picked":"Wish+1","floor":28}],"player_experience":1002405,"relics_obtained":[{"floor":4,"key":"ReplayFunnel"},{"floor":6,"key":"Damaru"},{"floor":8,"key":"Pen Nib"},{"floor":9,"key":"Lantern"},{"floor":10,"key":"Incense Burner"},{"floor":12,"key":"Replay:Bandana"},{"floor":17,"key":"Juzu Bracelet"},{"floor":17,"key":"Blue Candle"},{"floor":17,"key":"Calipers"},{"floor":23,"key":"Toxic Egg 2"},{"floor":24,"key":"Red Mask"},{"floor":25,"key":"Vajra"},{"floor":26,"key":"Simple Rune"},{"floor":28,"key":"Turnip"}],"event_choices":[{"damage_healed":0,"gold_gain":0,"player_choice":"Bought 0 Potions","damage_taken":0,"max_hp_gain":0,"max_hp_loss":0,"event_name":"The Woman in Blue","floor":21,"gold_loss":0},{"damage_healed":0,"gold_gain":0,"player_choice":"Fought Bandits","damage_taken":0,"max_hp_gain":0,"max_hp_loss":0,"event_name":"Masked Bandits","floor":24,"gold_loss":0},{"damage_healed":0,"gold_gain":0,"player_choice":"Smashed Altar","damage_taken":0,"max_hp_gain":0,"max_hp_loss":0,"event_name":"Forgotten Altar","floor":29,"gold_loss":0,"cards_obtained":["Decay"]}],"is_beta":false,"boss_relics":[{"not_picked":["Ectoplasm","Astrolabe"],"picked":"Calling Bell"}],"items_purged_floors":[],"is_endless":false,"potions_floor_spawned":[1,2,5,11,12,14,19,24],"killed_by":"Slavers","ascension_level":0}}