{"host":"woo3p23qa69nkhpk","time":1612547427,"event":{"mods":["BaseMod","Colored Map","Curses Come First","Highlight Path","Minty Spire (QoL Compilation)","StSLib","SuperFastMode"],"gold_per_floor":[114,129,143,23,23,49,60,76,127,174,186,227,209,245,257,269,269],"floor_reached":16,"language":"ENG","playtime":541,"items_purged":["Strike_G"],"score":122,"play_id":"9fb53c27-7a1d-415d-869d-403fca03558a","local_time":"20210205155027","is_ascension_mode":false,"campfire_choices":[{"data":"Accuracy","floor":15,"key":"SMITH"}],"circlet_count":0,"master_deck":["Strike_G","Strike_G","Defend_G","Defend_G","Defend_G","Defend_G","Defend_G","Survivor","Neutralize","Sucker Punch","Cloak And Dagger","Flying Knee","Slice","Adrenaline","Cloak And Dagger","Accuracy+1","PiercingWail","Deflect"],"relics":["Ring of the Snake","NeowsBlessing","Meat on the Bone","MawBank","HornCleat","CeramicFish"],"acts_visited":["Exordium"],"potions_floor_usage":[10,10,16,16],"damage_taken":[{"damage":0,"enemies":"Cultist","floor":1,"turns":1},{"damage":0,"enemies":"Jaw Worm","floor":2,"turns":1},{"damage":0,"enemies":"2 Louse","floor":3,"turns":1},{"damage":12,"enemies":"3 Sentries","floor":6,"turns":12},{"damage":0,"enemies":"Looter","floor":7,"turns":3},{"damage":0,"enemies":"Red Slaver","floor":8,"turns":3},{"damage":7,"enemies":"Gremlin Nob","floor":10,"turns":4},{"damage":9,"enemies":"3 Sentries","floor":12,"turns":8},{"damage":2,"enemies":"Blue Slaver","floor":14,"turns":4},{"damage":52,"enemies":"Slime Boss","floor":16,"turns":11}],"seed_played":"5097788142529908260","potions_obtained":[{"floor":2,"key":"AttackPotion"},{"floor":3,"key":"Block Potion"},{"floor":7,"key":"SpeedPotion"},{"floor":13,"key":"Ancient Potion"},{"floor":13,"key":"Weak Potion"},{"floor":14,"key":"LiquidMemories"}],"is_trial":false,"path_per_floor":["M","M","M","$","?","E","M","M","T","E","?","E","?","M","R","B"],"character_chosen":"THE_SILENT","items_purchased":["Slice"],"campfire_rested":0,"item_purchase_floors":[4],"current_hp_per_floor":[70,70,70,70,63,51,51,51,51,44,44,47,47,45,45,0,0],"gold":269,"neow_bonus":"THREE_ENEMY_KILL","is_daily":false,"chose_seed":false,"campfire_upgraded":1,"win_rate":0.0,"timestamp":1612547427,"path_taken":["M","?","M","$","?","E","M","M","T","E","?","E","?","M","R","BOSS"],"items_purchased_type":["Card"],"build_version":"2020-12-22","purchased_purges":1,"victory":false,"max_hp_per_floor":[70,70,70,70,70,70,70,70,70,70,70,70,70,70,70,70,70],"card_choices":[{"not_picked":["Poisoned Stab","Caltrops"],"picked":"Sucker Punch","floor":1},{"not_picked":["Dagger Spray","Deflect"],"picked":"Cloak And Dagger","floor":2},{"not_picked":["Heel Hook","Deadly Poison"],"picked":"Flying Knee","floor":3},{"not_picked":["Deflect","Flying Knee"],"picked":"Adrenaline","floor":6},{"not_picked":["Outmaneuver","Calculated Gamble"],"picked":"Cloak And Dagger","floor":7},{"not_picked":["Bane","Escape Plan"],"picked":"Accuracy","floor":8},{"not_picked":["Underhanded Strike","Dash"],"picked":"PiercingWail","floor":10},{"not_picked":["Masterful Stab","Setup","Outmaneuver"],"picked":"SKIP","floor":12},{"not_picked":["Acrobatics","Underhanded Strike"],"picked":"Deflect","floor":14}],"player_experience":487290,"relics_obtained":[{"floor":6,"key":"Meat on the Bone"},{"floor":9,"key":"MawBank"},{"floor":10,"key":"HornCleat"},{"floor":12,"key":"CeramicFish"}],"event_choices":[{"cards_removed":["Strike_G"],"damage_healed":0,"gold_gain":0,"player_choice":"Card Removal","damage_taken":7,"max_hp_gain":0,"max_hp_loss":0,"event_name":"Golden Wing","floor":5,"gold_loss":0},{"cards_removed":["Strike_G"],"damage_healed":0,"gold_gain":0,"player_choice":"Forget","damage_taken":0,"max_hp_gain":0,"max_hp_loss":0,"event_name":"Living Wall","floor":11,"gold_loss":0},{"damage_healed":0,"gold_gain":0,"player_choice":"Bought 2 Potions","damage_taken":0,"max_hp_gain":0,"max_hp_loss":0,"event_name":"The Woman in Blue","floor":13,"gold_loss":0}],"is_beta":false,"boss_relics":[],"items_purged_floors":[4],"is_endless":false,"potions_floor_spawned":[2,3,7,14],"killed_by":"Slime Boss","ascension_level":0}}