{"host":"0cnf9zf1gia27zti","time":1612485349,"event":{"mods":["BaseMod","Better Third Choice","BetterRewards","Card Forge","ChefMod","Colored Map","Colored Powertips","Conspire","Downfall","Googly Eyes","Infinite Spire","Minty Spire (QoL Compilation)","Practice Mode","Quick Restart","Replay The Spire","Shade Mod","Spicy Shops","StSLib","The Marked"],"gold_per_floor":[109,120,134,134,32,32,66,66,90,115,139,30,30,49,49,126,126,143,154,36,48,67,98,2,2,53,83,114,114,114,131,131,208,208,220,236,252,252,302,329,329,346,415,434,55,55,55,89,89,89],"floor_reached":51,"language":"ENG","playtime":3040,"items_purged":["Strike_B","Strike_B","Strike_B","Defend_B","Defend_B"],"score":1830,"play_id":"e8cc8466-c557-464c-aa0a-7a0a536f2d85","local_time":"20210205003549","is_ascension_mode":true,"campfire_choices":[{"data":"Dualcast","floor":6,"key":"SMITH"},{"floor":13,"key":"REST"},{"data":"Reinforced Body","floor":25,"key":"SMITH"},{"floor":30,"key":"REST"},{"floor":32,"key":"DIG"},{"data":"Defragment","floor":41,"key":"SMITH"},{"data":"Conserve Battery","floor":46,"key":"SMITH"},{"data":"Consume","floor":49,"key":"SMITH"}],"circlet_count":0,"master_deck":["AscendersBane","Defend_B","Defend_B","Zap+1","Dualcast+1","Auto Shields","Ball Lightning","Melter","Ball Lightning","Barrage","Meteor Strike+1","Flash of Steel","Glacier","Skim+1","Ball Lightning+1","Conserve Battery+1","Conserve Battery+1","Capacitor","Reinforced Body+1","Echo Form+1","Electrodynamics+1","Defragment+1","BootSequence","Sweeping Beam+1","Seek","Defragment+1","Defragment+1","Conserve Battery+1","Echo Form+1","infinitespire:Starlight","Echo Form+1","Consume+1","Glacier+1","ReplayTheSpireMod:Private Reserves+1","Steam","ReplayTheSpireMod:Calculation Training","Steam","Consume+1","ReplayTheSpireMod:Calculation Training","Consume+1","Self Repair+1","Rainbow+1","Reinforced Body+1","Self Repair+1","Shame","Panic Button"],"relics":["Cracked Core","Hammer of Thor","Seething Fire","Anvil of the Gods","Blue Doll","sneckomod:BlankCard","Chemical X","Mummified Hand","Membership Card","DataDisk","Runic Capacitor","BargainBundle","Juzu Bracelet","Boot","infinitespire:PuzzleCube","PreservedInsect","Ring of Chaos","Guide Book","Replay:Antivirus Software","Replay:Baseball","Centennial Puzzle","Gremlin Food","Potion Belt","DollysMirror","WingedGreaves","conspire:SpecialSausage","Orrery","Tiny House","Oddly Smooth Stone","Replay:Bottled Eggs","conspire:Dentures","Strawberry","Pear","Lee\u0027s Waffle","Toy Ornithopter"],"acts_visited":["Exordium","TheCity","TheBeyond"],"potions_floor_usage":[16,18,18,23,27,31,40,42,50],"damage_taken":[{"damage":0,"enemies":"Cultist","floor":1,"turns":2},{"damage":0,"enemies":"Jaw Worm","floor":2,"turns":3},{"damage":0,"enemies":"Small Slimes","floor":3,"turns":1},{"damage":16,"enemies":"Gremlin Nob","floor":7,"turns":3},{"damage":0,"enemies":"3 Sentries","floor":10,"turns":4},{"damage":0,"enemies":"Blue Slaver","floor":14,"turns":2},{"damage":0,"enemies":"Fading Forest","floor":16,"turns":11},{"damage":0,"enemies":"Shell Parasite","floor":18,"turns":3},{"damage":5,"enemies":"2 Thieves","floor":19,"turns":3},{"damage":0,"enemies":"Sentry and Sphere","floor":21,"turns":3},{"damage":0,"enemies":"Chosen and Byrds","floor":22,"turns":3},{"damage":9,"enemies":"Book of Stabbing","floor":23,"turns":4},{"damage":22,"enemies":"conspire:MimicChest","floor":27,"turns":5},{"damage":0,"enemies":"Slavers","floor":28,"turns":3},{"damage":0,"enemies":"Shelled Parasite and Fungi","floor":31,"turns":3},{"damage":17,"enemies":"Collector","floor":33,"turns":6},{"damage":19,"enemies":"3 Darklings","floor":35,"turns":3},{"damage":0,"enemies":"3 Shapes","floor":36,"turns":3},{"damage":13,"enemies":"Writhing Mass","floor":37,"turns":5},{"damage":4,"enemies":"Nemesis","floor":40,"turns":5},{"damage":10,"enemies":"Spire Growth","floor":42,"turns":3},{"damage":23,"enemies":"3 Darklings","floor":44,"turns":4},{"damage":2,"enemies":"Reptomancer","floor":48,"turns":4},{"damage":49,"enemies":"Time Eater","floor":50,"turns":9}],"seed_played":"3939030701953841812","potions_obtained":[{"floor":2,"key":"Strength Potion"},{"floor":7,"key":"ColorlessPotion"},{"floor":10,"key":"Guardian:BlockOnCardUsePotion"},{"floor":16,"key":"Explosive Potion"},{"floor":21,"key":"hexamod:SoulburnPotion"},{"floor":23,"key":"Strength Potion"},{"floor":28,"key":"ColorlessPotion"},{"floor":39,"key":"DistilledChaos"},{"floor":40,"key":"AttackPotion"},{"floor":48,"key":"sneckomod:MuddlingPotion"}],"is_trial":false,"path_per_floor":["M","M","M","?","$","R","E","?","T","E","T","$","R","M","R_BF","B",null,"M","M","$","M","M","E","$","R","T","?","E","AVR","R","M","R_BF","B",null,"M","M","M","?","AVR","E","R","M","T","M","$","R","?","E","R","B",null],"character_chosen":"DEFECT","items_purchased":["Blue Doll","Auto Shields","sneckomod:BlankCard","Ball Lightning","Chemical X","Mummified Hand","Membership Card","DataDisk","Runic Capacitor","Ball Lightning","BargainBundle","Meteor Strike","Flash of Steel","Glacier","Conserve Battery","Capacitor","Defragment","Guide Book","Defragment","Replay:Baseball","conspire:Dentures","Strawberry","Pear","Lee\u0027s Waffle"],"campfire_rested":2,"item_purchase_floors":[0,0,0,0,0,0,0,0,0,0,5,5,5,5,12,12,20,20,24,24,45,45,45,45],"current_hp_per_floor":[64,64,64,64,64,64,48,48,48,48,48,48,69,69,69,69,71,71,66,66,66,66,57,57,57,57,35,35,35,56,66,66,49,66,47,57,64,64,69,76,76,66,66,53,100,100,100,100,100,81],"gold":89,"neow_bonus":"","is_daily":false,"chose_seed":false,"campfire_upgraded":5,"win_rate":0.0,"timestamp":1612485349,"path_taken":["M","M","?","?","$","R","E","?","T","E","?","$","R","M","R_BF","BOSS","M","M","$","M","M","E","$","R","T","?","E","AVR","R","M","R_BF","BOSS","M","M","M","?","AVR","E","R","M","T","M","?","R","?","E","R","BOSS"],"items_purchased_type":["Relic","Card","Relic","Card","Relic","Relic","Relic","Relic","Relic","Card","Relic","Card","Card","Card","Card","Card","Card","Relic","Card","Relic","Relic","Relic","Relic","Relic"],"build_version":"2020-12-22","purchased_purges":5,"victory":true,"max_hp_per_floor":[71,71,71,71,71,71,71,71,71,71,71,71,71,71,71,71,71,71,71,71,71,71,71,71,71,71,71,71,71,71,71,71,71,71,71,71,71,71,76,76,76,76,76,76,100,100,100,100,100,100],"card_choices":[{"not_picked":["Reprogram","BasicCrystalCard"],"picked":"Melter","floor":1},{"not_picked":["ReplayTheSpireMod:Dual Polarity","Leap"],"picked":"Ball Lightning","floor":2},{"not_picked":["ReplayTheSpireMod:System Scan","Turbo"],"picked":"Barrage","floor":3},{"not_picked":["Recycle","Hello World","Time Bomb"],"picked":"SKIP","floor":7},{"not_picked":["Leap","Darkness"],"picked":"Ball Lightning","floor":10},{"not_picked":["Coolheaded","Streamline"],"picked":"Reinforced Body","floor":14},{"not_picked":["Multi-Cast","ReplayTheSpireMod:Omega Cannon"],"picked":"Electrodynamics","floor":16},{"not_picked":["Go for the Eyes","Gash","ReplaySolidLightProjector"],"picked":"SKIP","floor":18},{"not_picked":["Compile Driver","Time Bomb","Scrape+1"],"picked":"SKIP","floor":19},{"not_picked":["Rebound","BasicCrystalCard"],"picked":"BootSequence","floor":21},{"not_picked":["Scrape","Hologram"],"picked":"Sweeping Beam","floor":22},{"not_picked":["Streamline","Steam+1"],"picked":"Seek","floor":23},{"not_picked":["ReplayGash+1","ReplayTheSpireMod:GoodbyeWorld"],"picked":"Conserve Battery","floor":28},{"not_picked":["Conserve Battery","conspire:SharedLibrary","FTL"],"picked":"SKIP","floor":31},{"not_picked":["Electrodynamics","Creative AI"],"picked":"Echo Form","floor":33},{"not_picked":["Lockon","Go for the Eyes+1"],"picked":"Consume","floor":35},{"not_picked":["conspire:Rain","Recycle","Go for the Eyes"],"picked":"SKIP","floor":36},{"not_picked":["Reprogram","Barrage"],"picked":"Glacier+1","floor":37},{"not_picked":["Leap","Barrage"],"picked":"ReplayTheSpireMod:Calculation Training","floor":39},{"not_picked":["Go for the Eyes","Coolheaded"],"picked":"Steam","floor":39},{"not_picked":["Buffer","Ball Lightning"],"picked":"Consume+1","floor":39},{"not_picked":["Leap","Barrage"],"picked":"ReplayTheSpireMod:Calculation Training","floor":39},{"not_picked":["Buffer","Ball Lightning"],"picked":"Consume+1","floor":39},{"not_picked":["Streamline+1","ReplayTheSpireMod:Reroute Power"],"picked":"Self Repair+1","floor":39},{"not_picked":["Aggregate","Time Bomb"],"picked":"Rainbow","floor":40},{"not_picked":["Self Repair","Panic Button+1"],"picked":"Reinforced Body+1","floor":42},{"not_picked":["Hello World+1","Rebound"],"picked":"Self Repair+1","floor":44},{"not_picked":["Darkness","Rip and Tear"],"picked":"Panic Button","floor":48}],"player_experience":3573050,"relics_obtained":[{"floor":7,"key":"Juzu Bracelet"},{"floor":9,"key":"Boot"},{"floor":10,"key":"infinitespire:PuzzleCube"},{"floor":11,"key":"PreservedInsect"},{"floor":23,"key":"Replay:Antivirus Software"},{"floor":26,"key":"Centennial Puzzle"},{"floor":27,"key":"Gremlin Food"},{"floor":28,"key":"Potion Belt"},{"floor":32,"key":"WingedGreaves"},{"floor":40,"key":"Oddly Smooth Stone"},{"floor":43,"key":"Replay:Bottled Eggs"},{"floor":48,"key":"Toy Ornithopter"}],"event_choices":[{"damage_healed":0,"gold_gain":0,"player_choice":"2 cards matched","damage_taken":0,"max_hp_gain":0,"max_hp_loss":0,"event_name":"Match and Keep!","floor":38,"gold_loss":0,"cards_obtained":["ReplayTheSpireMod:Private Reserves","Steam"]},{"damage_healed":0,"gold_gain":0,"player_choice":"Leave","damage_taken":0,"max_hp_gain":0,"max_hp_loss":0,"event_name":"conspire:Investor","floor":47,"gold_loss":0}],"is_beta":false,"boss_relics":[{"not_picked":["conspire:SeveredTorchhead","Snecko Eye"],"picked":"Ring of Chaos"},{"not_picked":["Abe\u0027s Treasure","conspire:RoyalGoblet"],"picked":"conspire:SpecialSausage"}],"items_purged_floors":[5,12,29,39,45],"is_endless":false,"potions_floor_spawned":[2,7,10,14,16,21,23,28,35,40,48],"ascension_level":14}}