{"host":"5n1fl7z5i1vf7jan","time":1612493594,"event":{"mods":["BaseMod","Minty Spire (QoL Compilation)","Quick Restart","Relic Stats"],"gold_per_floor":[17,32,50,50,50,81,81,113,113,113,113,129,129,129,129,208,208,226,226,226,236,27,27,62,62,62,62,62,62,62,143,143,143,143],"floor_reached":33,"language":"ENG","playtime":772,"items_purged":[],"score":521,"play_id":"ef2467df-a95e-44fd-8755-e27edf9669cd","local_time":"20210204185314","is_ascension_mode":true,"campfire_choices":[{"floor":7.0,"key":"REST"},{"floor":11.0,"key":"DIG"},{"floor":13.0,"key":"DIG"},{"floor":15.0,"key":"DIG"},{"floor":23,"key":"DIG"},{"floor":28,"key":"DIG"},{"floor":29,"key":"DIG"},{"floor":32,"key":"REST"}],"circlet_count":0,"master_deck":["AscendersBane","Strike_P","Strike_P","Strike_P","Defend_P","Defend_P","Defend_P","Defend_P","Eruption","Vigilance","Conclude","BowlingBash","JustLucky","FollowUp","InnerPeace","FlyingSleeves","LessonLearned","CurseOfTheBell","Protect","Consecrate","FlurryOfBlows","Flash of Steel","TalkToTheHand","Writhe"],"relics":["PureWater","Calipers","White Beast Statue","Lizard Tail","Bronze Scales","Shovel","Orichalcum","Shuriken","Bag of Preparation","Calling Bell","Potion Belt","Frozen Egg 2","Thread and Needle","Enchiridion","Art of War","Ginger","WingedGreaves","Eternal Feather","Juzu Bracelet","Anchor","Pear"],"acts_visited":["Exordium","TheCity"],"potions_floor_usage":[18,24,24,24,33],"damage_taken":[{"damage":7.0,"enemies":"Small Slimes","floor":1.0,"turns":5.0},{"damage":4.0,"enemies":"Jaw Worm","floor":2.0,"turns":3.0},{"damage":8.0,"enemies":"2 Louse","floor":3.0,"turns":2.0},{"damage":16.0,"enemies":"Gremlin Nob","floor":6.0,"turns":3.0},{"damage":61.0,"enemies":"Lagavulin","floor":8.0,"turns":9.0},{"damage":2.0,"enemies":"Lots of Slimes","floor":12.0,"turns":3.0},{"damage":40,"enemies":"Slime Boss","floor":16,"turns":7},{"damage":9,"enemies":"2 Thieves","floor":18,"turns":3},{"damage":8,"enemies":"Shell Parasite","floor":21,"turns":7},{"damage":12,"enemies":"Book of Stabbing","floor":24,"turns":4},{"damage":101,"enemies":"Collector","floor":33,"turns":9}],"seed_played":"3104831031707244285","potions_obtained":[{"floor":1.0,"key":"Strength Potion"},{"floor":2.0,"key":"SteroidPotion"},{"floor":6.0,"key":"Weak Potion"},{"floor":8.0,"key":"Dexterity Potion"},{"floor":12.0,"key":"EssenceOfSteel"},{"floor":18,"key":"SmokeBomb"},{"floor":21,"key":"BottledMiracle"},{"floor":24,"key":"GamblersBrew"}],"is_trial":false,"path_per_floor":["M","M","M","?","?","E","R","E","T","?","R","M","R","?","R","B",null,"M","?","?","M","$","R","E","?","T","?","R","R","?","T","R","B"],"character_chosen":"WATCHER","items_purchased":["FlurryOfBlows","Flash of Steel","Strength Potion"],"campfire_rested":2,"item_purchase_floors":[22,22,22],"current_hp_per_floor":[54,50,42,42,31,15,35,34,34,34,34,32,32,54,54,14,55,46,25,39,31,31,31,19,19,19,19,31,43,24,34,70,0,0],"gold":143,"neow_bonus":"ONE_RARE_RELIC","is_daily":false,"chose_seed":false,"campfire_upgraded":0,"win_rate":0.0,"timestamp":1612493594,"path_taken":["M","M","M","?","?","E","R","E","T","?","R","?","R","?","R","BOSS","M","?","?","M","$","R","E","?","T","?","R","R","?","?","R","BOSS"],"items_purchased_type":["Card","Card","Potion"],"build_version":"2020-12-22","purchased_purges":0,"victory":false,"max_hp_per_floor":[68,68,68,68,68,68,68,68,68,68,68,68,68,68,68,68,68,68,68,68,68,68,68,68,68,68,68,68,68,73,83,83,83,83],"relic_stats":{"Lizard Tail":34,"Shovel":6,"counters":[11,55],"Shuriken":[16],"Bronze Scales":[102],"Eternal Feather":36,"Bag of Preparation":[10],"Art of War":[0],"Juzu Bracelet":0,"Ginger":[5],"Orichalcum":[18],"obtain_stats":[{"Potion Belt":17,"Calipers":0,"Pear":31,"Enchiridion":19,"Thread and Needle":17,"Eternal Feather":26,"Bag of Preparation":15,"Juzu Bracelet":28,"Ginger":24,"Orichalcum":11,"Frozen Egg 2":17,"White Beast Statue":5,"Calling Bell":17,"Lizard Tail":6,"Anchor":29,"Shovel":9,"Shuriken":13,"Bronze Scales":8,"WingedGreaves":25,"Art of War":23,"PureWater":0},{"Potion Belt":7,"Calipers":0,"Pear":10,"Enchiridion":8,"Thread and Needle":7,"Eternal Feather":10,"Bag of Preparation":6,"Juzu Bracelet":10,"Ginger":10,"Orichalcum":5,"Frozen Egg 2":7,"White Beast Statue":3,"Calling Bell":7,"Lizard Tail":4,"Anchor":10,"Shovel":5,"Shuriken":6,"Bronze Scales":5,"WingedGreaves":10,"Art of War":9,"PureWater":0},{"Potion Belt":32,"Calipers":0,"Pear":46,"Enchiridion":35,"Thread and Needle":32,"Eternal Feather":46,"Bag of Preparation":25,"Juzu Bracelet":46,"Ginger":46,"Orichalcum":22,"Frozen Egg 2":32,"White Beast Statue":10,"Calling Bell":32,"Lizard Tail":13,"Anchor":46,"Shovel":22,"Shuriken":25,"Bronze Scales":22,"WingedGreaves":46,"Art of War":42,"PureWater":0}]},"card_choices":[{"not_picked":["Adaptation","Vengeance"],"picked":"Conclude","floor":1.0},{"not_picked":["Study","Consecrate"],"picked":"BowlingBash","floor":2.0},{"not_picked":["SignatureMove","Protect"],"picked":"JustLucky","floor":3.0},{"not_picked":["Devotion","EmptyFist"],"picked":"FollowUp","floor":6.0},{"not_picked":["Study","JustLucky"],"picked":"InnerPeace","floor":8.0},{"not_picked":["ClearTheMind","EmptyMind"],"picked":"FlyingSleeves","floor":12.0},{"not_picked":["SpiritShield","Establishment"],"picked":"LessonLearned","floor":16},{"not_picked":["Halt","LikeWater+1"],"picked":"Protect","floor":18},{"not_picked":["Halt","Prostrate"],"picked":"Consecrate","floor":21},{"not_picked":["Pray","EmptyBody"],"picked":"TalkToTheHand","floor":24}],"player_experience":312881,"relics_obtained":[{"floor":6.0,"key":"Lizard Tail"},{"floor":8.0,"key":"Bronze Scales"},{"floor":9.0,"key":"Shovel"},{"floor":11.0,"key":"Orichalcum"},{"floor":13.0,"key":"Shuriken"},{"floor":15.0,"key":"Bag of Preparation"},{"floor":17,"key":"Potion Belt"},{"floor":17,"key":"Frozen Egg 2"},{"floor":17,"key":"Thread and Needle"},{"floor":19,"key":"Enchiridion"},{"floor":23,"key":"Art of War"},{"floor":24,"key":"Ginger"},{"floor":26,"key":"Eternal Feather"},{"floor":28,"key":"Juzu Bracelet"},{"floor":29,"key":"Anchor"},{"floor":31,"key":"Pear"}],"event_choices":[{"damage_healed":0.0,"max_hp_gain":0.0,"max_hp_loss":0.0,"gold_gain":0.0,"event_name":"Liars Game","player_choice":"Ignored","floor":4.0,"gold_loss":0.0,"damage_taken":0.0},{"damage_healed":0.0,"max_hp_gain":0.0,"max_hp_loss":0.0,"gold_gain":0.0,"event_name":"Scrap Ooze","player_choice":"Success","floor":5.0,"gold_loss":0.0,"damage_taken":11.0,"relics_obtained":["White Beast Statue"]},{"cards_removed":["Strike_P"],"damage_healed":0.0,"max_hp_gain":0.0,"max_hp_loss":0.0,"gold_gain":0.0,"event_name":"Purifier","player_choice":"Purged","floor":10.0,"gold_loss":0.0,"damage_taken":0.0},{"damage_healed":22.0,"max_hp_gain":0.0,"max_hp_loss":0.0,"gold_gain":0.0,"event_name":"Big Fish","player_choice":"Banana","floor":14.0,"gold_loss":0.0,"damage_taken":0.0},{"damage_healed":0,"gold_gain":0,"player_choice":"Obtained Book","damage_taken":21,"max_hp_gain":0,"max_hp_loss":0,"event_name":"Cursed Tome","floor":19,"gold_loss":0},{"damage_healed":14,"gold_gain":0,"player_choice":"Heal","damage_taken":0,"max_hp_gain":0,"max_hp_loss":0,"event_name":"The Library","floor":20,"gold_loss":0},{"damage_healed":0,"gold_gain":0,"player_choice":"Opened","damage_taken":0,"relics_obtained":["WingedGreaves"],"max_hp_gain":0,"max_hp_loss":0,"event_name":"The Mausoleum","floor":25,"gold_loss":0,"cards_obtained":["Writhe"]},{"damage_healed":0,"gold_gain":0,"player_choice":"Shed Blood","damage_taken":24,"max_hp_gain":5,"max_hp_loss":0,"event_name":"Forgotten Altar","floor":30,"gold_loss":0}],"is_beta":false,"boss_relics":[{"not_picked":["Busted Crown","Runic Dome"],"picked":"Calling Bell"}],"items_purged_floors":[],"is_endless":false,"potions_floor_spawned":[1,2,6,8,12,16,18,21,24],"killed_by":"Collector","ascension_level":19}}