{"host":"23qk1co0p3p8qz56","time":1612549480,"event":{"mods":["100% Spire Juice","AchievementEnabler","Act Like it!","Arknights","BaseMod","Better Note","Better Third Choice","BetterRewards","CapriCore","Chen","Colored Map","Friendly Minions","Gensokyo","Gold Saver","KinomotoSakuraMod(木之本?)","Koishi","Lobotomy","LobotomyExtend","Marisa（霧雨　魔理沙）","Minty Spire (QoL Compilation)","Prisma Mod","Reimu（博??梦）","Remilia（蕾米莉?）","StSLib","The Alterego","The Animator","The Immortal","The Senshi","Waifu the Spire","Yakumo Yukari mod","Yohane!"],"gold_per_floor":[116,133,144,159,159,159,170,184,207,222,273,203,236,255,255,360,360,360,360],"floor_reached":18,"language":"ENG","playtime":1584,"items_purged":[],"score":166,"play_id":"56d4808f-d045-456e-be2e-3845ae46963e","local_time":"20210205112440","is_ascension_mode":false,"campfire_choices":[{"data":"Yohane:Little_Demon_Hanamaru","floor":6,"key":"SMITH"},{"data":"Yohane:Little_Demon_Ruby","floor":15,"key":"SMITH"}],"circlet_count":0,"master_deck":["Yohane:Strike_Grey","Yohane:Strike_Grey","Yohane:Strike_Grey","Yohane:Strike_Grey","Yohane:Defend_Grey","Yohane:Defend_Grey","Yohane:Defend_Grey","Yohane:Defend_Grey","Yohane:Little_Demon_Lily+1","Yohane:Well_Laid_Ambush","Yohane:Little_Demon_Hanamaru+1","Yohane:Fallen_Dragon_Phoenix_Hold","Yohane:Little_Demon_Support","Yohane:My_Mai_Tonight","Yohane:Lailapse","Yohane:Ice_Cream_Assault","Yohane:Little_Demon_Ruby+1","Yohane:Grace_Under_Fire","Yohane:Little_Demon_Mari","Yohane:Accelerator","Yohane:Go_All_Out"],"relics":["Yohane:AngelWings","LetterFromLob","Ornamental Fan","Coffee Dripper"],"acts_visited":["Exordium","TheCity"],"potions_floor_usage":[16,16,16],"damage_taken":[{"damage":8,"enemies":"2 Louse","floor":1,"turns":2},{"damage":1,"enemies":"Cultist","floor":2,"turns":4},{"damage":2,"enemies":"Small Slimes","floor":3,"turns":4},{"damage":3,"enemies":"Red Slaver","floor":4,"turns":3},{"damage":0,"enemies":"Blue Slaver","floor":7,"turns":4},{"damage":0,"enemies":"Exordium Thugs","floor":8,"turns":5},{"damage":0,"enemies":"Exordium Wildlife","floor":10,"turns":5},{"damage":9,"enemies":"3 Sentries","floor":13,"turns":7},{"damage":0,"enemies":"Large Slime","floor":14,"turns":6},{"damage":21,"enemies":"Hexaghost","floor":16,"turns":11},{"damage":0,"enemies":"Chosen","floor":18,"turns":1}],"seed_played":"-2904775043781031090","potions_obtained":[{"floor":2,"key":"Energy Potion"},{"floor":4,"key":"Strength Potion"},{"floor":8,"key":"Energy Potion"},{"floor":10,"key":"Swift Potion"},{"floor":14,"key":"Regen Potion"}],"is_trial":false,"path_per_floor":["M","M","M","M","?","R","M","M","T","M","?","$","E","M","R","B",null,"M"],"character_chosen":"FallenAngel","items_purchased":["Yohane:Grace_Under_Fire"],"campfire_rested":0,"item_purchase_floors":[12],"current_hp_per_floor":[52,51,49,46,46,46,46,46,46,46,46,46,37,37,37,31,60,60,60],"gold":360,"neow_bonus":"UPGRADE_CARD","is_daily":false,"chose_seed":false,"campfire_upgraded":2,"win_rate":0.0,"timestamp":1612549480,"path_taken":["M","M","M","M","?","R","M","?","T","M","?","$","E","M","R","BOSS","M"],"items_purchased_type":["Card"],"build_version":"2020-12-22","purchased_purges":0,"victory":false,"max_hp_per_floor":[60,60,60,60,60,60,60,60,60,60,60,60,60,60,60,60,60,60,60],"card_choices":[{"not_picked":["Yohane:Misfortune","Yohane:Livestream_Donation"],"picked":"Yohane:Little_Demon_Hanamaru","floor":1},{"not_picked":["Yohane:Backfoot","Yohane:Little_Demon_Ruby"],"picked":"Yohane:Fallen_Dragon_Phoenix_Hold","floor":2},{"not_picked":["Yohane:Soul_Peek","Yohane:Little_Demon_Hanamaru"],"picked":"Yohane:Little_Demon_Support","floor":3},{"not_picked":["Yohane:Livestream_Donation","Yohane:Little_Demon_Hanamaru"],"picked":"Yohane:Envious","floor":4},{"not_picked":["Yohane:Miracle_Wave","Yohane:My_Mai_Tonight"],"picked":"Yohane:Lailapse","floor":7},{"not_picked":["Yohane:Wrath","Yohane:Little_Demon_Hanamaru"],"picked":"Yohane:Ice_Cream_Assault","floor":8},{"not_picked":["Yohane:Energy_Change","Yohane:Little_Demon_Hanamaru"],"picked":"Yohane:Little_Demon_Ruby","floor":10},{"not_picked":["Yohane:Inspiration","Yohane:Hell_Zone"],"picked":"Yohane:Little_Demon_Mari","floor":13},{"not_picked":["Yohane:Dark_Rest","Yohane:Lailapse"],"picked":"Yohane:Accelerator","floor":14},{"not_picked":["Yohane:Indulge","Yohane:Awaken_The_Power"],"picked":"Yohane:Go_All_Out","floor":16}],"player_experience":37733,"relics_obtained":[{"floor":1,"key":"LetterFromLob"},{"floor":13,"key":"Ornamental Fan"}],"event_choices":[{"damage_healed":0,"gold_gain":0,"cards_transformed":["Yohane:Envious"],"player_choice":"Transformed","damage_taken":0,"max_hp_gain":0,"max_hp_loss":0,"event_name":"Transmorgrifier","floor":5,"gold_loss":0,"cards_obtained":["Yohane:My_Mai_Tonight"]},{"damage_healed":0,"gold_gain":51,"player_choice":"Gained Gold","damage_taken":0,"max_hp_gain":0,"max_hp_loss":0,"event_name":"Golden Wing","floor":11,"gold_loss":0}],"is_beta":false,"boss_relics":[{"not_picked":["SacredBark","Snecko Eye"],"picked":"Coffee Dripper"}],"items_purged_floors":[],"is_endless":false,"potions_floor_spawned":[2,4,8,10,13,14],"killed_by":"Chosen","ascension_level":0}}