{"host":"3fd6e6c5cltq175f","time":1612549480,"event":{"mods":["AchievementEnabler","BaseMod","Colored Map","Colored Powertips","DeckTracker","Minty Spire (QoL Compilation)"],"gold_per_floor":[109,109,133,156,156,156,190,190,214,228,242,242,265,280,280,409,409,425,425,439,439,439,439],"floor_reached":22,"language":"ENG","playtime":865,"items_purged":[],"score":216,"play_id":"68801e81-1c1d-45d5-ad7d-f6d87924f89d","local_time":"20210205192440","is_ascension_mode":true,"campfire_choices":[{"data":"Neutralize","floor":6,"key":"SMITH"},{"data":"Survivor","floor":8,"key":"SMITH"},{"data":"Deadly Poison","floor":15,"key":"SMITH"}],"circlet_count":0,"master_deck":["Strike_G","Strike_G","Strike_G","Strike_G","Strike_G","Defend_G","Defend_G","Defend_G","Defend_G","Defend_G","Survivor+1","Neutralize+1","Panacea","Dagger Spray","All Out Attack","Terror","Endless Agony","Cloak And Dagger","Deadly Poison+1","Bullet Time","Acrobatics"],"relics":["Ring of the Snake","Golden Idol","Regal Pillow","Bag of Preparation","HoveringKite","Calipers"],"acts_visited":["Exordium","TheCity"],"potions_floor_usage":[7,16,22],"damage_taken":[{"damage":0,"enemies":"Cultist","floor":1,"turns":3},{"damage":8,"enemies":"Small Slimes","floor":3,"turns":4},{"damage":2,"enemies":"Jaw Worm","floor":4,"turns":5},{"damage":23,"enemies":"Lagavulin","floor":7,"turns":10},{"damage":3,"enemies":"Exordium Thugs","floor":10,"turns":3},{"damage":0,"enemies":"Lots of Slimes","floor":11,"turns":1},{"damage":1,"enemies":"3 Louse","floor":13,"turns":2},{"damage":10,"enemies":"2 Fungi Beasts","floor":14,"turns":3},{"damage":50,"enemies":"Hexaghost","floor":16,"turns":9},{"damage":30,"enemies":"Spheric Guardian","floor":18,"turns":7},{"damage":26,"enemies":"2 Thieves","floor":20,"turns":5},{"damage":48,"enemies":"Cultist and Chosen","floor":22,"turns":6}],"seed_played":"1920529751510883382","potions_obtained":[{"floor":4,"key":"SkillPotion"},{"floor":7,"key":"CunningPotion"},{"floor":11,"key":"SmokeBomb"},{"floor":16,"key":"Ancient Potion"},{"floor":18,"key":"Poison Potion"},{"floor":19,"key":"FairyPotion"},{"floor":19,"key":"SpeedPotion"}],"is_trial":false,"path_per_floor":["M","?","M","M","?","R","E","R","T","M","M","?","M","M","R","B",null,"M","?","M","?","M"],"character_chosen":"THE_SILENT","items_purchased":[],"campfire_rested":0,"item_purchase_floors":[],"current_hp_per_floor":[70,53,45,43,66,66,43,43,43,40,40,70,69,59,59,9,70,40,40,14,14,0,0],"gold":439,"neow_bonus":"RANDOM_COLORLESS","is_daily":false,"chose_seed":false,"campfire_upgraded":3,"win_rate":0.0,"timestamp":1612549480,"path_taken":["M","?","M","M","?","R","E","R","T","M","M","?","M","M","R","BOSS","M","?","?","?","M"],"items_purchased_type":[],"build_version":"2020-12-22","purchased_purges":0,"victory":false,"max_hp_per_floor":[70,70,70,70,70,70,70,70,70,70,70,70,70,70,70,70,70,70,70,70,70,70,70],"card_choices":[{"not_picked":["Purity","Mind Blast"],"picked":"Panacea","floor":0},{"not_picked":["Tactician","Outmaneuver"],"picked":"Dagger Spray","floor":1},{"not_picked":["Dodge and Roll","Escape Plan"],"picked":"All Out Attack","floor":3},{"not_picked":["Quick Slash","Underhanded Strike"],"picked":"Prepared","floor":4},{"not_picked":["Dash","Leg Sweep"],"picked":"Terror","floor":7},{"not_picked":["Acrobatics","Outmaneuver"],"picked":"Endless Agony","floor":10},{"not_picked":["Tools of the Trade","Dodge and Roll"],"picked":"Skewer","floor":11},{"not_picked":["Escape Plan","Dagger Spray"],"picked":"Cloak And Dagger","floor":13},{"not_picked":["Quick Slash","Infinite Blades"],"picked":"Deadly Poison","floor":14},{"not_picked":["Tools of the Trade","Unload"],"picked":"Bullet Time","floor":16},{"not_picked":["Well Laid Plans","Dagger Throw","Outmaneuver"],"picked":"SKIP","floor":18},{"not_picked":["Prepared","Choke"],"picked":"Acrobatics","floor":20}],"player_experience":179393,"relics_obtained":[{"floor":7,"key":"Regal Pillow"},{"floor":9,"key":"Bag of Preparation"}],"event_choices":[{"damage_healed":0,"gold_gain":0,"player_choice":"Take Damage","damage_taken":17,"relics_obtained":["Golden Idol"],"max_hp_gain":0,"max_hp_loss":0,"event_name":"Golden Idol","floor":2,"gold_loss":0},{"damage_healed":23,"gold_gain":0,"player_choice":"Banana","damage_taken":0,"max_hp_gain":0,"max_hp_loss":0,"event_name":"Big Fish","floor":5,"gold_loss":0},{"cards_removed":["Skewer"],"damage_healed":30,"gold_gain":0,"player_choice":"Offered Uncommon","damage_taken":0,"max_hp_gain":0,"max_hp_loss":0,"event_name":"Bonfire Elementals","floor":12,"gold_loss":0},{"damage_healed":0,"gold_gain":0,"player_choice":"Got Potions","damage_taken":0,"max_hp_gain":0,"max_hp_loss":0,"event_name":"Lab","floor":19,"gold_loss":0},{"cards_removed":["Prepared"],"damage_healed":0,"gold_gain":0,"player_choice":"Gave Card","damage_taken":0,"relics_obtained":["Calipers"],"max_hp_gain":0,"max_hp_loss":0,"event_name":"WeMeetAgain","floor":21,"gold_loss":0}],"is_beta":false,"boss_relics":[{"not_picked":["Philosopher\u0027s Stone","Fusion Hammer"],"picked":"HoveringKite"}],"items_purged_floors":[],"is_endless":false,"potions_floor_spawned":[4,7,11,16,18],"killed_by":"Cultist and Chosen","ascension_level":3}}