{"host":"hkj1blq6xqcrzx6o","time":1612536731,"event":{"mods":["Act Like it!","BaseMod","Downfall","Gensokyo","Lobotomy","Marisa£®ÏF”Í°°ƒß¿Ì…≥£©","Minty Spire (QoL Compilation)","Quick Restart","Reimu£®≤©¿ˆ¡È√Œ£©","Remilia£®¿Ÿ√◊¿Ú—«£©","Replay The Spire","StSLib","The Servant 0.9.4","Youmu£®ªÍ∆«—˝√Œ£©"],"gold_per_floor":[13,13,13,13,31,31,60,71,118,31,31,59,59,78,78,182,182,199,199,219,29,29,29,40,0,25,37,59,71,333,2,2,2,2],"floor_reached":33,"language":"ZHS","playtime":1219,"items_purged":[],"score":251,"play_id":"a7cab617-1fc2-4176-b191-e4468760a887","local_time":"20210205225211","is_ascension_mode":false,"campfire_choices":[{"floor":6,"key":"REST"},{"floor":11,"key":"REST"},{"floor":15,"key":"REST"},{"data":"TheWorld","floor":23,"key":"SMITH"},{"floor":29,"key":"REST"},{"floor":32,"key":"REST"}],"circlet_count":0,"master_deck":["Strike_S","Strike_S+1","Defend_S","Defend_S","Defend_S","KidneyShot","Exchange","LightFlow","Foresight","Gensokyo:CrescentMoonSlash","Clumsy","Sabotage","BestPractice","Contraction+1","Defy","Comet","TheWorld+1","Desolation+1","Desolation+1","Duplication+1","Sabotage","ReturningBlade+1","Potential","Potential","CleanRite:ReiMu+1","ShatteredReality","Advance+1","PendulumOfEternity+1"],"relics":["Uniform","Gensokyo:NagashiBinaDoll","PreservedInsect","Orichalcum","Omamori","Sundial","Juzu Bracelet","Astrolabe","Gensokyo:RedStar","Blue Doll","MawBank","Gensokyo:DirgeOfMelancholy","Question Card"],"acts_visited":["Exordium","Gensokyo:Gensokyo"],"potions_floor_usage":[16,16],"damage_taken":[{"damage":11,"enemies":"Gensokyo:Gryphon","floor":1,"turns":3},{"damage":0,"enemies":"Gensokyo:3_Fairies","floor":5,"turns":3},{"damage":23,"enemies":"Gensokyo:Cirno","floor":7,"turns":6},{"damage":4,"enemies":"Gensokyo:Python","floor":8,"turns":3},{"damage":13,"enemies":"Gensokyo:Aya","floor":12,"turns":4},{"damage":1,"enemies":"Gensokyo:2_Rabbits","floor":14,"turns":4},{"damage":15,"enemies":"Gensokyo:Kokoro","floor":16,"turns":12},{"damage":9,"enemies":"Gensokyo:CosmicMonolith","floor":18,"turns":6},{"damage":0,"enemies":"Gensokyo:2_Gloops","floor":20,"turns":4},{"damage":11,"enemies":"Gensokyo:Wraith","floor":24,"turns":6},{"damage":18,"enemies":"Gensokyo:Monolith_and_Dog","floor":28,"turns":6},{"damage":43,"enemies":"Gensokyo:Eternal_Rivals","floor":33,"turns":3}],"seed_played":"-6455579471876404272","potions_obtained":[{"floor":1,"key":"Swift Potion"},{"floor":5,"key":"ColorlessPotion"},{"floor":8,"key":"Dexterity Potion"},{"floor":28,"key":"Energy Potion"}],"is_trial":false,"path_per_floor":["M","?","?","?","M","R","E","M","T","COS","R","E","?","M","R","B",null,"M","?","M","$","?","R","M","?","T","?","M","R","?","$","R","B"],"character_chosen":"THE_SERVANT","items_purchased":["Blue Doll","Potential","PendulumOfEternity+1","Question Card"],"campfire_rested":5,"item_purchase_floors":[21,21,31,31],"current_hp_per_floor":[54,45,45,32,32,51,28,24,24,24,43,30,30,29,48,33,65,56,56,56,56,56,56,45,45,45,45,27,46,46,46,62,0,0],"gold":2,"neow_bonus":"THREE_RARE_CARDS","is_daily":false,"chose_seed":false,"campfire_upgraded":1,"win_rate":0.0,"timestamp":1612536731,"path_taken":["M","?","?","?","M","R","E","?","T","COS","R","E","?","M","R","BOSS","M","?","M","$","?","R","M","?","T","?","M","R","?","?","R","BOSS"],"items_purchased_type":["Relic","Card","Card","Relic"],"build_version":"2020-12-22","purchased_purges":0,"victory":false,"max_hp_per_floor":[65,65,65,65,65,65,65,65,65,65,65,65,65,65,65,65,65,65,65,65,65,65,65,65,65,65,65,65,65,62,62,62,31,31],"card_choices":[{"not_picked":["PendulumOfEternity","Duplication"],"picked":"LightFlow","floor":0},{"not_picked":["Rearm","Replace"],"picked":"Foresight","floor":1},{"not_picked":["Potential","FastForward"],"picked":"Sabotage","floor":5},{"not_picked":["Foresight","FastForward","Alleviate"],"picked":"SKIP","floor":7},{"not_picked":["SurpressingFire","DoubleEdge"],"picked":"BestPractice","floor":8},{"not_picked":["Replace+1","Misdirection+1"],"picked":"Contraction+1","floor":12},{"not_picked":["Rearm","Unruled"],"picked":"Defy","floor":12},{"not_picked":["GearUp","BottledTime"],"picked":"Comet","floor":14},{"not_picked":["LightFlow","FloweringNight"],"picked":"TheWorld","floor":16},{"not_picked":["Comet","Desolation"],"picked":"Sabotage","floor":18},{"not_picked":["ShiftingGears","TimeWarp"],"picked":"ReturningBlade+1","floor":20},{"not_picked":["DoubleEdge","TimeWarp"],"picked":"ShatteredReality","floor":24},{"not_picked":["DoubleEdge","Alleviate"],"picked":"Advance+1","floor":28}],"player_experience":42898,"relics_obtained":[{"floor":7,"key":"Orichalcum"},{"floor":9,"key":"Omamori"},{"floor":12,"key":"Sundial"},{"floor":26,"key":"MawBank"}],"event_choices":[],"is_beta":false,"boss_relics":[{"not_picked":["Replay:Drink Me","Cursed Key"],"picked":"Astrolabe"}],"items_purged_floors":[],"is_endless":false,"potions_floor_spawned":[1,5,8,28],"killed_by":"Gensokyo:Eternal_Rivals","ascension_level":0}}