{"host":"yq2wmfr0u0wuvxc0","time":1612567581,"event":{"mods":["Act Like it!","Aspiration","BaseMod","Colored Powertips","Curses Come First","Defuse TimeMaze Blight","Downfall","Friendly Minions","Gensokyo","Gremlin Mod","Hallownest","Hubris","Infinite Spire","Koishi","Marisa????????","Minty Spire (QoL Compilation)","Pale of the Ancients","Quick Restart","Rare Cards Sparkle","Remilia??????","Shop Mod","Smile Girya","Spicy Shops","StSLib","The Servant 0.9.4","Wide Potions","Youmu??????"],"gold_per_floor":[99,114,114,29,29,45,45,45,74,74,74,102,117,133,148,245,245,145,211,227,227,227,227,227,98,98,98,8,23,41,88,106,201,201,201,216,230,230,145,145,145,160,160,176,203,229,29,237,247,247,247,275,45,45,45,95],"floor_reached":57,"language":"ZHS","playtime":4968,"items_purged":["bronze:Strike","bronze:Strike","bronze:Defend","bronze:Defend"],"score":1363,"play_id":"c31d7026-846f-426d-bebb-2c67f6f1288f","local_time":"20210205152621","is_ascension_mode":true,"campfire_choices":[{"data":"bronze:Goto","floor":1.0,"key":"SMITH"},{"data":"bronze:Repulsor","floor":8.0,"key":"SMITH"},{"data":"bronze:WhirlingStrike","floor":10.0,"key":"SMITH"},{"data":"bronze:HardenedForm","floor":18.0,"key":"SMITH"},{"data":"bronze:DigitalCarnage","floor":23.0,"key":"SMITH"},{"data":"bronze:Repulsor","floor":27.0,"key":"SMITH"},{"floor":35.0,"key":"RECALL"},{"data":"BinaryStars","floor":47.0,"key":"SMITH"},{"data":"bronze:Assembly","floor":54,"key":"SMITH"}],"circlet_count":0,"master_deck":["bronze:Defend","bronze:Defend","bronze:Replicate","bronze:Goto+1","bronze:WhirlingStrike+1","bronze:Shield","bronze:Repulsor+1","bronze:DigitalCarnage+1","bronze:BronzeOrb","bronze:Repair","bronze:Fortify","bronze:ChildClass","bronze:HardenedForm+1","bronze:Fortify+1","bronze:BugBarrage+1","Hallownest:pwrSporeShroom","bronze:CutThrough+1","bronze:Repulsor+1","Hallownest:attackAdjustingAction","bronze:Boost","bronze:ItsAFeature+1","bronze:Assembly+1","CurseOfTheBell","bronze:FineTuning+1","Hallownest:skillKingdomsEdgeMap","BinaryStars+1","bronze:Assembly","bronze:ChildClass","bronze:Optimize","OortCloud","bronze:Allocate"],"relics":["bronze:BronzeCore","aspiration:Nostalgia","Koishi:ImaginaryFriend","Eternal Feather","Matryoshka","Hallownest:DreamNailRelic","Juzu Bracelet","hubris:MobiusCoin","infinitespire:Eraser","SlaversCollar","downfall:HeartBlessingBlue","Hallownest:WatcherSealRelic","Bag of Marbles","Kunai","Hallownest:StagBellRelic1","Calling Bell","bronze:SilverBullet","Pocketwatch","hubris:DisguiseKit","Prayer Wheel","Membership Card","Coffee Dripper","infinitespire:Lucky Rock","infinitespire:Satchel","downfall:HeartBlessingRed","downfall:HeartBlessingGreen","Slimebound:StickyStick","aspiration:ChemicalBlood","Mango"],"acts_visited":["Hallownest:Greenpath","Hallownest:CityofTears","Hallownest:KingdomsEdge","TheEnding"],"potions_floor_usage":[55,56],"damage_taken":[{"damage":1.0,"enemies":"Hallownest:monsterHuskWarrior","floor":2.0,"turns":3.0},{"damage":0.0,"enemies":"downfall:FleeingMerchant","floor":4.0,"turns":4.0},{"damage":0.0,"enemies":"2_ Uuma","floor":6.0,"turns":5.0},{"damage":17.0,"enemies":"Hallownest:eliteMossKnight","floor":9.0,"turns":5.0},{"damage":1.0,"enemies":"Hallownest:monsterMarmu","floor":11.0,"turns":3.0},{"damage":2.0,"enemies":"Hallownest:eliteVengeflyKing","floor":12.0,"turns":5.0},{"damage":1.0,"enemies":"Hallownest:2_Tiktiks_and_1_Crawlid","floor":13.0,"turns":2.0},{"damage":3.0,"enemies":"Hallownest:2_Tiktiks_1_Baldur_1_Crawlid","floor":14.0,"turns":3.0},{"damage":0.0,"enemies":"Hallownest:monsterFoolEater","floor":15.0,"turns":3.0},{"damage":25.0,"enemies":"WA_ARCHETYPE_RETAIN","floor":16.0,"turns":11.0},{"damage":11.0,"enemies":"Hallownest:Flukemon_and_Top","floor":19.0,"turns":7.0},{"damage":14.0,"enemies":"Hallownest:2_Mistakes","floor":20.0,"turns":9.0},{"damage":0.0,"enemies":"downfall:FleeingMerchant","floor":25.0,"turns":4.0},{"damage":0.0,"enemies":"Hallownest:monsterMisterMushroom","floor":26.0,"turns":9.0},{"damage":6.0,"enemies":"Hallownest:monsterShrumalOgre","floor":29.0,"turns":3.0},{"damage":6.0,"enemies":"Hallownest:2_Husk_Sentries","floor":30.0,"turns":7.0},{"damage":8.0,"enemies":"Hallownest:Glutton_and_Coward","floor":31.0,"turns":3.0},{"damage":0.0,"enemies":"Hallownest:monsterShrumalOgre","floor":32.0,"turns":6.0},{"damage":20.0,"enemies":"IC_MUSHROOM_ARCHETYPE","floor":33.0,"turns":10.0},{"damage":19.0,"enemies":"Hallownest:Shield_Heavy","floor":36.0,"turns":5.0},{"damage":16.0,"enemies":"Hallownest:3_Siblings","floor":37.0,"turns":9.0},{"damage":1.0,"enemies":"Hallownest:Xero_Hu_Marmu","floor":42.0,"turns":6.0},{"damage":9.0,"enemies":"Hallownest:monsterPrimalAspid","floor":44.0,"turns":4.0},{"damage":8.0,"enemies":"Hallownest:eliteHiveKnight","floor":46.0,"turns":6.0},{"damage":0.0,"enemies":"downfall:FleeingMerchant","floor":48.0,"turns":4.0},{"damage":1.0,"enemies":"Hallownest:Shield_Sturdy","floor":49.0,"turns":5.0},{"damage":12,"enemies":"SI_POISON_ARCHETYPE","floor":50,"turns":9},{"damage":50,"enemies":"downfall:CharBossMerchant","floor":52,"turns":9},{"damage":7,"enemies":"downfall:NeowBoss","floor":55,"turns":9},{"damage":10,"enemies":"downfall:NeowBossFinal","floor":56,"turns":13}],"seed_played":"9221055237503066411","potions_obtained":[{"floor":2.0,"key":"GamblersBrew"},{"floor":12.0,"key":"ColorlessPotion"},{"floor":15.0,"key":"champ:CounterPotion"},{"floor":29.0,"key":"Fire Potion"},{"floor":30.0,"key":"SkillPotion"},{"floor":32.0,"key":"EntropicBrew"},{"floor":42.0,"key":"Ancient Potion"},{"floor":46.0,"key":"FearPotion"}],"is_trial":false,"path_per_floor":["R","M","?","$","?","M","T","R","E","R","?","E","M","M","M","B",null,"R","M","M","?","?","R","T","$","M","R","?","M","M","M","M","B",null,"R","M","M","?","?","?","T","M","AVR","M","T","E","R","$","M","B",null,"E","$","R","B","B",null],"character_chosen":"THE_AUTOMATON","items_purchased":["bronze:Repulsor","bronze:Repulsor","Slimebound:StickyStick","Mango","bronze:Allocate"],"campfire_rested":0,"item_purchase_floors":[4,25,48,53,53],"current_hp_per_floor":[70,69,41,41,41,41,41,47,30,39,38,36,42,46,53,35,70,80,69,62,58,58,70,70,80,80,80,80,80,78,77,80,62,80,80,63,56,64,64,64,64,67,67,67,67,66,80,80,79,73,80,32,46,64,64,61],"gold":95,"neow_bonus":"NOSTALGIA","is_daily":false,"chose_seed":false,"campfire_upgraded":8,"win_rate":0.0,"timestamp":1612567581,"path_taken":["R","M","?","?","?","M","T","R","E","R","?","E","M","M","M","BOSS","R","M","M","?","?","R","T","$","M","R","?","M","M","M","M","BOSS","R","M","M","?","?","?","T","M","AVR","M","?","E","R","$","M","BOSS","E","$","R","BOSS","BOSS"],"items_purchased_type":["Card","Card","Relic","Relic","Card"],"build_version":"2020-12-22","purchased_purges":4,"victory":true,"max_hp_per_floor":[70,70,70,70,70,70,70,70,70,70,70,70,70,70,70,70,70,80,80,80,80,80,80,80,80,80,80,80,80,80,80,80,80,80,80,80,80,80,80,80,80,80,80,80,80,80,80,80,80,80,80,80,94,94,94,94],"card_choices":[{"not_picked":["bronze:Deprecate","bronze:Return"],"picked":"bronze:WhirlingStrike","floor":2.0},{"not_picked":["bronze:Turbo","bronze:Deprecate"],"picked":"bronze:Shield","floor":4.0},{"not_picked":["bronze:BitShift","bronze:Branch"],"picked":"bronze:DigitalCarnage","floor":6.0},{"not_picked":["bronze:Frontload","bronze:CutThrough"],"picked":"bronze:BronzeOrb","floor":9.0},{"not_picked":["bronze:BuggyMess","bronze:BugBarrage"],"picked":"bronze:Repair","floor":12.0},{"not_picked":["bronze:BitShift","bronze:Deprecate","bronze:CloningBeam"],"picked":"SKIP","floor":13.0},{"not_picked":["bronze:Frontload","bronze:Iterate"],"picked":"bronze:Fortify","floor":14.0},{"not_picked":["bronze:Frontload","bronze:DelayedGuard"],"picked":"bronze:ChildClass","floor":15.0},{"not_picked":["bronze:FindAndReplace","bronze:SpaghettiCode"],"picked":"bronze:HardenedForm","floor":16.0},{"not_picked":["bronze:DelayedSlice","bronze:Terminator"],"picked":"bronze:Fortify+1","floor":19.0},{"not_picked":["bronze:ChosenStrike","bronze:Branch+1"],"picked":"bronze:BugBarrage+1","floor":20.0},{"not_picked":["bronze:Frontload","bronze:WildBeam"],"picked":"bronze:CutThrough+1","floor":25.0},{"not_picked":["bronze:WhirlingStrike","bronze:Repair+1"],"picked":"bronze:Boost","floor":26.0},{"not_picked":["bronze:DelayedGuard","bronze:ChosenStrike+1"],"picked":"bronze:ItsAFeature","floor":29.0},{"not_picked":["bronze:Separator+1","bronze:DelayedGuard","bronze:CloningBeam"],"picked":"SKIP","floor":30.0},{"not_picked":["bronze:CutThrough+1","bronze:Constructor","bronze:Shield"],"picked":"SKIP","floor":31.0},{"not_picked":["bronze:Overheat","bronze:WhirlingStrike","bronze:Return+1"],"picked":"SKIP","floor":32.0},{"not_picked":["bronze:HardenedForm","bronze:HyperBeam"],"picked":"bronze:Assembly","floor":33.0},{"not_picked":["bronze:Invalidate","bronze:Boost","Singularity"],"picked":"bronze:FineTuning+1","floor":36.0},{"not_picked":["bronze:Overheat","bronze:Separator+1","bronze:Repair+1","OrrerysSun"],"picked":"SKIP","floor":37.0},{"not_picked":["bronze:ChosenStrike","bronze:Repulsor+1","bronze:DarkDash"],"picked":"BinaryStars","floor":42.0},{"not_picked":["bronze:Safeguard","bronze:Return","bronze:DigitalCarnage","MysteriousBeam"],"picked":"SKIP","floor":42.0},{"not_picked":["bronze:Shield+1","bronze:Frontload","MysteriousBeam"],"picked":"bronze:Assembly","floor":44.0},{"not_picked":["bronze:GetLatest","bronze:WhirlingStrike","bronze:ClassDefault","Robbery"],"picked":"SKIP","floor":44.0},{"not_picked":["bronze:OilSpill","bronze:MaxOutput","OrrerysSun"],"picked":"bronze:ChildClass","floor":46.0},{"not_picked":["bronze:Constructor+1","bronze:Deprecate+1","PowerUp"],"picked":"bronze:Optimize","floor":48.0},{"not_picked":["bronze:Constructor","bronze:Iterate","bronze:Boost"],"picked":"OortCloud","floor":49},{"not_picked":["bronze:FindAndReplace","bronze:Frontload+1","bronze:Deprecate","GrandCross"],"picked":"SKIP","floor":49},{"not_picked":["bronze:BuggyMess","bronze:Return","bronze:Constructor","AsteroidBelt"],"picked":"SKIP","floor":52}],"player_experience":336728,"relics_obtained":[{"floor":7.0,"key":"Juzu Bracelet"},{"floor":9.0,"key":"hubris:MobiusCoin"},{"floor":12.0,"key":"infinitespire:Eraser"},{"floor":24.0,"key":"Bag of Marbles"},{"floor":24.0,"key":"Kunai"},{"floor":34.0,"key":"bronze:SilverBullet"},{"floor":34.0,"key":"Pocketwatch"},{"floor":34.0,"key":"hubris:DisguiseKit"},{"floor":41.0,"key":"Prayer Wheel"},{"floor":45.0,"key":"infinitespire:Lucky Rock"},{"floor":46.0,"key":"infinitespire:Satchel"},{"floor":52,"key":"aspiration:ChemicalBlood"}],"event_choices":[],"is_beta":false,"boss_relics":[{"not_picked":["hubris:BlackHole","aspiration:MarisaSkillbook"],"picked":"SlaversCollar"},{"not_picked":["expansioncontent:StudyCardRelic","aspiration:ServantSkillbook"],"picked":"Calling Bell"}],"items_purged_floors":[25,43,48,53],"is_endless":false,"potions_floor_spawned":[2,12,15,29,30,31,32,42,46,49],"ascension_level":1}}