{"host":"h1qktzcccqnez8tx","time":1612491250,"event":{"mods":["AchievementEnabler","BaseMod","Bestiary","Better Note","Block Reminder","Colored Map","Colored Powertips","Curses Come First","Downfall","Highlight Path","Infinite Spire","Minty Spire (QoL Compilation)","Permanent Neow","Quick Restart","Relic Stats","Replay The Spire","Say the Spire","StSLib","The Cursed","UnlockEverythingMod"],"gold_per_floor":[113,213,225,235,121,146,169,188,188,188,222,240,240,256,256,360,360,380,380,380],"floor_reached":19,"language":"ENG","playtime":763,"items_purged":["Strike_R"],"score":258,"play_id":"b4f9fc02-2e0e-466f-9955-b443573f3290","local_time":"20210205031410","is_ascension_mode":true,"campfire_choices":[{"data":"Feed","floor":10,"key":"SMITH"},{"floor":13,"key":"REST"},{"data":"Hemokinesis","floor":15,"key":"SMITH"}],"circlet_count":0,"master_deck":["Strike_R","Strike_R","Defend_R","Defend_R","Defend_R","Bash","Whirlwind+1","Rage+1","Searing Blow+1","Flex","Hemokinesis+1","Anger","Shrug It Off","Shrug It Off","Feed+1","ReplayTheSpireMod:Stacked","Flex","Barricade","Disarm+1"],"relics":["Astrolabe","hexamod:BolsterEngine","ReplayTheSpireMod:Spearhead","Garlic","Pen Nib","Runic Cube"],"acts_visited":["Exordium","TheCity"],"potions_floor_usage":[16],"damage_taken":[{"damage":0,"enemies":"2 Louse","floor":1,"turns":1},{"damage":0,"enemies":"Cultist","floor":3,"turns":3},{"damage":0,"enemies":"Small Slimes","floor":4,"turns":3},{"damage":22,"enemies":"Gremlin Nob","floor":6,"turns":4},{"damage":15,"enemies":"3 Louse","floor":8,"turns":2},{"damage":12,"enemies":"3 Sentries","floor":11,"turns":5},{"damage":2,"enemies":"Exordium Thugs","floor":12,"turns":3},{"damage":5,"enemies":"Red Slaver","floor":14,"turns":2},{"damage":43,"enemies":"Slime Boss","floor":16,"turns":9},{"damage":0,"enemies":"3 Byrds","floor":18,"turns":5},{"damage":13,"enemies":"Chosen","floor":19,"turns":6}],"seed_played":"5326497701708973587","potions_obtained":[{"floor":3,"key":"Languid Potion"},{"floor":4,"key":"ColorlessPotion"},{"floor":8,"key":"Block Potion"},{"floor":14,"key":"Weak Potion"}],"is_trial":false,"path_per_floor":["M","?","M","M","$","E","T","M","T","R","E","M","R","M","R","B",null,"M","M"],"character_chosen":"IRONCLAD","items_purchased":["Shrug It Off"],"campfire_rested":1,"item_purchase_floors":[5],"current_hp_per_floor":[72,72,72,72,72,50,50,35,35,35,27,29,55,54,54,15,76,80,67,67],"gold":380,"neow_bonus":"BOSS_RELIC","is_daily":false,"chose_seed":false,"campfire_upgraded":2,"win_rate":0.0,"timestamp":1612491250,"path_taken":["M","?","M","?","$","E","?","M","T","R","E","M","R","M","R","BOSS","M","M"],"items_purchased_type":["Card"],"build_version":"2020-12-22","purchased_purges":1,"victory":false,"max_hp_per_floor":[80,80,80,80,80,80,80,80,80,80,84,88,88,92,92,96,96,100,100,100],"relic_stats":{"counters":[11,43],"Astrolabe":["Whirlwind","Rage","Searing Blow"],"Pen Nib":[3],"obtain_stats":[{"ReplayTheSpireMod:Spearhead":7,"Astrolabe":0,"Pen Nib":11,"Garlic":9,"hexamod:BolsterEngine":6,"Burning Blood":0,"Runic Cube":17},{"ReplayTheSpireMod:Spearhead":4,"Astrolabe":0,"Pen Nib":6,"Garlic":5,"hexamod:BolsterEngine":4,"Burning Blood":0,"Runic Cube":9},{"ReplayTheSpireMod:Spearhead":11,"Astrolabe":0,"Pen Nib":18,"Garlic":13,"hexamod:BolsterEngine":11,"Burning Blood":0,"Runic Cube":32}],"Runic Cube":[4]},"card_choices":[{"not_picked":["Anger","Fire Breathing"],"picked":"Flex","floor":1},{"not_picked":["Sentinel","Reckless Charge"],"picked":"Hemokinesis","floor":3},{"not_picked":["True Grit","ReplayTheSpireMod:Corrosion Curse"],"picked":"Anger","floor":4},{"not_picked":["Bludgeon","Spot Weakness"],"picked":"Feed","floor":6},{"not_picked":["Clash","Anger","Sword Boomerang"],"picked":"SKIP","floor":8},{"not_picked":["Clash","ReplayTheSpireMod:Corrosion Curse"],"picked":"ReplayTheSpireMod:Stacked","floor":11},{"not_picked":["ReplayTheSpireMod:Strike From Hell","Fiend Fire","Body Slam"],"picked":"SKIP","floor":12},{"not_picked":["ReplayTheSpireMod:Strike From Hell","Fiend Fire","Body Slam"],"picked":"SKIP","floor":12},{"not_picked":["Pummel","True Grit"],"picked":"Flex","floor":14},{"not_picked":["Exhume","Juggernaut"],"picked":"Barricade","floor":16},{"not_picked":["Sword Boomerang","Shrug It Off"],"picked":"Disarm+1","floor":18}],"player_experience":373786,"relics_obtained":[{"floor":6,"key":"hexamod:BolsterEngine"},{"floor":7,"key":"ReplayTheSpireMod:Spearhead"},{"floor":9,"key":"Garlic"},{"floor":11,"key":"Pen Nib"}],"event_choices":[{"damage_healed":0,"gold_gain":100,"player_choice":"Pray","damage_taken":0,"max_hp_gain":0,"max_hp_loss":0,"event_name":"Golden Shrine","floor":2,"gold_loss":0}],"is_beta":false,"boss_relics":[{"not_picked":["Ectoplasm","SlaversCollar"],"picked":"Runic Cube"}],"items_purged_floors":[5],"is_endless":false,"potions_floor_spawned":[3,4,8,12,14],"killed_by":"Chosen","ascension_level":6}}