{"host":"oehe2dxjvdgux73m","time":1612547262,"event":{"mods":["AchievementEnabler","BaseMod","Colored Map","Colored Powertips","DeckTracker","Keyboard Shortcuts","Minty Spire (QoL Compilation)","Permanent Neow","Quick Restart","StSLib","SuperFastMode"],"gold_per_floor":[113,127,52,127,143,143,167,167,167,127,127,160,178,212,212,291,291,306,333,347,347,347,347,367,379,379,379,389,419,419,436,436,512,512,531,543,6,6,6,6],"floor_reached":39,"language":"KOR","playtime":1340,"items_purged":["Normality","Strike_G+1"],"score":918,"play_id":"fc1436c9-a082-4bdd-9352-75fd4de95ce7","local_time":"20210206024742","is_ascension_mode":true,"campfire_choices":[{"data":"Bouncing Flask","floor":6.0,"key":"SMITH"},{"data":"Neutralize","floor":8.0,"key":"SMITH"},{"data":"Flechettes","floor":11.0,"key":"SMITH"},{"data":"Phantasmal Killer","floor":15.0,"key":"SMITH"},{"floor":23.0,"key":"REST"},{"data":"Catalyst","floor":27.0,"key":"SMITH"},{"floor":32.0,"key":"REST"}],"circlet_count":0,"master_deck":["AscendersBane","Defend_G+1","Defend_G+1","Defend_G+1","Defend_G+1","Defend_G+1","Survivor","Neutralize+1","Bouncing Flask+1","Flechettes+1","PiercingWail","Masterful Stab","Die Die Die","Backflip","Phantasmal Killer+1","PiercingWail","Wraith Form v2","Catalyst+1","Catalyst","Calculated Gamble","Underhanded Strike","Dash+1"],"relics":["Ring of the Snake","Odd Mushroom","Du-Vu Doll","Turnip","Omamori","Snecko Eye","Red Mask","Nilry\u0027s Codex","Matryoshka","Mummified Hand","Empty Cage","Sling","Oddly Smooth Stone"],"acts_visited":["Exordium","TheCity","TheBeyond"],"potions_floor_usage":[39,39,39,39,39],"damage_taken":[{"damage":5.0,"enemies":"Cultist","floor":1.0,"turns":5.0},{"damage":0.0,"enemies":"2 Louse","floor":2.0,"turns":4.0},{"damage":4.0,"enemies":"Small Slimes","floor":5.0,"turns":3.0},{"damage":0.0,"enemies":"The Mushroom Lair","floor":7.0,"turns":3.0},{"damage":0.0,"enemies":"Gremlin Nob","floor":12.0,"turns":2.0},{"damage":1.0,"enemies":"Red Slaver","floor":13.0,"turns":3.0},{"damage":12.0,"enemies":"3 Sentries","floor":14.0,"turns":5.0},{"damage":9.0,"enemies":"Hexaghost","floor":16.0,"turns":8.0},{"damage":1.0,"enemies":"Shell Parasite","floor":18.0,"turns":6.0},{"damage":13.0,"enemies":"Masked Bandits","floor":19.0,"turns":6.0},{"damage":1.0,"enemies":"Chosen","floor":20.0,"turns":3.0},{"damage":3.0,"enemies":"Snake Plant","floor":24.0,"turns":3.0},{"damage":0.0,"enemies":"Snecko","floor":25.0,"turns":4.0},{"damage":13.0,"enemies":"3 Cultists","floor":28.0,"turns":5.0},{"damage":14.0,"enemies":"Slavers","floor":29.0,"turns":5.0},{"damage":0.0,"enemies":"Centurion and Healer","floor":31.0,"turns":5.0},{"damage":11.0,"enemies":"Champ","floor":33.0,"turns":9.0},{"damage":2,"enemies":"3 Darklings","floor":35,"turns":6},{"damage":9,"enemies":"Orb Walker","floor":36,"turns":4},{"damage":1,"enemies":"2 Orb Walkers","floor":39,"turns":4}],"seed_played":"-6316804036413080650","potions_obtained":[{"floor":5.0,"key":"CunningPotion"},{"floor":7.0,"key":"Swift Potion"},{"floor":10.0,"key":"LiquidMemories"},{"floor":10.0,"key":"DistilledChaos"},{"floor":13.0,"key":"BlessingOfTheForge"},{"floor":14.0,"key":"SpeedPotion"},{"floor":16.0,"key":"Ancient Potion"},{"floor":18.0,"key":"Poison Potion"},{"floor":19.0,"key":"Strength Potion"},{"floor":20.0,"key":"Swift Potion"},{"floor":31.0,"key":"ColorlessPotion"},{"floor":33.0,"key":"SpeedPotion"},{"floor":36,"key":"Weak Potion"}],"is_trial":false,"path_per_floor":["M","M","$","?","M","R","?","R","T","?","R","E","M","E","R","B",null,"M","?","M","?","?","R","M","M","T","R","M","E","?","M","R","B",null,"M","M","$","?","?"],"character_chosen":"THE_SILENT","items_purchased":["Sling","Oddly Smooth Stone","EntropicBrew"],"campfire_rested":2,"item_purchase_floors":[37,37,37],"current_hp_per_floor":[54,54,54,43,39,39,39,39,39,39,39,39,38,26,26,17,54,53,40,39,39,18,37,34,34,34,34,21,7,7,7,26,15,53,51,42,42,42,41,41],"gold":6,"neow_bonus":"TRANSFORM_TWO_CARDS","is_daily":false,"chose_seed":false,"campfire_upgraded":5,"win_rate":0.0,"timestamp":1612547262,"path_taken":["M","?","$","?","M","R","?","R","T","?","R","E","M","E","R","BOSS","M","?","M","?","?","R","?","M","T","R","M","E","?","M","R","BOSS","M","M","$","?","?"],"items_purchased_type":["Relic","Relic","Potion"],"build_version":"2020-12-22","purchased_purges":2,"victory":false,"max_hp_per_floor":[66,66,66,66,66,66,66,66,66,66,66,66,66,66,66,66,66,66,66,66,66,66,66,66,66,66,66,66,66,66,66,66,66,66,66,66,66,66,66,66],"card_choices":[{"not_picked":["Poisoned Stab","Dagger Throw"],"picked":"PiercingWail","floor":1.0},{"not_picked":["Prepared","Eviscerate"],"picked":"Masterful Stab","floor":2.0},{"not_picked":["Noxious Fumes","Deadly Poison"],"picked":"Die Die Die","floor":5.0},{"not_picked":["Prepared","Acrobatics"],"picked":"Backflip","floor":7.0},{"not_picked":["Cloak And Dagger","Reflex"],"picked":"Phantasmal Killer","floor":12.0},{"not_picked":["Dash","Riddle With Holes"],"picked":"PiercingWail","floor":13.0},{"not_picked":["Prepared","PiercingWail"],"picked":"Backflip","floor":14.0},{"not_picked":["Envenom","Doppelganger"],"picked":"Wraith Form v2","floor":16.0},{"not_picked":["Blade Dance","Dodge and Roll"],"picked":"Catalyst","floor":18.0},{"not_picked":["Backflip+1","Poisoned Stab"],"picked":"Catalyst","floor":19.0},{"not_picked":["Sucker Punch","Deadly Poison","Quick Slash"],"picked":"SKIP","floor":20.0},{"not_picked":["Skewer","Sucker Punch+1"],"picked":"Calculated Gamble","floor":24.0},{"not_picked":["Backstab","Reflex","Deadly Poison"],"picked":"SKIP","floor":25.0},{"not_picked":["Riddle With Holes+1","Dagger Throw","Choke"],"picked":"SKIP","floor":28.0},{"not_picked":["Grand Finale","Dagger Spray","All Out Attack"],"picked":"SKIP","floor":29.0},{"not_picked":["Flying Knee","Escape Plan","Sucker Punch+1"],"picked":"SKIP","floor":31.0},{"not_picked":["Bane","Flechettes"],"picked":"Underhanded Strike","floor":35},{"not_picked":["Blade Dance","Slice"],"picked":"Dash+1","floor":36}],"player_experience":385528,"relics_obtained":[{"floor":7.0,"key":"Odd Mushroom"},{"floor":9.0,"key":"Du-Vu Doll"},{"floor":12.0,"key":"Turnip"},{"floor":14.0,"key":"Omamori"},{"floor":19.0,"key":"Red Mask"},{"floor":22.0,"key":"Nilry\u0027s Codex"},{"floor":26.0,"key":"Matryoshka"},{"floor":29.0,"key":"Mummified Hand"}],"event_choices":[{"damage_healed":0.0,"max_hp_gain":0.0,"max_hp_loss":0.0,"gold_gain":75.0,"event_name":"World of Goop","player_choice":"Gather Gold","floor":4.0,"gold_loss":0.0,"damage_taken":11.0},{"damage_healed":0.0,"max_hp_gain":0.0,"max_hp_loss":0.0,"gold_gain":0.0,"event_name":"Mushrooms","player_choice":"Fought Mushrooms","floor":7.0,"gold_loss":0.0,"damage_taken":0.0},{"damage_healed":0.0,"max_hp_gain":0.0,"max_hp_loss":0.0,"gold_gain":0.0,"event_name":"The Woman in Blue","player_choice":"Bought 3 Potions","floor":10.0,"gold_loss":0.0,"damage_taken":0.0},{"damage_healed":0.0,"max_hp_gain":0.0,"max_hp_loss":0.0,"gold_gain":0.0,"event_name":"Masked Bandits","player_choice":"Fought Bandits","floor":19.0,"gold_loss":0.0,"damage_taken":0.0},{"damage_healed":0.0,"max_hp_gain":0.0,"max_hp_loss":0.0,"gold_gain":0.0,"event_name":"The Mausoleum","player_choice":"Ignored","floor":21.0,"gold_loss":0.0,"damage_taken":0.0},{"damage_healed":0.0,"max_hp_gain":0.0,"max_hp_loss":0.0,"gold_gain":0.0,"event_name":"Cursed Tome","player_choice":"Obtained Book","floor":22.0,"gold_loss":0.0,"damage_taken":21.0},{"damage_healed":0.0,"max_hp_gain":0.0,"max_hp_loss":0.0,"gold_gain":0.0,"event_name":"Back to Basics","player_choice":"Simplicity","floor":30.0,"gold_loss":0.0,"damage_taken":0.0,"cards_upgraded":["Strike_G","Strike_G","Strike_G","Defend_G","Defend_G","Defend_G","Defend_G","Defend_G"]},{"cards_removed":["Backflip"],"damage_healed":0,"gold_gain":0,"player_choice":"Removed Skill","damage_taken":0,"max_hp_gain":0,"max_hp_loss":0,"event_name":"Falling","floor":38,"gold_loss":0},{"damage_healed":0,"gold_gain":0,"player_choice":"Fight","damage_taken":0,"max_hp_gain":0,"max_hp_loss":0,"event_name":"Mysterious Sphere","floor":39,"gold_loss":0}],"is_beta":false,"boss_relics":[{"not_picked":["Ring of the Serpent","Velvet Choker"],"picked":"Snecko Eye"},{"not_picked":["Calling Bell","Cursed Key"],"picked":"Empty Cage"}],"items_purged_floors":[3,37],"is_endless":false,"potions_floor_spawned":[5,7,13,14,16,18,19,20,31,33,36],"killed_by":"2 Orb Walkers","ascension_level":20}}