{"host":"fhyqvp7txwl2j5aw","time":1612516444,"event":{"mods":["AchievementEnabler","BaseMod","Better Altar","Better Match","Better Note","Better Sensory Stone","Better Skull","Better Third Choice","Card Forge","Colored Map","Colored Powertips","Highlight Path","Minty Spire (QoL Compilation)","Rare Cards Sparkle","StSLib","Transform Curses"],"gold_per_floor":[112,112,136,148,160,172,196,240,278,315,345,384,411,598,610,720,732,760,772,784,811,823,835,860,872,884,911,923,963,991,1014,1026,1133,1145,1168,1105,1133,1145,1171,1217,1229,1241,1253,1265,1277,1289,1301,1332,1344,1356],"floor_reached":51,"language":"JPN","playtime":3703,"items_purged":[],"score":1129,"play_id":"8f381dd1-d199-429c-bdae-358538a55662","local_time":"20210205181404","is_ascension_mode":true,"campfire_choices":[{"data":"Pommel Strike","floor":6,"key":"SMITH"},{"floor":15,"key":"DIG"},{"floor":23,"key":"DIG"},{"floor":25,"key":"DIG"},{"floor":28,"key":"DIG"},{"floor":32,"key":"DIG"},{"floor":42,"key":"DIG"},{"floor":49,"key":"DIG"}],"circlet_count":0,"master_deck":["CurseOfTheBell","Juggernaut+1","Barricade+1","Seeing Red+1","Body Slam+1","Evolve+1","Fire Breathing+1","Ghostly+1","Offering+1","Seeing Red+1","Offering+1","Entrench+1","Ghostly+1","Insight+1","Burning Pact+1","Shrug It Off+1","Seeing Red+1","Sever Soul+1","Burning Pact+1","Power Through+1","Madness+1","Madness+1"],"relics":["Burning Blood","Hammer of Thor","Seething Fire","Anvil of the Gods","NeowsBlessing","MawBank","Shovel","betterAltar:BloodRelic","Darkstone Periapt","Matryoshka","Anchor","Calling Bell","Centennial Puzzle","Sundial","Bird Faced Urn","Bloody Idol","Happy Flower","War Paint","Strawberry","Calipers","Omamori","Self Forming Clay","Charon\u0027s Ashes","Busted Crown","Pear","Ancient Tea Set","Bottled Lightning","Unceasing Top"],"acts_visited":["Exordium","TheCity","TheBeyond"],"potions_floor_usage":[18,29,29],"damage_taken":[{"damage":0,"enemies":"Jaw Worm","floor":1,"turns":1},{"damage":0,"enemies":"Small Slimes","floor":3,"turns":1},{"damage":0,"enemies":"2 Louse","floor":7,"turns":1},{"damage":9,"enemies":"3 Sentries","floor":8,"turns":7},{"damage":14,"enemies":"Gremlin Nob","floor":10,"turns":4},{"damage":0,"enemies":"Blue Slaver","floor":11,"turns":1},{"damage":0,"enemies":"Lagavulin","floor":12,"turns":4},{"damage":0,"enemies":"3 Louse","floor":13,"turns":2},{"damage":18,"enemies":"The Guardian","floor":16,"turns":4},{"damage":0,"enemies":"Spheric Guardian","floor":18,"turns":1},{"damage":2,"enemies":"2 Thieves","floor":21,"turns":2},{"damage":1,"enemies":"Chosen and Byrds","floor":24,"turns":3},{"damage":2,"enemies":"3 Cultists","floor":27,"turns":2},{"damage":2,"enemies":"Slavers","floor":29,"turns":2},{"damage":12,"enemies":"Snecko","floor":30,"turns":1},{"damage":2,"enemies":"Centurion and Healer","floor":31,"turns":3},{"damage":2,"enemies":"Collector","floor":33,"turns":1},{"damage":2,"enemies":"Orb Walker","floor":35,"turns":1},{"damage":2,"enemies":"3 Shapes","floor":37,"turns":1},{"damage":7,"enemies":"3 Darklings","floor":39,"turns":2},{"damage":2,"enemies":"Giant Head","floor":40,"turns":2},{"damage":2,"enemies":"Spire Growth","floor":48,"turns":2},{"damage":1,"enemies":"Awakened One","floor":50,"turns":2}],"seed_played":"4973935386732654499","potions_obtained":[{"floor":7,"key":"Strength Potion"},{"floor":11,"key":"Swift Potion"},{"floor":16,"key":"ElixirPotion"},{"floor":21,"key":"Ancient Potion"},{"floor":27,"key":"Swift Potion"},{"floor":33,"key":"SteroidPotion"},{"floor":39,"key":"SteroidPotion"},{"floor":40,"key":"Fruit Juice"}],"is_trial":false,"path_per_floor":["M","?","M","$","?","R","M","E","T","E","M","E","M","?","R","B",null,"M","?","?","M","?","R","M","R","T","M","R","E","M","M","R","B",null,"M","?","M","?","M","E","$","R","T","?","?","?","?","M","R","B",null],"character_chosen":"IRONCLAD","items_purchased":[],"campfire_rested":0,"item_purchase_floors":[],"current_hp_per_floor":[80,68,74,74,74,74,80,77,77,71,79,84,84,90,90,82,100,104,104,104,104,47,52,79,84,96,111,111,111,111,111,111,111,111,111,111,111,121,121,121,121,121,121,121,121,106,111,121,121,121],"gold":1368,"neow_bonus":"THREE_ENEMY_KILL","is_daily":false,"chose_seed":false,"campfire_upgraded":1,"win_rate":0.0,"timestamp":1612516444,"path_taken":["M","?","M","$","?","R","M","E","T","E","M","E","M","?","R","BOSS","M","?","?","?","?","R","M","R","T","M","R","E","M","M","R","BOSS","M","?","M","?","?","E","?","R","T","?","?","?","?","M","R","BOSS"],"items_purchased_type":[],"build_version":"2020-12-22","purchased_purges":0,"victory":true,"max_hp_per_floor":[80,80,80,80,80,80,80,80,80,80,80,84,84,90,90,94,100,104,104,104,104,104,104,104,104,111,111,111,111,111,111,111,111,111,111,111,111,121,121,121,121,121,121,121,121,121,121,121,121,121],"card_choices":[{"not_picked":["Headbutt","Perfected Strike","Dual Wield"],"picked":"SKIP","floor":1},{"not_picked":["Disarm","Intimidate","Shrug It Off"],"picked":"SKIP","floor":3},{"not_picked":["Inflame","Warcry","Entrench"],"picked":"SKIP","floor":7},{"not_picked":["Rage","Anger","Clash"],"picked":"SKIP","floor":8},{"not_picked":["Uppercut","Iron Wave"],"picked":"Rampage","floor":10},{"not_picked":["Clash","Perfected Strike","Heavy Blade"],"picked":"SKIP","floor":11},{"not_picked":["Brutality","Wild Strike","Pommel Strike"],"picked":"SKIP","floor":12},{"not_picked":["Dropkick","Flame Barrier","Sever Soul"],"picked":"SKIP","floor":13},{"not_picked":["Demon Form","Juggernaut"],"picked":"Bludgeon","floor":16},{"not_picked":["Shrug It Off","Body Slam","Armaments"],"picked":"SKIP","floor":18},{"not_picked":["Thunderclap","Clash"],"picked":"Shrug It Off+1","floor":21},{"not_picked":["Infernal Blade+1","Heavy Blade","Bloodletting"],"picked":"SKIP","floor":24},{"not_picked":["Twin Strike","Headbutt","Shrug It Off"],"picked":"SKIP","floor":27},{"not_picked":["Heavy Blade+1","Cleave","Shockwave"],"picked":"SKIP","floor":29},{"not_picked":["Barricade","Flex+1","Anger"],"picked":"SKIP","floor":30},{"not_picked":["Barricade","Flex+1","Anger"],"picked":"SKIP","floor":30},{"not_picked":["Cleave","Flex","Pommel Strike"],"picked":"SKIP","floor":31},{"not_picked":["Sword Boomerang+1"],"picked":"SKIP","floor":35},{"not_picked":["Shrug It Off+1"],"picked":"SKIP","floor":37},{"not_picked":["Twin Strike"],"picked":"SKIP","floor":39},{"not_picked":["Shrug It Off+1"],"picked":"SKIP","floor":40},{"not_picked":["Anger"],"picked":"SKIP","floor":48}],"player_experience":7296,"relics_obtained":[{"floor":8,"key":"Shovel"},{"floor":9,"key":"Blood Vial"},{"floor":10,"key":"Darkstone Periapt"},{"floor":12,"key":"Matryoshka"},{"floor":15,"key":"Anchor"},{"floor":17,"key":"Centennial Puzzle"},{"floor":17,"key":"Sundial"},{"floor":17,"key":"Bird Faced Urn"},{"floor":23,"key":"Happy Flower"},{"floor":25,"key":"War Paint"},{"floor":26,"key":"Strawberry"},{"floor":26,"key":"Calipers"},{"floor":28,"key":"Omamori"},{"floor":29,"key":"Self Forming Clay"},{"floor":32,"key":"Charon\u0027s Ashes"},{"floor":40,"key":"Ancient Tea Set"},{"floor":43,"key":"Bottled Lightning"},{"floor":49,"key":"Unceasing Top"}],"event_choices":[{"damage_healed":0,"gold_gain":0,"player_choice":"Relic ","damage_taken":12,"max_hp_gain":0,"max_hp_loss":0,"event_name":"betterThird:BetterScrap","floor":2,"gold_loss":0,"cards_obtained":["Caltrops"]},{"damage_healed":0,"gold_gain":0,"cards_transformed":["Shrug It Off"],"player_choice":"Change","damage_taken":0,"max_hp_gain":0,"max_hp_loss":0,"event_name":"Living Wall","floor":5,"gold_loss":0,"cards_obtained":["Entrench"]},{"damage_healed":0,"gold_gain":175,"player_choice":"AGREE","damage_taken":423,"max_hp_gain":0,"max_hp_loss":0,"event_name":"betterThird:BetterSerpent","floor":14,"gold_loss":0},{"damage_healed":0,"gold_gain":0,"player_choice":"Ignored","damage_taken":0,"max_hp_gain":0,"max_hp_loss":0,"event_name":"Ghosts","floor":19,"gold_loss":0},{"damage_healed":0,"gold_gain":0,"player_choice":"Ignored","damage_taken":0,"max_hp_gain":0,"max_hp_loss":0,"event_name":"Upgrade Shrine","floor":20,"gold_loss":0},{"damage_healed":0,"gold_gain":0,"player_choice":" Idol RottenVial ","damage_taken":57,"relics_obtained":["Bloody Idol","betterAltar:BloodRelic"],"max_hp_gain":104,"max_hp_loss":47,"event_name":"betterAltar:BetterAltar","floor":22,"potions_obtained":[],"relics_lost":["Blood Vial"],"gold_loss":0},{"damage_healed":0,"gold_gain":0,"player_choice":"1","damage_taken":0,"max_hp_gain":0,"max_hp_loss":0,"event_name":"betterMatch:BetterMatch","floor":36,"gold_loss":0,"cards_obtained":["betterMatch:UncommonCard","betterMatch:CommonCard"]},{"damage_healed":0,"gold_gain":0,"player_choice":"Gave Potion","damage_taken":0,"relics_obtained":["Pear"],"max_hp_gain":0,"max_hp_loss":0,"event_name":"WeMeetAgain","floor":38,"gold_loss":0},{"cards_removed":["Power Through"],"damage_healed":0,"gold_gain":0,"player_choice":"Removed Skill","damage_taken":0,"max_hp_gain":0,"max_hp_loss":0,"event_name":"Falling","floor":44,"gold_loss":0},{"damage_healed":0,"gold_gain":3,"player_choice":"1","damage_taken":0,"max_hp_gain":0,"max_hp_loss":0,"event_name":"betterStone:BetterStone","floor":45,"gold_loss":0},{"damage_healed":0,"gold_gain":0,"player_choice":"Embrace Madness","damage_taken":15,"max_hp_gain":0,"max_hp_loss":0,"event_name":"Winding Halls","floor":46,"gold_loss":0,"cards_obtained":["Madness","Madness"]},{"damage_healed":0,"gold_gain":0,"player_choice":"Ignored","damage_taken":0,"max_hp_gain":0,"max_hp_loss":0,"event_name":"Tomb of Lord Red Mask","floor":47,"gold_loss":0}],"is_beta":false,"boss_relics":[{"not_picked":["Velvet Choker","Mark of Pain"],"picked":"Calling Bell"},{"not_picked":["Runic Dome","Runic Pyramid"],"picked":"Busted Crown"}],"items_purged_floors":[],"is_endless":false,"potions_floor_spawned":[7,11,16,21,24,27,33,39,40],"ascension_level":2}}