{"host":"klqcd4cqxrk2p1u3","time":1612494661,"event":{"mods":["BaseMod","Downfall","Minty Spire (QoL Compilation)","StSLib"],"gold_per_floor":[99,113,129,229,247,147,147,160,310,344,359,359,159,21,39,135,135,135,154,154,166,166,180,259,259,279,7,107,125,125,125,145,145,145,145],"floor_reached":33,"language":"ENG","playtime":4060,"items_purged":["bronze:Replicate"],"score":299,"play_id":"0a443ae7-db1c-41a6-8a7d-4f89a2cb08b4","local_time":"20210204221101","is_ascension_mode":false,"campfire_choices":[{"floor":1,"key":"RECALL"},{"data":"bronze:Goto","floor":6,"key":"SMITH"},{"floor":13,"key":"REST"},{"data":"bronze:BuggyMess","floor":18,"key":"SMITH"},{"data":"bronze:Shell","floor":25,"key":"SMITH"},{"floor":30,"key":"REST"}],"circlet_count":0,"master_deck":["bronze:Strike","bronze:Strike","bronze:Strike","bronze:Strike","bronze:Defend","bronze:Defend","bronze:Defend","bronze:Defend","bronze:Replicate","bronze:Goto+1","bronze:BitShift","bronze:WhirlingStrike","bronze:DelayedSlice","bronze:Iterate","bronze:CloningBeam","bronze:Constructor","bronze:Separator","bronze:BuggyMess+1","bronze:Assembly","bronze:Branch+1","bronze:Backtrace","bronze:Shell+1","bronze:Shell","bronze:ClassDefault","bronze:GetLatest","bronze:ItsAFeature+1","bronze:Optimize","bronze:BuggyMess","bronze:Optimize","bronze:CutThrough","bronze:BronzeOrb","bronze:ItsAFeature","bronze:Branch+1","bronze:FineTuning+1","bronze:BugBarrage+1"],"relics":["bronze:PlatinumCore","downfall:HeartBlessingRed","Pocketwatch","downfall:HeartBlessingBlue","downfall:HeartBlessingGreen","Question Card","Orrery","Mango","bronze:CableSpool","Eternal Feather"],"acts_visited":["Exordium","TheCity"],"potions_floor_usage":[0,11,26,28],"damage_taken":[{"damage":5,"enemies":"2 Louse","floor":2,"turns":3},{"damage":1,"enemies":"Jaw Worm","floor":3,"turns":6},{"damage":2,"enemies":"Small Slimes","floor":5,"turns":4},{"damage":6,"enemies":"Exordium Wildlife","floor":8,"turns":4},{"damage":16,"enemies":"Gremlin Nob","floor":10,"turns":3},{"damage":10,"enemies":"3 Louse","floor":11,"turns":2},{"damage":0,"enemies":"downfall:FleeingMerchant","floor":14,"turns":4},{"damage":6,"enemies":"Blue Slaver","floor":15,"turns":3},{"damage":23,"enemies":"SI_SHIV_ARCHETYPE","floor":16,"turns":8},{"damage":0,"enemies":"3 Byrds","floor":19,"turns":3},{"damage":20,"enemies":"Spheric Guardian","floor":21,"turns":4},{"damage":0,"enemies":"3 Cultists","floor":23,"turns":3},{"damage":9,"enemies":"Centurion and Healer","floor":26,"turns":6},{"damage":3,"enemies":"downfall:FleeingMerchant","floor":27,"turns":4},{"damage":20,"enemies":"Colosseum Nobs","floor":28,"turns":4},{"damage":24,"enemies":"Shelled Parasite and Fungi","floor":29,"turns":4},{"damage":11,"enemies":"Snecko","floor":32,"turns":5},{"damage":80,"enemies":"DF_ARCHETYPE_CLAW","floor":33,"turns":7}],"seed_played":"5292564176343543155","potions_obtained":[{"floor":0,"key":"SteroidPotion"},{"floor":0,"key":"bronze:CleanCodePotion"},{"floor":0,"key":"Fruit Juice"},{"floor":8,"key":"SpeedPotion"},{"floor":10,"key":"FairyPotion"},{"floor":16,"key":"PowerPotion"},{"floor":23,"key":"PowerPotion"},{"floor":28,"key":"SmokeBomb"}],"is_trial":false,"path_per_floor":["R","M","M","?","M","R","T","M","?","E","M","?","R","$","M","B",null,"R","M","?","M","?","M","T","R","M","$","?","M","R","T","M","B"],"character_chosen":"THE_AUTOMATON","items_purchased":["bronze:Separator","Orrery","bronze:BronzeOrb","bronze:ItsAFeature"],"campfire_rested":2,"item_purchase_floors":[14,27,27,27],"current_hp_per_floor":[75,70,69,69,67,67,67,61,61,45,35,35,70,70,64,41,85,85,85,85,65,65,65,65,65,56,53,47,23,52,52,41,0,0,0],"gold":145,"neow_bonus":"THREE_SMALL_POTIONS","is_daily":false,"chose_seed":false,"campfire_upgraded":3,"win_rate":0.0,"timestamp":1612494661,"path_taken":["R","M","M","?","M","R","T","M","?","E","?","?","R","$","M","BOSS","R","M","?","M","?","M","T","R","M","$","?","M","R","?","M","BOSS"],"items_purchased_type":["Card","Relic","Card","Card"],"build_version":"2020-12-22","purchased_purges":1,"victory":false,"max_hp_per_floor":[75,75,75,75,75,75,75,75,75,75,75,75,85,85,85,85,85,85,85,85,85,85,85,85,85,85,85,99,99,99,99,99,99,99,99],"card_choices":[{"not_picked":["bronze:Turbo","bronze:ForLoop"],"picked":"bronze:BitShift","floor":2},{"not_picked":["bronze:Overheat","bronze:Invalidate","bronze:Hardcode"],"picked":"SKIP","floor":3},{"not_picked":["bronze:WildBeam","bronze:CloningBeam"],"picked":"bronze:WhirlingStrike","floor":5},{"not_picked":["bronze:Boost","bronze:NullPointer"],"picked":"bronze:DelayedSlice","floor":8},{"not_picked":["bronze:WhirlingStrike","bronze:Shield"],"picked":"bronze:Iterate","floor":10},{"not_picked":["bronze:Turbo","bronze:MaxOutput"],"picked":"bronze:CloningBeam","floor":11},{"not_picked":["bronze:TinkerersToolbox","bronze:OilSpill"],"picked":"bronze:Constructor","floor":14},{"not_picked":["bronze:Overheat","bronze:Flail"],"picked":"bronze:BuggyMess","floor":15},{"not_picked":["bronze:Library","bronze:HyperBeam"],"picked":"bronze:Assembly","floor":16},{"not_picked":["bronze:Shell","bronze:Separator+1"],"picked":"bronze:Branch+1","floor":19},{"not_picked":["bronze:Constructor","bronze:BitShift+1"],"picked":"bronze:Backtrace","floor":21},{"not_picked":["bronze:CutThrough","bronze:DelayedSlice"],"picked":"bronze:Shell","floor":23},{"not_picked":["bronze:WildBeam","bronze:Refactor","bronze:Invalidate"],"picked":"bronze:ClassDefault","floor":26},{"not_picked":["bronze:InfiniteBeams","bronze:BugBarrage","bronze:Overheat"],"picked":"bronze:GetLatest","floor":27},{"not_picked":["bronze:Hardcode","bronze:WildBeam+1","bronze:CutThrough"],"picked":"bronze:ItsAFeature+1","floor":27},{"not_picked":["bronze:Return","bronze:Shield","bronze:DelayedSlice"],"picked":"bronze:Optimize","floor":27},{"not_picked":["bronze:CloningBeam","bronze:DigitalCarnage","bronze:WildBeam"],"picked":"bronze:BuggyMess","floor":27},{"not_picked":["bronze:ShipIt","bronze:BronzeArmor","bronze:ChildClass"],"picked":"bronze:Optimize","floor":27},{"not_picked":["bronze:Flail","bronze:Shell","bronze:Invalidate"],"picked":"bronze:CutThrough","floor":27},{"not_picked":["bronze:BronzeArmor","bronze:Shield","bronze:Repulsor"],"picked":"bronze:Branch+1","floor":28},{"not_picked":["bronze:Repulsor","bronze:Refactor","bronze:Safeguard"],"picked":"bronze:FineTuning+1","floor":29},{"not_picked":["bronze:BitShift","bronze:FineTuning","bronze:Fortify+1"],"picked":"bronze:BugBarrage+1","floor":32}],"player_experience":1424388,"relics_obtained":[{"floor":10,"key":"Pocketwatch"},{"floor":24,"key":"Question Card"},{"floor":28,"key":"Mango"},{"floor":28,"key":"bronze:CableSpool"},{"floor":31,"key":"Eternal Feather"}],"event_choices":[{"cards_removed":["bronze:Replicate"],"damage_healed":0,"gold_gain":0,"player_choice":"Card Removal","damage_taken":0,"max_hp_gain":0,"max_hp_loss":0,"event_name":"The Cleric","floor":4,"gold_loss":0},{"damage_healed":0,"gold_gain":0,"player_choice":"Read","damage_taken":0,"max_hp_gain":0,"max_hp_loss":0,"event_name":"The Library","floor":22,"gold_loss":0,"cards_obtained":["bronze:Shell"]}],"is_beta":false,"boss_relics":[{"not_picked":["SlaversCollar","Tiny House"],"picked":"bronze:PlatinumCore"}],"items_purged_floors":[14],"is_endless":false,"potions_floor_spawned":[8,10,16,19,23,28],"killed_by":"DF_ARCHETYPE_CLAW","ascension_level":0}}