{"host":"ymw71f7rc9ndansy","time":1612495021,"event":{"mods":["ATMod(阿瑾Mod)","Act Like it!","Arknights","Aspiration","BaseMod","DeckTracker","Hubris","Library of Ruina","Library of Ruina Extra","Minty Spire (QoL Compilation)","MostiFishMod","Relic Filter Mod","Remove Card Discount Mod","Replay The Spire","RumiaBox-露米娅的神秘盒子","StSLib","TestMod","【功能Mod】精心准备","【遗物卡牌】REMEMod"],"gold_per_floor":[14,0,275,285,43,43,92,102,178,537,551,567,586,586,586,658,658,669,669,687,687,729,755,775,888,888,905,919,933,950,984,984,1056,1056,1070,1070,1470,1470,1490,1518,48,76,102,117,117,142,140,151,151,151,151,151,151,151,151,184,184],"floor_reached":58,"language":"ZHS","playtime":1503,"items_purged":["LightDefense","Dodge","LightAttack","LightAttack","LightAttack","ChargeAndCover","FocusedStrikes","LightDefense","LightDefense","LightDefense","Regret","FlamingDragonFist","SerpentSwordTechnique","HandleRequest","EnergyShield","ToWhereThePrescriptPoints","AT_FamilyPortrait","SenseQuarry+1"],"score":2971,"play_id":"87ecc9d1-fde7-4d1f-9ab0-4ae28f602a5d","local_time":"20210205111701","is_ascension_mode":true,"campfire_choices":[{"data":"testmod-AdversityCounterattack","floor":6.0,"key":"SMITH"},{"floor":15.0,"key":"RECALL"},{"data":"SenseQuarry","floor":32,"key":"SMITH"},{"data":"REME_FirmDetermination","floor":49,"key":"SMITH"},{"data":"Quickness","floor":54,"key":"SMITH"}],"circlet_count":0,"master_deck":["testmod-AdversityCounterattack+1","Quickness+1","WillOfThePrescript","REME_FirmDetermination+1","testmod-AdversityCounterattack+1","testmod-AdversityCounterattack+1"],"relics":["PageOfLibrarian","testmod-TestBox","REME_ComplimentaryCards","AT_ATBox","ChiXiaoBlade","testmod-BouquetWithThorns","SynthV:TestCard","DianPoetry","Orrery","Iron Hammer","Old Coin","Toxic Egg 2","SlaversCollar","AT_RedTearstoneRing","SSSystem","Onion Ring","AT_ATBox","Baka2","OneHitWonderSystem","PageOfSpiderBud","AT_ArchangelStaff","Prayer Wheel","MetatronsCube","ReplayTheSpireMod:Lightbulb","Regal Pillow","AT_TimeSand","testmod-Antiphasic"],"acts_visited":["Exordium","TheCity","TheBeyond","TheEnding"],"potions_floor_usage":[22,22,39,57,57,57,57],"damage_taken":[{"damage":0.0,"enemies":"Cultist","floor":1.0,"turns":2.0},{"damage":1.0,"enemies":"2 Louse","floor":4.0,"turns":2.0},{"damage":0.0,"enemies":"Lagavulin","floor":7.0,"turns":4.0},{"damage":0.0,"enemies":"Jaw Worm","floor":8.0,"turns":1.0},{"damage":1.0,"enemies":"3 Sentries","floor":10.0,"turns":2.0},{"damage":0.0,"enemies":"Large Slime","floor":11.0,"turns":1.0},{"damage":2.0,"enemies":"Exordium Thugs","floor":12.0,"turns":2.0},{"damage":0.0,"enemies":"Looter","floor":13.0,"turns":1.0},{"damage":4,"enemies":"Fading Forest","floor":16,"turns":8},{"damage":0,"enemies":"Spheric Guardian","floor":18,"turns":2},{"damage":0,"enemies":"3 Byrds","floor":20,"turns":2},{"damage":0,"enemies":"Snake Plant","floor":21,"turns":1},{"damage":0,"enemies":"3 Cultists","floor":22,"turns":2},{"damage":0,"enemies":"Gremlin Leader","floor":23,"turns":2},{"damage":1,"enemies":"Cultist and Chosen","floor":24,"turns":1},{"damage":2,"enemies":"Slavers","floor":25,"turns":2},{"damage":0,"enemies":"Shelled Parasite and Fungi","floor":27,"turns":1},{"damage":0,"enemies":"Chosen and Byrds","floor":28,"turns":1},{"damage":0,"enemies":"Snake Plant","floor":29,"turns":1},{"damage":0,"enemies":"Centurion and Healer","floor":30,"turns":2},{"damage":0,"enemies":"Gremlin Leader","floor":31,"turns":2},{"damage":1,"enemies":"Champ","floor":33,"turns":2},{"damage":0,"enemies":"3 Darklings","floor":35,"turns":2},{"damage":0,"enemies":"3 Shapes","floor":39,"turns":1},{"damage":0,"enemies":"R_Hoarder","floor":40,"turns":1},{"damage":0,"enemies":"Giant Head","floor":42,"turns":1},{"damage":0,"enemies":"Maw","floor":44,"turns":1},{"damage":0,"enemies":"R_Hoarder","floor":46,"turns":1},{"damage":0,"enemies":"Jaw Worm Horde","floor":48,"turns":1},{"damage":0,"enemies":"Replay:Hell Engine","floor":50,"turns":1},{"damage":0,"enemies":"Time Eater","floor":51,"turns":1},{"damage":0,"enemies":"Time Eater","floor":52,"turns":1},{"damage":0,"enemies":"Shield and Spear","floor":56,"turns":1},{"damage":0,"enemies":"The Heart","floor":57,"turns":5}],"seed_played":"1975339628882452160","potions_obtained":[{"floor":7.0,"key":"BlessingOfTheForge"},{"floor":11.0,"key":"testmod-TestPotion"},{"floor":23,"key":"LiquidMemories"},{"floor":35,"key":"testmod-EscapePotion"},{"floor":39,"key":"Block Potion"},{"floor":48,"key":"PowerPotion"}],"is_trial":false,"path_per_floor":["M","$","?","M","$","R","E","M","T","E","M","M","M","?","R","B",null,"M","?","M","M","M","E","M","E","T","M","M","M","M","E","R","B",null,"M","?","?","?","M","E","$","E","T","M","?","E","$","M","R","B","B",null,null,"R","$","E","B",null],"character_chosen":"Librarian","items_purchased":["Quickness","Orrery","AT_ArchangelStaff","Prayer Wheel","MetatronsCube","REME_FirmDetermination"],"campfire_rested":0,"item_purchase_floors":[5,5,41,41,41,41],"current_hp_per_floor":[54,54,54,53,53,53,53,53,53,52,52,50,50,50,50,46,69,69,69,69,69,69,69,68,66,66,66,66,66,66,66,66,65,1,1,1,1,1,1,4,1,1,1,1,1,1,1,1,1,1,1,1,1,1,1,1,1],"gold":184,"neow_bonus":"THREE_RARE_CARDS","is_daily":false,"chose_seed":false,"campfire_upgraded":4,"win_rate":0.0,"timestamp":1612495021,"path_taken":["M","$","?","?","$","R","E","M","T","E","M","M","M","?","R","BOSS","M","?","M","M","M","E","M","E","T","?","M","M","M","E","R","BOSS","M","?","?","?","M","E","$","E","T","?","?","E","$","M","R","BOSS","BOSS","R","$","E","BOSS"],"items_purchased_type":["Card","Relic","Relic","Relic","Relic","Card"],"build_version":"2020-12-22","purchased_purges":18,"victory":true,"max_hp_per_floor":[70,70,70,70,70,70,84,71,71,76,76,76,76,76,76,76,76,76,76,76,82,82,82,82,82,82,82,82,82,82,82,82,82,1,1,1,1,1,1,4,1,1,1,1,1,1,1,1,1,1,1,1,1,1,1,1,1],"card_choices":[{"not_picked":["ScratchThat","EmotionalTurbulence"],"picked":"SenseQuarry","floor":0.0},{"not_picked":["UnavoidableGaze","SmokingPipe","PreparedMind","SinglePointStab","HiddenBlade","DefenseOrder","FieryWaltz","HandlingWork"],"picked":"ToWhereThePrescriptPoints","floor":1.0},{"not_picked":["Thrust","Parry","Leap_lor","HandleRequest","SinglePointStab","FierceCharge","HiddenBlade","BackstreetsDash","ShrineToMusic","SerpentSwordTechnique","TendonChords"],"picked":"SKIP","floor":4.0},{"not_picked":["HandleRequest","EnergyShield","Quickness","SuanNi","EnergyStrike","SunsetBlade","FierceCharge","RagingStormLove","Diversion","FlowOfTheSword"],"picked":"WillOfThePrescript","floor":5.0},{"not_picked":["Reload","ClassAndRespect","SomberProcuration","FleetFootsteps","EnergyCycle","StrikeDown","SpearedSweep","GaleKick","EnergyShield","HandleRequest"],"picked":"SerpentSwordTechnique","floor":5.0},{"not_picked":["MindPrepared","QuickAttack","VioletBlade","RulesOfTheBackstreets","Eject","Standoff","Feast","LawAndOrder","HandlingWork","FlowOfTheSword"],"picked":"FlamingDragonFist","floor":5.0},{"not_picked":["PinpointShot","GuidanceOfTheGears","ToOvercomeCrisis","Gigigig","BackAttack","StrikeDown","FleetFootsteps","FierceCharge","SmokingPipe","Pound"],"picked":"HandleRequest","floor":5.0},{"not_picked":["Transpierce","Preparation","YoureTooSlow","Tailoring","LawAndOrder","AsThePrescriptOrders","MultiBlock","EnergyCycle","SuppressingShot","PreparedMind"],"picked":"EnergyShield","floor":5.0},{"not_picked":["SerpentSwordTechnique","SharpenedBlade","HiddenBlade","Reload","Concentration","FlamingDragonFist","TrimTheIngredients","GrazeTheGrass","Track","Endure","EnergyStrike"],"picked":"SKIP","floor":7.0},{"not_picked":["AssaultOrder","DesperateStruggle","ShockingBlow","Rampage_lor","InnerArdor","Unlock1","LoosenUp","InhaleSmoke","DefenseOrder","CutIn","BurningFlash"],"picked":"SKIP","floor":8.0},{"not_picked":["Quickness","SenseQuarry","Outburst","CircusKnives","BiXi","SpearedSweep","Observe","Eject","AsThePrescriptOrders","VenomousFangs","DirtyBlow"],"picked":"SKIP","floor":10.0},{"not_picked":["ClassAndRespect","SharpSwipe","Diversion","VenomousFangs","HiddenBlade","Multislash","FormingStorm","ConcentratedFire","Struggle","FieryDragonSlash","WillBeTasty"],"picked":"SKIP","floor":11.0},{"not_picked":["WrathOfTorment","BackAttack","Outburst","Bvapour","QuickSuppression","DarkCloud","Faith","IronWall","SerpentSwordTechnique","GutHarvesting","ViolentFlame"],"picked":"SKIP","floor":12.0},{"not_picked":["EnergyShield","PinpointShot","Eradication","GreatSerpentsImpact","FlashOfSunup","Crush","Collision","Struggle","ViolentFlame","UpbeatPerformance","HandleRequest"],"picked":"SKIP","floor":13.0},{"not_picked":["FleetFootsteps+1","Outburst","FlowOfTheSword","HiddenBlade","PreemptiveStrike+1","SerpentSwordTechnique+1","TheArtOfRapidSteps+1","ProselytesBlade","SinglePointStab","Thrust+1","DriedUp+1"],"picked":"SKIP","floor":18},{"not_picked":["UnavoidableGaze+1","Pound","NightInTheBackstreets","FieryDragonSlash","FleetFootsteps+1","DesperateStruggle","AssaultOrder","GrazeTheGrass+1","HardRehearsal","Gamble","SharpSwipe"],"picked":"SKIP","floor":20},{"not_picked":["Track","SpearedSweep","MultiBlock+1","AsThePrescriptOrders+1","HiddenBlade","Overpower","GreatSerpentsImpact+1","Rewind+1","Diversion","CoordinatedAssault+1","HighKick"],"picked":"SKIP","floor":21},{"not_picked":["EnergyStrike+1","Suppress","QuickSuppression+1","FocusFire","FierceOnslaught","RapidGashes","Laceration","ViolentFlame","GrazeTheGrass","PreemptiveStrike","InkOver"],"picked":"SKIP","floor":22},{"not_picked":["EnergyCycle","PreemptiveStrike","FervidEmotions+1","Standoff","CoordinatedAssault+1","ShockRound+1","GreatSerpentsImpact","HiddenBlade","BulkyImpact","BackstreetsDash","FlowOfTheSword"],"picked":"SKIP","floor":23},{"not_picked":["PreemptiveStrike","Reload+1","DaringDecision","Rewind+1","BackAttack+1","StrikeDown","ClassAndRespect+1","FeatherShield+1","CutIn","EnergyShield+1","HandleRequest"],"picked":"SKIP","floor":24},{"not_picked":["Wallop_lor+1","FierceOnslaught","DesperateStruggle","FleetEdge","TieShanKao","Punishment","SinglePointStab","Gamble+1","ShockingBlow","GatherIntel+1","Thirst"],"picked":"SKIP","floor":25},{"not_picked":["SmokingPipe+1","UpbeatPerformance","Standoff","FierceCharge+1","EnergyStrike+1","GreatSerpentsImpact","Wallop_lor","Rewind+1","BiAn+1","StrikeDown","UnavoidableGaze+1"],"picked":"SKIP","floor":27},{"not_picked":["UnforgettableMelody","StrongStrike","StructuralAnalysis+1","BattleCommand+1","ForTheFamily","TimeForALittleTest","SpearedSweep","EnergyCycle+1","DarkCloud+1","Quickness+1","Parry"],"picked":"SKIP","floor":28},{"not_picked":["YouOnlyLiveOnce+1","QuickAttack","ToOvercomeCrisis+1","Quickness+1","EnergyShield+1","InkOver","EndlessBattle","RhinoRam","YoureAHindrance","PreemptiveStrike","ElectricShock"],"picked":"SKIP","floor":29},{"not_picked":["FleetEdge+1","LossOfSenses","StrikeDown","Creak+1","Eliminate","HighKick+1","Faith+1","HighSpeedStabbing","Endure+1","FierceCharge+1","GuidanceOfTheGears+1"],"picked":"SKIP","floor":30},{"not_picked":["GreatSerpentsImpact","TendonChords","EnergyCycle","JiaoTu","ClassAndRespect","Observe+1","AutomatedMovement+1","CutIn","VioletBlade","HiddenBlade","StrikeDown+1"],"picked":"SKIP","floor":31},{"not_picked":["Observe+1","ScratchThat","MirageStorm","Decapitation"],"picked":"UnforgettableMelody","floor":33},{"not_picked":["Quickness+1","SuppressingShot","Reload+1","Slice_lor+1","StrongStrike+1","DarkCloud","SummaryJudgment","SenseQuarry+1","YouOnlyLiveOnce+1","QuickSuppression","HandleRequest"],"picked":"SKIP","floor":35},{"not_picked":["Parry2","WillBeTasty","RulesOfTheBackstreets","FervidEmotions+1","SinglePointStab","ProselytesBlade","ShrineToMusic","GuidanceOfTheGears+1","StructuralAnalysis+1","Leap_lor","ClassAndRespect+1"],"picked":"SKIP","floor":39},{"not_picked":["ButterflySlash","SweepTheBackstreets","Multislash+1","FocusFire","Retaliate","ViolentFlame","FendThisOffIfYouCan","SomberProcuration+1","SharpenedBlade+1","ProselytesBlade","JiaoTu"],"picked":"SKIP","floor":40},{"not_picked":["Eject","ViolentFlame","Diversion","GuidanceOfTheGears+1","MultiBlock+1","DaringDecision","BackstreetsDash","PinpointShot+1","StrikeDown","GreatSerpentsImpact+1","FleetFootsteps+1"],"picked":"SKIP","floor":42},{"not_picked":["TheRedNotes","Crush","FendThisOffIfYouCan+1","DeepDrag+1","FierceCharge+1","CoordinatedAssault+1","YouOnlyLiveOnce+1","Overcharge+1","StrongStrike","SharpenedBlade","ShockRound"],"picked":"SKIP","floor":44},{"not_picked":["Wallop_lor","SunsetBlade","GuidanceOfTheGears+1","SnakesPrey","AlloutWar+1","BulkyImpact+1","FeelinGood","SpearedSweep","PinpointShot","SteelKnuckles","QuickAttack+1"],"picked":"SKIP","floor":44},{"not_picked":["SweepTheBackstreets","Thrust","Collision","DarkCloud","MultiHit+1","SetFire+1","Fence+1","Reload+1","Outburst","EnergyCycle","Retaliate"],"picked":"SKIP","floor":46},{"not_picked":["EnergyShield+1","StrongStrike","SuppressingShot","Multislash","SerpentSwordTechnique+1","SpearedSweep","LoosenUp+1","Slice_lor+1","MultiHit","Creak+1","QuickAttack"],"picked":"SKIP","floor":48},{"not_picked":["SkitterAway+1","WrathOfTorment","Disposal","SerpentSwordTechnique+1","SharpSwipe","BackAttack+1","Faith+1","DesperateStruggle","EnergyCycle","HandleRequest+1","BindingChains"],"picked":"SKIP","floor":48},{"not_picked":["Faith+1","SerpentSwordTechnique+1","NightInTheBackstreets","StructuralAnalysis+1","ScratchThat","GrazeTheGrass","EnergyShield+1","SpearedSweep+1","SweepTheBackstreets+1","ViolentFlame","FleetFootsteps+1"],"picked":"SKIP","floor":56}],"player_experience":1077417,"relics_obtained":[{"floor":1.0,"key":"SynthV:TestCard"},{"floor":1.0,"key":"Baka"},{"floor":4.0,"key":"DianPoetry"},{"floor":7.0,"key":"Iron Hammer"},{"floor":10.0,"key":"Old Coin"},{"floor":23,"key":"AT_RedTearstoneRing"},{"floor":25,"key":"SSSystem"},{"floor":26,"key":"Onion Ring"},{"floor":27,"key":"AT_ATBox"},{"floor":27,"key":"Baka2"},{"floor":40,"key":"PageOfSpiderBud"},{"floor":42,"key":"ReplayTheSpireMod:Lightbulb"},{"floor":43,"key":"Regal Pillow"},{"floor":46,"key":"AT_TimeSand"},{"floor":56,"key":"testmod-Antiphasic"}],"event_choices":[{"damage_healed":0.0,"max_hp_gain":0.0,"max_hp_loss":0.0,"gold_gain":275.0,"event_name":"Golden Shrine","player_choice":"Desecrate","floor":3.0,"gold_loss":0.0,"damage_taken":0.0,"cards_obtained":["Regret"]},{"cards_removed":["Injury"],"damage_healed":0,"gold_gain":0,"player_choice":"Purged","damage_taken":0,"max_hp_gain":0,"max_hp_loss":0,"event_name":"Purifier","floor":19,"gold_loss":0},{"cards_removed":["UnforgettableMelody"],"damage_healed":0,"gold_gain":0,"player_choice":"Removed Power","damage_taken":0,"max_hp_gain":0,"max_hp_loss":0,"event_name":"Falling","floor":36,"gold_loss":0},{"damage_healed":0,"gold_gain":400,"player_choice":"Sell","damage_taken":0,"max_hp_gain":0,"max_hp_loss":0,"event_name":"恩洛斯的盘子","floor":37,"relics_lost":["DaveBox"],"gold_loss":0},{"damage_healed":0,"gold_gain":0,"player_choice":"Copied","damage_taken":0,"max_hp_gain":0,"max_hp_loss":0,"event_name":"Duplicator","floor":45,"gold_loss":0,"cards_obtained":["testmod-AdversityCounterattack"]}],"is_beta":false,"boss_relics":[{"not_picked":["Cursed Key","EE1DDrone"],"picked":"SlaversCollar"},{"not_picked":["Calling Bell","hubris:VirtuousBlindfold"],"picked":"OneHitWonderSystem"}],"items_purged_floors":[2,2,2,2,2,2,2,5,5,5,5,5,5,5,5,5,41,47],"is_endless":false,"potions_floor_spawned":[7,11,13,16,20,21,23,27,30,31,35,39,46,48],"ascension_level":20}}