{"host":"udzsrhbqdxqtlypj","time":1612557052,"event":{"mods":["BaseMod","Minty Spire (QoL Compilation)","Relic Stats"],"gold_per_floor":[16,28,28,28,28,28,62,62,107,138,138,172,172,200,200,302,302,317,25,35,54,68,68,87,115,139,139,173,173,202,213,213,315,315,330,345,365,375,386,386,386,418,469,494,494,543,543,555,555,555,555],"floor_reached":50,"language":"ENG","playtime":4174,"items_purged":["Strike_G"],"score":1032,"play_id":"69629549-e2f9-4a9b-b2f2-bdbcbab6e5c2","local_time":"20210205143052","is_ascension_mode":true,"campfire_choices":[{"data":"Apotheosis","floor":6,"key":"SMITH"},{"data":"Well Laid Plans","floor":8,"key":"SMITH"},{"data":"Corpse Explosion","floor":11,"key":"SMITH"},{"floor":13,"key":"RECALL"},{"data":"Neutralize","floor":15,"key":"SMITH"},{"floor":23,"key":"REST"},{"floor":29,"key":"REST"},{"data":"Calculated Gamble","floor":32,"key":"SMITH"},{"floor":40,"key":"REST"},{"data":"Malaise","floor":47,"key":"SMITH"},{"floor":49,"key":"REST"}],"circlet_count":0,"master_deck":["AscendersBane","Survivor","Neutralize+1","Apotheosis+1","Bane","Well Laid Plans+1","Heel Hook","Blade Dance","Corpse Explosion+1","All Out Attack","Backflip","Wraith Form v2","CurseOfTheBell","Footwork","Dagger Throw","Crippling Poison","Calculated Gamble+1","Noxious Fumes","Escape Plan","Malaise+1","Bouncing Flask","Deflect","Noxious Fumes","Well Laid Plans","Sucker Punch","Skewer","Backflip+1","Crippling Poison","Footwork+1","Catalyst"],"relics":["Ring of the Snake","Mummified Hand","Blood Vial","Lantern","War Paint","Bag of Marbles","Calling Bell","Ancient Tea Set","Matryoshka","Tough Bandages","Membership Card","Omamori","The Courier","PreservedInsect","Regal Pillow","GremlinMask","Bronze Scales","Letter Opener","Pandora\u0027s Box","Ornamental Fan","Paper Crane","Happy Flower","Nunchaku"],"acts_visited":["Exordium","TheCity","TheBeyond"],"potions_floor_usage":[7,14,18,21,25,28,28,35,44],"damage_taken":[{"damage":1,"enemies":"2 Louse","floor":1,"turns":3},{"damage":7,"enemies":"Small Slimes","floor":2,"turns":4},{"damage":4,"enemies":"Lagavulin","floor":7,"turns":7},{"damage":18,"enemies":"Gremlin Nob","floor":10,"turns":5},{"damage":4,"enemies":"Lagavulin","floor":12,"turns":6},{"damage":2,"enemies":"3 Sentries","floor":14,"turns":4},{"damage":0,"enemies":"The Guardian","floor":16,"turns":9},{"damage":0,"enemies":"3 Byrds","floor":18,"turns":4},{"damage":14,"enemies":"Shell Parasite","floor":20,"turns":7},{"damage":14,"enemies":"Snake Plant","floor":21,"turns":5},{"damage":19,"enemies":"Cultist and Chosen","floor":22,"turns":6},{"damage":11,"enemies":"Centurion and Healer","floor":24,"turns":4},{"damage":22,"enemies":"Slavers","floor":25,"turns":4},{"damage":11,"enemies":"Book of Stabbing","floor":28,"turns":6},{"damage":21,"enemies":"Gremlin Leader","floor":30,"turns":4},{"damage":3,"enemies":"Snake Plant","floor":31,"turns":3},{"damage":0,"enemies":"Automaton","floor":33,"turns":9},{"damage":0,"enemies":"3 Darklings","floor":35,"turns":2},{"damage":0,"enemies":"3 Shapes","floor":36,"turns":3},{"damage":24,"enemies":"Maw","floor":37,"turns":6},{"damage":0,"enemies":"4 Shapes","floor":38,"turns":3},{"damage":1,"enemies":"Sphere and 2 Shapes","floor":39,"turns":4},{"damage":6,"enemies":"Reptomancer","floor":42,"turns":5},{"damage":10,"enemies":"Giant Head","floor":44,"turns":7},{"damage":24,"enemies":"Transient","floor":48,"turns":5},{"damage":71,"enemies":"Awakened One","floor":50,"turns":6}],"seed_played":"5687514876344583096","potions_obtained":[{"floor":1,"key":"Regen Potion"},{"floor":2,"key":"Block Potion"},{"floor":10,"key":"Dexterity Potion"},{"floor":16,"key":"ColorlessPotion"},{"floor":20,"key":"Poison Potion"},{"floor":22,"key":"BlessingOfTheForge"},{"floor":24,"key":"Dexterity Potion"},{"floor":31,"key":"Fire Potion"},{"floor":35,"key":"Ancient Potion"},{"floor":36,"key":"ColorlessPotion"},{"floor":38,"key":"BlessingOfTheForge"},{"floor":42,"key":"LiquidBronze"}],"is_trial":false,"path_per_floor":["M","M","?","?","?","R","E","R","T","E","R","E","R","E","R","B",null,"M","$","M","M","M","R","M","E","T","?","E","R","E","M","R","B",null,"M","M","M","M","M","R","?","E","T","E","?","T","R","M","R","B"],"character_chosen":"THE_SILENT","items_purchased":["Membership Card","Dagger Throw","Omamori"],"campfire_rested":4,"item_purchase_floors":[19,19,19],"current_hp_per_floor":[62,55,55,48,48,48,59,59,59,43,43,41,41,41,41,43,63,65,65,53,41,24,45,36,16,16,16,7,43,24,23,23,25,59,61,63,41,43,44,70,70,64,64,56,56,56,56,34,70,0,0],"gold":555,"neow_bonus":"RANDOM_COLORLESS_2","is_daily":false,"chose_seed":false,"campfire_upgraded":6,"win_rate":0.0,"timestamp":1612557052,"path_taken":["M","M","?","?","?","R","E","R","T","E","R","E","R","E","R","BOSS","M","$","M","M","M","R","M","E","T","?","E","R","E","M","R","BOSS","M","M","?","?","M","R","?","E","T","E","?","?","R","M","R","BOSS"],"items_purchased_type":["Relic","Card","Relic"],"build_version":"2020-12-22","purchased_purges":1,"victory":false,"max_hp_per_floor":[70,70,70,70,70,70,70,70,70,70,70,70,70,70,70,70,70,70,70,70,70,70,70,70,70,70,70,70,70,70,70,70,70,70,70,70,70,70,70,70,70,70,70,70,70,70,70,70,70,70,70],"relic_stats":{"Regal Pillow":35,"Happy Flower":[3],"counters":[26,131],"PreservedInsect":282,"Letter Opener":[170],"War Paint":["Defend_G","Defend_G"],"Blood Vial":42,"Tough Bandages":[300],"Nunchaku":[2],"Mummified Hand":[76],"Ornamental Fan":[32],"Bronze Scales":[165],"Pandora\u0027s Box":["Bouncing Flask","Deflect","Noxious Fumes","Well Laid Plans","Sucker Punch","Skewer","Skewer"],"obtain_stats":[{"Lantern":10,"Regal Pillow":26,"Happy Flower":44,"GremlinMask":27,"The Courier":25,"PreservedInsect":26,"Omamori":19,"Letter Opener":30,"War Paint":12,"Paper Crane":43,"Ancient Tea Set":17,"Blood Vial":9,"Calling Bell":17,"Tough Bandages":17,"Nunchaku":46,"Matryoshka":17,"Mummified Hand":7,"Ornamental Fan":42,"Bronze Scales":28,"Pandora\u0027s Box":34,"Bag of Marbles":14,"Membership Card":19,"Ring of the Snake":0},{"Lantern":4,"Regal Pillow":13,"Happy Flower":24,"GremlinMask":13,"The Courier":13,"PreservedInsect":13,"Omamori":8,"Letter Opener":15,"War Paint":5,"Paper Crane":23,"Ancient Tea Set":7,"Blood Vial":3,"Calling Bell":7,"Tough Bandages":7,"Nunchaku":24,"Matryoshka":7,"Mummified Hand":3,"Ornamental Fan":23,"Bronze Scales":14,"Pandora\u0027s Box":17,"Bag of Marbles":6,"Membership Card":8,"Ring of the Snake":0},{"Lantern":19,"Regal Pillow":68,"Happy Flower":120,"GremlinMask":68,"The Courier":68,"PreservedInsect":68,"Omamori":42,"Letter Opener":78,"War Paint":25,"Paper Crane":113,"Ancient Tea Set":38,"Blood Vial":14,"Calling Bell":38,"Tough Bandages":38,"Nunchaku":120,"Matryoshka":38,"Mummified Hand":14,"Ornamental Fan":113,"Bronze Scales":74,"Pandora\u0027s Box":90,"Bag of Marbles":29,"Membership Card":42,"Ring of the Snake":0}],"Ring of the Snake":[52]},"card_choices":[{"not_picked":["Magnetism","Mayhem"],"picked":"Apotheosis","floor":0},{"not_picked":["Prepared","Tactician"],"picked":"Bane","floor":1},{"not_picked":["Bane","Cloak And Dagger"],"picked":"Well Laid Plans","floor":2},{"not_picked":["Choke","Outmaneuver"],"picked":"Blade Dance","floor":7},{"not_picked":["Quick Slash","Setup"],"picked":"Corpse Explosion","floor":10},{"not_picked":["Choke","Poisoned Stab"],"picked":"All Out Attack","floor":12},{"not_picked":["Blade Dance","Outmaneuver"],"picked":"Backflip","floor":14},{"not_picked":["Burst","Storm of Steel"],"picked":"Wraith Form v2","floor":16},{"not_picked":["Cloak And Dagger","Bane"],"picked":"Footwork","floor":18},{"not_picked":["Outmaneuver","Predator","Accuracy+1"],"picked":"SKIP","floor":20},{"not_picked":["Footwork+1","Accuracy","Deflect"],"picked":"SKIP","floor":21},{"not_picked":["Poisoned Stab","Expertise+1"],"picked":"Crippling Poison","floor":22},{"not_picked":["Dash","Cloak And Dagger+1","Tactician"],"picked":"SKIP","floor":24},{"not_picked":["Flying Knee","Dagger Throw"],"picked":"Calculated Gamble","floor":25},{"not_picked":["Deadly Poison","Dash","Dagger Spray"],"picked":"SKIP","floor":28},{"not_picked":["Prepared","Doppelganger"],"picked":"Noxious Fumes","floor":30},{"not_picked":["Bane","Deadly Poison+1"],"picked":"Escape Plan","floor":31},{"not_picked":["Venomology","Envenom"],"picked":"Malaise","floor":33},{"not_picked":["Well Laid Plans+1","Sucker Punch"],"picked":"Backflip+1","floor":35},{"not_picked":["Slice","Bane","Dodge and Roll+1"],"picked":"SKIP","floor":36},{"not_picked":["Riddle With Holes+1","Blade Dance"],"picked":"Crippling Poison","floor":37},{"not_picked":["Outmaneuver+1","Riddle With Holes+1","Dagger Throw"],"picked":"SKIP","floor":38},{"not_picked":["Slice","Choke+1","Cloak And Dagger"],"picked":"SKIP","floor":39},{"not_picked":["Sucker Punch","Skewer+1"],"picked":"Footwork+1","floor":42},{"not_picked":["Riddle With Holes","Slice+1","Deflect+1"],"picked":"SKIP","floor":44},{"not_picked":["Flying Knee+1","A Thousand Cuts"],"picked":"Catalyst","floor":48}],"player_experience":2803644,"relics_obtained":[{"floor":7,"key":"Mummified Hand"},{"floor":9,"key":"Blood Vial"},{"floor":10,"key":"Lantern"},{"floor":12,"key":"War Paint"},{"floor":14,"key":"Bag of Marbles"},{"floor":17,"key":"Ancient Tea Set"},{"floor":17,"key":"Matryoshka"},{"floor":17,"key":"Tough Bandages"},{"floor":25,"key":"The Courier"},{"floor":26,"key":"PreservedInsect"},{"floor":26,"key":"Regal Pillow"},{"floor":28,"key":"Bronze Scales"},{"floor":30,"key":"Letter Opener"},{"floor":42,"key":"Ornamental Fan"},{"floor":43,"key":"Paper Crane"},{"floor":44,"key":"Happy Flower"},{"floor":46,"key":"Nunchaku"}],"event_choices":[{"damage_healed":0,"gold_gain":0,"cards_transformed":["Strike_G"],"player_choice":"Change","damage_taken":0,"max_hp_gain":0,"max_hp_loss":0,"event_name":"Living Wall","floor":3,"gold_loss":0,"cards_obtained":["Heel Hook"]},{"cards_removed":["Defend_G"],"damage_healed":0,"gold_gain":0,"player_choice":"Card Removal","damage_taken":7,"max_hp_gain":0,"max_hp_loss":0,"event_name":"Golden Wing","floor":4,"gold_loss":0},{"damage_healed":0,"gold_gain":0,"player_choice":"Ignored","damage_taken":0,"max_hp_gain":0,"max_hp_loss":0,"event_name":"Liars Game","floor":5,"gold_loss":0},{"damage_healed":0,"gold_gain":0,"player_choice":"Trade","damage_taken":0,"relics_obtained":["GremlinMask"],"max_hp_gain":0,"max_hp_loss":0,"event_name":"FaceTrader","floor":27,"gold_loss":0},{"cards_removed":["Skewer"],"damage_healed":0,"gold_gain":0,"player_choice":"Removed Attack","damage_taken":0,"max_hp_gain":0,"max_hp_loss":0,"event_name":"Falling","floor":41,"gold_loss":0},{"damage_healed":0,"gold_gain":0,"player_choice":"Ignored","damage_taken":0,"max_hp_gain":0,"max_hp_loss":0,"event_name":"Mysterious Sphere","floor":45,"gold_loss":0}],"is_beta":false,"boss_relics":[{"not_picked":["Runic Dome","Velvet Choker"],"picked":"Calling Bell"},{"not_picked":["Sozu","Busted Crown"],"picked":"Pandora\u0027s Box"}],"items_purged_floors":[19],"is_endless":false,"potions_floor_spawned":[1,2,10,16,20,22,24,31,35,36,38,42],"killed_by":"Awakened One","ascension_level":10}}