{"host":"qqj8xvc6rh6p9rdh","time":1612543874,"event":{"mods":["Act Like it!","BaseMod","DNKmod","Friendly Minions","Hubris","Minty Spire (QoL Compilation)","Small Relic Pack","StSLib","The Animator"],"gold_per_floor":[1312,1312,790,304,317,356,356,375,375,375,420,330,349,31,31,102,102,115,40,60,73,32,57,57,86,86,86,86,137,155,183,183,266,266,283,233,233,253,203,203,231,246,273,273,287,287,287,0,0,0,0,0,0,584,634,689,689,689,689,764,844,844,32,127,127,127,127,242,362,362,362],"floor_reached":70,"language":"ENG","playtime":4562,"items_purged":["animator:Strike","animator:Defend","animator:Strike","animator:Defend+1","animator:NagisaMomoe","animator:Strike_MadokaMagica","animator:OrikoMikuni+1"],"score":2704,"play_id":"79f09af5-2a90-4b61-b9f5-b40896bc07c1","local_time":"20210206005114","is_ascension_mode":true,"campfire_choices":[{"data":"animator:NagisaMomoe","floor":7.0,"key":"SMITH"},{"data":"animator:OrikoMikuni","floor":10.0,"key":"SMITH"},{"data":"animator:MadokaKaname","floor":15.0,"key":"SMITH"},{"data":"animator:FeridBathory","floor":27.0,"key":"SMITH"},{"floor":32.0,"key":"RECALL"},{"data":"animator:Kyubey","floor":40.0,"key":"SMITH"},{"data":"animator:Saitama","floor":44.0,"key":"SMITH"},{"data":"animator:SayakaMiki","floor":46.0,"key":"SMITH"},{"data":"animator:Kyubey","floor":49.0,"key":"SMITH"},{"floor":53.0,"key":"REST"},{"data":"animator:Kyubey","floor":59,"key":"SMITH"}],"circlet_count":0,"master_deck":["AscendersBane","animator:IrohaTamaki+1","animator:HomuraAkemi+1","animator:NagisaMomoe+1","animator:YachiyoNanami+1","animator:MadokaKaname+1","animator:Arpeggio+1","animator:NagisaMomoe+1","animator:FeridBathory+1","animator:MamiTomoe+1","animator:Rimuru","animator:MamiTomoe+1","animator:SayakaMiki+1","animator:KyokoSakura+1","animator:Saitama+1","animator:NagisaMomoe+1","animator:YachiyoNanami+1","animator:YachiyoNanami+1","animator:Kyubey+1","animator:OrikoMikuni+1","animator:Kyubey+1","animator:Arpeggio+1","animator:SuzuneAmano+1","animator:Arpeggio+1","animator:Melzalgald+1"],"relics":["animator:TheEgnaroPiece","animator:AncientMedallion"],"acts_visited":["Exordium","TheCity","TheBeyond","TheEnding","EYB:TheUnnamedReign"],"potions_floor_usage":[60,60,68,69,70,70],"damage_taken":[{"damage":0.0,"enemies":"2 Louse","floor":1.0,"turns":3.0},{"damage":0.0,"enemies":"Cultist","floor":5.0,"turns":3.0},{"damage":64.0,"enemies":"Lagavulin","floor":6.0,"turns":7.0},{"damage":6.0,"enemies":"Small Slimes","floor":8.0,"turns":4.0},{"damage":0.0,"enemies":"Gremlin Nob","floor":11.0,"turns":3.0},{"damage":0.0,"enemies":"Blue Slaver","floor":13.0,"turns":3.0},{"damage":0.0,"enemies":"Slime Boss","floor":16.0,"turns":6.0},{"damage":0.0,"enemies":"3 Byrds","floor":18.0,"turns":4.0},{"damage":27.0,"enemies":"Chosen","floor":20.0,"turns":10.0},{"damage":0.0,"enemies":"Snake Plant","floor":21.0,"turns":3.0},{"damage":22.0,"enemies":"Gremlin Leader","floor":23.0,"turns":5.0},{"damage":0.0,"enemies":"animator:HornedBat","floor":25.0,"turns":4.0},{"damage":1.0,"enemies":"Slavers","floor":29.0,"turns":5.0},{"damage":0.0,"enemies":"Centurion and Healer","floor":30.0,"turns":4.0},{"damage":0.0,"enemies":"animator:HornedBat","floor":31.0,"turns":4.0},{"damage":9.0,"enemies":"hubris:MusketHawk","floor":33.0,"turns":5.0},{"damage":12.0,"enemies":"3 Darklings","floor":35.0,"turns":3.0},{"damage":0.0,"enemies":"3 Shapes","floor":38.0,"turns":2.0},{"damage":17.0,"enemies":"Nemesis","floor":41.0,"turns":6.0},{"damage":0.0,"enemies":"Maw","floor":42.0,"turns":3.0},{"damage":0.0,"enemies":"Writhing Mass","floor":45.0,"turns":3.0},{"damage":11.0,"enemies":"Donu and Deca","floor":50.0,"turns":5.0},{"damage":54.0,"enemies":"Time Eater","floor":51.0,"turns":8.0},{"damage":0.0,"enemies":"animator:UNNAMED_HAT","floor":55.0,"turns":8.0},{"damage":17.0,"enemies":"animator:TRIPLE_SHAPES_WEAK","floor":56.0,"turns":5.0},{"damage":22,"enemies":"animator:TRIPLE_LAGAVULIN","floor":60,"turns":6},{"damage":27,"enemies":"animator:LARGE_WISP","floor":61,"turns":4},{"damage":0,"enemies":"animator:ULTIMATE_CUBE","floor":64,"turns":7},{"damage":5,"enemies":"animator:ULTIMATE_CRYSTAL","floor":68,"turns":4},{"damage":37,"enemies":"animator:ULTIMATE_WISP","floor":69,"turns":5},{"damage":131,"enemies":"animator:TheUnnamed","floor":70,"turns":6}],"seed_played":"5554077889489378951","potions_obtained":[{"floor":1.0,"key":"SpeedPotion"},{"floor":5.0,"key":"Swift Potion"},{"floor":11.0,"key":"ColorlessPotion"},{"floor":18.0,"key":"ColorlessPotion"},{"floor":20.0,"key":"SteroidPotion"},{"floor":23.0,"key":"Strength Potion"},{"floor":33.0,"key":"Ancient Potion"},{"floor":35.0,"key":"Swift Potion"},{"floor":41.0,"key":"Block Potion"},{"floor":55.0,"key":"animator:FalseLifePotion"},{"floor":56.0,"key":"animator:FalseLifePotion"},{"floor":60,"key":"animator:FalseLifePotion"},{"floor":61,"key":"animator:FalseLifePotion"},{"floor":68,"key":"animator:FalseLifePotion"},{"floor":69,"key":"animator:FalseLifePotion"}],"is_trial":false,"path_per_floor":["M","?","$","$","M","E","R","M","T","R","E","$","M","$","R","B",null,"M","?","M","M","$","E","?","E","T","R","T","E","M","E","R","B",null,"M","$","?","M","$","R","E","M","T","R","M","R","?","$","R","B","B",null,"R","??","M","M","T","?","R","M","M","?","$","E","T","?","$","E","E","B"],"character_chosen":"THE_ANIMATOR","items_purchased":["Shuriken","Bronze Scales","animator:HomuraAkemi","animator:NagisaMomoe","Blood Vial","animator:Arpeggio","animator:HallowedScabbard","animator:MamiTomoe","animator:Kyubey","animator:Arpeggio","animator:Melzalgald","animator:AncientMedallion","animator:AncientMedallion"],"campfire_rested":1,"item_purchase_floors":[3,3,4,4,4,12,14,22,48,48,63,63,63],"current_hp_per_floor":[500,500,500,500,500,443,443,440,440,440,442,442,453,453,453,467,506,513,513,491,493,493,483,483,497,497,497,497,498,496,495,495,483,490,481,481,481,483,483,483,484,494,494,494,491,491,491,491,491,477,440,474,485,91,91,89,89,89,89,69,62,73,73,91,91,91,91,86,66,0,0],"gold":362,"neow_bonus":"HUNDRED_GOLD","is_daily":false,"chose_seed":false,"campfire_upgraded":9,"win_rate":0.0,"timestamp":1612543874,"path_taken":["M","?","?","$","M","E","R","?","T","R","E","$","M","$","R","BOSS","M","?","M","M","$","E","?","E","T","R","?","E","?","E","R","BOSS","M","$","?","M","$","R","E","M","T","R","M","R","?","?","R","BOSS","BOSS","R","??","M","M","T","?","R","M","M","?","$","E","T","?","$","E","E","BOSS"],"items_purchased_type":["Relic","Relic","Card","Card","Relic","Card","Relic","Card","Card","Card","Card","Relic","Relic"],"build_version":"2020-12-22","purchased_purges":7,"victory":false,"max_hp_per_floor":[500,500,500,500,500,507,507,508,508,508,508,508,508,508,508,508,516,513,513,511,508,508,505,505,502,502,502,502,499,496,495,495,492,492,489,489,489,486,486,486,497,494,494,494,491,491,491,491,491,488,485,485,485,91,91,91,91,91,91,91,91,91,91,91,91,91,91,91,91,91,91],"card_choices":[{"not_picked":["animator:Lancer","animator:Jibril","animator:FielNirvalen"],"picked":"SKIP","floor":1.0},{"not_picked":["animator:Tatsumaki","animator:Benimaru","animator:DolaRiku"],"picked":"SKIP","floor":5.0},{"not_picked":["animator:Millim","animator:SakuraMatou"],"picked":"animator:OrikoMikuni","floor":6.0},{"not_picked":["animator:OrikoMikuni","animator:IrohaTamaki"],"picked":"animator:YachiyoNanami","floor":8.0},{"not_picked":["animator:Caster","animator:Sora"],"picked":"animator:MadokaKaname","floor":11.0},{"not_picked":["animator:Mikaela","animator:Sonic"],"picked":"animator:NagisaMomoe","floor":13.0},{"not_picked":["animator:Sora","animator:Shiro"],"picked":"animator:FeridBathory","floor":16.0},{"not_picked":["animator:Tatsumaki","animator:Benimaru","animator:Caster"],"picked":"SKIP","floor":18.0},{"not_picked":["animator:IrohaTamaki","animator:KyokoSakura"],"picked":"animator:MamiTomoe","floor":20.0},{"not_picked":["animator:SilverFang","animator:YachiyoNanami"],"picked":"animator:Rimuru","floor":21.0},{"not_picked":["animator:HiiragiShinya","animator:Shiro","animator:Tyuule"],"picked":"SKIP","floor":23.0},{"not_picked":["animator:Genos","animator:Souei","animator:Lancer"],"picked":"SKIP","floor":25.0},{"not_picked":["animator:MamiTomoe","animator:SuzuneAmano"],"picked":"animator:SayakaMiki","floor":29.0},{"not_picked":["animator:Illya","animator:Geryuganshoop","animator:Shinoa"],"picked":"SKIP","floor":30.0},{"not_picked":["animator:RoryMercury","animator:KrulTepes+1"],"picked":"animator:KyokoSakura","floor":31.0},{"not_picked":["animator:MadokaKaname","animator:Guren"],"picked":"animator:Saitama","floor":33.0},{"not_picked":["animator:Shion+1","animator:SilverFang+1"],"picked":"animator:YachiyoNanami+1","floor":35.0},{"not_picked":["animator:SuzuneAmano","animator:YachiyoNanami"],"picked":"animator:Kyubey","floor":38.0},{"not_picked":["animator:HiiragiShinya","animator:EmiyaShirou"],"picked":"animator:OrikoMikuni","floor":41.0},{"not_picked":["animator:LeleiLaLalena+1","animator:Alexander+1","animator:Tet"],"picked":"SKIP","floor":42.0},{"not_picked":["animator:Shuna","animator:Assassin","animator:Berserker"],"picked":"SKIP","floor":45.0},{"not_picked":["animator:OrikoMikuni","animator:Lancer"],"picked":"animator:SuzuneAmano","floor":55.0},{"not_picked":["animator:Kuribayashi","animator:YaoHaDucy+1","animator:Alexander"],"picked":"SKIP","floor":56.0},{"not_picked":["animator:ChlammyZell","animator:MumenRider","animator:RinTohsaka"],"picked":"SKIP","floor":60},{"not_picked":["animator:Tet","animator:Bozes+1"],"picked":"animator:Arpeggio","floor":61},{"not_picked":["animator:Alexander","animator:KyokoSakura","animator:Shiro"],"picked":"SKIP","floor":64},{"not_picked":["animator:Hakurou+1","animator:Mitsuba","animator:Shigure"],"picked":"SKIP","floor":68},{"not_picked":["animator:Geryuganshoop","animator:EmiyaShirou","animator:MamiTomoe+1"],"picked":"SKIP","floor":69}],"player_experience":822959,"relics_obtained":[{"floor":6.0,"key":"Strawberry"},{"floor":9.0,"key":"War Paint"},{"floor":11.0,"key":"Smiling Mask"},{"floor":23.0,"key":"Ancient Tea Set"},{"floor":25.0,"key":"hubris:TenFootPole"},{"floor":28.0,"key":"InkBottle"},{"floor":29.0,"key":"Paper Crane"},{"floor":31.0,"key":"Letter Opener"},{"floor":41.0,"key":"Mango"},{"floor":43.0,"key":"Regal Pillow"},{"floor":54.0,"key":"animator:TheEgnaroPiece"},{"floor":54.0,"key":"animator:AncientMedallion"},{"floor":57.0,"key":"animator:AncientMedallion"},{"floor":64,"key":"animator:AncientMedallion"},{"floor":65,"key":"animator:AncientMedallion"},{"floor":68,"key":"animator:AncientMedallion"},{"floor":69,"key":"animator:AncientMedallion"}],"event_choices":[{"damage_healed":0.0,"max_hp_gain":0.0,"max_hp_loss":0.0,"gold_gain":0.0,"event_name":"WeMeetAgain","player_choice":"Gave Potion","floor":2.0,"gold_loss":0.0,"damage_taken":0.0,"relics_obtained":["HornCleat"]},{"cards_removed":["animator:Strike"],"damage_healed":0.0,"max_hp_gain":0.0,"max_hp_loss":0.0,"gold_gain":0.0,"event_name":"Beggar","player_choice":"Gave Gold","floor":19.0,"gold_loss":75.0,"damage_taken":0.0},{"damage_healed":0.0,"max_hp_gain":0.0,"max_hp_loss":0.0,"gold_gain":0.0,"event_name":"The Mausoleum","player_choice":"Opened","floor":24.0,"gold_loss":0.0,"damage_taken":0.0,"relics_obtained":["hubris:CuriousFeather"],"cards_obtained":["Writhe"]},{"damage_healed":0.0,"max_hp_gain":0.0,"max_hp_loss":0.0,"gold_gain":0.0,"event_name":"SensoryStone","player_choice":"Memory 1","floor":37.0,"gold_loss":0.0,"damage_taken":0.0},{"cards_removed":["animator:Defend_MadokaMagica"],"damage_healed":0.0,"max_hp_gain":0.0,"max_hp_loss":0.0,"gold_gain":0.0,"event_name":"Falling","player_choice":"Removed Skill","floor":47.0,"gold_loss":0.0,"damage_taken":0.0}],"is_beta":false,"boss_relics":[{"not_picked":["hubris:VirtuousBlindfold","Runic Dome"],"picked":"animator:HolyGrailRelic"},{"not_picked":["animator:CursedBlade","Mark of Pain"],"picked":"animator:RacePiece"}],"items_purged_floors":[3,4,12,36,39,48,63],"is_endless":false,"potions_floor_spawned":[1,5,11,18,20,23,33,35,41,42,55,60,61,69],"killed_by":"animator:TheUnnamed","ascension_level":20}}