{"host":"qy6st0zp32tctd9l","time":1612498167,"event":{"mods":["BaseMod","Colored Map","Downfall","GifTheSpireLib","Hermit","Marisa£®ÏF”Í°°ƒß¿Ì…≥£©","Minty Spire (QoL Compilation)","Remilia£®¿Ÿ√◊¿Ú—«£©","StSLib","The Cursed","The Servant 0.9.4","UnlockEverythingMod"],"gold_per_floor":[119,129,129,129,129,169,169,207,288,327,327,171,186,186,186,279,279,294,294,72,72,72,100,119,145,217,217,243,243,162,190,190,267,267,277,277,177,192,208,235,254,279,279,330,340,340,340,369,369,369,369,369,13,48,48],"floor_reached":56,"language":"ZHS","playtime":2258,"items_purged":["Strike_S","Strike_S+1","Strike_S+1"],"score":2280,"play_id":"81a74d92-a983-463d-a23c-a24c918a3624","local_time":"20210205120927","is_ascension_mode":true,"campfire_choices":[{"data":"PendulumOfEternity","floor":7.0,"key":"SMITH"},{"floor":11.0,"key":"REST"},{"data":"MurderousAura","floor":15.0,"key":"SMITH"},{"data":"Alleviate","floor":27,"key":"SMITH"},{"floor":29,"key":"RECALL"},{"data":"SilverBlades","floor":32,"key":"SMITH"},{"data":"StarChef","floor":46,"key":"SMITH"},{"data":"Alleviate","floor":49,"key":"SMITH"},{"data":"KidneyShot","floor":52,"key":"SMITH"}],"circlet_count":0,"master_deck":["AscendersBane","Defend_S+1","Defend_S+1","Defend_S+1","Defend_S+1","KidneyShot+1","Exchange","Potential","TimeWarp","PendulumOfEternity+1","Misdirection","MurderousAura+1","FastForward","FloweringNight","SoulSculpture+1","Alleviate+1","SilverBlades+1","Starlight+1","PendulumOfEternity","Barrier+1","DualDimension","TimeTheft+1","PendulumOfEternity","StarChef+1","SoulSculpture+1","Alleviate+1"],"relics":["Uniform","NeowsBlessing","Bloody Idol","Anchor","Toy Ornithopter","Sundial","Bottled Flame","Snecko Eye","Bag of Marbles","Blue Candle","Juzu Bracelet","Bottled Lightning","Meat on the Bone","Boot","Pen Nib","SlaversCollar","Pocketwatch","Smiling Mask","CatCart","Blood Vial","Strange Spoon","Oddly Smooth Stone","Incense Burner"],"acts_visited":["Exordium","TheCity","TheBeyond","TheEnding"],"potions_floor_usage":[18,25,42,55],"damage_taken":[{"damage":0.0,"enemies":"2 Louse","floor":1.0,"turns":1.0},{"damage":0.0,"enemies":"Small Slimes","floor":2.0,"turns":1.0},{"damage":0.0,"enemies":"Gremlin Nob","floor":6.0,"turns":1.0},{"damage":22.0,"enemies":"3 Sentries","floor":8.0,"turns":6.0},{"damage":21.0,"enemies":"Gremlin Nob","floor":10.0,"turns":4.0},{"damage":0.0,"enemies":"Jaw Worm","floor":13.0,"turns":4.0},{"damage":17.0,"enemies":"Slime Boss","floor":16.0,"turns":8.0},{"damage":0,"enemies":"3 Byrds","floor":18,"turns":4},{"damage":0,"enemies":"Book of Stabbing","floor":23,"turns":4},{"damage":3,"enemies":"2 Thieves","floor":24,"turns":4},{"damage":0,"enemies":"Gremlin Leader","floor":25,"turns":3},{"damage":0,"enemies":"Book of Stabbing","floor":28,"turns":4},{"damage":0,"enemies":"Gremlin Leader","floor":31,"turns":2},{"damage":25,"enemies":"Automaton","floor":33,"turns":8},{"damage":6,"enemies":"Orb Walker","floor":35,"turns":3},{"damage":3,"enemies":"3 Darklings","floor":38,"turns":5},{"damage":0,"enemies":"4 Shapes","floor":39,"turns":5},{"damage":0,"enemies":"Nemesis","floor":40,"turns":3},{"damage":11,"enemies":"Transient","floor":41,"turns":5},{"damage":25,"enemies":"Reptomancer","floor":42,"turns":6},{"damage":0,"enemies":"Orin","floor":44,"turns":10},{"damage":0,"enemies":"Sphere and 2 Shapes","floor":45,"turns":3},{"damage":0,"enemies":"Nemesis","floor":48,"turns":3},{"damage":9,"enemies":"Time Eater","floor":50,"turns":9},{"damage":5,"enemies":"Shield and Spear","floor":54,"turns":4},{"damage":36,"enemies":"The Heart","floor":55,"turns":8}],"seed_played":"-8900135494592907372","potions_obtained":[{"floor":2.0,"key":"LiquidMemories"},{"floor":6.0,"key":"DuplicationPotion"},{"floor":10.0,"key":"SkillPotion"},{"floor":16.0,"key":"Guardian:BlockOnCardUsePotion"},{"floor":18,"key":"Dexterity Potion"},{"floor":24,"key":"AttackPotion"},{"floor":33,"key":"Slimebound:ThreeZeroPotion"},{"floor":42,"key":"FairyPotion"}],"is_trial":false,"path_per_floor":["M","M","?","?","?","E","R","E","T","E","R","$","M","?","R","B",null,"M","?","$","?","?","E","M","E","T","R","E","R","?","E","R","B",null,"M","?","$","M","M","E","M","E","T","?","M","R","?","E","R","B",null,"R","$","E","B",null],"character_chosen":"THE_SERVANT","items_purchased":["MurderousAura","SoulSculpture","Bag of Marbles","Strange Spoon","Oddly Smooth Stone"],"campfire_rested":1,"item_purchase_floors":[12,20,20,53,53],"current_hp_per_floor":[59,59,64,47,47,47,47,25,25,9,30,30,30,23,23,6,54,59,59,59,59,59,64,70,70,70,70,70,70,70,70,70,50,65,64,64,64,66,70,70,64,49,49,54,59,59,59,64,64,57,67,67,67,69,39],"gold":48,"neow_bonus":"THREE_ENEMY_KILL","is_daily":false,"chose_seed":false,"campfire_upgraded":7,"win_rate":0.0,"timestamp":1612498167,"path_taken":["M","M","?","?","?","E","R","E","T","E","R","$","M","?","R","BOSS","M","?","$","?","?","E","M","E","T","R","E","R","?","E","R","BOSS","M","?","$","M","M","E","M","E","T","?","M","R","?","E","R","BOSS","R","$","E","BOSS"],"items_purchased_type":["Card","Card","Relic","Relic","Relic"],"build_version":"2020-12-22","purchased_purges":3,"victory":true,"max_hp_per_floor":[65,65,70,70,70,70,70,70,70,70,70,70,70,70,70,70,70,70,70,70,70,70,70,70,70,70,70,70,70,70,70,70,70,70,70,70,70,70,70,70,70,70,70,70,70,70,70,70,70,70,70,70,70,70,70],"card_choices":[{"not_picked":["Defy","ShatteredReality"],"picked":"Potential","floor":1.0},{"not_picked":["Alleviate","Defy"],"picked":"TimeWarp","floor":2.0},{"not_picked":["Revamp","Rewind"],"picked":"PendulumOfEternity","floor":6.0},{"not_picked":["Foresight","Gouge","Reset"],"picked":"SKIP","floor":8.0},{"not_picked":["Spin","Rewind"],"picked":"Misdirection","floor":10.0},{"not_picked":["Misdirection","ShatteredReality"],"picked":"FastForward","floor":13.0},{"not_picked":["Initiator","SoulSculpture"],"picked":"FloweringNight","floor":16.0},{"not_picked":["BottledTime","Foresight","Advance"],"picked":"SKIP","floor":18},{"not_picked":["Rearm","Deny"],"picked":"Alleviate","floor":23},{"not_picked":["Defy","ReturningBlade","Revamp"],"picked":"SKIP","floor":24},{"not_picked":["TimeWarp","Hightail"],"picked":"SilverBlades","floor":25},{"not_picked":["Potential","BottledTime","Starlight+1"],"picked":"SKIP","floor":28},{"not_picked":["Potential","BottledTime"],"picked":"Starlight+1","floor":28},{"not_picked":["Deadline","BottledTime","ShatteredReality"],"picked":"SKIP","floor":31},{"not_picked":["Embodiment","TheWorld"],"picked":"PendulumOfEternity","floor":33},{"not_picked":["Shuttle","ShatteredReality"],"picked":"Barrier+1","floor":35},{"not_picked":["FanOfKnives+1","Ricochet","FastForward+1"],"picked":"SKIP","floor":38},{"not_picked":["Revamp","TimeWarp","Unruled"],"picked":"SKIP","floor":39},{"not_picked":["Sabotage","BottledTime","DoubleEdge"],"picked":"SKIP","floor":40},{"not_picked":["ShatteredReality","SilverBlades"],"picked":"DualDimension","floor":41},{"not_picked":["ShatteredReality","Revamp"],"picked":"TimeTheft+1","floor":42},{"not_picked":["Spin","Luminosity+1"],"picked":"PendulumOfEternity","floor":44},{"not_picked":["SurpressingFire","Spin"],"picked":"StarChef","floor":45},{"not_picked":["Orbit","Spin+1"],"picked":"Alleviate","floor":48},{"not_picked":["Rewind","GearUp+1","TimeWarp+1"],"picked":"SKIP","floor":54}],"player_experience":207162,"relics_obtained":[{"floor":6.0,"key":"Anchor"},{"floor":8.0,"key":"Toy Ornithopter"},{"floor":9.0,"key":"Sundial"},{"floor":10.0,"key":"Bottled Flame"},{"floor":23,"key":"Blue Candle"},{"floor":25,"key":"Juzu Bracelet"},{"floor":26,"key":"Bottled Lightning"},{"floor":28,"key":"Meat on the Bone"},{"floor":31,"key":"Pen Nib"},{"floor":40,"key":"Pocketwatch"},{"floor":42,"key":"Smiling Mask"},{"floor":44,"key":"CatCart"},{"floor":48,"key":"Blood Vial"},{"floor":54,"key":"Incense Burner"}],"event_choices":[{"damage_healed":0.0,"max_hp_gain":5.0,"max_hp_loss":0.0,"gold_gain":0.0,"event_name":"Big Fish","player_choice":"Donut","floor":3.0,"gold_loss":0.0,"damage_taken":0.0},{"damage_healed":0.0,"max_hp_gain":0.0,"max_hp_loss":0.0,"gold_gain":0.0,"event_name":"Golden Idol","player_choice":"Take Damage","floor":4.0,"gold_loss":0.0,"damage_taken":17.0,"relics_obtained":["Golden Idol"]},{"damage_healed":0.0,"max_hp_gain":0.0,"max_hp_loss":0.0,"gold_gain":0.0,"event_name":"Liars Game","player_choice":"Ignored","floor":5.0,"gold_loss":0.0,"damage_taken":0.0},{"cards_removed":["Strike_S"],"damage_healed":0.0,"max_hp_gain":0.0,"max_hp_loss":0.0,"gold_gain":0.0,"event_name":"Golden Wing","player_choice":"Card Removal","floor":14.0,"gold_loss":0.0,"damage_taken":7.0},{"damage_healed":0,"gold_gain":0,"player_choice":"Simplicity","damage_taken":0,"max_hp_gain":0,"max_hp_loss":0,"event_name":"Back to Basics","floor":19,"gold_loss":0,"cards_upgraded":["Strike_S","Strike_S","Defend_S","Defend_S","Defend_S","Defend_S"]},{"damage_healed":0,"gold_gain":0,"player_choice":"Gave Idol","damage_taken":0,"relics_obtained":["Bloody Idol"],"max_hp_gain":0,"max_hp_loss":0,"event_name":"Forgotten Altar","floor":21,"relics_lost":["Golden Idol"],"gold_loss":0},{"damage_healed":0,"gold_gain":0,"player_choice":"Forge","damage_taken":0,"max_hp_gain":0,"max_hp_loss":0,"event_name":"Accursed Blacksmith","floor":22,"gold_loss":0,"cards_upgraded":["SoulSculpture"]},{"damage_healed":0,"gold_gain":0,"player_choice":"Paid Gold","damage_taken":0,"relics_obtained":["Boot"],"max_hp_gain":0,"max_hp_loss":0,"event_name":"WeMeetAgain","floor":30,"gold_loss":81},{"damage_healed":0,"gold_gain":0,"player_choice":"Ignored","damage_taken":0,"max_hp_gain":0,"max_hp_loss":0,"event_name":"Tomb of Lord Red Mask","floor":36,"gold_loss":0},{"damage_healed":0,"gold_gain":0,"player_choice":"Fight","damage_taken":0,"max_hp_gain":0,"max_hp_loss":0,"event_name":"OrinTheCat","floor":44,"gold_loss":0},{"damage_healed":0,"gold_gain":0,"player_choice":"Copied","damage_taken":0,"max_hp_gain":0,"max_hp_loss":0,"event_name":"Duplicator","floor":47,"gold_loss":0,"cards_obtained":["SoulSculpture"]}],"is_beta":false,"boss_relics":[{"not_picked":["MysterySword","StoneMask"],"picked":"Snecko Eye"},{"not_picked":["Runic Dome","Fusion Hammer"],"picked":"SlaversCollar"}],"items_purged_floors":[12,37,53],"is_endless":false,"potions_floor_spawned":[2,6,10,16,18,23,24,33,35,42,45],"ascension_level":13}}