{"host":"vlqejv0notyktumz","time":1612551431,"event":{"mods":["AchievementEnabler","BaseMod","Colored Map","Colored Powertips","Downfall","Googly Eyes","Minty Spire (QoL Compilation)","StSLib"],"gold_per_floor":[112,112,37,37,37,62,72,85,85,98,108,121,133,143,143,239,239,252,351,77,97,97,97,97,115,141,156,31,63,63,63],"floor_reached":30,"language":"ENG","playtime":666,"items_purged":["Regret","Strike_B","Strike_B"],"score":419,"play_id":"8d72df2d-8c1a-4277-9a02-493d520573b0","local_time":"20210205125711","is_ascension_mode":true,"campfire_choices":[{"floor":15,"key":"REST"},{"data":"Go for the Eyes","floor":23,"key":"SMITH"}],"circlet_count":0,"master_deck":["AscendersBane","Strike_B","Defend_B","Defend_B","Defend_B","Zap","Dualcast","Sweeping Beam","Go for the Eyes","Cold Snap","Ball Lightning","Go for the Eyes+1","Ball Lightning","Beam Cell","Hologram","Hologram","All For One","Sweeping Beam+1","Go for the Eyes","Slimebound:CheckThePlaybook"],"relics":["Cracked Core","NeowsBlessing","Emotion Chip","Ornamental Fan","InkBottle","Busted Crown","Omamori","PreservedInsect","Frozen Egg 2"],"acts_visited":["Exordium","TheCity"],"potions_floor_usage":[13,14,29,29],"damage_taken":[{"damage":0,"enemies":"Cultist","floor":1,"turns":1},{"damage":0,"enemies":"Lagavulin","floor":6,"turns":1},{"damage":0,"enemies":"Jaw Worm","floor":7,"turns":1},{"damage":0,"enemies":"Small Slimes","floor":8,"turns":2},{"damage":29,"enemies":"Gremlin Gang","floor":10,"turns":3},{"damage":4,"enemies":"Large Slime","floor":11,"turns":4},{"damage":16,"enemies":"3 Louse","floor":12,"turns":2},{"damage":2,"enemies":"Exordium Wildlife","floor":13,"turns":3},{"damage":2,"enemies":"Exordium Thugs","floor":14,"turns":3},{"damage":30,"enemies":"Slime Boss","floor":16,"turns":8},{"damage":0,"enemies":"3 Byrds","floor":18,"turns":4},{"damage":0,"enemies":"Chosen","floor":21,"turns":3},{"damage":16,"enemies":"Centurion and Healer","floor":25,"turns":5},{"damage":15,"enemies":"Shelled Parasite and Fungi","floor":27,"turns":3},{"damage":12,"enemies":"Gremlin Leader","floor":29,"turns":3},{"damage":17,"enemies":"3 Cultists","floor":30,"turns":3}],"seed_played":"-1255905251444853090","potions_obtained":[{"floor":1,"key":"CultistPotion"},{"floor":6,"key":"Swift Potion"},{"floor":11,"key":"SpeedPotion"},{"floor":13,"key":"Regen Potion"},{"floor":18,"key":"CultistPotion"}],"is_trial":false,"path_per_floor":["M","?","$","?","?","E","M","M","T","M","M","M","M","M","R","B",null,"M","?","$","M","$","R","?","M","T","M","$","E","M"],"character_chosen":"DEFECT","items_purchased":["Go for the Eyes","Omamori"],"campfire_rested":1,"item_purchase_floors":[20,20],"current_hp_per_floor":[68,68,68,61,61,61,61,61,61,32,28,12,10,17,39,9,59,59,59,59,59,59,59,59,43,43,28,28,16,0,0],"gold":63,"neow_bonus":"THREE_ENEMY_KILL","is_daily":false,"chose_seed":false,"campfire_upgraded":1,"win_rate":0.0,"timestamp":1612551431,"path_taken":["M","?","$","?","?","E","M","M","T","M","?","M","M","M","R","BOSS","M","?","$","M","$","R","?","M","T","M","$","E","?"],"items_purchased_type":["Card","Relic"],"build_version":"2020-12-22","purchased_purges":3,"victory":false,"max_hp_per_floor":[75,75,75,75,75,75,75,75,75,75,75,75,75,75,75,75,75,75,75,75,75,75,75,75,75,75,75,75,75,75,75],"card_choices":[{"not_picked":["Rip and Tear","Coolheaded"],"picked":"Sweeping Beam","floor":1},{"not_picked":["Stack","Tempest"],"picked":"Go for the Eyes","floor":6},{"not_picked":["Go for the Eyes","Hologram"],"picked":"Cold Snap","floor":7},{"not_picked":["Biased Cognition","Reinforced Body"],"picked":"Ball Lightning","floor":8},{"not_picked":["Steam","White Noise"],"picked":"Go for the Eyes","floor":10},{"not_picked":["White Noise","Capacitor"],"picked":"Ball Lightning","floor":11},{"not_picked":["Storm","Lockon"],"picked":"Beam Cell","floor":12},{"not_picked":["Amplify","Glacier"],"picked":"Hologram","floor":13},{"not_picked":["Compile Driver","Coolheaded"],"picked":"Hologram","floor":14},{"not_picked":["Hyperbeam","Rainbow"],"picked":"All For One","floor":16},{"not_picked":[],"picked":"Sweeping Beam+1","floor":18},{"not_picked":["Sweeping Beam"],"picked":"SKIP","floor":21},{"not_picked":["Steam"],"picked":"SKIP","floor":25},{"not_picked":["Redo"],"picked":"SKIP","floor":27},{"not_picked":["Go for the Eyes"],"picked":"SKIP","floor":29}],"player_experience":396211,"relics_obtained":[{"floor":6,"key":"Ornamental Fan"},{"floor":9,"key":"InkBottle"},{"floor":26,"key":"PreservedInsect"},{"floor":29,"key":"Frozen Egg 2"}],"event_choices":[{"damage_healed":0,"gold_gain":0,"player_choice":"Box","damage_taken":0,"relics_obtained":["Emotion Chip"],"max_hp_gain":0,"max_hp_loss":0,"event_name":"Big Fish","floor":2,"gold_loss":0,"cards_obtained":["Regret"]},{"cards_removed":["Strike_B"],"damage_healed":0,"gold_gain":0,"player_choice":"Card Removal","damage_taken":7,"max_hp_gain":0,"max_hp_loss":0,"event_name":"Golden Wing","floor":4,"gold_loss":0},{"cards_removed":["Defend_B"],"damage_healed":0,"gold_gain":0,"player_choice":"Card Removal","damage_taken":0,"max_hp_gain":0,"max_hp_loss":0,"event_name":"Wheel of Change","floor":5,"gold_loss":0},{"damage_healed":0,"gold_gain":99,"player_choice":"Stole From Cult","damage_taken":0,"max_hp_gain":0,"max_hp_loss":0,"event_name":"Nest","floor":19,"gold_loss":0}],"is_beta":false,"boss_relics":[{"not_picked":["Cursed Key","Coffee Dripper"],"picked":"Busted Crown"}],"items_purged_floors":[3,20,28],"is_endless":false,"potions_floor_spawned":[1,6,11,13,18,25],"killed_by":"3 Cultists","ascension_level":10}}