{"host":"1vqon1dbpr5c1qll","time":1612532192,"event":{"mods":["2.2 Compatiblity","AchievementEnabler","BaseMod","BetterRewards","Colored Map","DeckTracker","Hermit","Highlight Path","Lobotomy","Minty Spire (QoL Compilation)","Permanent Neow","Quick Restart","Random Character Button","Replay The Spire","StSLib","SuperFastMode","The Cursed","The Servant 0.9.4","everything is the same but u backflip on backflip"],"gold_per_floor":[114,129,144,206,221,251,251,281,306,336,336,36,51,51,51,151,151,166,16,31,31,31,31,61,61,86,86,144,179,212,256,256,390,390,429,129,129,166,205,205,255,255,280,280,326,365,427,452,452,464],"floor_reached":51,"language":"KOR","playtime":3045,"items_purged":[],"score":1063,"play_id":"a4297d22-e10a-437d-a82f-1015cf1e3fd2","local_time":"20210205223632","daily_mods":["Specialized","Uncertain Future","Elite Swarm"],"is_ascension_mode":false,"campfire_choices":[{"data":"ReplayTheSpireMod:Limb From Limb","floor":7.0,"key":"SMITH"},{"data":"Barricade","floor":11.0,"key":"SMITH"},{"data":"Pot Of Greed","floor":15.0,"key":"SMITH"},{"data":"Infernal Blade","floor":23.0,"key":"SMITH"},{"data":"Hemogenesis","floor":25.0,"key":"SMITH"},{"data":"Offering","floor":32,"key":"SMITH"},{"data":"Seeing Red","floor":40,"key":"SMITH"},{"data":"Seeing Red","floor":40,"key":"SMITH"},{"data":"Seeing Red","floor":42,"key":"SMITH"},{"data":"Seeing Red","floor":42,"key":"SMITH"},{"floor":49,"key":"REST"}],"circlet_count":0,"master_deck":["Strike_R","Strike_R","Strike_R","Strike_R","Defend_R","Defend_R","Defend_R","Defend_R","Bash","Seeing Red+1","Seeing Red","Seeing Red+1","Seeing Red+1","Seeing Red+1","Cleave","Anger","ReplayTheSpireMod:Limb From Limb+1","Limit Break","Inflame","Cleave","Demon Form","Limit Break","Pot Of Greed+1","Barricade+1","Pot Of Greed","Infernal Blade+1","Enlightenment+1","Reaper","Power Through+1","Cleave","Hemogenesis+1","Hallucinations","Bludgeon","Thunderclap","Perfected Strike","Offering+1","Feed","Pot Of Greed","ReplayTheSpireMod:Stacked+1","Pain","Iron Wave+1","Flame Barrier+1","Juggernaut","Panache","Mind Blast","Deep Breath","Berserk","Clothesline+1","Offering+1","Ghostly Armor+1","Pot Of Greed+1"],"relics":["Burning Blood","Red Skull","Happy Flower","Boot","Grinning Jar","Du-Vu Doll","Bag of Preparation","Chemical X","Replay:Bronze Core","Anchor","Replay:Bandana","ReplayTheSpireMod:Ring of Addiction","SacredBark","Chameleon Ring","ReplayTheSpireMod:Ring of Collecting","Blue Candle","ReplayTheSpireMod:TigerMarble","Painkiller Herb","Replay:Arrowhead","WarpedTongs","Counterbalance","ReplayTheSpireMod:Ring of Challenge","Juzu Bracelet","Toxic Egg 2","Regal Pillow"],"acts_visited":["Exordium","TheCity","TheBeyond"],"potions_floor_usage":[28,31,31,39,41,47,50],"damage_taken":[{"damage":1.0,"enemies":"2 Louse","floor":1.0,"turns":3.0},{"damage":0.0,"enemies":"Small Slimes","floor":2.0,"turns":3.0},{"damage":6.0,"enemies":"Cultist","floor":3.0,"turns":3.0},{"damage":7.0,"enemies":"Exordium Wildlife","floor":5.0,"turns":3.0},{"damage":13.0,"enemies":"3 Sentries","floor":6.0,"turns":5.0},{"damage":18.0,"enemies":"Replay:BlueRogue","floor":8.0,"turns":5.0},{"damage":0.0,"enemies":"Lagavulin","floor":10.0,"turns":3.0},{"damage":9.0,"enemies":"Blue Slaver","floor":13.0,"turns":3.0},{"damage":10.0,"enemies":"Fading Forest","floor":16.0,"turns":9.0},{"damage":27.0,"enemies":"Spheric Guardian","floor":18.0,"turns":5.0},{"damage":5.0,"enemies":"2 Thieves","floor":20.0,"turns":4.0},{"damage":0.0,"enemies":"Replay:Snechameleon","floor":24.0,"turns":5.0},{"damage":3,"enemies":"Gremlin Leader","floor":28,"turns":4},{"damage":6,"enemies":"Snake Plant","floor":29,"turns":3},{"damage":0,"enemies":"Snecko","floor":30,"turns":2},{"damage":13,"enemies":"Book of Stabbing","floor":31,"turns":4},{"damage":21,"enemies":"Pondfish","floor":33,"turns":8},{"damage":6,"enemies":"3 Shapes","floor":35,"turns":2},{"damage":14,"enemies":"3 Darklings","floor":38,"turns":5},{"damage":1,"enemies":"Transient","floor":39,"turns":5},{"damage":7,"enemies":"Nemesis","floor":41,"turns":5},{"damage":29,"enemies":"R_Hoarder","floor":45,"turns":5},{"damage":0,"enemies":"Sphere and 2 Shapes","floor":46,"turns":1},{"damage":23,"enemies":"Reptomancer","floor":47,"turns":4},{"damage":21,"enemies":"Writhing Mass","floor":48,"turns":4},{"damage":44,"enemies":"Donu and Deca","floor":50,"turns":6}],"seed_played":"-8643747277835071688","potions_obtained":[{"floor":1.0,"key":"PowerPotion"},{"floor":2.0,"key":"Weak Potion"},{"floor":4.0,"key":"Regen Potion"},{"floor":5.0,"key":"Block Potion"},{"floor":10.0,"key":"EssenceOfSteel"},{"floor":18.0,"key":"Block Potion"},{"floor":27,"key":"SpeedPotion"},{"floor":27,"key":"Energy Potion"},{"floor":28,"key":"Fire Potion"},{"floor":30,"key":"AttackPotion"},{"floor":35,"key":"ColorlessPotion"},{"floor":45,"key":"Elixir"},{"floor":48,"key":"Block Potion"}],"is_trial":false,"path_per_floor":["M","M","M","?","M","E","R","E","T","E","R","$","M","?","R","B",null,"M","$","M","?","$","R","E","R","T","?","E","M","M","E","R","B",null,"?","T","?","?","?","T","E","T","T","?","E","?","E","?","T","B",null],"character_chosen":"IRONCLAD","items_purchased":["Bag of Preparation","Chemical X","Anchor","Replay:Arrowhead"],"campfire_rested":1,"item_purchase_floors":[12,12,19,36],"current_hp_per_floor":[80,80,80,60,68,61,61,49,49,55,55,55,52,52,52,54,80,59,59,60,60,60,60,66,66,66,66,80,80,80,73,73,71,80,81,81,81,82,82,82,81,81,81,71,80,84,70,61,87,71],"gold":464,"neow_bonus":"","is_daily":true,"chose_seed":false,"campfire_upgraded":10,"win_rate":0.0,"timestamp":1612532192,"path_taken":["M","M","M","?","?","E","R","E","T","E","R","$","M","?","R","BOSS","M","$","M","?","?","R","E","R","T","?","E","M","M","E","R","BOSS","?","T","?","?","?","T","E","T","T","?","E","?","E","?","T","BOSS"],"items_purchased_type":["Relic","Relic","Relic","Relic"],"build_version":"2020-12-22","purchased_purges":0,"victory":true,"max_hp_per_floor":[80,80,80,80,80,80,80,80,80,80,80,80,80,80,80,80,80,80,80,80,80,80,80,80,80,80,80,80,80,80,80,80,80,80,81,81,81,82,82,82,82,82,82,82,84,84,87,87,87,87],"card_choices":[{"not_picked":["Massacre","Defy Death"],"picked":"Cleave","floor":1.0},{"not_picked":["Flex","Pommel Strike"],"picked":"Anger","floor":2.0},{"not_picked":["Seeing Red","Sword Boomerang"],"picked":"ReplayTheSpireMod:Limb From Limb","floor":3.0},{"not_picked":["Havoc","True Grit"],"picked":"Limit Break","floor":4.0},{"not_picked":["Combust","Armaments"],"picked":"Inflame","floor":4.0},{"not_picked":["True Grit","Pommel Strike"],"picked":"Cleave","floor":5.0},{"not_picked":["Replay:Many Hands","Brutality"],"picked":"Demon Form","floor":6.0},{"not_picked":["Demonic Infusion","Juggernaut"],"picked":"Limit Break","floor":8.0},{"not_picked":["Fiend Fire","Bludgeon"],"picked":"Barricade","floor":10.0},{"not_picked":["Headbutt","Warcry"],"picked":"Infernal Blade","floor":13.0},{"not_picked":["Replay:Many Hands","Hemogenesis"],"picked":"Reaper","floor":16.0},{"not_picked":["Run Through","Iron Wave"],"picked":"Power Through+1","floor":18.0},{"not_picked":["Second Wind+1","Pommel Strike"],"picked":"Cleave","floor":20.0},{"not_picked":["Exhume","Corruption"],"picked":"Hemogenesis","floor":24.0},{"not_picked":["Fiend Fire","Brutality"],"picked":"Bludgeon","floor":28},{"not_picked":["Anger","Cleave"],"picked":"Thunderclap","floor":29},{"not_picked":["Havoc+1","Reckless Charge"],"picked":"Perfected Strike","floor":30},{"not_picked":["Barricade","Bludgeon"],"picked":"Offering","floor":31},{"not_picked":["Juggernaut","Limit Break"],"picked":"Feed","floor":33},{"not_picked":["Heavy Blade","Run Through+1"],"picked":"ReplayTheSpireMod:Stacked+1","floor":35},{"not_picked":["Life Link","Run Through"],"picked":"Iron Wave+1","floor":38},{"not_picked":["Wild Strike","Body Slam+1"],"picked":"Flame Barrier+1","floor":39},{"not_picked":["Fiend Fire","Offering"],"picked":"Juggernaut","floor":41},{"not_picked":["Madness","Secret Weapon"],"picked":"Panache","floor":44},{"not_picked":["Good Instincts","ReplayTheSpireMod:Uncanny Aura"],"picked":"Mind Blast","floor":44},{"not_picked":["Enlightenment","PanicButton"],"picked":"Deep Breath","floor":44},{"not_picked":["Fiend Fire","Bludgeon"],"picked":"Berserk","floor":45},{"not_picked":["Abandon+1","Clash+1"],"picked":"Clothesline+1","floor":46},{"not_picked":["Double Tap+1","Berserk"],"picked":"Offering+1","floor":47},{"not_picked":["Massacre+1","Clothesline+1"],"picked":"Ghostly Armor+1","floor":48}],"player_experience":968134,"relics_obtained":[{"floor":4.0,"key":"Red Skull"},{"floor":6.0,"key":"Happy Flower"},{"floor":8.0,"key":"Boot"},{"floor":9.0,"key":"Grinning Jar"},{"floor":10.0,"key":"Du-Vu Doll"},{"floor":24.0,"key":"Replay:Bandana"},{"floor":27,"key":"ReplayTheSpireMod:Ring of Addiction"},{"floor":27,"key":"SacredBark"},{"floor":27,"key":"Chameleon Ring"},{"floor":27,"key":"ReplayTheSpireMod:Ring of Collecting"},{"floor":28,"key":"Blue Candle"},{"floor":31,"key":"ReplayTheSpireMod:TigerMarble"},{"floor":41,"key":"Counterbalance"},{"floor":43,"key":"ReplayTheSpireMod:Ring of Challenge"},{"floor":43,"key":"Juzu Bracelet"},{"floor":45,"key":"Toxic Egg 2"},{"floor":47,"key":"Regal Pillow"}],"event_choices":[{"cards_removed":["Strike_R"],"damage_healed":0.0,"max_hp_gain":0.0,"max_hp_loss":0.0,"gold_gain":0.0,"event_name":"Bonfire Elementals","player_choice":"Offered Basic","floor":21.0,"gold_loss":0.0,"damage_taken":0.0},{"damage_healed":0,"gold_gain":0,"player_choice":"Rummage","damage_taken":0,"relics_obtained":["WarpedTongs"],"max_hp_gain":0,"max_hp_loss":0,"event_name":"Accursed Blacksmith","floor":37,"gold_loss":0,"cards_obtained":["Pain"]},{"damage_healed":0,"gold_gain":0,"player_choice":"Memory 3","damage_taken":10,"max_hp_gain":0,"max_hp_loss":0,"event_name":"SensoryStone","floor":44,"gold_loss":0}],"is_beta":false,"boss_relics":[{"not_picked":["Runic Dome","Kintsugi"],"picked":"Replay:Bronze Core"},{"not_picked":["Mark of Pain","Astrolabe"],"picked":"Painkiller Herb"}],"items_purged_floors":[],"is_endless":false,"potions_floor_spawned":[1,2,5,10,18,28,29,30,35,45,48],"ascension_level":0}}