{"host":"5n1fl7z5i1vf7jan","time":1612491675,"event":{"mods":["BaseMod","Minty Spire (QoL Compilation)","Quick Restart","Relic Stats"],"gold_per_floor":[116,134,134,151,4,29,29,29,29,29,45,45,45],"floor_reached":12,"language":"ENG","playtime":296,"items_purged":[],"score":152,"play_id":"961c8193-9600-403e-ab6a-a859cc5b2f9e","local_time":"20210204182115","is_ascension_mode":true,"campfire_choices":[{"floor":10.0,"key":"REST"}],"circlet_count":0,"master_deck":["AscendersBane","Strike_P","Strike_P","Strike_P","Strike_P+1","Defend_P","Defend_P","Defend_P","Defend_P","Eruption","Vigilance","SignatureMove","TalkToTheHand+1","FlyingSleeves","SandsOfTime","SashWhip"],"relics":["Busted Crown","Gambling Chip","Whetstone","Golden Idol","StoneCalendar","Gremlin Horn"],"acts_visited":["Exordium"],"potions_floor_usage":[11],"damage_taken":[{"damage":5.0,"enemies":"Small Slimes","floor":1.0,"turns":6.0},{"damage":0.0,"enemies":"2 Louse","floor":2.0,"turns":3.0},{"damage":4.0,"enemies":"Jaw Worm","floor":4.0,"turns":5.0},{"damage":8.0,"enemies":"Gremlin Nob","floor":6.0,"turns":3.0},{"damage":0,"enemies":"Large Slime","floor":11,"turns":2},{"damage":32,"enemies":"3 Sentries","floor":12,"turns":6}],"seed_played":"-6041209678291381177","potions_obtained":[{"floor":6.0,"key":"BottledMiracle"}],"is_trial":false,"path_per_floor":["M","M","?","M","$","E","?","?","T","R","M","E"],"character_chosen":"WATCHER","items_purchased":["TalkToTheHand","FlyingSleeves"],"campfire_rested":1,"item_purchase_floors":[5,5],"current_hp_per_floor":[56,56,21,17,17,9,9,9,9,27,27,0,0],"gold":45,"neow_bonus":"BOSS_RELIC","is_daily":false,"chose_seed":false,"campfire_upgraded":0,"win_rate":0.0,"timestamp":1612491675,"path_taken":["M","M","?","M","$","E","?","?","T","R","M","E"],"items_purchased_type":["Card","Card"],"build_version":"2020-12-22","purchased_purges":0,"victory":false,"max_hp_per_floor":[68,68,68,68,68,68,62,62,62,62,62,62,62],"relic_stats":{"Busted Crown":10,"Gremlin Horn":[3,3],"counters":[6,25],"Golden Idol":3,"Gambling Chip":[9],"StoneCalendar":[0],"Whetstone":["TalkToTheHand","Strike_P"],"obtain_stats":[{"Busted Crown":0,"Gremlin Horn":9,"Golden Idol":7,"Gambling Chip":3,"StoneCalendar":8,"Whetstone":6,"PureWater":0},{"Busted Crown":0,"Gremlin Horn":4,"Golden Idol":4,"Gambling Chip":2,"StoneCalendar":4,"Whetstone":4,"PureWater":0},{"Busted Crown":0,"Gremlin Horn":17,"Golden Idol":17,"Gambling Chip":9,"StoneCalendar":17,"Whetstone":17,"PureWater":0}]},"card_choices":[{"not_picked":["EmptyBody"],"picked":"SKIP","floor":1.0},{"not_picked":["PathToVictory"],"picked":"SKIP","floor":2.0},{"not_picked":[],"picked":"SignatureMove","floor":4.0},{"not_picked":[],"picked":"SandsOfTime","floor":6.0},{"not_picked":[],"picked":"SashWhip","floor":11}],"player_experience":309518,"relics_obtained":[{"floor":6.0,"key":"Whetstone"},{"floor":9.0,"key":"Gremlin Horn"}],"event_choices":[{"damage_healed":0.0,"max_hp_gain":0.0,"max_hp_loss":0.0,"gold_gain":0.0,"event_name":"Scrap Ooze","player_choice":"Success","floor":3.0,"gold_loss":0.0,"damage_taken":35.0,"relics_obtained":["Gambling Chip"]},{"damage_healed":0.0,"max_hp_gain":0.0,"max_hp_loss":6.0,"gold_gain":0.0,"event_name":"Golden Idol","player_choice":"Lose Max HP","floor":7.0,"gold_loss":0.0,"damage_taken":0.0,"relics_obtained":["Golden Idol"]},{"damage_healed":0.0,"max_hp_gain":0.0,"max_hp_loss":0.0,"gold_gain":0.0,"event_name":"Dead Adventurer","player_choice":"Searched \u00271\u0027 times","floor":8.0,"gold_loss":0.0,"damage_taken":0.0,"relics_obtained":["StoneCalendar"]}],"is_beta":false,"boss_relics":[],"items_purged_floors":[],"is_endless":false,"potions_floor_spawned":[6],"killed_by":"3 Sentries","ascension_level":19}}