{"host":"x5w9zppki4gdwvc7","time":1612548637,"event":{"mods":["AchievementEnabler","BaseMod","DeckTracker","Minty Spire (QoL Compilation)"],"gold_per_floor":[118,132,132,146,160,160,189,189,189,189,189,214,247,48,48,177,177,198,218,218,242,341,341,254,254,278,312,324,374,404,429,441,453,453],"floor_reached":33,"language":"ENG","playtime":1846,"items_purged":["Normality","Strike_R"],"score":295,"play_id":"499e9e81-0140-4d6c-aad8-ea09f55400ff","local_time":"20210205191037","is_ascension_mode":false,"campfire_choices":[{"data":"Pommel Strike","floor":6,"key":"SMITH"},{"data":"True Grit","floor":8,"key":"SMITH"},{"floor":11,"key":"REST"},{"floor":15,"key":"REST"},{"data":"True Grit","floor":23,"key":"SMITH"},{"floor":28,"key":"REST"},{"floor":32,"key":"REST"}],"circlet_count":0,"master_deck":["Strike_R","Strike_R","Strike_R","Defend_R","Defend_R","Defend_R","Bash+1","Pommel Strike+1","Shockwave+1","Headbutt","Wild Strike","True Grit+1","True Grit+1","Shrug It Off","Immolate","Wild Strike+1","Fire Breathing","Shame","Shrug It Off","Sentinel+1","Warcry+1"],"relics":["Cursed Key","Smiling Mask","Omamori","Golden Idol","Kunai","Membership Card","Empty Cage","Juzu Bracelet","MawBank","Potion Belt"],"acts_visited":["Exordium","TheCity"],"potions_floor_usage":[13,27,31,33],"damage_taken":[{"damage":3,"enemies":"2 Louse","floor":1,"turns":2},{"damage":1,"enemies":"Jaw Worm","floor":2,"turns":2},{"damage":0,"enemies":"Small Slimes","floor":4,"turns":3},{"damage":5,"enemies":"Looter","floor":5,"turns":3},{"damage":26,"enemies":"Lagavulin","floor":7,"turns":4},{"damage":3,"enemies":"Large Slime","floor":12,"turns":4},{"damage":11,"enemies":"3 Sentries","floor":13,"turns":5},{"damage":50,"enemies":"The Guardian","floor":16,"turns":11},{"damage":14,"enemies":"2 Thieves","floor":18,"turns":4},{"damage":5,"enemies":"3 Byrds","floor":19,"turns":4},{"damage":8,"enemies":"Snake Plant","floor":21,"turns":4},{"damage":39,"enemies":"Book of Stabbing","floor":27,"turns":5},{"damage":19,"enemies":"Slavers","floor":29,"turns":4},{"damage":16,"enemies":"Snecko","floor":30,"turns":4},{"damage":0,"enemies":"Sentry and Sphere","floor":31,"turns":3},{"damage":28,"enemies":"Champ","floor":33,"turns":5}],"seed_played":"2789837521811193460","potions_obtained":[{"floor":7,"key":"Fire Potion"},{"floor":12,"key":"Fire Potion"},{"floor":13,"key":"Swift Potion"},{"floor":19,"key":"ElixirPotion"},{"floor":27,"key":"Fire Potion"},{"floor":30,"key":"BlessingOfTheForge"}],"is_trial":false,"path_per_floor":["M","M","?","M","M","R","E","R","T","?","R","M","E","$","R","B",null,"M","M","?","M","?","R","$","?","T","E","R","E","M","M","R","B"],"character_chosen":"IRONCLAD","items_purchased":["Membership Card","Fire Breathing"],"campfire_rested":4,"item_purchase_floors":[14,24],"current_hp_per_floor":[77,76,60,60,55,55,29,29,29,29,53,50,39,39,63,13,80,66,61,61,53,53,53,53,53,53,14,38,19,3,3,27,0,0],"gold":453,"neow_bonus":"BOSS_RELIC","is_daily":false,"chose_seed":false,"campfire_upgraded":3,"win_rate":0.0,"timestamp":1612548637,"path_taken":["M","M","?","M","M","R","E","R","T","?","R","M","E","?","R","BOSS","M","M","?","M","?","R","$","?","T","E","R","E","M","M","R","BOSS"],"items_purchased_type":["Relic","Card"],"build_version":"2020-12-22","purchased_purges":2,"victory":false,"max_hp_per_floor":[80,80,80,80,80,80,80,80,80,80,80,80,80,80,80,80,80,80,80,80,80,80,80,80,80,80,80,80,80,80,80,80,80,80],"card_choices":[{"not_picked":["Armaments","Cleave"],"picked":"Pommel Strike","floor":1},{"not_picked":["Armaments","Sentinel"],"picked":"Shockwave","floor":2},{"not_picked":["Power Through","Anger"],"picked":"Headbutt","floor":4},{"not_picked":["Sever Soul","Flex"],"picked":"Wild Strike","floor":5},{"not_picked":["Shockwave","Ghostly Armor"],"picked":"True Grit","floor":7},{"not_picked":["Exhume","Uppercut"],"picked":"True Grit","floor":12},{"not_picked":["Searing Blow","Dual Wield"],"picked":"Shrug It Off","floor":13},{"not_picked":["Corruption","Berserk"],"picked":"Immolate","floor":16},{"not_picked":["Body Slam","Metallicize+1","Clothesline+1"],"picked":"SKIP","floor":18},{"not_picked":["Cleave","Rampage","Entrench"],"picked":"SKIP","floor":19},{"not_picked":["Inflame","Pummel+1"],"picked":"Wild Strike+1","floor":21},{"not_picked":["Metallicize+1","Burning Pact"],"picked":"Shrug It Off","floor":27},{"not_picked":["Body Slam","Clothesline+1"],"picked":"Sentinel+1","floor":29},{"not_picked":["Clothesline","Body Slam"],"picked":"Warcry+1","floor":30},{"not_picked":["Rampage","Armaments","Sword Boomerang"],"picked":"SKIP","floor":31}],"player_experience":499324,"relics_obtained":[{"floor":7,"key":"Smiling Mask"},{"floor":9,"key":"Omamori"},{"floor":13,"key":"Kunai"},{"floor":26,"key":"Juzu Bracelet"},{"floor":27,"key":"MawBank"},{"floor":29,"key":"Potion Belt"}],"event_choices":[{"damage_healed":0,"gold_gain":0,"player_choice":"Entered Light","damage_taken":16,"max_hp_gain":0,"max_hp_loss":0,"event_name":"Shining Light","floor":3,"gold_loss":0,"cards_upgraded":["Bash","Shockwave"]},{"damage_healed":0,"gold_gain":0,"player_choice":"Take Wound","damage_taken":0,"relics_obtained":["Golden Idol"],"max_hp_gain":0,"max_hp_loss":0,"event_name":"Golden Idol","floor":10,"gold_loss":0,"cards_obtained":["Injury"]},{"damage_healed":0,"gold_gain":0,"player_choice":"Smashed Altar","damage_taken":0,"max_hp_gain":0,"max_hp_loss":0,"event_name":"Forgotten Altar","floor":20,"gold_loss":0,"cards_obtained":["Decay"]},{"damage_healed":0,"gold_gain":99,"player_choice":"Stole From Cult","damage_taken":0,"max_hp_gain":0,"max_hp_loss":0,"event_name":"Nest","floor":22,"gold_loss":0},{"damage_healed":0,"gold_gain":0,"player_choice":"Ignored","damage_taken":0,"max_hp_gain":0,"max_hp_loss":0,"event_name":"Ghosts","floor":25,"gold_loss":0}],"is_beta":false,"boss_relics":[{"not_picked":["Fusion Hammer","SacredBark"],"picked":"Empty Cage"}],"items_purged_floors":[14,24],"is_endless":false,"potions_floor_spawned":[7,12,13,19,27,30],"killed_by":"Champ","ascension_level":0}}