{"host":"6q6idgl71g9ab7at","time":1612499039,"event":{"mods":["BaseMod","Minty Spire (QoL Compilation)","StSLib","SuperFastMode"],"gold_per_floor":[113,113,288,9,9,9,128,202,202,267,305,348,419,467,467,467,467],"floor_reached":16,"language":"KOR","playtime":425,"items_purged":["Doubt"],"score":134,"play_id":"c8e590d3-b4ca-4bc0-8fb8-ec7321acc301","local_time":"20210205132359","is_ascension_mode":true,"campfire_choices":[{"data":"HandOfGreed","floor":6.0,"key":"SMITH"},{"data":"Inflame","floor":15.0,"key":"SMITH"}],"circlet_count":0,"master_deck":["Strike_R","Strike_R","Strike_R","Strike_R","Strike_R","Defend_R","Defend_R","Defend_R","Defend_R","Bash","Pommel Strike","Dropkick","HandOfGreed+1","Thunderclap","Heavy Blade","Headbutt","Inflame+1","Inflame","Headbutt"],"relics":["Burning Blood","NeowsBlessing","Golden Idol","Ornamental Fan","StoneCalendar","Sundial"],"acts_visited":["Exordium"],"potions_floor_usage":[16,16],"damage_taken":[{"damage":0.0,"enemies":"Jaw Worm","floor":1.0,"turns":1.0},{"damage":30.0,"enemies":"3 Sentries","floor":7.0,"turns":10.0},{"damage":8.0,"enemies":"Small Slimes","floor":8.0,"turns":4.0},{"damage":4.0,"enemies":"Gremlin Nob","floor":10.0,"turns":3.0},{"damage":9.0,"enemies":"Cultist","floor":11.0,"turns":5.0},{"damage":12.0,"enemies":"Looter","floor":12.0,"turns":3.0},{"damage":18.0,"enemies":"Exordium Wildlife","floor":13.0,"turns":5.0},{"damage":14.0,"enemies":"Exordium Thugs","floor":14.0,"turns":4.0},{"damage":9,"enemies":"Hexaghost","floor":16,"turns":4}],"seed_played":"-9092614272156635737","potions_obtained":[{"floor":7.0,"key":"EntropicBrew"},{"floor":10.0,"key":"Ancient Potion"},{"floor":11.0,"key":"LiquidMemories"}],"is_trial":false,"path_per_floor":["M","$","?","$","?","R","E","M","T","E","M","M","M","M","R","B"],"character_chosen":"IRONCLAD","items_purchased":["Dropkick","HandOfGreed"],"campfire_rested":0,"item_purchase_floors":[4,4],"current_hp_per_floor":[80,80,80,80,60,60,36,34,34,36,33,27,15,7,7,0,0],"gold":467,"neow_bonus":"THREE_ENEMY_KILL","is_daily":false,"chose_seed":false,"campfire_upgraded":2,"win_rate":0.0,"timestamp":1612499039,"path_taken":["M","$","?","$","?","R","E","M","T","E","M","M","M","M","R","BOSS"],"items_purchased_type":["Card","Card"],"build_version":"2020-12-22","purchased_purges":1,"victory":false,"max_hp_per_floor":[80,80,80,80,80,80,80,80,80,80,80,80,80,80,80,80,80],"card_choices":[{"not_picked":["Thunderclap","Clothesline"],"picked":"Pommel Strike","floor":1.0},{"not_picked":["Impervious","Infernal Blade"],"picked":"Thunderclap","floor":7.0},{"not_picked":["Blood for Blood","True Grit"],"picked":"Heavy Blade","floor":8.0},{"not_picked":["Sword Boomerang","Pummel","Power Through"],"picked":"SKIP","floor":10.0},{"not_picked":["True Grit","Ghostly Armor"],"picked":"Headbutt","floor":11.0},{"not_picked":["Seeing Red","Havoc"],"picked":"Inflame","floor":12.0},{"not_picked":["Iron Wave","Clothesline"],"picked":"Inflame","floor":13.0},{"not_picked":["Blood for Blood","Intimidate"],"picked":"Headbutt","floor":14.0}],"player_experience":7763,"relics_obtained":[{"floor":7.0,"key":"Ornamental Fan"},{"floor":9.0,"key":"StoneCalendar"},{"floor":10.0,"key":"Sundial"}],"event_choices":[{"damage_healed":0.0,"max_hp_gain":0.0,"max_hp_loss":0.0,"gold_gain":175.0,"event_name":"Liars Game","player_choice":"AGREE","floor":3.0,"gold_loss":0.0,"damage_taken":0.0,"cards_obtained":["Doubt"]},{"damage_healed":0.0,"max_hp_gain":0.0,"max_hp_loss":0.0,"gold_gain":0.0,"event_name":"Golden Idol","player_choice":"Take Damage","floor":5.0,"gold_loss":0.0,"damage_taken":20.0,"relics_obtained":["Golden Idol"]}],"is_beta":false,"boss_relics":[],"items_purged_floors":[4],"is_endless":false,"potions_floor_spawned":[7,10,11],"killed_by":"Hexaghost","ascension_level":4}}