{"host":"q5l3nirlejh5mn15","time":1612488910,"event":{"mods":["100% Spire Juice","BaseMod","Downfall","Energized Spire","Hermit","Koishi","Marisa£®ÏF”Í°°ƒß¿Ì…≥£©","Minty Spire (QoL Compilation)","Reimu£®≤©¿ˆ¡È√Œ£©","Relic Filter Mod","Reliquary","Remilia£®¿Ÿ√◊¿Ú—«£©","RumiaBox-¬∂√◊Ê´µƒ…Ò√ÿ∫–◊”","Spicy Shops","StSLib","The Hierophant","The Servant 0.9.4","[IsaacMod]“‘»ˆº‚À˛","°æπ¶ƒ‹Mod°øªÏ„Á÷Æª∑–ﬁ∏¥≤π∂°"],"gold_per_floor":[99,109,125,125,125,153,222,57,75,89,118,134,149,10,30,130,130,30,46,60,60,60,633,633,647,681,110,7,7,7,18,30,130,130,30,30,50,24,24,24,24,57,69,119,139,155,155,165,182,182],"floor_reached":51,"language":"ZHS","playtime":2880,"items_purged":["Slimebound:Defend_Slimebound","Slimebound:Strike_Slimebound","Slimebound:Strike_Slimebound","Slimebound:LeechingTouch"],"score":854,"play_id":"647ead78-9147-47a7-8e6b-53fbd70338bf","local_time":"20210205093510","is_ascension_mode":true,"campfire_choices":[{"data":"Slimebound:Split","floor":1.0,"key":"SMITH"},{"data":"Slimebound:TagTeam","floor":18.0,"key":"SMITH"},{"data":"Slimebound:TagTeam","floor":30,"key":"SMITH"},{"data":"Slimebound:OneTwoCombo","floor":35,"key":"SMITH"},{"floor":40,"key":"RECALL"}],"circlet_count":0,"master_deck":["Slimebound:Tackle","Slimebound:Defend_Slimebound","Slimebound:Defend_Slimebound","Slimebound:Defend_Slimebound","Slimebound:Split+1","Slimebound:CorrosiveSpit","Slimebound:SplitLeeching","Slimebound:FormOfPuddle","Slimebound:SplitBruiser","Slimebound:Schlurp","Slimebound:Gluttony","Slimebound:GrowthPunch","Slimebound:SplitAcid","Slimebound:Prepare","Slimebound:HauntingLick","Slimebound:Equalize","Slimebound:Recycling","Slimebound:SplitAcid","Slimebound:Recycling","Slimebound:TagTeam+1","Slimebound:LeechEnergy","Slimebound:Schlurp","Slimebound:SplitAcid","Slimebound:GoopSpray","Slimebound:SpikyOuterGoop","Slimebound:TagTeam+1","Slimebound:HauntingLick","Slimebound:OneTwoCombo+1","Slimebound:MegaLick","Slimebound:Recollect","Slimebound:Recycling","Slimebound:SamplingLick+1","Slimebound:WasteNot","Slimebound:SpikyOuterGoop+1","Slimebound:Repurpose","Slimebound:FirmFortitude","Slimebound:SplitLeeching","Slimebound:SplitLeeching","Slimebound:LeechEnergy","expansioncontent:InvincibleStrength+1","expansioncontent:Chronoboost+1","Slimebound:HauntingLick"],"relics":["Slimebound:AbsorbEndCombatUpgraded","HushsDoor","GuppysTail","downfall:ShatteredFragment","Art of War","reliquary:BallBearing","ScarletDevilRocket","AddBug","GuppysCollar","downfall:HeartBlessingGreen","downfall:HeartBlessingGreen","GodSword4","Centennial Puzzle","Turnip","HowToJump","SteamSale","Kunai","Habit","Ancient Tea Set","MoreBug","Potion Belt","Slimebound:SelfDamagePreventRelic","downfall:HeartBlessingBlue","Anchor","Slimebound:MaxSlimesRelic","Kunai","Frozen Egg 2","reliquary:RoseTintedGlasses","Bottled Tornado"],"acts_visited":["Exordium","TheCity","TheBeyond"],"potions_floor_usage":[44,50,50,50],"damage_taken":[{"damage":1.0,"enemies":"Small Slimes","floor":2.0,"turns":3.0},{"damage":1.0,"enemies":"Jaw Worm","floor":3.0,"turns":4.0},{"damage":12.0,"enemies":"Gremlin Nob","floor":6.0,"turns":5.0},{"damage":4.0,"enemies":"downfall:FleeingMerchant","floor":8.0,"turns":4.0},{"damage":0.0,"enemies":"Cultist","floor":9.0,"turns":2.0},{"damage":3.0,"enemies":"Red Slaver","floor":10.0,"turns":3.0},{"damage":19.0,"enemies":"3 Sentries","floor":11.0,"turns":6.0},{"damage":2.0,"enemies":"3 Louse","floor":12.0,"turns":3.0},{"damage":17.0,"enemies":"Exordium Wildlife","floor":13.0,"turns":3.0},{"damage":5.0,"enemies":"downfall:FleeingMerchant","floor":14.0,"turns":4.0},{"damage":9.0,"enemies":"Large Slime","floor":15.0,"turns":4.0},{"damage":31.0,"enemies":"IC_STATUS_ARCHETYPE","floor":16.0,"turns":6.0},{"damage":9.0,"enemies":"Shell Parasite","floor":19.0,"turns":4.0},{"damage":19.0,"enemies":"3 Byrds","floor":20.0,"turns":4.0},{"damage":1.00000012E8,"enemies":"Snecko","floor":23.0,"turns":3.0},{"damage":19.0,"enemies":"Snake Plant","floor":25.0,"turns":3.0},{"damage":27.0,"enemies":"Gremlin Leader","floor":26.0,"turns":4.0},{"damage":0.0,"enemies":"downfall:FleeingMerchant","floor":27.0,"turns":4.0},{"damage":20.0,"enemies":"downfall:FleeingMerchant","floor":28.0,"turns":4.0},{"damage":8,"enemies":"Book of Stabbing","floor":31,"turns":5},{"damage":0,"enemies":"Centurion and Healer","floor":32,"turns":3},{"damage":29,"enemies":"DF_ARCHETYPE_CLAW","floor":33,"turns":6},{"damage":0,"enemies":"3 Darklings","floor":37,"turns":4},{"damage":23,"enemies":"Giant Head","floor":42,"turns":7},{"damage":6,"enemies":"3 Shapes","floor":43,"turns":3},{"damage":30,"enemies":"Hiden Room Battle","floor":44,"turns":4},{"damage":10,"enemies":"Maw","floor":45,"turns":4},{"damage":7,"enemies":"4 Shapes","floor":46,"turns":4},{"damage":0,"enemies":"Transient","floor":48,"turns":5},{"damage":10,"enemies":"3 Darklings","floor":49,"turns":5},{"damage":1,"enemies":"WA_ARCHETYPE_DIVINITY","floor":50,"turns":7}],"seed_played":"5289163212247953567","potions_obtained":[{"floor":3.0,"key":"Block Potion"},{"floor":9.0,"key":"Slimebound:SpawnSlimePotion"},{"floor":10.0,"key":"EntropicBrew"},{"floor":13.0,"key":"FairyPotion"},{"floor":29,"key":"CultistPotion"},{"floor":32,"key":"Fire Potion"},{"floor":33,"key":"GamblersBrew"},{"floor":43,"key":"Energy Potion"},{"floor":48,"key":"Block Potion"}],"is_trial":false,"path_per_floor":["R","M","M","?","?","E","T","$","M","M","E","M","M","$","M","B",null,"R","M","M","?","T","M","T","M","E","$","$","?","R","E","M","B",null,"R","?","M","$","?","R","T","E","M","?","M","M","?","M","M","B",null],"character_chosen":"SLIMEBOUND","items_purchased":["Slimebound:Gluttony","Slimebound:SplitAcid","GuppysCollar","FairyPotion","Slimebound:TagTeam","SteamSale","Kunai","Slimebound:OneTwoCombo","Habit","Ancient Tea Set","MoreBug","Slimebound:MegaLick","Slimebound:Recollect","Potion Belt","Slimebound:SelfDamagePreventRelic","Slimebound:Repurpose"],"campfire_rested":0,"item_purchase_floors":[8,14,17,17,17,27,27,27,27,27,28,28,28,28,28,38],"current_hp_per_floor":[71,71,71,53,53,49,49,51,57,58,43,43,32,41,38,23,50,50,50,37,29,29,11,11,22,28,44,37,37,37,55,55,37,55,65,50,65,65,65,65,65,53,53,15,20,30,25,46,56,65],"gold":182,"neow_bonus":"TEN_PERCENT_HP_BONUS","is_daily":false,"chose_seed":false,"campfire_upgraded":4,"win_rate":0.0,"timestamp":1612488910,"path_taken":["R","M","M","?","?","E","T","?","M","M","E","M","?","?","M","BOSS","R","M","M","?","?","M","T","M","E","?","$","?","R","E","M","BOSS","R","?","M","$","?","R","T","E","M","?","?","M","?","M","M","BOSS"],"items_purchased_type":["Card","Card","Relic","Potion","Card","Relic","Relic","Card","Relic","Relic","Relic","Card","Card","Relic","Relic","Card"],"build_version":"2020-12-22","purchased_purges":4,"victory":true,"max_hp_per_floor":[71,71,71,71,71,71,71,71,71,71,71,71,71,71,71,71,50,50,50,50,55,55,55,55,55,55,55,55,55,55,55,55,55,55,65,65,65,65,65,65,65,65,65,65,65,65,65,65,65,65],"card_choices":[{"not_picked":[],"picked":"SuicideKing","floor":0.0},{"not_picked":["Slimebound:RollThrough","Slimebound:DivideAndConquer"],"picked":"Slimebound:SplitLeeching","floor":2.0},{"not_picked":["Slimebound:LivingWall","Slimebound:ItLooksTasty"],"picked":"Slimebound:FormOfPuddle","floor":3.0},{"not_picked":["Slimebound:GoopTackle","Slimebound:LeechEnergy"],"picked":"Slimebound:SplitBruiser","floor":6.0},{"not_picked":["Slimebound:Overexert","Slimebound:LeechEnergy"],"picked":"Slimebound:Schlurp","floor":8.0},{"not_picked":["Slimebound:SplitLeeching","Slimebound:ItLooksTasty"],"picked":"Slimebound:GrowthPunch","floor":9.0},{"not_picked":["Slimebound:GoopTackle","Slimebound:LeechLife"],"picked":"Slimebound:SplitAcid","floor":10.0},{"not_picked":["Slimebound:FinishingTackle","Slimebound:GoopSpray"],"picked":"Slimebound:Prepare","floor":11.0},{"not_picked":["Slimebound:FormOfPuddle","Slimebound:ComboTackle"],"picked":"Slimebound:HauntingLick","floor":12.0},{"not_picked":["Slimebound:Chomp","Slimebound:ComboTackle"],"picked":"Slimebound:Equalize","floor":13.0},{"not_picked":["Slimebound:Nibble","Slimebound:SplitLeeching"],"picked":"Slimebound:Recycling","floor":14.0},{"not_picked":["Slimebound:SamplingLick","Slimebound:FormOfPuddle"],"picked":"Slimebound:LeechingTouch","floor":15.0},{"not_picked":["Slimebound:Overexert","Slimebound:RallyTheTroops"],"picked":"Slimebound:Recycling","floor":16.0},{"not_picked":["Slimebound:ServeAndProtect","Slimebound:PressTheAttack"],"picked":"Slimebound:LeechEnergy","floor":19.0},{"not_picked":["Slimebound:LeechingTouch","Slimebound:GrowthPunch"],"picked":"Slimebound:Schlurp","floor":20.0},{"not_picked":["Slimebound:FinishingTackle","Slimebound:LeechingTouch"],"picked":"Slimebound:SplitAcid","floor":23.0},{"not_picked":["Slimebound:LivingWall","Slimebound:SlimeSpikes"],"picked":"Slimebound:GoopSpray","floor":23.0},{"not_picked":["Slimebound:SplitMire","Slimebound:Replication"],"picked":"Slimebound:SpikyOuterGoop","floor":25.0},{"not_picked":["Slimebound:PressTheAttack","Slimebound:SplitBruiser"],"picked":"Slimebound:TagTeam","floor":26.0},{"not_picked":["Slimebound:ComboTackle","Slimebound:GoopTackle"],"picked":"Slimebound:HauntingLick","floor":27.0},{"not_picked":["Slimebound:LeechingTouch","Slimebound:SlimeSpikes"],"picked":"Slimebound:Recycling","floor":31},{"not_picked":["Slimebound:LivingWall","Slimebound:SlimeSpikes"],"picked":"Slimebound:SamplingLick+1","floor":32},{"not_picked":["Slimebound:LeechLife","Slimebound:RallyTheTroops"],"picked":"Slimebound:WasteNot","floor":33},{"not_picked":["Slimebound:GrowthPunch+1","Slimebound:ItLooksTasty"],"picked":"Slimebound:SpikyOuterGoop+1","floor":37},{"not_picked":["Slimebound:GoopSpray+1","Slimebound:SpikyOuterGoop+1"],"picked":"Slimebound:FirmFortitude","floor":42},{"not_picked":["Slimebound:FinishingTackle","Slimebound:DisruptingSlam+1"],"picked":"Slimebound:SplitLeeching","floor":43},{"not_picked":["Slimebound:GoopTackle","Slimebound:PressTheAttack"],"picked":"Slimebound:SplitLeeching","floor":44},{"not_picked":["Slimebound:GoopTackle","Slimebound:SplitMire"],"picked":"Slimebound:LeechEnergy","floor":45},{"not_picked":["Slimebound:RollThrough+1","Slimebound:LeechingTouch","Slimebound:GoopTackle"],"picked":"SKIP","floor":46},{"not_picked":["expansioncontent:YouAreMine","expansioncontent:Hexaburn"],"picked":"expansioncontent:InvincibleStrength","floor":47},{"not_picked":["expansioncontent:GuardianWhirl","expansioncontent:InvincibleStrength"],"picked":"expansioncontent:Chronoboost","floor":47},{"not_picked":["Slimebound:ItLooksTasty+1","Slimebound:Replication+1"],"picked":"Slimebound:HauntingLick","floor":48},{"not_picked":["Slimebound:FlameTackle+1","Slimebound:GrowthPunch","Slimebound:BestDefense+1"],"picked":"SKIP","floor":49}],"player_experience":237478,"relics_obtained":[{"floor":6.0,"key":"Art of War"},{"floor":7.0,"key":"reliquary:BallBearing"},{"floor":11.0,"key":"ScarletDevilRocket"},{"floor":19.0,"key":"downfall:HeartBlessingGreen"},{"floor":23.0,"key":"GodSword4"},{"floor":23.0,"key":"Centennial Puzzle"},{"floor":24.0,"key":"Turnip"},{"floor":26.0,"key":"HushsDoor"},{"floor":26.0,"key":"HowToJump"},{"floor":41,"key":"Slimebound:MaxSlimesRelic"},{"floor":42,"key":"Kunai"},{"floor":42,"key":"Frozen Egg 2"},{"floor":44,"key":"reliquary:RoseTintedGlasses"},{"floor":44,"key":"Bottled Tornado"}],"event_choices":[{"cards_removed":["Slimebound:Strike_Slimebound"],"damage_healed":0.0,"max_hp_gain":0.0,"max_hp_loss":0.0,"gold_gain":0.0,"event_name":"The Cleric","player_choice":"Card Removal","floor":5.0,"gold_loss":0.0,"damage_taken":0.0},{"damage_healed":0,"gold_gain":0,"player_choice":"Fight","damage_taken":0,"max_hp_gain":0,"max_hp_loss":0,"event_name":"HidenRoomEvent","floor":44,"gold_loss":0}],"is_beta":false,"boss_relics":[{"not_picked":["Empty Cage","Cursed Key"],"picked":"AddBug"},{"not_picked":[]},{"not_picked":["energizedSpire:RedRose","energizedSpire:MagnifyingGlass"],"picked":"Slimebound:AbsorbEndCombatUpgraded"},{"not_picked":[]}],"items_purged_floors":[8,14,27,28],"is_endless":false,"potions_floor_spawned":[3,9,10,11,13,15,23,32,33,43,48],"ascension_level":2}}