{"host":"2e3z4r48quhw80cc","time":1612528249,"event":{"mods":["BaseMod","Minty Spire (QoL Compilation)","Quick Restart","StSLib","SuperFastMode"],"gold_per_floor":[119,136,147,72,72,98,72,72,98,128,138,138,138],"floor_reached":12,"language":"KOR","playtime":426,"items_purged":["Strike_G"],"score":135,"play_id":"3df9f70b-5dc6-47b6-8119-7abee35c54b2","local_time":"20210205213049","is_ascension_mode":true,"campfire_choices":[{"floor":8.0,"key":"REST"}],"circlet_count":0,"master_deck":["AscendersBane","Strike_G","Strike_G","Strike_G","Strike_G","Defend_G","Defend_G","Defend_G","Defend_G","Survivor","Neutralize","Cloak And Dagger","Blur","Footwork","Night Terror","Noxious Fumes"],"relics":["Ring of the Snake","The Specimen","Snake Skull","Centennial Puzzle","Oddly Smooth Stone"],"acts_visited":["Exordium"],"potions_floor_usage":[11],"damage_taken":[{"damage":1.0,"enemies":"Cultist","floor":1.0,"turns":4.0},{"damage":2.0,"enemies":"Jaw Worm","floor":2.0,"turns":4.0},{"damage":0.0,"enemies":"2 Louse","floor":3.0,"turns":4.0},{"damage":10.0,"enemies":"Lagavulin","floor":6.0,"turns":8.0},{"damage":22.0,"enemies":"Exordium Thugs","floor":7.0,"turns":5.0},{"damage":19,"enemies":"3 Sentries","floor":10,"turns":19},{"damage":4,"enemies":"Exordium Wildlife","floor":11,"turns":7},{"damage":3,"enemies":"Gremlin Nob","floor":12,"turns":4}],"seed_played":"-6844524989237638978","potions_obtained":[{"floor":2.0,"key":"Ancient Potion"},{"floor":3.0,"key":"SteroidPotion"},{"floor":7.0,"key":"Block Potion"},{"floor":10,"key":"CunningPotion"}],"is_trial":false,"path_per_floor":["M","M","M","$","?","E","M","R","T","E","M","E"],"character_chosen":"THE_SILENT","items_purchased":[],"campfire_rested":1,"item_purchase_floors":[],"current_hp_per_floor":[44,42,42,42,42,32,10,31,31,12,8,5,5],"gold":138,"neow_bonus":"ONE_RARE_RELIC","is_daily":false,"chose_seed":false,"campfire_upgraded":0,"win_rate":0.0,"timestamp":1612528249,"path_taken":["M","M","M","?","?","E","M","R","T","E","M","E"],"items_purchased_type":[],"build_version":"2020-12-22","purchased_purges":1,"victory":false,"max_hp_per_floor":[70,70,70,70,70,70,70,70,70,70,70,70,70],"card_choices":[{"not_picked":["Dagger Spray","PiercingWail"],"picked":"Cloak And Dagger","floor":1.0},{"not_picked":["Masterful Stab","Leg Sweep"],"picked":"Blur","floor":2.0},{"not_picked":["Deflect","Deadly Poison"],"picked":"Footwork","floor":3.0},{"not_picked":["Flying Knee","Riddle With Holes"],"picked":"Night Terror","floor":6.0},{"not_picked":["Skewer","Slice","Calculated Gamble"],"picked":"SKIP","floor":7.0},{"not_picked":["Outmaneuver","Dodge and Roll"],"picked":"Noxious Fumes","floor":10},{"not_picked":["Sucker Punch","Finisher","Blur"],"picked":"SKIP","floor":11}],"player_experience":122989,"relics_obtained":[{"floor":6.0,"key":"Snake Skull"},{"floor":9.0,"key":"Centennial Puzzle"},{"floor":10,"key":"Oddly Smooth Stone"}],"event_choices":[{"cards_removed":["Defend_G"],"damage_healed":0.0,"max_hp_gain":0.0,"max_hp_loss":0.0,"gold_gain":0.0,"event_name":"Purifier","player_choice":"Purged","floor":5.0,"gold_loss":0.0,"damage_taken":0.0}],"is_beta":false,"boss_relics":[],"items_purged_floors":[4],"is_endless":false,"potions_floor_spawned":[2,3,7,10],"killed_by":"Gremlin Nob","ascension_level":10}}