{"host":"3tyeyqdkopu0dn2g","time":1612490602,"event":{"mods":["AchievementEnabler","BaseMod","BetterRewards","Minty Spire (QoL Compilation)","Quick Restart","Remove Card Discount Mod","Shop Mod"],"gold_per_floor":[111,125,138,153,153,153,167,197,197,197,104,118,133,150,150,246,246,263,220,220,220,148,178,178,178,178],"floor_reached":25,"language":"ZHS","playtime":1617,"items_purged":["Strike_R","Strike_R","Strike_R","Defend_R","Defend_R"],"score":421,"play_id":"e8e3c96a-afbf-4612-8827-8eca8b8057de","local_time":"20210205100322","is_ascension_mode":true,"campfire_choices":[{"data":"True Grit","floor":6.0,"key":"SMITH"},{"data":"Cleave","floor":15.0,"key":"SMITH"},{"data":"Power Through","floor":24,"key":"SMITH"}],"circlet_count":1,"master_deck":["Strike_R","Strike_R","Defend_R","Defend_R","Bash","True Grit+1","Pommel Strike+1","Shrug It Off","Feed","Battle Trance","Cleave+1","Power Through+1","Feel No Pain","Evolve"],"relics":["Black Blood","Circlet","ClockworkSouvenir","Membership Card","Blood Vial","Lantern","Strawberry"],"acts_visited":["TheCity"],"potions_floor_usage":[23],"damage_taken":[{"damage":0.0,"enemies":"Cultist","floor":1.0,"turns":3.0},{"damage":0.0,"enemies":"Small Slimes","floor":2.0,"turns":4.0},{"damage":16.0,"enemies":"Jaw Worm","floor":3.0,"turns":5.0},{"damage":12.0,"enemies":"3 Louse","floor":4.0,"turns":6.0},{"damage":1.0,"enemies":"Exordium Wildlife","floor":7.0,"turns":5.0},{"damage":25.0,"enemies":"3 Sentries","floor":8.0,"turns":11.0},{"damage":10.0,"enemies":"Large Slime","floor":12.0,"turns":9.0},{"damage":0.0,"enemies":"2 Fungi Beasts","floor":13.0,"turns":4.0},{"damage":1.0,"enemies":"Exordium Wildlife","floor":14.0,"turns":5.0},{"damage":63.0,"enemies":"Hexaghost","floor":16.0,"turns":14.0},{"damage":36.0,"enemies":"3 Byrds","floor":18.0,"turns":6.0},{"damage":44,"enemies":"Slavers","floor":23,"turns":7},{"damage":42,"enemies":"Spheric Guardian","floor":25,"turns":5}],"seed_played":"1777729881200188841","potions_obtained":[{"floor":1.0,"key":"PowerPotion"},{"floor":3.0,"key":"Energy Potion"},{"floor":4.0,"key":"Swift Potion"},{"floor":13.0,"key":"CultistPotion"},{"floor":16.0,"key":"PowerPotion"}],"is_trial":false,"path_per_floor":["M","M","M","M","?","R","M","E","T","?","$","M","M","M","R","B",null,"M","$","?","?","$","E","R","M"],"character_chosen":"IRONCLAD","items_purchased":["ClockworkSouvenir","Membership Card","True Grit","Pommel Strike","Shrug It Off","Feed","Battle Trance","Feel No Pain","Lantern"],"campfire_rested":0,"item_purchase_floors":[0,0,0,0,0,11,11,19,22],"current_hp_per_floor":[70,76,66,60,65,65,70,51,51,51,51,52,63,73,73,21,97,76,76,56,56,56,36,36,0,0],"gold":178,"neow_bonus":"","is_daily":false,"chose_seed":false,"campfire_upgraded":3,"win_rate":0.0,"timestamp":1612490602,"path_taken":["M","M","M","M","?","R","M","E","T","?","$","M","?","M","R","BOSS","M","$","?","?","?","E","R","M"],"items_purchased_type":["Relic","Relic","Card","Card","Card","Card","Card","Card","Relic"],"build_version":"2020-12-22","purchased_purges":5,"victory":false,"max_hp_per_floor":[80,80,80,80,85,85,85,85,85,85,85,88,91,94,94,97,97,100,100,105,105,105,115,115,115,115],"card_choices":[{"not_picked":["Seeing Red","Flex","Shrug It Off"],"picked":"SKIP","floor":1.0},{"not_picked":["Carnage","Sword Boomerang","Burning Pact"],"picked":"SKIP","floor":2.0},{"not_picked":["Disarm","Twin Strike","Perfected Strike"],"picked":"SKIP","floor":3.0},{"not_picked":["Anger","Flame Barrier","Metallicize"],"picked":"SKIP","floor":4.0},{"not_picked":["Infernal Blade","Combust","Havoc"],"picked":"SKIP","floor":7.0},{"not_picked":["Inflame","Iron Wave","Sword Boomerang"],"picked":"SKIP","floor":8.0},{"not_picked":["Blood for Blood","Wild Strike","Inflame"],"picked":"SKIP","floor":12.0},{"not_picked":["Perfected Strike","True Grit"],"picked":"Cleave","floor":13.0},{"not_picked":["Offering","Twin Strike","Clothesline"],"picked":"SKIP","floor":14.0},{"not_picked":["Whirlwind+1","Wild Strike+1"],"picked":"Power Through","floor":18.0},{"not_picked":["Sever Soul+1","Bloodletting","Dual Wield+1"],"picked":"SKIP","floor":23}],"player_experience":191953,"relics_obtained":[{"floor":8.0,"key":"Blood Vial"},{"floor":23,"key":"Strawberry"}],"event_choices":[{"damage_healed":0.0,"max_hp_gain":5.0,"max_hp_loss":0.0,"gold_gain":0.0,"event_name":"Big Fish","player_choice":"Donut","floor":5.0,"gold_loss":0.0,"damage_taken":0.0},{"damage_healed":0.0,"max_hp_gain":0.0,"max_hp_loss":0.0,"gold_gain":0.0,"event_name":"Living Wall","player_choice":"Grow","floor":10.0,"gold_loss":0.0,"damage_taken":0.0,"cards_upgraded":["Pommel Strike"]},{"damage_healed":0.0,"max_hp_gain":5.0,"max_hp_loss":0.0,"gold_gain":0.0,"event_name":"Forgotten Altar","player_choice":"Shed Blood","floor":20.0,"gold_loss":0.0,"damage_taken":25.0},{"damage_healed":0.0,"max_hp_gain":0.0,"max_hp_loss":0.0,"gold_gain":0.0,"event_name":"The Library","player_choice":"Read","floor":21.0,"gold_loss":0.0,"damage_taken":0.0,"cards_obtained":["Evolve"]}],"is_beta":false,"boss_relics":[{"not_picked":["Snecko Eye","Busted Crown"],"picked":"Black Blood"}],"items_purged_floors":[0,0,19,19,19],"is_endless":false,"potions_floor_spawned":[1,3,4,13,14,16],"killed_by":"Spheric Guardian","ascension_level":3}}