{"host":"3xls0xm49ftugio7","time":1612529420,"event":{"mods":["2.2 Compatiblity","AchievementEnabler","Act Like it!","BaseMod","Colored Powertips","GifTheSpireLib","Halation","Minty Spire (QoL Compilation)","StSLib","slay the spire mod where everything is the same but ironclad has a cowboy hat"],"gold_per_floor":[112,60,40,40,56,56,89,89,89,89,99,199,36,49,49,121,121,134,149,149,0,0,0,17,17,42,42,42,42,42],"floor_reached":29,"language":"ENG","playtime":820,"items_purged":[],"score":438,"play_id":"e55d24b6-c4e9-4d85-a23d-c5b7b4b15b50","local_time":"20210205145020","is_ascension_mode":true,"campfire_choices":[{"data":"Dagger Spray","floor":6.0,"key":"SMITH"},{"floor":8.0,"key":"REST"},{"data":"Blade Dance","floor":10.0,"key":"SMITH"},{"data":"Leg Sweep","floor":15.0,"key":"SMITH"},{"floor":23,"key":"REST"}],"circlet_count":0,"master_deck":["AscendersBane","Strike_G","Strike_G","Strike_G","Strike_G","Strike_G","Defend_G","Defend_G","Defend_G","Defend_G","Defend_G","Survivor","Neutralize","Distraction","Dagger Spray+1","Blade Dance+1","Flechettes","Deadly Poison","Leg Sweep+1","Wraith Form v2","Blur","Leg Sweep","Footwork","Ghostly","Ghostly","Ghostly","Writhe"],"relics":["halation:SimulatedSpire","Blue Candle","Oddly Smooth Stone","TwistedFunnel","halation:PinkAlligatorPlush","Orichalcum","halation:QuantumPhysicsTextbook"],"acts_visited":["Exordium","TheCity"],"potions_floor_usage":[16,18,19],"damage_taken":[{"damage":3.0,"enemies":"2 Louse","floor":1.0,"turns":4.0},{"damage":0.0,"enemies":"Cultist","floor":5.0,"turns":4.0},{"damage":26.0,"enemies":"Gremlin Nob","floor":7.0,"turns":4.0},{"damage":0.0,"enemies":"Jaw Worm","floor":11.0,"turns":5.0},{"damage":6.0,"enemies":"Lots of Slimes","floor":14.0,"turns":2.0},{"damage":33,"enemies":"Slime Boss","floor":16,"turns":10},{"damage":19,"enemies":"Chosen","floor":18,"turns":5},{"damage":30,"enemies":"Spheric Guardian","floor":19,"turns":6},{"damage":38,"enemies":"Snake Plant","floor":24,"turns":6},{"damage":38,"enemies":"Gremlin Leader","floor":29,"turns":7}],"seed_played":"6204890793219611628","potions_obtained":[{"floor":1.0,"key":"Strength Potion"},{"floor":3.0,"key":"Weak Potion"},{"floor":14.0,"key":"SteroidPotion"},{"floor":16,"key":"Fire Potion"},{"floor":18,"key":"LiquidMemories"}],"is_trial":false,"path_per_floor":["M","$","?","$","M","R","E","R","T","R","M","?","$","M","R","B",null,"M","M","?","?","$","R","M","?","T","?","$","E"],"character_chosen":"THE_SILENT","items_purchased":["Dagger Spray","TwistedFunnel"],"campfire_rested":2,"item_purchase_floors":[2,13],"current_hp_per_floor":[56,56,56,56,56,56,30,49,49,49,49,49,49,43,43,10,52,33,3,16,16,16,35,66,33,33,33,33,0,0],"gold":42,"neow_bonus":"SIMULATED_SPIRE","is_daily":false,"chose_seed":false,"campfire_upgraded":3,"win_rate":0.0,"timestamp":1612529420,"path_taken":["M","$","?","?","M","R","E","R","T","R","M","?","$","?","R","BOSS","M","M","?","?","$","R","M","?","T","?","$","E"],"items_purchased_type":["Card","Relic"],"build_version":"2020-12-22","purchased_purges":0,"victory":false,"max_hp_per_floor":[66,66,66,66,66,66,66,66,66,66,66,66,66,66,66,66,66,66,66,66,66,66,66,66,33,33,33,33,33,33],"card_choices":[{"not_picked":["Accuracy","Slice"],"picked":"Distraction","floor":1.0},{"not_picked":["Dagger Throw","Quick Slash"],"picked":"Blade Dance","floor":5.0},{"not_picked":["Expertise","Catalyst"],"picked":"Flechettes","floor":7.0},{"not_picked":["Quick Slash","Cloak And Dagger"],"picked":"Deadly Poison","floor":11.0},{"not_picked":["Dagger Spray","Slice"],"picked":"Leg Sweep","floor":14.0},{"not_picked":["Malaise","Glass Knife"],"picked":"Wraith Form v2","floor":16},{"not_picked":["Calculated Gamble","Acrobatics"],"picked":"Blur","floor":18},{"not_picked":["Bane+1","Dagger Throw+1"],"picked":"Leg Sweep","floor":19},{"not_picked":["Blade Dance","Quick Slash"],"picked":"Footwork","floor":24}],"player_experience":741397,"relics_obtained":[{"floor":7.0,"key":"Blue Candle"},{"floor":9.0,"key":"Oddly Smooth Stone"},{"floor":26,"key":"Orichalcum"}],"event_choices":[{"damage_healed":0.0,"max_hp_gain":0.0,"max_hp_loss":0.0,"gold_gain":0.0,"event_name":"The Woman in Blue","player_choice":"Bought 1 Potion","floor":3.0,"gold_loss":0.0,"damage_taken":0.0},{"damage_healed":0.0,"max_hp_gain":0.0,"max_hp_loss":0.0,"gold_gain":100.0,"event_name":"Wheel of Change","player_choice":"Gold","floor":12.0,"gold_loss":0.0,"damage_taken":0.0},{"damage_healed":13,"gold_gain":0,"player_choice":"Heal","damage_taken":0,"max_hp_gain":0,"max_hp_loss":0,"event_name":"The Library","floor":20,"gold_loss":0},{"damage_healed":0,"gold_gain":0,"player_choice":"Paid Fearfully","damage_taken":0,"max_hp_gain":0,"max_hp_loss":0,"event_name":"Masked Bandits","floor":21,"gold_loss":149},{"damage_healed":0,"gold_gain":0,"player_choice":"Became a Ghost","damage_taken":0,"max_hp_gain":0,"max_hp_loss":33,"event_name":"Ghosts","floor":25,"gold_loss":0,"cards_obtained":["Ghostly","Ghostly","Ghostly"]},{"damage_healed":0,"gold_gain":0,"player_choice":"Opened","damage_taken":0,"relics_obtained":["halation:QuantumPhysicsTextbook"],"max_hp_gain":0,"max_hp_loss":0,"event_name":"The Mausoleum","floor":27,"gold_loss":0,"cards_obtained":["Writhe"]}],"is_beta":false,"boss_relics":[{"not_picked":["Pandora\u0027s Box","Sozu"],"picked":"halation:PinkAlligatorPlush"}],"items_purged_floors":[],"is_endless":false,"potions_floor_spawned":[1,14,16,18],"killed_by":"Gremlin Leader","ascension_level":20}}