{"host":"4eao2pkwlmv012cz","time":1612510442,"event":{"mods":["BaseMod","Colored Powertips","Minty Spire (QoL Compilation)","Permanent Neow","Quick Restart","Random Character Button","StSLib"],"gold_per_floor":[119,194,212,212,236,236,256,299,311,323,323],"floor_reached":10,"language":"ENG","playtime":211,"items_purged":[],"score":136,"play_id":"bba1d784-8ceb-4c64-b4cc-a5d53438185a","local_time":"20210205023402","is_ascension_mode":true,"campfire_choices":[{"data":"Rainbow","floor":6,"key":"SMITH"}],"circlet_count":0,"master_deck":["AscendersBane","Strike_B","Strike_B","Strike_B","Strike_B","Defend_B","Defend_B","Defend_B","Defend_B","Zap","Dualcast","Shame","Rainbow+1","Rip and Tear","Sweeping Beam","Injury","Reinforced Body","Fusion","Leap"],"relics":["Cracked Core","Golden Idol","MawBank","Potion Belt"],"acts_visited":["Exordium"],"potions_floor_usage":[8,8,8,10],"damage_taken":[{"damage":1,"enemies":"Cultist","floor":1,"turns":3},{"damage":0,"enemies":"2 Louse","floor":3,"turns":2},{"damage":1,"enemies":"Small Slimes","floor":5,"turns":3},{"damage":12,"enemies":"3 Louse","floor":7,"turns":3},{"damage":32,"enemies":"Gremlin Nob","floor":8,"turns":4},{"damage":1,"enemies":"3 Sentries","floor":10,"turns":2}],"seed_played":"8868268611072522255","potions_obtained":[{"floor":3,"key":"EntropicBrew"},{"floor":8,"key":"SpeedPotion"}],"is_trial":false,"path_per_floor":["M","?","M","?","M","R","M","E","T","E"],"character_chosen":"DEFECT","items_purchased":[],"campfire_rested":0,"item_purchase_floors":[],"current_hp_per_floor":[63,52,52,52,51,51,39,7,7,6,6],"gold":323,"neow_bonus":"THREE_RARE_CARDS","is_daily":false,"chose_seed":false,"campfire_upgraded":1,"win_rate":0.0,"timestamp":1612510442,"path_taken":["M","?","M","?","M","R","M","E","T","E"],"items_purchased_type":[],"build_version":"2020-12-22","purchased_purges":0,"victory":false,"max_hp_per_floor":[71,71,71,71,71,71,71,71,71,71,71],"card_choices":[{"not_picked":["Echo Form","Creative AI"],"picked":"Rainbow","floor":0},{"not_picked":["Tempest","Sunder"],"picked":"Rip and Tear","floor":1},{"not_picked":["Barrage","Coolheaded"],"picked":"Sweeping Beam","floor":3},{"not_picked":["Chill","Chaos"],"picked":"Reinforced Body","floor":5},{"not_picked":["Chill","Steam"],"picked":"Fusion","floor":7},{"not_picked":["Rebound","Turbo"],"picked":"Leap","floor":8}],"player_experience":2881747,"relics_obtained":[{"floor":8,"key":"MawBank"},{"floor":9,"key":"Potion Belt"}],"event_choices":[{"damage_healed":0,"gold_gain":75,"player_choice":"Gather Gold","damage_taken":11,"max_hp_gain":0,"max_hp_loss":0,"event_name":"World of Goop","floor":2,"gold_loss":0},{"damage_healed":0,"gold_gain":0,"player_choice":"Take Wound","damage_taken":0,"relics_obtained":["Golden Idol"],"max_hp_gain":0,"max_hp_loss":0,"event_name":"Golden Idol","floor":4,"gold_loss":0,"cards_obtained":["Injury"]}],"is_beta":false,"boss_relics":[],"items_purged_floors":[],"is_endless":false,"potions_floor_spawned":[3,8],"killed_by":"3 Sentries","ascension_level":20}}