{"host":"6r762osam2bvfm66","time":1612530413,"event":{"mods":["BaseMod","Colored Map","Minty Spire (QoL Compilation)"],"gold_per_floor":[111,127,138,152,6,33,33,33,33,33,46,82,82,123,123,243,243,257,23,23,23,36,36,36,36,60,94,94,113,2,42,42,167,167,181,17,350,260,283,283,311,43,43,59,90,106,106,117,117,117],"floor_reached":51,"language":"ENG","playtime":2598,"items_purged":["Writhe","Strike_R"],"score":1024,"play_id":"cbdd60d3-1e82-4744-a13f-bf3860ad61d9","local_time":"20210205070653","is_ascension_mode":true,"campfire_choices":[{"data":"Rupture","floor":7,"key":"SMITH"},{"data":"Hemokinesis","floor":10,"key":"SMITH"},{"data":"Fire Breathing","floor":15,"key":"SMITH"},{"data":"Limit Break","floor":23,"key":"SMITH"},{"data":"Rupture","floor":25,"key":"SMITH"},{"data":"Warcry","floor":28,"key":"SMITH"},{"floor":32,"key":"REST"},{"data":"Double Tap","floor":40,"key":"SMITH"},{"data":"Evolve","floor":49,"key":"SMITH"}],"circlet_count":0,"master_deck":["Strike_R","Defend_R+1","Defend_R+1","Defend_R","Defend_R","Bash","Warcry+1","Immolate","Hemokinesis+1","Fire Breathing+1","Warcry","Rupture+1","Heavy Blade","Pommel Strike","Combust","Parasite","Barricade","Sentinel+1","Shrug It Off+1","Limit Break+1","Rupture+1","Blood for Blood","Necronomicurse","Blood for Blood+1","True Grit","Warcry+1","Disarm+1","True Grit+1","Double Tap+1","Shockwave","Hemokinesis+1","Evolve+1","Power Through+1","Parasite"],"relics":["Black Blood","Membership Card","Vajra","Matryoshka","InkBottle","Centennial Puzzle","Mark of Pain","Lantern","Necronomicon","Orichalcum","Pear","Tiny Chest","Sundial","Orrery","Happy Flower","Paper Frog","Blood Vial","Nunchaku","War Paint","CaptainsWheel","Gremlin Horn","Ancient Tea Set"],"acts_visited":["Exordium","TheCity","TheBeyond"],"potions_floor_usage":[6,18,27,29,50,50,50,50,50],"damage_taken":[{"damage":3,"enemies":"Small Slimes","floor":1,"turns":3},{"damage":2,"enemies":"2 Louse","floor":2,"turns":2},{"damage":2,"enemies":"Cultist","floor":3,"turns":2},{"damage":1,"enemies":"2 Fungi Beasts","floor":4,"turns":2},{"damage":39,"enemies":"Lagavulin","floor":6,"turns":5},{"damage":12,"enemies":"Exordium Thugs","floor":11,"turns":5},{"damage":22,"enemies":"3 Sentries","floor":12,"turns":5},{"damage":18,"enemies":"Gremlin Nob","floor":14,"turns":3},{"damage":14,"enemies":"Slime Boss","floor":16,"turns":6},{"damage":25,"enemies":"2 Thieves","floor":18,"turns":4},{"damage":4,"enemies":"Shell Parasite","floor":22,"turns":2},{"damage":0,"enemies":"Slavers","floor":27,"turns":1},{"damage":24,"enemies":"Centurion and Healer","floor":29,"turns":4},{"damage":15,"enemies":"Gremlin Leader","floor":31,"turns":5},{"damage":40,"enemies":"Champ","floor":33,"turns":8},{"damage":5,"enemies":"3 Darklings","floor":35,"turns":3},{"damage":14,"enemies":"Nemesis","floor":41,"turns":3},{"damage":1,"enemies":"Orb Walker","floor":44,"turns":4},{"damage":5,"enemies":"Reptomancer","floor":45,"turns":3},{"damage":15,"enemies":"Jaw Worm Horde","floor":46,"turns":4},{"damage":2,"enemies":"Writhing Mass","floor":48,"turns":5},{"damage":31,"enemies":"Awakened One","floor":50,"turns":5}],"seed_played":"-7433765630311680732","potions_obtained":[{"floor":1,"key":"LiquidMemories"},{"floor":3,"key":"GamblersBrew"},{"floor":4,"key":"BloodPotion"},{"floor":16,"key":"Explosive Potion"},{"floor":27,"key":"BloodPotion"},{"floor":31,"key":"BlessingOfTheForge"}],"is_trial":false,"path_per_floor":["M","M","M","M","$","E","R","?","T","R","M","E","?","E","R","B",null,"M","$","?","?","M","R","?","R","T","E","R","M","$","E","R","B",null,"M","$","?","?","T","R","E","$","T","M","E","M","?","M","R","B",null],"character_chosen":"IRONCLAD","items_purchased":["Membership Card","Shrug It Off","Limit Break","Rupture","Blood for Blood","Lantern","Orrery","Paper Frog","Shockwave","Evolve","CaptainsWheel","EntropicBrew"],"campfire_rested":1,"item_purchase_floors":[5,19,19,19,19,19,30,36,36,42,42,42],"current_hp_per_floor":[72,72,72,72,72,39,39,39,39,39,33,17,33,21,21,13,54,35,35,19,19,21,21,21,21,31,37,37,34,34,25,48,14,61,68,68,68,68,68,68,68,68,68,77,77,74,64,76,76,73],"gold":117,"neow_bonus":"TRANSFORM_TWO_CARDS","is_daily":false,"chose_seed":false,"campfire_upgraded":8,"win_rate":0.0,"timestamp":1612530413,"path_taken":["M","M","M","M","$","E","R","?","T","R","M","E","?","E","R","BOSS","M","$","?","?","M","R","?","R","T","E","R","M","?","E","R","BOSS","M","$","?","?","?","R","E","$","T","M","E","M","?","M","R","BOSS"],"items_purchased_type":["Relic","Card","Card","Card","Card","Relic","Relic","Relic","Card","Card","Relic","Potion"],"build_version":"2020-12-22","purchased_purges":2,"victory":true,"max_hp_per_floor":[72,72,72,72,72,72,72,67,67,67,67,67,67,67,67,67,67,67,67,67,67,67,67,67,67,77,77,77,77,77,77,77,77,77,77,77,77,77,77,77,77,77,77,77,77,77,77,77,77,77],"card_choices":[{"not_picked":["Evolve","Perfected Strike"],"picked":"Hemokinesis","floor":1},{"not_picked":["Entrench","Combust"],"picked":"Fire Breathing","floor":2},{"not_picked":["Heavy Blade","Rage"],"picked":"Warcry","floor":3},{"not_picked":["Headbutt","Shockwave"],"picked":"Rupture","floor":4},{"not_picked":["Entrench","Metallicize"],"picked":"Heavy Blade","floor":6},{"not_picked":["Iron Wave","Thunderclap"],"picked":"Pommel Strike","floor":11},{"not_picked":["Clothesline","Demon Form"],"picked":"Combust","floor":12},{"not_picked":["Clash","Second Wind","Perfected Strike"],"picked":"SKIP","floor":14},{"not_picked":["Fiend Fire","Exhume"],"picked":"Barricade","floor":16},{"not_picked":["Reckless Charge","Flex"],"picked":"Sentinel+1","floor":18},{"not_picked":["Reckless Charge","True Grit"],"picked":"Blood for Blood+1","floor":22},{"not_picked":["Havoc","Sever Soul"],"picked":"True Grit","floor":27},{"not_picked":["Sword Boomerang","Inflame"],"picked":"Warcry+1","floor":29},{"not_picked":["Sword Boomerang","Pommel Strike"],"picked":"Disarm+1","floor":30},{"not_picked":["Berserk","Sever Soul"],"picked":"True Grit+1","floor":31},{"not_picked":["Barricade","Bludgeon"],"picked":"Double Tap","floor":33},{"not_picked":["Heavy Blade","Flex+1","Wild Strike"],"picked":"SKIP","floor":35},{"not_picked":["Sever Soul","Headbutt+1"],"picked":"Hemokinesis+1","floor":41},{"not_picked":["Dropkick","Clothesline","Headbutt"],"picked":"SKIP","floor":44},{"not_picked":["Sentinel","Fiend Fire"],"picked":"Power Through+1","floor":45},{"not_picked":["Cleave+1","Feel No Pain","Body Slam"],"picked":"SKIP","floor":46},{"not_picked":["Headbutt","Sword Boomerang","Pommel Strike+1"],"picked":"SKIP","floor":48}],"player_experience":47343,"relics_obtained":[{"floor":6,"key":"Vajra"},{"floor":9,"key":"Matryoshka"},{"floor":12,"key":"InkBottle"},{"floor":14,"key":"Centennial Puzzle"},{"floor":20,"key":"Necronomicon"},{"floor":26,"key":"Pear"},{"floor":26,"key":"Tiny Chest"},{"floor":27,"key":"Sundial"},{"floor":31,"key":"Happy Flower"},{"floor":39,"key":"Blood Vial"},{"floor":39,"key":"Nunchaku"},{"floor":41,"key":"War Paint"},{"floor":43,"key":"Gremlin Horn"},{"floor":45,"key":"Ancient Tea Set"}],"event_choices":[{"damage_healed":0,"gold_gain":0,"player_choice":"Lose Max HP","damage_taken":0,"relics_obtained":["Golden Idol"],"max_hp_gain":0,"max_hp_loss":5,"event_name":"Golden Idol","floor":8,"gold_loss":0},{"damage_healed":16,"gold_gain":0,"player_choice":"Healed and dodged fight","damage_taken":0,"max_hp_gain":0,"max_hp_loss":0,"event_name":"Mushrooms","floor":13,"gold_loss":0,"cards_obtained":["Parasite"]},{"damage_healed":0,"gold_gain":0,"player_choice":"Obtained Book","damage_taken":16,"max_hp_gain":0,"max_hp_loss":0,"event_name":"Cursed Tome","floor":20,"gold_loss":0},{"damage_healed":0,"gold_gain":0,"player_choice":"Opened","damage_taken":0,"relics_obtained":["Orichalcum"],"max_hp_gain":0,"max_hp_loss":0,"event_name":"The Mausoleum","floor":21,"gold_loss":0,"cards_obtained":["Writhe"]},{"damage_healed":0,"gold_gain":0,"player_choice":"Ignored","damage_taken":0,"max_hp_gain":0,"max_hp_loss":0,"event_name":"Vampires","floor":24,"gold_loss":0},{"damage_healed":0,"gold_gain":333,"player_choice":"Gave Idol","damage_taken":0,"max_hp_gain":0,"max_hp_loss":0,"event_name":"The Moai Head","floor":37,"relics_lost":["Golden Idol"],"gold_loss":0},{"cards_removed":["Strike_R"],"damage_healed":0,"gold_gain":0,"player_choice":"Upgrade and Remove","damage_taken":0,"max_hp_gain":0,"max_hp_loss":0,"event_name":"Designer","floor":38,"gold_loss":90,"cards_upgraded":["Defend_R"]},{"damage_healed":0,"gold_gain":0,"player_choice":"Memory 3","damage_taken":10,"max_hp_gain":0,"max_hp_loss":0,"event_name":"SensoryStone","floor":47,"gold_loss":0}],"is_beta":false,"boss_relics":[{"not_picked":["Runic Cube","Philosopher\u0027s Stone"],"picked":"Mark of Pain"},{"not_picked":["Snecko Eye","Cursed Key"],"picked":"Black Blood"}],"items_purged_floors":[30,42],"is_endless":false,"potions_floor_spawned":[1,3,4,16,27,31,44,45],"ascension_level":5}}