{"host":"10b2ljh1rg6srmxa","time":1612565832,"event":{"mods":["AchievementEnabler","BaseMod","Better Third Choice","Colored Map","Colored Powertips","Conspire","Downfall","Googly Eyes","Highlight Path","Hubris","Infinite Spire","Minty Spire (QoL Compilation)","Replay The Spire","StSLib","The Animator","The Wild Card","everything is the same but u backflip on backflip"],"gold_per_floor":[110,110,121,138,152,152,186,186,186,186,186],"floor_reached":10,"language":"ENG","playtime":612,"items_purged":[],"score":82,"play_id":"207453b2-1cc7-441b-959e-223ef2c0a09e","local_time":"20210205235712","is_ascension_mode":true,"campfire_choices":[{"data":"Cleave","floor":6,"key":"SMITH"},{"floor":8,"key":"REST"}],"circlet_count":0,"master_deck":["Strike_R","Strike_R","Strike_R","Strike_R","Strike_R","Defend_R","Defend_R","Defend_R","Defend_R","Bash","Decay","Rampage","Cleave+1"],"relics":["Burning Blood","ReplayTheSpireMod:Shallot"],"acts_visited":["Exordium"],"potions_floor_usage":[5],"damage_taken":[{"damage":10,"enemies":"Cultist","floor":1,"turns":4},{"damage":9,"enemies":"Jaw Worm","floor":3,"turns":3},{"damage":10,"enemies":"2 Louse","floor":4,"turns":4},{"damage":9,"enemies":"Looter","floor":5,"turns":3},{"damage":29,"enemies":"3 Sentries","floor":7,"turns":9},{"damage":0,"enemies":"Lagavulin","floor":10,"turns":1}],"seed_played":"5442263642865365765","potions_obtained":[{"floor":4,"key":"DuplicationPotion"},{"floor":5,"key":"Dexterity Potion"}],"is_trial":false,"path_per_floor":["M","?","M","M","M","R","E","R","T","E"],"character_chosen":"IRONCLAD","items_purchased":[],"campfire_rested":1,"item_purchase_floors":[],"current_hp_per_floor":[81,81,78,74,71,71,48,73,73,73,73],"gold":186,"neow_bonus":"RANDOM_EVENT","is_daily":false,"chose_seed":false,"campfire_upgraded":1,"win_rate":0.0,"timestamp":1612565832,"path_taken":["M","?","?","M","M","R","E","R","T","E"],"items_purchased_type":[],"build_version":"2020-12-22","purchased_purges":0,"victory":false,"max_hp_per_floor":[85,85,85,85,85,85,85,85,85,85,85],"card_choices":[{"not_picked":["ReplayTheSpireMod:LeadingStrike","Body Slam","Dropkick"],"picked":"SKIP","floor":1},{"not_picked":["Thunderclap","Body Slam"],"picked":"Rampage","floor":3},{"not_picked":["Wild Strike","Clash","Anger"],"picked":"SKIP","floor":4},{"not_picked":["Perfected Strike","Armaments"],"picked":"Cleave","floor":5},{"not_picked":["ReplayTheSpireMod:LeadingStrike","Blood for Blood","Shrug It Off"],"picked":"SKIP","floor":7}],"player_experience":386182,"relics_obtained":[{"floor":7,"key":"ReplayTheSpireMod:Shallot"}],"event_choices":[{"damage_healed":0,"gold_gain":0,"player_choice":"Donut","damage_taken":0,"max_hp_gain":5,"max_hp_loss":0,"event_name":"Big Fish","floor":0,"gold_loss":0},{"damage_healed":0,"gold_gain":0,"player_choice":"Cursed","damage_taken":0,"max_hp_gain":0,"max_hp_loss":0,"event_name":"Wheel of Change","floor":2,"gold_loss":0,"cards_obtained":["Decay"]}],"is_beta":false,"boss_relics":[],"items_purged_floors":[],"is_endless":false,"potions_floor_spawned":[4,5],"killed_by":"Lagavulin","ascension_level":4}}