{"host":"hcg2wesxzfo46upw","time":1612562444,"event":{"mods":["2.2 Compatiblity","AchievementEnabler","Act Like it!","Aspiration","BaseMod","Beaked The Cultist","Better Altar","Better Match","Better Note","Better Sensory Stone","Better Skull","Better Third Choice","ChefMod","Clockwork Mod","Conspire","Downfall","Elementarium","Gensokyo","GifTheSpireLib","Glutton Mod","Hubris","Infinite Spire","Jedi Mod","Mad Scientist","Minty Spire (QoL Compilation)","Pale of the Ancients","Reliquary","Replay The Spire","Robot Space Explorer","Shade Mod","Spicy Shops","Spikes Relics","StSLib","Stuff the Spire","The Blackbeard","The Bug Knight","The Construct","The Cursed","The Death Knight","The Disciple","The Edgeheg","The Jungle","The Marked","The Necromancer","The Runesmith","Wandering Minibosses"],"gold_per_floor":[117,136,136,146,165,165,196,196,220,220,232,76,95,95,95,190,190,151,151,170,189,189,189],"floor_reached":22,"language":"ENG","playtime":966,"items_purged":[],"score":238,"play_id":"2d7aec8b-cc63-4c1c-97c9-f07e01c253b6","local_time":"20210205230044","is_ascension_mode":false,"campfire_choices":[{"data":"theMarked:OneWithTheBlade","floor":6,"key":"SMITH"},{"data":"theMarked:SoldierOfQuellstein","floor":8,"key":"SMITH"},{"floor":15,"key":"DIG"}],"circlet_count":0,"master_deck":["theMarked:Strike","theMarked:Strike","theMarked:Strike","theMarked:Strike","theMarked:Strike","theMarked:Defend","theMarked:Defend","theMarked:Defend","theMarked:Defend","theMarked:SoldierOfQuellstein+1","theMarked:Indomitable","theMarked:ChainLightning","theMarked:OneWithTheBlade+1","theMarked:PowerFlow","theMarked:Overcharge","theMarked:EmpowerWeapon","theMarked:RepellingDischarge","StuffTheSpire:PlasmaPunch","theMarked:TurnInvisible","theMarked:SwordAndMagic","Pain","theMarked:DispelDoubt","theMarked:Generate"],"relics":["NeowsBlessing","HollowMod:PaleOreRelic","infinitespire:EmpoweringShard","ReplayTheSpireMod:Lightbulb","Meat on the Bone","CrustySpines","infinitespire:Satchel","Cursed Key","WarpedTongs"],"acts_visited":["Exordium","TheCity"],"potions_floor_usage":[7,16,18],"damage_taken":[{"damage":0,"enemies":"2 Louse","floor":1,"turns":1},{"damage":0,"enemies":"Jaw Worm","floor":2,"turns":1},{"damage":0,"enemies":"Small Slimes","floor":4,"turns":1},{"damage":0,"enemies":"3 Louse","floor":5,"turns":3},{"damage":14,"enemies":"HollowMod:MossKnight","floor":7,"turns":8},{"damage":7,"enemies":"2 Fungi Beasts","floor":11,"turns":3},{"damage":15,"enemies":"Large Slime","floor":13,"turns":4},{"damage":0,"enemies":"Slime Boss","floor":16,"turns":5},{"damage":8,"enemies":"conspire:FuzzyDice","floor":18,"turns":6},{"damage":15,"enemies":"3 Byrds","floor":20,"turns":4},{"damage":38,"enemies":"Snake Plant","floor":21,"turns":3},{"damage":21,"enemies":"Centurion and Healer","floor":22,"turns":2}],"seed_played":"759344943021092899","potions_obtained":[{"floor":1,"key":"champ:CounterPotion"},{"floor":4,"key":"sneckomod:MuddlingPotion"},{"floor":5,"key":"Venom Potion"},{"floor":11,"key":"Adrenaline Potion"},{"floor":21,"key":"SpeedPotion"}],"is_trial":false,"path_per_floor":["M","M","?","M","M","R","E","R","T","T","M","$","M","?","R","B",null,"M","?","M","M","M"],"character_chosen":"THE_DEFAULT","items_purchased":["CrustySpines"],"campfire_rested":0,"item_purchase_floors":[12],"current_hp_per_floor":[70,70,67,67,67,67,53,53,53,53,46,46,43,43,43,43,70,62,62,47,21,0,0],"gold":189,"neow_bonus":"THREE_ENEMY_KILL","is_daily":false,"chose_seed":false,"campfire_upgraded":2,"win_rate":0.0,"timestamp":1612562444,"path_taken":["M","M","?","M","M","R","E","R","T","?","M","$","M","?","R","BOSS","M","?","M","M","?"],"items_purchased_type":["Relic"],"build_version":"2020-12-22","purchased_purges":0,"victory":false,"max_hp_per_floor":[70,70,70,70,70,70,70,70,70,70,70,70,70,70,70,70,70,70,70,70,70,70,70],"card_choices":[{"not_picked":["theMarked:TheMission","theMarked:Aftermath"],"picked":"theMarked:Indomitable","floor":1},{"not_picked":["theMarked:ResourceFulStrike","theMarked:Frustration"],"picked":"theMarked:ChainLightning","floor":2},{"not_picked":["theMarked:Static","theMarked:EmpowerWeapon"],"picked":"theMarked:OneWithTheBlade","floor":4},{"not_picked":["theMarked:Friction","theMarked:WardOff"],"picked":"theMarked:PowerFlow","floor":5},{"not_picked":["theMarked:WastefulAttack","theMarked:Polarize"],"picked":"theMarked:Overcharge","floor":7},{"not_picked":["theMarked:Maelstrom","theMarked:HeightenedSenses"],"picked":"theMarked:EmpowerWeapon","floor":11},{"not_picked":["theMarked:WardOff","theMarked:ChainLightning"],"picked":"theMarked:RepellingDischarge","floor":13},{"not_picked":["ReplayTheSpireMod:Necrogeddon","theEdgeheg:OkSo8"],"picked":"StuffTheSpire:PlasmaPunch","floor":14},{"not_picked":["theMarked:ThrowWeapon","theMarked:DispelDoubt"],"picked":"theMarked:TurnInvisible","floor":16},{"not_picked":["theMarked:Memento","theMarked:Pokerface"],"picked":"theMarked:SwordAndMagic","floor":18},{"not_picked":["theMarked:Memento","theMarked:MuscleMemory"],"picked":"theMarked:DispelDoubt","floor":20},{"not_picked":["theMarked:Overcharge","theMarked:TakeCover"],"picked":"theMarked:Generate","floor":21}],"player_experience":272064,"relics_obtained":[{"floor":7,"key":"infinitespire:EmpoweringShard"},{"floor":9,"key":"ReplayTheSpireMod:Lightbulb"},{"floor":10,"key":"Meat on the Bone"},{"floor":15,"key":"infinitespire:Satchel"}],"event_choices":[{"damage_healed":0,"gold_gain":1,"player_choice":"1","damage_taken":0,"max_hp_gain":0,"max_hp_loss":0,"event_name":"betterStone:BetterStone","floor":14,"gold_loss":0},{"damage_healed":0,"gold_gain":0,"player_choice":"Rummage","damage_taken":0,"relics_obtained":["WarpedTongs"],"max_hp_gain":0,"max_hp_loss":0,"event_name":"Accursed Blacksmith","floor":19,"gold_loss":0,"cards_obtained":["Pain"]}],"is_beta":false,"boss_relics":[{"not_picked":["StuffTheSpire:Kangaroo","construct:WeddingRing"],"picked":"Cursed Key"}],"items_purged_floors":[],"is_endless":false,"potions_floor_spawned":[1,4,5,11,21],"killed_by":"Centurion and Healer","ascension_level":0}}