{"host":"uu8qcv8llpcbwyus","time":1612510648,"event":{"mods":["100% Spire Juice","BaseMod","CapriCore","Conspire","Downfall","HololiveMod","Hubris","Marisa（霧雨　魔理沙）","Minty Spire (QoL Compilation)","Monster B Gone","Reimu（博??梦）","Remilia（蕾米莉?）","Replay The Spire","StSLib","The Administrix","The Animator","The Gatherer","The Immortal","The Servant 0.9.4","TheSwordswoman","WarShipGirlsR/??少女R mod","Yakumo Yukari mod"],"gold_per_floor":[84,84,104,121,136,178,199,199,199,218,262,262,291,301,301,409,409,433,453,230,230,261,261,306,306,306,36,36,89,109,23,23,159,159,187,214,204,304,204,204,242,242,242,273,317,353,427,454,454,454],"floor_reached":51,"language":"ENG","playtime":2661,"items_purged":["Hololive_Trident","Hololive_CallArtia"],"score":1731,"play_id":"eedd5a53-2173-43b5-9b1d-fe7bd060b28f","local_time":"20210204233728","is_ascension_mode":true,"campfire_choices":[{"data":"Hololive_CallAkiRosenthal","floor":8.0,"key":"SMITH"},{"data":"Hololive_CallInugamiKorone","floor":15.0,"key":"SMITH"},{"data":"Hololive_MaximGun","floor":23.0,"key":"SMITH"},{"data":"Hololive_CallOmaruPolka","floor":28,"key":"SMITH"},{"data":"Hololive_CallShiroganeNoel","floor":32,"key":"SMITH"},{"data":"Hololive_CallOmaruPolka","floor":40,"key":"SMITH"},{"data":"Hololive_Spy","floor":42,"key":"SMITH"},{"data":"Hololive_Thief","floor":49,"key":"SMITH"}],"circlet_count":1,"master_deck":["Hololive_Strike","Hololive_Strike","Hololive_Defend","Hololive_Defend","Hololive_CallYuzukiChoco","Hololive_CallSakuraMiko","Hololive_CocoNews","Hololive_Thief","Hololive_CallAkiRosenthal+1","Hololive_Spy+1","Hololive_CallInugamiKorone+1","Hololive_CocoNews","Hololive_MaximGun+1","Hololive_FlyingPonyTail","Ghostly","Ghostly","Ghostly","Ghostly","Ghostly","Hololive_FlyingPonyTail","Hololive_CallOmaruPolka+1","Hololive_Thief+1","Hololive_CocoNews+1","Hololive_CallShiroganeNoel+1","Hololive_Thief","Hololive_CallOmaruPolka+1","Hololive_Watashimo+1","Hololive_CocoNews+1"],"relics":["Hololive_TheStar","hubris:OldNail","Replay:Baseball","Bronze Scales","Circlet","conspire:RoyalGoblet","Orichalcum","Meat on the Bone","hubris:MedicalManual","Membership Card","Lantern","Philosopher\u0027s Stone","Toy Ornithopter","Bag of Preparation","Replay:Mystery Machine","Letter Opener"],"acts_visited":["Exordium","TheCity","TheBeyond"],"potions_floor_usage":[33],"damage_taken":[{"damage":0.0,"enemies":"Small Slimes","floor":1.0,"turns":3.0},{"damage":0.0,"enemies":"Jaw Worm","floor":3.0,"turns":4.0},{"damage":0.0,"enemies":"Cultist","floor":4.0,"turns":3.0},{"damage":12.0,"enemies":"Exordium Wildlife","floor":5.0,"turns":4.0},{"damage":0.0,"enemies":"3 Sentries","floor":6.0,"turns":6.0},{"damage":0.0,"enemies":"3 Louse","floor":7.0,"turns":5.0},{"damage":0.0,"enemies":"Exordium Thugs","floor":10.0,"turns":4.0},{"damage":0.0,"enemies":"Gremlin Nob","floor":11.0,"turns":3.0},{"damage":0.0,"enemies":"3 Sentries","floor":13.0,"turns":4.0},{"damage":0.0,"enemies":"Exordium Wildlife","floor":14.0,"turns":4.0},{"damage":0.0,"enemies":"Hexaghost","floor":16.0,"turns":5.0},{"damage":0.0,"enemies":"2 Thieves","floor":18.0,"turns":3.0},{"damage":0.0,"enemies":"Chosen","floor":19.0,"turns":3.0},{"damage":0.0,"enemies":"Centurion and Healer","floor":22.0,"turns":5.0},{"damage":0.0,"enemies":"Slavers","floor":24.0,"turns":6.0},{"damage":0,"enemies":"Gremlin Leader","floor":29,"turns":5},{"damage":0,"enemies":"Snake Plant","floor":30,"turns":4},{"damage":0,"enemies":"Collector","floor":33,"turns":5},{"damage":0,"enemies":"3 Darklings","floor":35,"turns":5},{"damage":0,"enemies":"Orb Walker","floor":36,"turns":4},{"damage":0,"enemies":"Nemesis","floor":41,"turns":4},{"damage":0,"enemies":"R_Hoarder","floor":44,"turns":4},{"damage":0,"enemies":"Maw","floor":45,"turns":4},{"damage":0,"enemies":"Giant Head","floor":46,"turns":5},{"damage":0,"enemies":"Transient","floor":47,"turns":5},{"damage":0,"enemies":"Jaw Worm Horde","floor":48,"turns":3},{"damage":0,"enemies":"Donu and Deca","floor":50,"turns":4}],"seed_played":"4604749793345543442","potions_obtained":[{"floor":1.0,"key":"DistilledChaos"},{"floor":3.0,"key":"ColorlessPotion"},{"floor":7.0,"key":"PowerPotion"},{"floor":10.0,"key":"GamblersBrew"},{"floor":19.0,"key":"BlessingOfTheForge"},{"floor":41,"key":"ZuzhouPotion:ReiMu"}],"is_trial":false,"path_per_floor":["M","?","M","M","M","E","M","R","T","M","E","?","E","M","R","B",null,"M","M","$","?","M","R","E","?","T","$","R","E","M","$","R","B",null,"M","M","?","?","NS","R","E","R","T","E","M","E","M","M","R","B",null],"character_chosen":"Hololive_HololiveCharacter","items_purchased":["Orichalcum","Membership Card","Hololive_CallOmaruPolka","Hololive_Thief","Hololive_CallShiroganeNoel"],"campfire_rested":0,"item_purchase_floors":[20,27,27,27,31],"current_hp_per_floor":[32,25,25,25,13,13,13,13,13,13,13,13,13,13,13,27,33,33,33,33,17,17,17,17,17,17,17,17,17,17,17,17,17,17,17,17,17,17,17,17,17,17,17,17,17,17,17,17,17,17],"gold":454,"neow_bonus":"REMOVE_CARD","is_daily":false,"chose_seed":false,"campfire_upgraded":8,"win_rate":0.0,"timestamp":1612510648,"path_taken":["M","?","M","M","M","E","M","R","T","M","E","?","E","M","R","BOSS","M","M","?","?","M","R","E","?","T","$","R","E","?","?","R","BOSS","M","M","?","?","NS","R","E","R","T","E","?","E","M","M","R","BOSS"],"items_purchased_type":["Relic","Relic","Card","Card","Card"],"build_version":"2020-12-22","purchased_purges":2,"victory":true,"max_hp_per_floor":[35,35,35,35,35,35,35,35,35,35,35,35,35,35,35,35,35,35,35,35,17,17,17,17,17,17,17,17,17,17,17,17,17,17,17,17,17,17,17,17,17,17,17,17,17,17,17,17,17,17],"card_choices":[{"not_picked":["Hololive_StrengthChampion","Hololive_CallMurasakiShion","Hololive_Rebound"],"picked":"Hololive_CocoNews","floor":1.0},{"not_picked":["Hololive_Trident","Hololive_CallFriendA","Hololive_LuckPotion"],"picked":"Hololive_Thief","floor":3.0},{"not_picked":["Hololive_CallUsadaPekora","Hololive_CallNatsuiroMatsuri","Hololive_Rebound","Hololive_Drill"],"picked":"SKIP","floor":4.0},{"not_picked":["Hololive_Trident","Hololive_Rebound","Hololive_CallHoshimachiSuisei"],"picked":"Hololive_CallRoboco","floor":5.0},{"not_picked":["Hololive_CallTokoyamiTowa","Hololive_DevilCharm","Hololive_CallSakuraMiko"],"picked":"Hololive_CallAkiRosenthal","floor":6.0},{"not_picked":["Hololive_Sequa","Hololive_LuckPotion","Hololive_RevenueBasedLive"],"picked":"Hololive_Spy","floor":7.0},{"not_picked":["Hololive_Rebound","Hololive_OvertimeWork","Hololive_CallManoAloe"],"picked":"Hololive_CallInugamiKorone","floor":10.0},{"not_picked":["Hololive_Spy","Hololive_Sequa","Hololive_Drill","Hololive_CallYogiri"],"picked":"SKIP","floor":11.0},{"not_picked":["Hololive_CallAyundaRisu","Hololive_DDD","Hololive_LuckPotion","Hololive_Sequa"],"picked":"SKIP","floor":13.0},{"not_picked":["Hololive_Rebound","Hololive_CallNatsuiroMatsuri","Hololive_CallUsadaPekora"],"picked":"Hololive_CocoNews","floor":14.0},{"not_picked":["Hololive_StarCraft","Hololive_FlareMind","Hololive_IdolExercise"],"picked":"Hololive_MaximGun","floor":16.0},{"not_picked":["Hololive_OvertimeWork+1","Hololive_CallMoonaHoshinova","Hololive_CallFriendA"],"picked":"Hololive_FlyingPonyTail","floor":18.0},{"not_picked":["Hololive_CallUsadaPekora","Hololive_Rebound","Hololive_HuntDinosaur","Hololive_CallTokinoSora"],"picked":"SKIP","floor":19.0},{"not_picked":["Hololive_CallUsadaPekora","Hololive_RevenueBasedLive","Hololive_Breathe"],"picked":"Hololive_FlyingPonyTail","floor":22.0},{"not_picked":["Hololive_Drill+1","Hololive_CallMinatoAqua","Hololive_CallInugamiKorone"],"picked":"Hololive_FlyingPonyTail+1","floor":24.0},{"not_picked":["Hololive_Breathe+1","Hololive_CallMoonaHoshinova","Hololive_CallMinatoAqua"],"picked":"Hololive_CocoNews+1","floor":29},{"not_picked":["Hololive_Psychosis","Hololive_RevenueBasedLive+1","Hololive_Nanodesu","Hololive_CocoNews"],"picked":"SKIP","floor":30},{"not_picked":["Hololive_IdolExercise","Hololive_ASMR","Hololive_Rebirth"],"picked":"Hololive_Thief","floor":33},{"not_picked":["Hololive_CocoNews+1","Hololive_CallAZKi","Hololive_Breathe+1","Hololive_Drill+1"],"picked":"SKIP","floor":35},{"not_picked":["Hololive_Drill","Hololive_StrengthChampion+1","Hololive_CallHoshimachiSuisei"],"picked":"Hololive_CallOmaruPolka","floor":36},{"not_picked":["Hololive_LuckPotion+1","Hololive_Psychosis+1","Hololive_CallKiryuuCoco+1","Hololive_CallNakiriAyame"],"picked":"SKIP","floor":41},{"not_picked":["Hololive_SummonFox","Hololive_HuntDinosaur+1","Hololive_OpenUp"],"picked":"Hololive_Watashimo+1","floor":44},{"not_picked":["Hololive_Sequa","Hololive_Rebound+1","Hololive_DevilCharm+1"],"picked":"Hololive_CocoNews+1","floor":45},{"not_picked":["Hololive_CallNakiriAyame+1","Hololive_Rebirth","Hololive_HuntDinosaur+1","Hololive_OvertimeWork"],"picked":"SKIP","floor":46},{"not_picked":["Hololive_ILoveYou+1","Hololive_CallHoshimachiSuisei","Hololive_CallSakuraMiko","Hololive_CallAZKi"],"picked":"SKIP","floor":47},{"not_picked":["Hololive_Drill+1","Hololive_CallUsadaPekora","Hololive_CallCivia+1","Hololive_Psychosis+1"],"picked":"SKIP","floor":48}],"player_experience":1172895,"relics_obtained":[{"floor":6.0,"key":"hubris:OldNail"},{"floor":9.0,"key":"Dead Branch"},{"floor":11.0,"key":"Replay:Baseball"},{"floor":13.0,"key":"Bronze Scales"},{"floor":24.0,"key":"Meat on the Bone"},{"floor":26.0,"key":"hubris:MedicalManual"},{"floor":29,"key":"Lantern"},{"floor":41,"key":"Toy Ornithopter"},{"floor":43,"key":"Bag of Preparation"},{"floor":44,"key":"Replay:Mystery Machine"},{"floor":46,"key":"Letter Opener"}],"event_choices":[{"cards_removed":["Hololive_CallAZKi"],"damage_healed":0.0,"max_hp_gain":0.0,"max_hp_loss":0.0,"gold_gain":0.0,"event_name":"Golden Wing","player_choice":"Card Removal","floor":2.0,"gold_loss":0.0,"damage_taken":7.0},{"damage_healed":0.0,"max_hp_gain":0.0,"max_hp_loss":0.0,"gold_gain":0.0,"event_name":"Upgrade Shrine","player_choice":"Upgraded","floor":12.0,"gold_loss":0.0,"damage_taken":0.0,"cards_upgraded":["Hololive_CallRoboco"]},{"damage_healed":0.0,"max_hp_gain":0.0,"max_hp_loss":18.0,"gold_gain":0.0,"event_name":"Ghosts","player_choice":"Became a Ghost","floor":21.0,"gold_loss":0.0,"damage_taken":0.0,"cards_obtained":["Ghostly","Ghostly","Ghostly","Ghostly","Ghostly"]},{"damage_healed":0.0,"max_hp_gain":0.0,"max_hp_loss":0.0,"gold_gain":0.0,"event_name":"Vampires","player_choice":"Ignored","floor":25.0,"gold_loss":0.0,"damage_taken":0.0},{"damage_healed":0,"gold_gain":100,"player_choice":"Pray","damage_taken":0,"max_hp_gain":0,"max_hp_loss":0,"event_name":"Golden Shrine","floor":38,"gold_loss":0}],"is_beta":false,"boss_relics":[{"not_picked":["Hololive_TopUpMoneyS","hubris:HollowSoul"],"picked":"conspire:RoyalGoblet"},{"not_picked":["Calling Bell","Cursed Key"],"picked":"Philosopher\u0027s Stone"}],"items_purged_floors":[20,31],"is_endless":false,"potions_floor_spawned":[1,3,7,10,11,19,29,30,41,45,48],"ascension_level":8}}