{"host":"3jpwrwmmgyabjceh","time":1612517465,"event":{"mods":["AchievementEnabler","BaseMod","Colored Map","Colored Powertips","Highlight Path","Minty Spire (QoL Compilation)","Quick Restart","Relic Stats","StSLib","SuperFastMode"],"gold_per_floor":[111,125,56,66,66,66,86,86,167,177,190,205,205,22,22,121,121,137,137,151,151,151],"floor_reached":21,"language":"ENG","playtime":583,"items_purged":["Strike_B"],"score":242,"play_id":"2dfee730-daff-4874-adc3-1afccb1a69ab","local_time":"20210205123105","is_ascension_mode":true,"campfire_choices":[{"data":"Zap","floor":6,"key":"SMITH"},{"data":"Coolheaded","floor":13,"key":"SMITH"},{"data":"Defragment","floor":15,"key":"SMITH"}],"circlet_count":0,"master_deck":["Strike_B","Strike_B","Strike_B","Defend_B","Defend_B","Defend_B","Defend_B","Zap+1","Dualcast","Coolheaded+1","Chill","Self Repair","Cold Snap","Ball Lightning","Sunder","Loop","Defragment+1","Reinforced Body","Amplify","Genetic Algorithm+1","Compile Driver"],"relics":["Cracked Core","NeowsBlessing","Eternal Feather","Black Star"],"acts_visited":["Exordium","TheCity"],"potions_floor_usage":[18,20,20],"damage_taken":[{"damage":0,"enemies":"Cultist","floor":1,"turns":1},{"damage":0,"enemies":"2 Louse","floor":2,"turns":1},{"damage":0,"enemies":"Jaw Worm","floor":4,"turns":1},{"damage":0,"enemies":"2 Fungi Beasts","floor":7,"turns":4},{"damage":22,"enemies":"Lots of Slimes","floor":10,"turns":4},{"damage":4,"enemies":"Looter","floor":11,"turns":2},{"damage":0,"enemies":"Blue Slaver","floor":12,"turns":6},{"damage":44,"enemies":"Hexaghost","floor":16,"turns":9},{"damage":30,"enemies":"2 Thieves","floor":18,"turns":3},{"damage":37,"enemies":"3 Byrds","floor":20,"turns":8},{"damage":18,"enemies":"Snake Plant","floor":21,"turns":2}],"seed_played":"-6724992224479295964","potions_obtained":[{"floor":4,"key":"ColorlessPotion"},{"floor":5,"key":"PowerPotion"},{"floor":5,"key":"Regen Potion"}],"is_trial":false,"path_per_floor":["M","M","$","M","?","R","M","$","T","M","M","M","R","$","R","B",null,"M","?","M","M"],"character_chosen":"DEFECT","items_purchased":["Self Repair","Defragment","Reinforced Body"],"campfire_rested":0,"item_purchase_floors":[3,14,14],"current_hp_per_floor":[68,68,68,68,68,68,75,75,75,60,56,63,72,72,75,31,64,41,27,15,0,0],"gold":151,"neow_bonus":"THREE_ENEMY_KILL","is_daily":false,"chose_seed":false,"campfire_upgraded":3,"win_rate":0.0,"timestamp":1612517465,"path_taken":["M","?","$","M","?","R","M","?","T","M","M","?","R","?","R","BOSS","M","?","M","M"],"items_purchased_type":["Card","Card","Card"],"build_version":"2020-12-22","purchased_purges":1,"victory":false,"max_hp_per_floor":[75,75,75,75,75,75,75,75,75,75,75,75,75,75,75,75,75,75,80,80,80,80],"relic_stats":{"counters":[11,40],"Eternal Feather":12,"Black Star":0,"obtain_stats":[{"NeowsBlessing":0,"Eternal Feather":9,"Black Star":17,"Cracked Core":0},{"NeowsBlessing":0,"Eternal Feather":4,"Black Star":8,"Cracked Core":0},{"NeowsBlessing":0,"Eternal Feather":7,"Black Star":28,"Cracked Core":0}]},"card_choices":[{"not_picked":["Go for the Eyes","Leap"],"picked":"Coolheaded","floor":1},{"not_picked":["Hello World","Storm"],"picked":"Chill","floor":2},{"not_picked":["Sweeping Beam","Fusion"],"picked":"Cold Snap","floor":4},{"not_picked":["Gash","Steam"],"picked":"Ball Lightning","floor":7},{"not_picked":["Ball Lightning","Conserve Battery"],"picked":"Sunder","floor":10},{"not_picked":["Ball Lightning","Beam Cell"],"picked":"Loop","floor":11},{"not_picked":["Scrape","Go for the Eyes","Steam Power"],"picked":"SKIP","floor":12},{"not_picked":["Multi-Cast","All For One"],"picked":"Amplify","floor":16},{"not_picked":["Cold Snap","Double Energy"],"picked":"Genetic Algorithm+1","floor":18},{"not_picked":["Gash","Rebound+1"],"picked":"Compile Driver","floor":20}],"player_experience":326551,"relics_obtained":[{"floor":9,"key":"Eternal Feather"}],"event_choices":[{"damage_healed":0,"gold_gain":0,"player_choice":"Got Potions","damage_taken":0,"max_hp_gain":0,"max_hp_loss":0,"event_name":"Lab","floor":5,"gold_loss":0},{"damage_healed":0,"gold_gain":0,"player_choice":"Shed Blood","damage_taken":19,"max_hp_gain":5,"max_hp_loss":0,"event_name":"Forgotten Altar","floor":19,"gold_loss":0}],"is_beta":false,"boss_relics":[{"not_picked":["Empty Cage","Busted Crown"],"picked":"Black Star"}],"items_purged_floors":[14],"is_endless":false,"potions_floor_spawned":[4,10,11],"killed_by":"Snake Plant","ascension_level":8}}