{"host":"uv5ws9rdk87e8i5k","time":1612487254,"event":{"mods":["AchievementEnabler","BaseMod","Colored Map","Minty Spire (QoL Compilation)","Permanent Neow","Quick Restart","StSLib","SuperFastMode","The Necromancer"],"gold_per_floor":[18,31,31,46,57,85,85,96,120,70,90,105,123,149,149,149,149],"floor_reached":16,"language":"ENG","playtime":234,"items_purged":[],"score":153,"play_id":"74f8336c-0aa3-42d7-a9c4-c33edf4b7ed6","local_time":"20210204190734","is_ascension_mode":true,"campfire_choices":[{"data":"Seeing Red","floor":7.0,"key":"SMITH"},{"data":"Infernal Blade","floor":15,"key":"SMITH"}],"circlet_count":0,"master_deck":["Strike_R","Strike_R","Strike_R","Strike_R","Defend_R","Defend_R","Defend_R","Defend_R","Bash","Bludgeon+1","Shrug It Off","Headbutt","Havoc","Seeing Red+1","Shrug It Off","Seeing Red","Feed","Havoc","Infernal Blade+1"],"relics":["Burning Blood","MealTicket","Omamori","Pen Nib"],"acts_visited":["Exordium"],"potions_floor_usage":[13,14,14,16],"damage_taken":[{"damage":0.0,"enemies":"Small Slimes","floor":1.0,"turns":3.0},{"damage":6.0,"enemies":"2 Louse","floor":2.0,"turns":2.0},{"damage":0.0,"enemies":"Cultist","floor":4.0,"turns":2.0},{"damage":11.0,"enemies":"Looter","floor":5.0,"turns":2.0},{"damage":14.0,"enemies":"Gremlin Nob","floor":6.0,"turns":3.0},{"damage":0.0,"enemies":"Blue Slaver","floor":8.0,"turns":1.0},{"damage":4.0,"enemies":"Large Slime","floor":11.0,"turns":4.0},{"damage":13.0,"enemies":"Exordium Thugs","floor":12.0,"turns":4.0},{"damage":0,"enemies":"Exordium Wildlife","floor":13,"turns":2},{"damage":2,"enemies":"3 Sentries","floor":14,"turns":3},{"damage":12,"enemies":"Slime Boss","floor":16,"turns":7}],"seed_played":"7593476083929401593","potions_obtained":[{"floor":4.0,"key":"Fruit Juice"},{"floor":5.0,"key":"Energy Potion"},{"floor":8.0,"key":"AttackPotion"},{"floor":13,"key":"Fruit Juice"},{"floor":14,"key":"Explosive Potion"}],"is_trial":false,"path_per_floor":["M","M","?","M","M","E","R","M","T","?","M","M","M","E","R","B"],"character_chosen":"IRONCLAD","items_purchased":[],"campfire_rested":0,"item_purchase_floors":[],"current_hp_per_floor":[80,80,80,80,75,67,67,73,73,73,80,73,87,94,94,82,82],"gold":149,"neow_bonus":"THREE_RARE_CARDS","is_daily":false,"chose_seed":false,"campfire_upgraded":2,"win_rate":0.0,"timestamp":1612487254,"path_taken":["M","M","?","M","M","E","R","M","T","?","M","M","M","E","R","BOSS"],"items_purchased_type":[],"build_version":"2020-12-22","purchased_purges":0,"victory":false,"max_hp_per_floor":[80,80,80,80,80,80,80,80,80,80,85,85,93,96,96,96,96],"card_choices":[{"not_picked":["Barricade","Immolate"],"picked":"Bludgeon","floor":0.0},{"not_picked":["Twin Strike","Sword Boomerang"],"picked":"Shrug It Off","floor":1.0},{"not_picked":["Evolve","Iron Wave"],"picked":"Headbutt","floor":2.0},{"not_picked":["Shockwave","Twin Strike"],"picked":"Havoc","floor":4.0},{"not_picked":["Disarm","Iron Wave","Burning Pact"],"picked":"SKIP","floor":5.0},{"not_picked":["Clothesline","Cleave"],"picked":"Seeing Red","floor":6.0},{"not_picked":["Twin Strike","Cleave"],"picked":"Shrug It Off","floor":8.0},{"not_picked":["Perfected Strike","Thunderclap"],"picked":"Seeing Red","floor":11.0},{"not_picked":["Perfected Strike","Searing Blow"],"picked":"Feed","floor":12.0},{"not_picked":["Flex","Battle Trance"],"picked":"Havoc","floor":13},{"not_picked":["True Grit","Pommel Strike"],"picked":"Infernal Blade","floor":14}],"player_experience":230613,"relics_obtained":[{"floor":6.0,"key":"MealTicket"},{"floor":9.0,"key":"Omamori"},{"floor":14,"key":"Pen Nib"}],"event_choices":[{"damage_healed":0.0,"max_hp_gain":0.0,"max_hp_loss":0.0,"gold_gain":0.0,"event_name":"Living Wall","player_choice":"Grow","floor":3.0,"gold_loss":0.0,"damage_taken":0.0,"cards_upgraded":["Bludgeon"]},{"cards_removed":["Strike_R"],"damage_healed":0.0,"max_hp_gain":0.0,"max_hp_loss":0.0,"gold_gain":0.0,"event_name":"The Cleric","player_choice":"Card Removal","floor":10.0,"gold_loss":50.0,"damage_taken":0.0}],"is_beta":false,"boss_relics":[],"items_purged_floors":[],"is_endless":false,"potions_floor_spawned":[4,5,8,13,14],"killed_by":"Slime Boss","ascension_level":2}}