{"host":"dggqshehf2ar9kzd","time":1612487602,"event":{"mods":["BaseMod","Highlight Path","Minty Spire (QoL Compilation)"],"gold_per_floor":[135,135,195,234,15,102,102,183,183,276,378,378,453,122,122,425,425,458,515,515,15,48,48,48],"floor_reached":23,"language":"ENG","playtime":1954,"items_purged":["Fusion","Feed"],"score":354,"play_id":"fbf8ca1c-56d2-4dbf-b901-b11edb6e6646","local_time":"20210204201322","daily_mods":["Draft","Diverse","Colorless Cards","Flight","DeadlyEvents","Elite Swarm","Midas"],"is_ascension_mode":true,"campfire_choices":[{"floor":7,"key":"REST"},{"floor":12,"key":"REST"},{"floor":15,"key":"REST"}],"circlet_count":0,"master_deck":["Aggregate","Evaluate","Iron Wave","Inflame","Reprogram","Shrug It Off","Rupture","Flying Knee","FlurryOfBlows","True Grit","Riddle With Holes","Go for the Eyes","Pommel Strike","Acrobatics","Riddle With Holes","Heavy Blade","Backflip","Inflame","Reboot","Secret Technique","ConjureBlade","Headbutt","Flash of Steel","Seek","Hemokinesis+1","Pray+1","RitualDagger","Hemokinesis+1","Iron Wave"],"relics":["FrozenCore","Chemical X","MealTicket","TungstenRod","Gremlin Horn","Potion Belt","Bag of Marbles","Art of War","TheAbacus","DollysMirror","Matryoshka"],"acts_visited":["Exordium","TheCity"],"potions_floor_usage":[18,23],"damage_taken":[{"damage":0,"enemies":"Cultist","floor":1,"turns":3},{"damage":1,"enemies":"2 Louse","floor":3,"turns":3},{"damage":0,"enemies":"Small Slimes","floor":4,"turns":2},{"damage":13,"enemies":"Gremlin Nob","floor":6,"turns":3},{"damage":24,"enemies":"Lagavulin","floor":8,"turns":5},{"damage":17,"enemies":"3 Sentries","floor":10,"turns":7},{"damage":11,"enemies":"Lagavulin","floor":11,"turns":6},{"damage":12,"enemies":"3 Sentries","floor":13,"turns":5},{"damage":29,"enemies":"The Guardian","floor":16,"turns":7},{"damage":0,"enemies":"2 Thieves","floor":18,"turns":3},{"damage":17,"enemies":"Shell Parasite","floor":19,"turns":5},{"damage":10,"enemies":"Cultist and Chosen","floor":22,"turns":3},{"damage":39,"enemies":"Book of Stabbing","floor":23,"turns":5}],"seed_played":"9013695300055824269","potions_obtained":[{"floor":1,"key":"SpeedPotion"},{"floor":4,"key":"ColorlessPotion"},{"floor":6,"key":"Fire Potion"},{"floor":16,"key":"Swift Potion"},{"floor":19,"key":"BlessingOfTheForge"}],"is_trial":true,"path_per_floor":["M","?","M","M","$","E","R","E","T","E","E","R","E","$","R","B",null,"M","M","?","$","M","E"],"character_chosen":"DEFECT","items_purchased":["Chemical X","Inflame","Headbutt","TheAbacus","Flash of Steel","DollysMirror","Matryoshka"],"campfire_rested":3,"item_purchase_floors":[5,5,14,14,14,21,21],"current_hp_per_floor":[68,68,67,67,67,54,75,51,51,37,26,49,37,52,75,46,70,70,53,48,63,53,14,14],"gold":48,"neow_bonus":"","is_daily":false,"chose_seed":false,"campfire_upgraded":0,"win_rate":0.0,"timestamp":1612487602,"path_taken":["M","?","M","M","$","E","R","E","T","E","E","R","E","$","R","BOSS","M","M","?","$","M","E"],"items_purchased_type":["Relic","Card","Card","Relic","Card","Relic","Relic"],"build_version":"2020-12-22","purchased_purges":2,"victory":false,"max_hp_per_floor":[75,75,75,75,75,75,75,75,75,78,78,78,78,78,78,78,78,78,78,78,78,78,78,78],"card_choices":[{"not_picked":["SashWhip","Flash of Steel"],"picked":"Aggregate","floor":0},{"not_picked":["Sword Boomerang","Coolheaded"],"picked":"Evaluate","floor":0},{"not_picked":["Crescendo","Conclude"],"picked":"Iron Wave","floor":0},{"not_picked":["Footwork","InnerPeace"],"picked":"Inflame","floor":0},{"not_picked":["Rupture","Leap"],"picked":"Reprogram","floor":0},{"not_picked":["ThirdEye","Wild Strike"],"picked":"Shrug It Off","floor":0},{"not_picked":["Flying Knee","Compile Driver"],"picked":"Rupture","floor":0},{"not_picked":["BowlingBash","Steam"],"picked":"Flying Knee","floor":0},{"not_picked":["Intimidate","Hologram"],"picked":"FlurryOfBlows","floor":0},{"not_picked":["SashWhip","Clash"],"picked":"True Grit","floor":0},{"not_picked":["Fasting2","Darkness"],"picked":"Riddle With Holes","floor":0},{"not_picked":["Hologram","Havoc"],"picked":"Go for the Eyes","floor":0},{"not_picked":["Dodge and Roll","Purity"],"picked":"Pommel Strike","floor":0},{"not_picked":["Redo","FlurryOfBlows"],"picked":"Acrobatics","floor":0},{"not_picked":["Iron Wave","Leap"],"picked":"Riddle With Holes","floor":0},{"not_picked":["Static Discharge","Halt"],"picked":"Fusion","floor":1},{"not_picked":["Anger","Seeing Red"],"picked":"Heavy Blade","floor":3},{"not_picked":["Beam Cell","FlyingSleeves"],"picked":"Backflip","floor":4},{"not_picked":["Demon Form","Reaper"],"picked":"Reboot","floor":6},{"not_picked":["Magnetism","Venomology"],"picked":"Feed","floor":8},{"not_picked":["Fission","Vault"],"picked":"Secret Technique","floor":10},{"not_picked":["Secret Weapon","Scrawl"],"picked":"ConjureBlade","floor":11},{"not_picked":["MasterReality","SpiritShield","Barricade"],"picked":"SKIP","floor":13},{"not_picked":["Electrodynamics","Judgement"],"picked":"Seek","floor":16},{"not_picked":["Aggregate+1","Turbo+1"],"picked":"Hemokinesis+1","floor":18},{"not_picked":["Clash+1","Entrench+1"],"picked":"Pray+1","floor":19},{"not_picked":["Blood for Blood","Sword Boomerang+1"],"picked":"Iron Wave","floor":22}],"player_experience":335373,"relics_obtained":[{"floor":6,"key":"MealTicket"},{"floor":8,"key":"TungstenRod"},{"floor":9,"key":"Gremlin Horn"},{"floor":10,"key":"Potion Belt"},{"floor":11,"key":"Bag of Marbles"},{"floor":13,"key":"Art of War"}],"event_choices":[{"damage_healed":0,"gold_gain":0,"player_choice":"Fled","damage_taken":0,"max_hp_gain":0,"max_hp_loss":0,"event_name":"Scrap Ooze","floor":2,"gold_loss":0},{"damage_healed":0,"gold_gain":0,"player_choice":"Joined the Cult","damage_taken":6,"max_hp_gain":0,"max_hp_loss":0,"event_name":"Nest","floor":20,"gold_loss":0,"cards_obtained":["RitualDagger"]}],"is_beta":false,"boss_relics":[{"not_picked":["Nuclear Battery","Inserter"],"picked":"FrozenCore"}],"items_purged_floors":[14,21],"is_endless":true,"potions_floor_spawned":[1,4,6,16,19],"killed_by":"Book of Stabbing","ascension_level":9}}