{"host":"8z0h4areh8sio1k0","time":1612507166,"event":{"mods":["Act Like it!","Aspiration","BaseMod","Colored Map","Conspire","Hubris","Minty Spire (QoL Compilation)","Replay The Spire","StSLib","TestMod","The Bug Knight"],"gold_per_floor":[112,112,112,129,129,156,174,174,201,46,63,73,73,89,89,188,188,205,222,72,72,87,87,87,87,114,114,133,133,133],"floor_reached":29,"language":"ZHS","playtime":1188,"items_purged":["Strike_G"],"score":250,"play_id":"c787a241-ba97-4617-bf5c-50a84f1c65c1","local_time":"20210205143926","is_ascension_mode":false,"campfire_choices":[{"data":"Neutralize","floor":8.0,"key":"SMITH"},{"data":"Accuracy","floor":15.0,"key":"SMITH"},{"data":"Hidden Blade","floor":23,"key":"SMITH"},{"data":"Distraction","floor":25,"key":"SMITH"}],"circlet_count":0,"master_deck":["Strike_G","Strike_G","Strike_G","Strike_G","Defend_G","Defend_G","Defend_G","Defend_G","Defend_G+1","Survivor","Neutralize+1","Acrobatics+1","Poisoned Stab","Accuracy+1","Hidden Blade+1","Expertise","Distraction+1","hubris:SlightOfHand+1","PiercingWail+1"],"relics":["Ring of the Snake","testmod-TestBox","testmod-TimeTraveler","NeowsBlessing","aspiration:StickyExplosives_weak","conspire:Flyswatter","conspire:TopHat","testmod-Temperance","testmod-Antiphasic","Pen Nib","Ice Cream"],"acts_visited":["Exordium","TheCity"],"potions_floor_usage":[22,22,28],"damage_taken":[{"damage":0.0,"enemies":"Jaw Worm","floor":1.0,"turns":1.0},{"damage":0.0,"enemies":"Small Slimes","floor":4.0,"turns":1.0},{"damage":0.0,"enemies":"HollowMod:MossKnight","floor":6.0,"turns":1.0},{"damage":0.0,"enemies":"2 Louse","floor":7.0,"turns":2.0},{"damage":1.0,"enemies":"conspire:2 RoseBushes","floor":11.0,"turns":8.0},{"damage":0.0,"enemies":"2 Fungi Beasts","floor":12.0,"turns":4.0},{"damage":11.0,"enemies":"Exordium Wildlife","floor":14.0,"turns":8.0},{"damage":13.0,"enemies":"Hexaghost","floor":16.0,"turns":12.0},{"damage":10.0,"enemies":"2 Thieves","floor":18.0,"turns":3.0},{"damage":2.0,"enemies":"Chosen","floor":19.0,"turns":4.0},{"damage":32,"enemies":"Snake Plant","floor":22,"turns":5},{"damage":12,"enemies":"Centurion and Healer","floor":28,"turns":7},{"damage":13,"enemies":"Snecko","floor":29,"turns":6}],"seed_played":"-8543911425462592611","potions_obtained":[{"floor":6.0,"key":"LiquidBronze"},{"floor":11.0,"key":"CunningPotion"},{"floor":12.0,"key":"Cursed Concoction"},{"floor":18.0,"key":"Explosive Potion"},{"floor":22,"key":"SteroidPotion"}],"is_trial":false,"path_per_floor":["M","?","T","M","$","E","M","R","T","$","M","M","?","M","R","B",null,"M","M","$","?","M","R","?","R","T","?","M","M"],"character_chosen":"THE_SILENT","items_purchased":["Accuracy","testmod-Antiphasic"],"campfire_rested":0,"item_purchase_floors":[10,20],"current_hp_per_floor":[70,56,56,56,56,56,56,56,56,56,55,55,55,44,44,31,70,60,58,58,58,26,26,26,26,26,26,14,1,1],"gold":133,"neow_bonus":"THREE_ENEMY_KILL","is_daily":false,"chose_seed":false,"campfire_upgraded":4,"win_rate":0.0,"timestamp":1612507166,"path_taken":["M","?","?","M","?","E","M","R","T","$","?","M","?","M","R","BOSS","M","M","$","?","M","R","?","R","T","?","M","M"],"items_purchased_type":["Card","Relic"],"build_version":"2020-12-22","purchased_purges":1,"victory":false,"max_hp_per_floor":[70,70,70,70,70,70,70,70,70,70,70,70,70,70,70,70,70,70,70,70,70,70,70,70,70,70,70,70,70,70],"card_choices":[{"not_picked":["Cloak And Dagger","Flying Knee"],"picked":"Acrobatics","floor":1.0},{"not_picked":["Slice","Leg Sweep"],"picked":"Poisoned Stab","floor":4.0},{"not_picked":["Cloak And Dagger","Malaise","Flying Knee"],"picked":"SKIP","floor":6.0},{"not_picked":["ReplayTheSpireMod:The Works","Sucker Punch","Draining Mist"],"picked":"SKIP","floor":7.0},{"not_picked":["Slice","Quick Slash"],"picked":"Hidden Blade","floor":11.0},{"not_picked":["ReplayTheSpireMod:Scrap Shanks","Prepared"],"picked":"Expertise","floor":12.0},{"not_picked":["Flechettes","Deflect"],"picked":"Distraction","floor":14.0},{"not_picked":["Cloak And Dagger","Eviscerate+1"],"picked":"hubris:SlightOfHand+1","floor":18.0},{"not_picked":["Well Laid Plans","PiercingWail","Hidden Blade"],"picked":"SKIP","floor":19.0},{"not_picked":["hubris:TrickCloak","ReplayTheSpireMod:The Works","Skewer+1"],"picked":"SKIP","floor":22},{"not_picked":["Sucker Punch+1","Hidden Blade"],"picked":"PiercingWail+1","floor":28}],"player_experience":513299,"relics_obtained":[{"floor":3.0,"key":"aspiration:StickyExplosives_weak"},{"floor":6.0,"key":"conspire:Flyswatter"},{"floor":9.0,"key":"conspire:TopHat"},{"floor":26,"key":"Pen Nib"}],"event_choices":[{"damage_healed":0.0,"max_hp_gain":0.0,"max_hp_loss":0.0,"gold_gain":0.0,"event_name":"Shining Light","player_choice":"Entered Light","floor":2.0,"gold_loss":0.0,"damage_taken":14.0,"cards_upgraded":["Acrobatics","Defend_G"]},{"damage_healed":0.0,"max_hp_gain":0.0,"max_hp_loss":0.0,"gold_gain":0.0,"event_name":"conspire:LoneGhost","player_choice":"Disagree","floor":13.0,"gold_loss":0.0,"damage_taken":0.0},{"damage_healed":0,"gold_gain":0,"player_choice":"Ignored","damage_taken":0,"max_hp_gain":0,"max_hp_loss":0,"event_name":"Ghosts","floor":24,"gold_loss":0}],"is_beta":false,"boss_relics":[{"not_picked":["hubris:BlackHole","Runic Dome"],"picked":"testmod-Temperance"}],"items_purged_floors":[10],"is_endless":false,"potions_floor_spawned":[6,11,12,18,22],"killed_by":"Snecko","ascension_level":0}}