{"host":"nolo0osttpwefhwj","time":1612558947,"event":{"mods":["AchievementEnabler","BaseMod","Bestiary","Colored Powertips","Minty Spire (QoL Compilation)","Permanent Neow","Quick Restart","Relic Stats"],"gold_per_floor":[117,117,127,147,222,255,20,20,43,75,75,75,109,84,84,162,162,181,181,181,181,201,201,226,236,236,270,270,17,42,56,56,133,133,148,14,14,14,25,25,25,44,44,58,58,58,58,8,8,8,8,8,8,34,34],"floor_reached":56,"language":"ENG","playtime":3641,"items_purged":["Strike_R","Pain","Writhe"],"score":2278,"play_id":"fd71c9b0-269d-419b-9843-cbcd8b9b23c6","local_time":"20210205220227","is_ascension_mode":true,"campfire_choices":[{"data":"Entrench","floor":8.0,"key":"SMITH"},{"data":"Barricade","floor":12.0,"key":"SMITH"},{"data":"Uppercut","floor":15.0,"key":"SMITH"},{"data":"Impervious","floor":23.0,"key":"SMITH"},{"data":"True Grit","floor":32.0,"key":"SMITH"},{"data":"Impervious","floor":40.0,"key":"SMITH"},{"floor":49.0,"key":"RECALL"},{"floor":52.0,"key":"REST"}],"circlet_count":0,"master_deck":["AscendersBane","Strike_R","Strike_R","Defend_R","Defend_R","Defend_R","Defend_R","Bash","Impervious+1","Uppercut+1","Entrench+1","Barricade+1","Body Slam","Exhume","Feed","True Grit+1","Writhe","Flame Barrier","Feel No Pain+1","Heavy Blade","Evolve+1","Feel No Pain+1","Impervious+1","Shrug It Off","Shrug It Off","Disarm","Power Through+1"],"relics":["Burning Blood","Bronze Scales","Pen Nib","Lantern","Art of War","Juzu Bracelet","Frozen Egg 2","Meat on the Bone","SacredBark","Regal Pillow","WarpedTongs","PreservedInsect","Smiling Mask","Blood Vial","Medical Kit","Bag of Marbles","Cursed Key","Vajra"],"acts_visited":["Exordium","TheCity","TheBeyond","TheEnding"],"potions_floor_usage":[55],"damage_taken":[{"damage":5.0,"enemies":"Small Slimes","floor":1.0,"turns":5.0},{"damage":1.0,"enemies":"Cultist","floor":3.0,"turns":3.0},{"damage":9.0,"enemies":"Jaw Worm","floor":4.0,"turns":3.0},{"damage":30.0,"enemies":"3 Sentries","floor":6.0,"turns":11.0},{"damage":0.0,"enemies":"Lagavulin","floor":10.0,"turns":22.0},{"damage":30.0,"enemies":"Gremlin Nob","floor":13.0,"turns":4.0},{"damage":15.0,"enemies":"Exordium Thugs","floor":14.0,"turns":4.0},{"damage":0.0,"enemies":"The Guardian","floor":16.0,"turns":7.0},{"damage":14.0,"enemies":"Shell Parasite","floor":18.0,"turns":10.0},{"damage":4.0,"enemies":"Spheric Guardian","floor":22.0,"turns":9.0},{"damage":5.0,"enemies":"Gremlin Leader","floor":24.0,"turns":13.0},{"damage":18.0,"enemies":"Snake Plant","floor":25.0,"turns":6.0},{"damage":36.0,"enemies":"Slavers","floor":27.0,"turns":4.0},{"damage":2.0,"enemies":"Book of Stabbing","floor":30.0,"turns":8.0},{"damage":16.0,"enemies":"Centurion and Healer","floor":31.0,"turns":13.0},{"damage":9.0,"enemies":"Champ","floor":33.0,"turns":11.0},{"damage":16.0,"enemies":"3 Darklings","floor":35.0,"turns":9.0},{"damage":16.0,"enemies":"Orb Walker","floor":39.0,"turns":9.0},{"damage":0.0,"enemies":"Maw","floor":42.0,"turns":17.0},{"damage":34.0,"enemies":"3 Darklings","floor":44.0,"turns":13.0},{"damage":76.0,"enemies":"Awakened One","floor":50.0,"turns":13.0},{"damage":0.0,"enemies":"Shield and Spear","floor":54.0,"turns":18.0},{"damage":47,"enemies":"The Heart","floor":55,"turns":15}],"seed_played":"8525164472246861612","potions_obtained":[{"floor":1.0,"key":"Weak Potion"},{"floor":3.0,"key":"SteroidPotion"},{"floor":13.0,"key":"AttackPotion"},{"floor":16.0,"key":"ColorlessPotion"},{"floor":24.0,"key":"PowerPotion"},{"floor":25.0,"key":"SpeedPotion"},{"floor":27.0,"key":"SneckoOil"},{"floor":30.0,"key":"Fruit Juice"},{"floor":31.0,"key":"AttackPotion"}],"is_trial":false,"path_per_floor":["M","?","M","M","?","E","$","R","T","E","?","R","E","M","R","B",null,"M","?","?","?","M","R","E","M","T","E","?","$","E","M","R","B",null,"M","$","?","$","M","R","$","M","T","M","?","?","?","$","R","B",null,"R","$","E","B",null],"character_chosen":"IRONCLAD","items_purchased":["Lantern","Medical Kit","Evolve+1","DuplicationPotion"],"campfire_rested":1,"item_purchase_floors":[7,29,29,36],"current_hp_per_floor":[69,69,74,71,60,36,36,36,36,42,42,42,18,21,21,39,66,61,61,61,61,67,67,72,63,63,48,48,48,54,72,72,75,101,93,93,93,93,89,89,89,101,101,79,79,79,79,79,79,27,101,126,126,130,89],"gold":34,"neow_bonus":"ONE_RANDOM_RARE_CARD","is_daily":false,"chose_seed":false,"campfire_upgraded":6,"win_rate":0.0,"timestamp":1612558947,"path_taken":["M","?","M","?","?","E","$","R","T","E","?","R","E","M","R","BOSS","M","?","?","?","M","R","E","M","T","E","?","$","E","M","R","BOSS","M","$","?","?","M","R","$","M","T","M","?","?","?","$","R","BOSS","R","$","E","BOSS"],"items_purchased_type":["Relic","Relic","Card","Potion"],"build_version":"2020-12-22","purchased_purges":3,"victory":true,"max_hp_per_floor":[75,75,75,75,75,75,75,75,75,75,75,75,75,75,75,75,75,78,78,78,78,82,82,86,89,89,92,92,92,92,106,106,110,110,110,110,110,110,114,114,114,118,118,122,122,122,122,122,122,126,126,126,126,130,130],"relic_stats":{"Regal Pillow":0,"counters":[23,227],"Pen Nib":[15],"PreservedInsect":172,"Juzu Bracelet":3,"Smiling Mask":125,"Medical Kit":[24],"Cursed Key":1,"Burning Blood":132,"WarpedTongs":[132],"Blood Vial":16,"Bronze Scales":[877],"Art of War":[95],"obtain_stats":[{"Lantern":7,"Regal Pillow":19,"SacredBark":17,"Vajra":54,"Pen Nib":6,"PreservedInsect":24,"Juzu Bracelet":10,"Frozen Egg 2":11,"Smiling Mask":26,"Medical Kit":29,"Cursed Key":34,"Burning Blood":0,"WarpedTongs":20,"Blood Vial":27,"Bronze Scales":2,"Art of War":9,"Bag of Marbles":30,"Meat on the Bone":13},{"Lantern":4,"Regal Pillow":9,"SacredBark":8,"Vajra":22,"Pen Nib":4,"PreservedInsect":11,"Juzu Bracelet":5,"Frozen Egg 2":5,"Smiling Mask":12,"Medical Kit":13,"Cursed Key":16,"Burning Blood":0,"WarpedTongs":9,"Blood Vial":13,"Bronze Scales":1,"Art of War":4,"Bag of Marbles":14,"Meat on the Bone":6},{"Lantern":22,"Regal Pillow":69,"SacredBark":59,"Vajra":212,"Pen Nib":22,"PreservedInsect":91,"Juzu Bracelet":44,"Frozen Egg 2":44,"Smiling Mask":97,"Medical Kit":101,"Cursed Key":133,"Burning Blood":0,"WarpedTongs":69,"Blood Vial":101,"Bronze Scales":5,"Art of War":22,"Bag of Marbles":109,"Meat on the Bone":48}],"Meat on the Bone":60},"card_choices":[{"not_picked":["Blood for Blood","True Grit"],"picked":"Uppercut","floor":1.0},{"not_picked":["Cleave","Second Wind"],"picked":"Entrench","floor":3.0},{"not_picked":["Searing Blow","Blood for Blood","Twin Strike"],"picked":"SKIP","floor":4.0},{"not_picked":["Flex","Warcry"],"picked":"Barricade","floor":6.0},{"not_picked":["Perfected Strike","Infernal Blade"],"picked":"Body Slam","floor":10.0},{"not_picked":["Clash","Rage","Clothesline"],"picked":"SKIP","floor":13.0},{"not_picked":["Armaments","Heavy Blade"],"picked":"Exhume","floor":14.0},{"not_picked":["Exhume","Fiend Fire"],"picked":"Feed","floor":16.0},{"not_picked":["Sword Boomerang","Pommel Strike"],"picked":"True Grit","floor":18.0},{"not_picked":["Armaments","Heavy Blade+1","Limit Break"],"picked":"SKIP","floor":22.0},{"not_picked":["Flex","Heavy Blade","Twin Strike"],"picked":"SKIP","floor":24.0},{"not_picked":["Body Slam+1","Dark Embrace+1"],"picked":"Feel No Pain+1","floor":25.0},{"not_picked":["Thunderclap","Sword Boomerang","Sever Soul"],"picked":"SKIP","floor":27.0},{"not_picked":["Flex","Searing Blow"],"picked":"Feel No Pain+1","floor":30.0},{"not_picked":["Dark Embrace+1","Anger","Sword Boomerang"],"picked":"SKIP","floor":31.0},{"not_picked":["Demon Form+1","Reaper"],"picked":"Impervious","floor":33.0},{"not_picked":["Clothesline","Body Slam","Cleave"],"picked":"SKIP","floor":35.0},{"not_picked":["Pommel Strike","Warcry"],"picked":"Shrug It Off","floor":39.0},{"not_picked":["Headbutt","Havoc"],"picked":"Shrug It Off","floor":42.0},{"not_picked":["Pommel Strike+1","Spot Weakness+1","True Grit"],"picked":"SKIP","floor":44.0},{"not_picked":["Havoc+1","Body Slam"],"picked":"Power Through+1","floor":54.0}],"player_experience":306945,"relics_obtained":[{"floor":6.0,"key":"Pen Nib"},{"floor":9.0,"key":"Art of War"},{"floor":10.0,"key":"Juzu Bracelet"},{"floor":11.0,"key":"Frozen Egg 2"},{"floor":13.0,"key":"Meat on the Bone"},{"floor":24.0,"key":"PreservedInsect"},{"floor":26.0,"key":"Smiling Mask"},{"floor":27.0,"key":"Blood Vial"},{"floor":30.0,"key":"Bag of Marbles"},{"floor":54.0,"key":"Vajra"}],"event_choices":[{"damage_healed":0.0,"max_hp_gain":0.0,"max_hp_loss":0.0,"gold_gain":0.0,"event_name":"WeMeetAgain","player_choice":"Gave Potion","floor":2.0,"gold_loss":0.0,"damage_taken":0.0,"relics_obtained":["Bronze Scales"]},{"damage_healed":0.0,"max_hp_gain":0.0,"max_hp_loss":0.0,"gold_gain":75.0,"event_name":"World of Goop","player_choice":"Gather Gold","floor":5.0,"gold_loss":0.0,"damage_taken":11.0},{"damage_healed":0.0,"max_hp_gain":0.0,"max_hp_loss":0.0,"gold_gain":0.0,"event_name":"Wheel of Change","player_choice":"Relic","floor":11.0,"gold_loss":0.0,"damage_taken":0.0},{"damage_healed":0.0,"max_hp_gain":0.0,"max_hp_loss":0.0,"gold_gain":0.0,"event_name":"The Mausoleum","player_choice":"Opened","floor":19.0,"gold_loss":0.0,"damage_taken":0.0,"relics_obtained":["Regal Pillow"],"cards_obtained":["Writhe"]},{"damage_healed":0.0,"max_hp_gain":0.0,"max_hp_loss":0.0,"gold_gain":0.0,"event_name":"Accursed Blacksmith","player_choice":"Rummage","floor":20.0,"gold_loss":0.0,"damage_taken":0.0,"relics_obtained":["WarpedTongs"],"cards_obtained":["Pain"]},{"damage_healed":0.0,"max_hp_gain":0.0,"max_hp_loss":0.0,"gold_gain":0.0,"event_name":"The Library","player_choice":"Read","floor":21.0,"gold_loss":0.0,"damage_taken":0.0,"cards_obtained":["Flame Barrier"]},{"damage_healed":0.0,"max_hp_gain":0.0,"max_hp_loss":0.0,"gold_gain":0.0,"cards_transformed":["Strike_R","Strike_R"],"event_name":"Drug Dealer","player_choice":"Became Test Subject","floor":28.0,"gold_loss":0.0,"damage_taken":0.0,"cards_obtained":["Second Wind","Heavy Blade"]},{"damage_healed":0.0,"max_hp_gain":0.0,"max_hp_loss":0.0,"gold_gain":0.0,"event_name":"Lab","player_choice":"Got Potions","floor":37.0,"gold_loss":0.0,"damage_taken":0.0},{"damage_healed":0.0,"max_hp_gain":0.0,"max_hp_loss":0.0,"gold_gain":0.0,"event_name":"Match and Keep!","player_choice":"1 cards matched","floor":45.0,"gold_loss":0.0,"damage_taken":0.0,"cards_obtained":["Disarm"]},{"damage_healed":0.0,"max_hp_gain":0.0,"max_hp_loss":0.0,"gold_gain":0.0,"event_name":"Mysterious Sphere","player_choice":"Ignored","floor":46.0,"gold_loss":0.0,"damage_taken":0.0},{"cards_removed":["Second Wind"],"damage_healed":0.0,"max_hp_gain":0.0,"max_hp_loss":0.0,"gold_gain":0.0,"event_name":"Falling","player_choice":"Removed Skill","floor":47.0,"gold_loss":0.0,"damage_taken":0.0}],"is_beta":false,"boss_relics":[{"not_picked":["Calling Bell","Tiny House"],"picked":"SacredBark"},{"not_picked":["Astrolabe","Runic Pyramid"],"picked":"Cursed Key"}],"items_purged_floors":[7,36,48],"is_endless":false,"potions_floor_spawned":[1,3,13,16,24,25,27,30,31,39,42],"ascension_level":17}}