{"host":"3ghcx3e93lhog3cp","time":1612492794,"event":{"mods":["AchievementEnabler","BaseMod","Downfall","Minty Spire (QoL Compilation)","Replay The Spire","StSLib"],"gold_per_floor":[115,115,131,131,131,170,170,208,208,263,303,345,357,63,63,63,63],"floor_reached":16,"language":"ENG","playtime":1261,"items_purged":[],"score":136,"play_id":"b5f90511-44a7-4ac2-a8f5-c03b3c298a26","local_time":"20210204183954","is_ascension_mode":true,"campfire_choices":[{"data":"Havoc","floor":7.0,"key":"SMITH"},{"floor":15,"key":"REST"}],"circlet_count":0,"master_deck":["Strike_R","Strike_R","Strike_R","Strike_R","Strike_R","Defend_R","Defend_R","Defend_R","Defend_R","Bash","hexamod:Strike","Immolate","Havoc+1","Iron Wave","Languid","Limit Break","ReplayTheSpireMod:Muscle Training","ReplayTheSpireMod:Strike From Hell","True Grit","Headbutt","Shrug It Off","ReplayTheSpireMod:LeadingStrike","Purity"],"relics":["Burning Blood","ReplayTheSpireMod:Ring of Addiction","Potion Belt","White Beast Statue","ReplayTheSpireMod:Ring of Collecting","Golden Idol","Gremlin Horn","Replay:Bottled Flurry","ReplayTheSpireMod:Ring of Challenge","MawBank","CeramicFish","Ring of Hypnosis","Letter Opener","Replay:Baseball"],"acts_visited":["Exordium"],"potions_floor_usage":[12,12,16],"damage_taken":[{"damage":0.0,"enemies":"2 Louse","floor":1.0,"turns":1.0},{"damage":0.0,"enemies":"Small Slimes","floor":3.0,"turns":2.0},{"damage":10.0,"enemies":"Gremlin Nob","floor":6.0,"turns":3.0},{"damage":25.0,"enemies":"Lagavulin","floor":8.0,"turns":5.0},{"damage":33.0,"enemies":"Replay:BlueRogue","floor":10.0,"turns":6.0},{"damage":9.0,"enemies":"Jaw Worm","floor":11.0,"turns":4.0},{"damage":0,"enemies":"Exordium Thugs","floor":12,"turns":1},{"damage":43,"enemies":"The Guardian","floor":16,"turns":7}],"seed_played":"-1248774068583066304","potions_obtained":[{"floor":1.0,"key":"LiquidMemories"},{"floor":4.0,"key":"sneckomod:MuddlingPotion"},{"floor":4.0,"key":"GamblersBrew"},{"floor":4.0,"key":"SkillPotion"},{"floor":6.0,"key":"hexamod:SoulburnPotion"},{"floor":8.0,"key":"bronze:BurnAndBuffPotion"},{"floor":10.0,"key":"SpeedPotion"},{"floor":11.0,"key":"Dexterity Potion"},{"floor":12,"key":"BlessingOfTheForge"}],"is_trial":false,"path_per_floor":["M","?","M","?","?","E","R","E","T","E","M","M","T","$","R","B"],"character_chosen":"IRONCLAD","items_purchased":["Shrug It Off","ReplayTheSpireMod:LeadingStrike","Replay:Baseball","Purity"],"campfire_rested":1,"item_purchase_floors":[14,14,14,14],"current_hp_per_floor":[80,80,80,80,60,56,56,37,37,10,7,13,13,13,37,0,0],"gold":63,"neow_bonus":"THREE_RARE_CARDS","is_daily":false,"chose_seed":false,"campfire_upgraded":1,"win_rate":0.0,"timestamp":1612492794,"path_taken":["M","?","M","?","?","E","R","E","T","E","M","?","?","$","R","BOSS"],"items_purchased_type":["Card","Card","Relic","Card"],"build_version":"2020-12-22","purchased_purges":0,"victory":false,"max_hp_per_floor":[80,80,80,80,80,80,80,80,80,80,80,80,80,80,80,78,78],"card_choices":[{"not_picked":["Hemogenesis","Demon Form"],"picked":"Immolate","floor":0.0},{"not_picked":["Body Slam","Cleave"],"picked":"Havoc","floor":1.0},{"not_picked":["Replay:Undeath\u0027s Touch","Searing Blow"],"picked":"Iron Wave","floor":3.0},{"not_picked":["Sentinel","Heavy Blade"],"picked":"Limit Break","floor":6.0},{"not_picked":["Combust","Shrug It Off"],"picked":"ReplayTheSpireMod:Muscle Training","floor":8.0},{"not_picked":["Thunderclap","Run Through"],"picked":"ReplayTheSpireMod:Strike From Hell","floor":10.0},{"not_picked":["Iron Wave","Disarm"],"picked":"True Grit","floor":11.0},{"not_picked":["Body Slam","Anger"],"picked":"Headbutt","floor":12}],"player_experience":259133,"relics_obtained":[{"floor":4.0,"key":"ReplayTheSpireMod:Ring of Addiction"},{"floor":4.0,"key":"Potion Belt"},{"floor":4.0,"key":"White Beast Statue"},{"floor":4.0,"key":"ReplayTheSpireMod:Ring of Collecting"},{"floor":6.0,"key":"Gremlin Horn"},{"floor":8.0,"key":"Replay:Bottled Flurry"},{"floor":9.0,"key":"ReplayTheSpireMod:Ring of Challenge"},{"floor":9.0,"key":"MawBank"},{"floor":10.0,"key":"CeramicFish"},{"floor":13,"key":"Ring of Hypnosis"},{"floor":13,"key":"Letter Opener"}],"event_choices":[{"cards_removed":["Slimebound:Defend_Slimebound"],"damage_healed":0.0,"max_hp_gain":0.0,"max_hp_loss":0.0,"gold_gain":0.0,"event_name":"Living Wall","player_choice":"Forget","floor":2.0,"gold_loss":0.0,"damage_taken":0.0},{"damage_healed":0.0,"max_hp_gain":0.0,"max_hp_loss":0.0,"gold_gain":0.0,"event_name":"Golden Idol","player_choice":"Take Damage","floor":5.0,"gold_loss":0.0,"damage_taken":20.0,"relics_obtained":["Golden Idol"]}],"is_beta":false,"boss_relics":[],"items_purged_floors":[],"is_endless":false,"potions_floor_spawned":[1,6,8,10,11,12],"killed_by":"The Guardian","ascension_level":3}}