{"host":"06t6i6dwlvtvdxau","time":1612504067,"event":{"mods":["BaseMod","Colored Map","Colored Powertips","GifTheSpireLib","Minty Spire (QoL Compilation)","Quick Restart","Shop Mod","StSLib"],"gold_per_floor":[113,113,1,18,32,32,67,79,79,79,79,93,93,111,111,235,235,235],"floor_reached":17,"language":"FRA","playtime":719,"items_purged":["Defend_R"],"score":220,"play_id":"881e3eca-865a-4ba3-b464-954fe7b349c6","local_time":"20210205064747","is_ascension_mode":true,"campfire_choices":[{"data":"Flame Barrier","floor":6,"key":"SMITH"},{"data":"Demon Form","floor":10,"key":"SMITH"},{"data":"Disarm","floor":15,"key":"SMITH"}],"circlet_count":0,"master_deck":["Strike_R","Strike_R+1","Strike_R","Strike_R","Strike_R","Defend_R","Defend_R","Bash+1","Flame Barrier+1","Metallicize","Dropkick","Clash","Iron Wave","Demon Form+1","Disarm+1","Iron Wave","Reaper"],"relics":["Burning Blood","Self Forming Clay","Matryoshka","Golden Idol","Mark of Pain"],"acts_visited":["Exordium","TheCity"],"potions_floor_usage":[],"damage_taken":[{"damage":11,"enemies":"Jaw Worm","floor":1,"turns":4},{"damage":4,"enemies":"2 Louse","floor":4,"turns":5},{"damage":0,"enemies":"Small Slimes","floor":5,"turns":3},{"damage":2,"enemies":"Gremlin Nob","floor":7,"turns":4},{"damage":7,"enemies":"Gremlin Gang","floor":8,"turns":4},{"damage":8,"enemies":"Looter","floor":12,"turns":4},{"damage":5,"enemies":"Exordium Wildlife","floor":14,"turns":3},{"damage":39,"enemies":"Hexaghost","floor":16,"turns":7}],"seed_played":"-2236730431979167654","potions_obtained":[{"floor":1,"key":"LiquidMemories"},{"floor":5,"key":"Dexterity Potion"},{"floor":8,"key":"EssenceOfSteel"},{"floor":14,"key":"SteroidPotion"}],"is_trial":false,"path_per_floor":["M","?","$","M","M","R","E","M","T","R","?","M","?","M","R","B",null],"character_chosen":"IRONCLAD","items_purchased":["Metallicize"],"campfire_rested":0,"item_purchase_floors":[3],"current_hp_per_floor":[75,57,57,59,65,65,69,68,68,68,68,66,66,67,67,34,69,69],"gold":235,"neow_bonus":"TEN_PERCENT_HP_BONUS","is_daily":false,"chose_seed":false,"campfire_upgraded":3,"win_rate":0.0,"timestamp":1612504067,"path_taken":["M","?","$","M","M","R","E","M","T","R","?","M","?","?","R","BOSS"],"items_purchased_type":["Card"],"build_version":"2020-12-22","purchased_purges":1,"victory":false,"max_hp_per_floor":[88,88,88,88,88,88,88,88,88,88,81,81,81,81,81,81,81,81],"card_choices":[{"not_picked":["Bloodletting","Evolve"],"picked":"Flame Barrier","floor":1},{"not_picked":["Reckless Charge","Flex"],"picked":"Dropkick","floor":4},{"not_picked":["Havoc","Headbutt"],"picked":"Clash","floor":5},{"not_picked":["Flex","Perfected Strike"],"picked":"Iron Wave","floor":7},{"not_picked":["Cleave","Sever Soul"],"picked":"Demon Form","floor":8},{"not_picked":["Anger","Flex"],"picked":"Disarm","floor":12},{"not_picked":["Anger","Shrug It Off"],"picked":"Iron Wave","floor":14},{"not_picked":["Immolate","Juggernaut"],"picked":"Reaper","floor":16}],"player_experience":780668,"relics_obtained":[{"floor":7,"key":"Self Forming Clay"},{"floor":9,"key":"Matryoshka"}],"event_choices":[{"damage_healed":0,"gold_gain":0,"player_choice":"Entered Light","damage_taken":18,"max_hp_gain":0,"max_hp_loss":0,"event_name":"Shining Light","floor":2,"gold_loss":0,"cards_upgraded":["Bash","Strike_R"]},{"damage_healed":0,"gold_gain":0,"player_choice":"Lose Max HP","damage_taken":0,"relics_obtained":["Golden Idol"],"max_hp_gain":0,"max_hp_loss":7,"event_name":"Golden Idol","floor":11,"gold_loss":0},{"cards_removed":["Defend_R"],"damage_healed":0,"gold_gain":0,"player_choice":"Purged","damage_taken":0,"max_hp_gain":0,"max_hp_loss":0,"event_name":"Purifier","floor":13,"gold_loss":0}],"is_beta":false,"boss_relics":[{"not_picked":["Fusion Hammer","Runic Dome"],"picked":"Mark of Pain"}],"items_purged_floors":[3],"is_endless":false,"potions_floor_spawned":[1,5,8,14],"ascension_level":8}}