{"host":"renny","time":1612526876,"event":{"mods":["BaseMod","Colored Powertips","Minty Spire (QoL Compilation)","Permanent Neow","Reimu£¨²©ÀöÁéÃÎ£©","Shop Mod","Spicy Shops","StSLib","Td1madao Mod","TestMod","The Servant 0.9.4","[IsaacMod]ÒÔÈö¼âËþ","[JumpMod]Îè¶¯¼âËþ","noobMod","óô»ðÖ¸ÄÏ"],"gold_per_floor":[119,519,123,136,136,169,185,39,39,39,53,127,163,184,184,314,314,327,327,55,55,69,69,103,39,108,108,141,160,160,259,259,387,387,411,122,136,157,1156,1156,1187,997,997,810,810,810],"floor_reached":45,"language":"ZHS","playtime":33895,"items_purged":["Strike_S","Regret","Defend_S","Defend_S","Defend_S","Normality","Normality"],"score":762,"play_id":"093ea7ac-9fb2-4e9f-9767-dbd8cd9f1d01","local_time":"20210205200755","is_ascension_mode":false,"campfire_choices":[{"data":"SilverBlades","floor":15.0,"key":"SMITH"},{"floor":23.0,"key":"RECALL"},{"data":"StarChef","floor":27.0,"key":"SMITH"},{"data":"SurpressingFire","floor":30.0,"key":"SMITH"},{"data":"Initiator","floor":32.0,"key":"SMITH"},{"data":"Duplication","floor":40,"key":"SMITH"}],"circlet_count":0,"master_deck":["Defend_S","KidneyShot","Exchange","InstantArmor","SilverBlades+1","RealityMarble","Read","PendulumOfEternity","FloweringNight","Initiator+1","StarChef+1","TimeWarp","Luminosity","SurpressingFire+1","KillingDoll","FlawlessForm","Duplication+1","SilverBlades+1","Luminosity","SpecialFormula+1","Hightail","MoonPhase+1","FanOfKnives+1","Duplication"],"relics":["Uniform","ice","HushsDoor","MerchantsRug","Medical Kit","MoneyPower","Torii","Meat on the Bone","Golden Idol","testmod-Fanaticism","GuppysTail","MomsKnife","Peace Pipe","Mastiff:ReiMu","Membership Card","Singing Bowl","Pen Nib","RedLine:ReiMu","SatanicBible","testmod-MagicalMallet","Orrery","CrazyTorch:ReiMu","Damocles","OrangePellets","testmod-Charity"],"acts_visited":["Exordium","TheCity","TheBeyond"],"potions_floor_usage":[],"damage_taken":[{"damage":2.0,"enemies":"Cultist","floor":1.0,"turns":6.0},{"damage":14.0,"enemies":"Jaw Worm","floor":4.0,"turns":10.0},{"damage":109.0,"enemies":"Lagavulin","floor":6.0,"turns":21.0},{"damage":0.0,"enemies":"2 Louse","floor":7.0,"turns":2.0},{"damage":0.0,"enemies":"Exordium Thugs","floor":11.0,"turns":3.0},{"damage":0.0,"enemies":"3 Sentries","floor":12.0,"turns":3.0},{"damage":0.0,"enemies":"3 Sentries","floor":13.0,"turns":3.0},{"damage":1.0,"enemies":"Exordium Wildlife","floor":14.0,"turns":2.0},{"damage":0.0,"enemies":"Slime Boss","floor":16.0,"turns":3.0},{"damage":0.0,"enemies":"Shell Parasite","floor":18.0,"turns":2.0},{"damage":10.0,"enemies":"Chosen","floor":22.0,"turns":2.0},{"damage":38.0,"enemies":"Book of Stabbing","floor":24.0,"turns":4.0},{"damage":68.0,"enemies":"Gremlin Leader","floor":28.0,"turns":6.0},{"damage":76.0,"enemies":"Centurion and Healer","floor":29.0,"turns":6.0},{"damage":0.0,"enemies":"Champ","floor":33.0,"turns":2.0},{"damage":24.0,"enemies":"Orb Walker","floor":35.0,"turns":2.0},{"damage":0.0,"enemies":"3 Darklings","floor":37.0,"turns":4.0},{"damage":18.0,"enemies":"4 Shapes","floor":38.0,"turns":2.0},{"damage":0,"enemies":"Reptomancer","floor":41,"turns":2},{"damage":20,"enemies":"Sphere and 2 Shapes","floor":45,"turns":3}],"seed_played":"5516858718451478885","potions_obtained":[{"floor":1.0,"key":"ColorlessPotion"},{"floor":7.0,"key":"DistilledChaos"},{"floor":11.0,"key":"Dexterity Potion"},{"floor":13.0,"key":"DuplicationPotion"},{"floor":14.0,"key":"FearPotion"},{"floor":18.0,"key":"testmod-SpacePotion"},{"floor":22.0,"key":"Swift Potion"},{"floor":33.0,"key":"ZuzhouPotion:ReiMu"},{"floor":37.0,"key":"Regen Potion"},{"floor":38.0,"key":"LiquidBronze"}],"is_trial":false,"path_per_floor":["M","?","$","M","?","E","M","$","T","?","M","?","E","M","R","B",null,"M","?","$","?","M","R","E","$","T","R","E","M","R","?","R","B",null,"M","$","M","M","?","R","E","R","T","R","M"],"character_chosen":"THE_SERVANT","items_purchased":["MerchantsRug","SilverBlades","Medical Kit","Meat on the Bone","GuppysTail","MomsKnife","SurpressingFire","Peace Pipe","Membership Card","FlawlessForm","SatanicBible","Duplication","Luminosity","testmod-MagicalMallet","Orrery","Duplication","OrangePellets","testmod-Charity"],"campfire_rested":0,"item_purchase_floors":[3,3,3,8,17,17,20,20,25,34,34,34,36,36,36,42,44,44],"current_hp_per_floor":[63,63,63,49,49,64,64,64,64,46,46,46,46,45,45,45,32,32,32,32,32,32,32,31,31,31,31,50,61,61,61,61,61,44,32,34,44,56,56,56,58,58,58,58,0,0],"gold":810,"neow_bonus":"REMOVE_CARD","is_daily":false,"chose_seed":false,"campfire_upgraded":5,"win_rate":0.0,"timestamp":1612526875,"path_taken":["M","?","$","M","?","E","?","$","T","?","?","?","E","M","R","BOSS","M","?","$","?","?","R","E","?","T","R","E","?","R","?","R","BOSS","M","$","M","M","?","R","E","R","T","R","?"],"items_purchased_type":["Relic","Card","Relic","Relic","Relic","Relic","Card","Relic","Relic","Card","Relic","Card","Card","Relic","Relic","Card","Relic","Relic"],"build_version":"2020-12-18","purchased_purges":7,"victory":false,"max_hp_per_floor":[65,65,65,65,65,71,73,73,73,73,74,75,77,79,79,79,32,33,33,33,33,41,41,41,41,41,41,50,61,61,61,61,61,44,45,47,54,58,58,58,60,60,60,60,60,60],"card_choices":[{"not_picked":[],"picked":"Bomb","floor":0.0},{"not_picked":["BottledTime","Gouge"],"picked":"InstantArmor","floor":1.0},{"not_picked":["Rewind","Unruled"],"picked":"RealityMarble","floor":4.0},{"not_picked":["Comet","Sabotage","Rearm"],"picked":"SKIP","floor":6.0},{"not_picked":["Revamp","Replace"],"picked":"Read","floor":7.0},{"not_picked":["ShatteredReality","Alleviate"],"picked":"PendulumOfEternity","floor":11.0},{"not_picked":["Reset","BottledTime"],"picked":"Bomb","floor":12.0},{"not_picked":["FastForward","Sunlight"],"picked":"FloweringNight","floor":13.0},{"not_picked":["TimeWarp","Sabotage"],"picked":"Bomb","floor":14.0},{"not_picked":["PendulumOfEternity","Solidify"],"picked":"Initiator","floor":16.0},{"not_picked":["Replace+1","Defy+1"],"picked":"StarChef","floor":18.0},{"not_picked":["ShatteredReality","Revamp","DoubleEdge"],"picked":"SKIP","floor":22.0},{"not_picked":["Read","Rewind+1","Replace"],"picked":"SKIP","floor":24.0},{"not_picked":["LightFlow","Alleviate","FastForward"],"picked":"Singing Bowl","floor":28.0},{"not_picked":["TimeWarp","Rewind+1","MoonPhase+1"],"picked":"Singing Bowl","floor":29.0},{"not_picked":["Sunlight","Solidify"],"picked":"KillingDoll","floor":33.0},{"not_picked":["Replace+1","Potential"],"picked":"SilverBlades+1","floor":35.0},{"not_picked":["TimeWarp+1","LightFlow","Snipe+1"],"picked":"Singing Bowl","floor":36.0},{"not_picked":["Misdirection","Revamp+1"],"picked":"SpecialFormula+1","floor":36.0},{"not_picked":["Spin+1","Desolation+1"],"picked":"Hightail","floor":36.0},{"not_picked":["DoubleEdge+1","BottledTime"],"picked":"MoonPhase+1","floor":36.0},{"not_picked":["Starlight+1","Spin"],"picked":"FanOfKnives+1","floor":36.0},{"not_picked":["Replace+1","DoubleEdge+1","Starlight+1"],"picked":"Singing Bowl","floor":37.0},{"not_picked":["ShatteredReality+1","Replace","FastForward+1"],"picked":"Singing Bowl","floor":38.0},{"not_picked":["Defy+1","ShatteredReality","Rearm+1"],"picked":"Singing Bowl","floor":41}],"player_experience":945819,"relics_obtained":[{"floor":6.0,"key":"Torii"},{"floor":12.0,"key":"testmod-DragonStarHat"},{"floor":13.0,"key":"testmod-OneHitWonder"},{"floor":24.0,"key":"Mastiff:ReiMu"},{"floor":26.0,"key":"Singing Bowl"},{"floor":28.0,"key":"Pen Nib"},{"floor":41,"key":"CrazyTorch:ReiMu"},{"floor":43,"key":"Damocles"}],"event_choices":[{"damage_healed":0.0,"max_hp_gain":0.0,"max_hp_loss":0.0,"gold_gain":400.0,"event_name":"¶÷ÂåË¹µÄÅÌ×Ó","player_choice":"Sell","floor":2.0,"relics_lost":["testmod-TestBox"],"gold_loss":0.0,"damage_taken":0.0},{"damage_healed":0.0,"max_hp_gain":0.0,"max_hp_loss":0.0,"gold_gain":0.0,"event_name":"Big Fish","player_choice":"Box","floor":5.0,"gold_loss":0.0,"damage_taken":0.0,"relics_obtained":["MoneyPower"],"cards_obtained":["Regret"]},{"damage_healed":0.0,"max_hp_gain":0.0,"max_hp_loss":0.0,"gold_gain":0.0,"event_name":"Golden Idol","player_choice":"Take Damage","floor":10.0,"gold_loss":0.0,"damage_taken":18.0,"relics_obtained":["Golden Idol"]},{"damage_healed":0.0,"max_hp_gain":0.0,"max_hp_loss":0.0,"gold_gain":30.0,"event_name":"Dead Adventurer","player_choice":"Searched \u00273\u0027 times","floor":12.0,"gold_loss":0.0,"damage_taken":0.0},{"damage_healed":0.0,"max_hp_gain":0.0,"max_hp_loss":0.0,"gold_gain":0.0,"cards_transformed":["Strike_S","Strike_S"],"event_name":"Drug Dealer","player_choice":"Became Test Subject","floor":19.0,"gold_loss":0.0,"damage_taken":0.0,"cards_obtained":["TimeWarp","Luminosity"]},{"damage_healed":0.0,"max_hp_gain":0.0,"max_hp_loss":0.0,"gold_gain":0.0,"event_name":"Vampires","player_choice":"Ignored","floor":21.0,"gold_loss":0.0,"damage_taken":0.0},{"damage_healed":0.0,"max_hp_gain":0.0,"max_hp_loss":0.0,"gold_gain":99.0,"event_name":"Nest","player_choice":"Stole From Cult","floor":31.0,"gold_loss":0.0,"damage_taken":0.0},{"damage_healed":0.0,"max_hp_gain":0.0,"max_hp_loss":0.0,"gold_gain":999.0,"event_name":"MindBloom","player_choice":"Gold","floor":39.0,"gold_loss":0.0,"damage_taken":0.0,"cards_obtained":["Normality","Normality"]}],"is_beta":true,"boss_relics":[{"not_picked":["Runic Dome","Cursed Key"],"picked":"testmod-Fanaticism"},{"not_picked":[]},{"not_picked":["testmod-StringDisintegrator","testmod-KeyOfTheVoid"],"picked":"RedLine:ReiMu"},{"not_picked":[]}],"items_purged_floors":[3,17,25,36,36,42,44],"is_endless":false,"potions_floor_spawned":[1,7,11,13,14,18,22,33,37,38],"killed_by":"Sphere and 2 Shapes","ascension_level":0}}