{"host":"h5acbxt0wmjo1kpm","time":1612511073,"event":{"mods":["2.2 Compatiblity","Act Like it!","AlwaysNeverKeys","Aspiration","Bard","Bartender","BaseMod","Better Third Choice","Colored Map","Downfall","Elementarium","Gensokyo","GifTheSpireLib","Hallownest","Marisa????????","Menagerie","Minty Spire (QoL Compilation)","Permanent Neow","Potionbrewer","Quick Restart","Relic Filter","Reliquary","Robot Space Explorer","RumiaBox-????????","Shade Mod","Spicy Shops","StSLib","Strawberry Spire","The Blackbeard","The Dragon Tamer","The Gatherer","The Hayseed","The Problem Sleuth","The Servant 0.9.4","Wandering Minibosses","Wide Potions"],"gold_per_floor":[99,117,57,75,75,93,93,93,9,9,40,57,57,92,106,210,210,210,229,229,109,127,161,161,61,95,147,147,147,147],"floor_reached":28,"language":"ENG","playtime":1279,"items_purged":[],"score":309,"play_id":"61fd58f3-2096-4c2b-bba5-fa8a25a2c703","local_time":"20210204234433","is_ascension_mode":true,"campfire_choices":[{"data":"bronze:Replicate","floor":1,"key":"SMITH"},{"data":"bronze:Overheat","floor":8,"key":"SMITH"},{"data":"bronze:Invalidate","floor":10,"key":"SMITH"},{"floor":13,"key":"REST"},{"data":"bronze:SpaghettiCode","floor":18,"key":"SMITH"},{"floor":25,"key":"REST"}],"circlet_count":0,"master_deck":["bronze:Strike","bronze:Strike","bronze:Strike","bronze:Defend","bronze:Defend","bronze:Defend","bronze:Defend","bronze:Replicate+1","bronze:Goto","bronze:WhirlingStrike+1","bronze:CutThrough","bronze:OilSpill","bronze:OilSpill+1","bronze:Invalidate+1","bronze:Overheat+1","bronze:Verify","bronze:ChosenStrike","bronze:OilSpill","bronze:Terminator+1","bronze:BurnOut","bronze:Repulsor","bronze:SpaghettiCode+1","bronze:Branch","Gensokyo:SlitMouthedWoman+1","Gensokyo:TarnishedGold","Gensokyo:Shovel","bronze:ChildClass+1","bronze:Philosophize+1","bronze:Optimize","Injury","bronze:FineTuning","downfall:Bewildered"],"relics":["reliquary:KinkedSpring","reliquary:RosewoodLute","Gremlin Horn","Whetstone","Cursed Key","reliquary:TridentHead","downfall:HeartBlessingBlue","War Paint","Strawberry"],"acts_visited":["Menagerie:Menagerie","Gensokyo:Gensokyoer"],"potions_floor_usage":[16,16,23,26],"damage_taken":[{"damage":1,"enemies":"Menagerie:WhisperingWraith","floor":2,"turns":4},{"damage":0,"enemies":"downfall:FleeingMerchant","floor":3,"turns":4},{"damage":1,"enemies":"Menagerie:2_RABBITS","floor":4,"turns":3},{"damage":3,"enemies":"Menagerie:MonstrousExperiment","floor":6,"turns":2},{"damage":10,"enemies":"downfall:FleeingMerchant","floor":9,"turns":4},{"damage":14,"enemies":"Menagerie:Hydra","floor":11,"turns":5},{"damage":15,"enemies":"Menagerie:BEAST_MAGE_AND_PROWLING_AMALGAM","floor":12,"turns":4},{"damage":10,"enemies":"Menagerie:MaskedSummoner","floor":14,"turns":4},{"damage":0,"enemies":"Menagerie:Hexasnake","floor":15,"turns":2},{"damage":23,"enemies":"IC_STATUS_ARCHETYPE","floor":16,"turns":4},{"damage":25,"enemies":"Gensokyo:AngelMirror","floor":19,"turns":2},{"damage":0,"enemies":"Gensokyo:2_Gloops","floor":22,"turns":3},{"damage":44,"enemies":"Gensokyo:Tenshi","floor":23,"turns":4},{"damage":32,"enemies":"Gensokyo:Reisen","floor":26,"turns":5},{"damage":0,"enemies":"Gensokyo:Slime_Group","floor":28,"turns":1}],"seed_played":"-8844612883880608470","potions_obtained":[{"floor":4,"key":"bronze:FreeFunctionsPotion"},{"floor":12,"key":"ColorlessPotion"},{"floor":14,"key":"DistilledChaos"},{"floor":19,"key":"Fire Potion"}],"is_trial":false,"path_per_floor":["R","M","$","M","?","M","T","R","$","R","E","M","R","E","M","B",null,"R","M","?","COS","M","E","T","R","E","T","M"],"character_chosen":"THE_AUTOMATON","items_purchased":["bronze:OilSpill","bronze:ChosenStrike"],"campfire_rested":2,"item_purchase_floors":[3,9],"current_hp_per_floor":[70,69,69,68,71,68,68,68,58,58,44,29,50,40,40,17,73,73,48,48,48,48,4,4,38,6,13,13,13,13],"gold":147,"neow_bonus":"BOSS_RELIC","is_daily":false,"chose_seed":false,"campfire_upgraded":4,"win_rate":0.0,"timestamp":1612511073,"path_taken":["R","M","$","M","?","M","T","R","$","R","E","?","R","E","M","BOSS","R","M","?","COS","M","E","T","R","E","?","?"],"items_purchased_type":["Card","Card"],"build_version":"2020-12-22","purchased_purges":0,"victory":false,"max_hp_per_floor":[70,70,70,70,73,73,73,73,73,73,73,73,73,73,73,73,73,73,73,73,73,73,73,73,83,83,90,90,90,90],"card_choices":[{"not_picked":["bronze:WildBeam","bronze:BugBarrage"],"picked":"bronze:WhirlingStrike","floor":2},{"not_picked":["bronze:ItsAFeature","bronze:FineTuning"],"picked":"bronze:CutThrough","floor":3},{"not_picked":["bronze:ChildClass","bronze:MaxOutput"],"picked":"bronze:OilSpill","floor":4},{"not_picked":["bronze:AlphaBuild","bronze:Philosophize"],"picked":"bronze:Overheat","floor":6},{"not_picked":["bronze:BitShift","bronze:Deprecate"],"picked":"bronze:Verify","floor":9},{"not_picked":["bronze:DelayedGuard","bronze:Overload"],"picked":"bronze:OilSpill","floor":11},{"not_picked":["bronze:CutThrough","bronze:WildBeam"],"picked":"bronze:Terminator","floor":12},{"not_picked":["bronze:ForLoop","bronze:WildBeam"],"picked":"bronze:BurnOut","floor":14},{"not_picked":["bronze:BronzeOrb","bronze:Constructor"],"picked":"bronze:Repulsor","floor":15},{"not_picked":["bronze:Virus","bronze:HyperBeam"],"picked":"bronze:SpaghettiCode","floor":16},{"not_picked":["bronze:BugBarrage","bronze:DelayedGuard"],"picked":"bronze:Branch","floor":19},{"not_picked":["bronze:Shield+1","bronze:Turbo+1"],"picked":"bronze:ChildClass+1","floor":22},{"not_picked":["bronze:NullPointer","bronze:Invalidate"],"picked":"bronze:Philosophize","floor":22},{"not_picked":["bronze:DelayedSlice+1","bronze:FindAndReplace"],"picked":"bronze:Optimize","floor":23},{"not_picked":["bronze:ForLoop","bronze:CutThrough"],"picked":"bronze:FineTuning","floor":26}],"player_experience":2665014,"relics_obtained":[{"floor":7,"key":"reliquary:RosewoodLute"},{"floor":11,"key":"Gremlin Horn"},{"floor":14,"key":"Whetstone"},{"floor":23,"key":"reliquary:TridentHead"},{"floor":26,"key":"War Paint"},{"floor":27,"key":"Strawberry"}],"event_choices":[{"damage_healed":0,"gold_gain":0,"cards_transformed":["bronze:Strike"],"player_choice":"Vigor","damage_taken":0,"max_hp_gain":3,"max_hp_loss":0,"event_name":"Menagerie:CloudVision","floor":5,"gold_loss":0,"cards_obtained":["bronze:Invalidate"]}],"is_beta":false,"boss_relics":[{"not_picked":["aspiration:WatcherSkillbook","Calling Bell"],"picked":"Cursed Key"}],"items_purged_floors":[],"is_endless":false,"potions_floor_spawned":[4,12,14,15,19],"killed_by":"Gensokyo:Slime_Group","ascension_level":2}}