{"host":"klqcd4cqxrk2p1u3","time":1612503355,"event":{"mods":["BaseMod","Downfall","Minty Spire (QoL Compilation)","StSLib"],"gold_per_floor":[0,16,116,126,126,26,26,37,71,82,82,99,99,99,114,114,114,114],"floor_reached":16,"language":"ENG","playtime":1408,"items_purged":[],"score":102,"play_id":"b467689f-55ab-4c10-86d9-9cd703cf0477","local_time":"20210205003555","is_ascension_mode":false,"campfire_choices":[{"floor":1,"key":"RECALL"},{"data":"bronze:Goto","floor":6,"key":"SMITH"},{"floor":11,"key":"REST"},{"floor":13,"key":"REST"}],"circlet_count":0,"master_deck":["bronze:Strike","bronze:Strike","bronze:Strike","bronze:Strike","bronze:Defend","bronze:Defend","bronze:Defend","bronze:Defend","bronze:Replicate","bronze:Goto+1","bronze:FollowUp","bronze:BuggyMess+1","bronze:Constructor","bronze:CutThrough","bronze:CutThrough","bronze:Terminator","bronze:FindAndReplace"],"relics":["bronze:BronzeCore","downfall:HeartBlessingRed","Happy Flower","Darkstone Periapt"],"acts_visited":["Exordium"],"potions_floor_usage":[9,16],"damage_taken":[{"damage":5,"enemies":"Small Slimes","floor":2,"turns":4},{"damage":2,"enemies":"Cultist","floor":4,"turns":5},{"damage":0,"enemies":"2 Louse","floor":8,"turns":2},{"damage":45,"enemies":"Lagavulin","floor":9,"turns":9},{"damage":0,"enemies":"3 Louse","floor":10,"turns":4},{"damage":14,"enemies":"Exordium Wildlife","floor":12,"turns":5},{"damage":0,"enemies":"Large Slime","floor":15,"turns":3},{"damage":70,"enemies":"WA_ARCHETYPE_RETAIN","floor":16,"turns":8}],"seed_played":"1129110697953013777","potions_obtained":[{"floor":2,"key":"ColorlessPotion"},{"floor":4,"key":"SteroidPotion"},{"floor":15,"key":"SkillPotion"}],"is_trial":false,"path_per_floor":["R","M","?","M","?","R","T","M","E","M","R","M","R","?","M","B"],"character_chosen":"THE_AUTOMATON","items_purchased":[],"campfire_rested":2,"item_purchase_floors":[],"current_hp_per_floor":[84,79,79,77,77,77,77,77,32,32,57,43,68,65,65,0,0,0],"gold":114,"neow_bonus":"TWENTY_PERCENT_HP_BONUS","is_daily":false,"chose_seed":false,"campfire_upgraded":1,"win_rate":0.0,"timestamp":1612503355,"path_taken":["R","M","?","M","?","R","T","M","E","?","R","M","R","?","M","BOSS"],"items_purchased_type":[],"build_version":"2020-12-22","purchased_purges":0,"victory":false,"max_hp_per_floor":[84,84,84,84,84,84,84,84,84,84,84,84,84,84,84,84,84,84],"card_choices":[{"not_picked":["bronze:Deprecate","bronze:Shield"],"picked":"bronze:FollowUp","floor":2},{"not_picked":["bronze:Overheat","bronze:DelayedSlice"],"picked":"bronze:BuggyMess","floor":4},{"not_picked":["bronze:Separator","bronze:Overheat"],"picked":"bronze:Constructor","floor":8},{"not_picked":["bronze:Safeguard","bronze:Return"],"picked":"bronze:CutThrough","floor":9},{"not_picked":["bronze:Overload","bronze:DelayedGuard"],"picked":"bronze:CutThrough","floor":10},{"not_picked":["bronze:FineTuning","bronze:Allocate"],"picked":"bronze:Terminator","floor":12},{"not_picked":["bronze:ClassDefault","bronze:Constructor"],"picked":"bronze:FindAndReplace","floor":15}],"player_experience":1435637,"relics_obtained":[{"floor":9,"key":"Happy Flower"}],"event_choices":[{"damage_healed":0,"gold_gain":0,"player_choice":"Success","damage_taken":3,"relics_obtained":["Darkstone Periapt"],"max_hp_gain":0,"max_hp_loss":0,"event_name":"Scrap Ooze","floor":14,"gold_loss":0}],"is_beta":false,"boss_relics":[],"items_purged_floors":[],"is_endless":false,"potions_floor_spawned":[2,4,15],"killed_by":"WA_ARCHETYPE_RETAIN","ascension_level":0}}