{"host":"24vdok87ydm8sokm","time":1612534161,"event":{"mods":["AchievementEnabler","BaseMod","Colored Map","Colored Powertips","Downfall","Marisa????????","Minty Spire (QoL Compilation)","StSLib","The Cursed","The Servant 0.9.4"],"gold_per_floor":[99,116,130,149,149,182,182,198,198,198,213,213,226,326,338,434,434,434,454,468,405,405,416,462,491,508,525,525,525,525,537,551,551,551],"floor_reached":33,"language":"ENG","playtime":2831,"items_purged":[],"score":373,"play_id":"e9327819-fe04-4bf8-9f8b-e7ff49e925fa","local_time":"20210205080921","is_ascension_mode":false,"campfire_choices":[{"floor":1,"key":"RECALL"},{"floor":9,"key":"DIG"},{"floor":12,"key":"DIG"},{"floor":18,"key":"DIG"},{"floor":28,"key":"REST"},{"floor":30,"key":"DIG"}],"circlet_count":0,"master_deck":["Strike_P","Strike_P","Strike_P","Strike_P","Defend_P","Defend_P+1","Defend_P","Defend_P+1","Eruption","Vigilance","FollowUp","FlurryOfBlows+1","PathToVictory","FlurryOfBlows","DeceiveReality","Wallop","PathToVictory","WindmillStrike","DevaForm","FollowUp","CutThroughFate+1","SandsOfTime","Crescendo","Tantrum","Conclude+1","PathToVictory","FlurryOfBlows","Pride","FlurryOfBlows","FollowUp"],"relics":["PureWater","Bag of Marbles","Shovel","War Paint","Pear","VioletLotus","Du-Vu Doll","Smiling Mask","Anchor","Gremlin Horn","Nunchaku"],"acts_visited":["Exordium","TheCity"],"potions_floor_usage":[16,16,16,33,33],"damage_taken":[{"damage":0,"enemies":"2 Louse","floor":2,"turns":2},{"damage":0,"enemies":"Cultist","floor":3,"turns":2},{"damage":2,"enemies":"Jaw Worm","floor":4,"turns":4},{"damage":12,"enemies":"Gremlin Nob","floor":6,"turns":3},{"damage":0,"enemies":"Red Slaver","floor":8,"turns":2},{"damage":0,"enemies":"Looter","floor":11,"turns":1},{"damage":0,"enemies":"Lots of Slimes","floor":13,"turns":4},{"damage":11,"enemies":"Large Slime","floor":15,"turns":4},{"damage":0,"enemies":"Slime Boss","floor":16,"turns":1},{"damage":10,"enemies":"3 Byrds","floor":19,"turns":7},{"damage":0,"enemies":"Shell Parasite","floor":20,"turns":4},{"damage":0,"enemies":"downfall:FleeingMerchant","floor":21,"turns":4},{"damage":2,"enemies":"Cultist and Chosen","floor":23,"turns":4},{"damage":0,"enemies":"Gremlin Leader","floor":25,"turns":5},{"damage":15,"enemies":"Snecko","floor":26,"turns":5},{"damage":18,"enemies":"3 Cultists","floor":27,"turns":4},{"damage":0,"enemies":"Centurion and Healer","floor":31,"turns":1},{"damage":19,"enemies":"Snake Plant","floor":32,"turns":4},{"damage":54,"enemies":"DF_ARCHETYPE_CLAW","floor":33,"turns":3}],"seed_played":"5210677417353734259","potions_obtained":[{"floor":2,"key":"SneckoOil"},{"floor":8,"key":"CultistPotion"},{"floor":10,"key":"Ancient Potion"},{"floor":10,"key":"Ambrosia"},{"floor":16,"key":"SpeedPotion"},{"floor":20,"key":"FearPotion"},{"floor":25,"key":"Swift Potion"},{"floor":31,"key":"BlessingOfTheForge"}],"is_trial":false,"path_per_floor":["R","M","M","M","?","E","T","M","R","?","M","R","M","?","M","B",null,"R","M","M","$","?","M","T","E","M","M","R","?","R","M","M","B"],"character_chosen":"WATCHER","items_purchased":["Crescendo"],"campfire_rested":1,"item_purchase_floors":[21],"current_hp_per_floor":[72,72,72,70,70,58,58,58,58,58,58,68,68,68,57,57,82,82,72,72,72,72,70,70,70,55,37,61,61,61,61,42,0,0],"gold":551,"neow_bonus":"RANDOM_COMMON_RELIC","is_daily":false,"chose_seed":false,"campfire_upgraded":0,"win_rate":0.0,"timestamp":1612534161,"path_taken":["R","M","M","M","?","E","T","?","R","?","?","R","M","?","M","BOSS","R","M","M","?","?","M","T","E","M","?","R","?","R","M","M","BOSS"],"items_purchased_type":["Card"],"build_version":"2020-12-22","purchased_purges":0,"victory":false,"max_hp_per_floor":[72,72,72,72,72,72,72,72,72,72,72,82,82,82,82,82,82,82,82,82,82,82,82,82,82,82,82,82,82,82,82,82,82,82],"card_choices":[{"not_picked":["ThirdEye","CrushJoints"],"picked":"FollowUp","floor":2},{"not_picked":["Perseverance","InnerPeace"],"picked":"FlurryOfBlows","floor":3},{"not_picked":["CrushJoints","FearNoEvil"],"picked":"PathToVictory","floor":4},{"not_picked":["LikeWater","FlyingSleeves"],"picked":"FlurryOfBlows","floor":6},{"not_picked":["SashWhip","Halt"],"picked":"DeceiveReality","floor":8},{"not_picked":["WreathOfFlame","BowlingBash"],"picked":"Wallop","floor":11},{"not_picked":["Scrawl","FlyingSleeves"],"picked":"PathToVictory","floor":13},{"not_picked":["Worship","BowlingBash"],"picked":"WindmillStrike","floor":15},{"not_picked":["Vault","ConjureBlade"],"picked":"DevaForm","floor":16},{"not_picked":["CrushJoints","Protect+1"],"picked":"FollowUp","floor":19},{"not_picked":["JustLucky","ThirdEye+1"],"picked":"CutThroughFate+1","floor":20},{"not_picked":["SashWhip","Collect"],"picked":"SandsOfTime","floor":21},{"not_picked":["Nirvana","EmptyMind"],"picked":"Tantrum","floor":23},{"not_picked":["Brilliance","Pray"],"picked":"Conclude+1","floor":25},{"not_picked":["Pray","JustLucky"],"picked":"PathToVictory","floor":26},{"not_picked":["SashWhip","Prostrate"],"picked":"FlurryOfBlows","floor":27},{"not_picked":["CarveReality+1","LikeWater"],"picked":"FlurryOfBlows","floor":31},{"not_picked":["EmptyFist","Crescendo"],"picked":"FollowUp","floor":32}],"player_experience":81765,"relics_obtained":[{"floor":6,"key":"Shovel"},{"floor":9,"key":"War Paint"},{"floor":12,"key":"Pear"},{"floor":18,"key":"Du-Vu Doll"},{"floor":24,"key":"Smiling Mask"},{"floor":25,"key":"Anchor"},{"floor":30,"key":"Nunchaku"}],"event_choices":[{"damage_healed":0,"gold_gain":0,"player_choice":"Forge","damage_taken":0,"max_hp_gain":0,"max_hp_loss":0,"event_name":"Accursed Blacksmith","floor":5,"gold_loss":0,"cards_upgraded":["FlurryOfBlows"]},{"damage_healed":0,"gold_gain":0,"player_choice":"Got Potions","damage_taken":0,"max_hp_gain":0,"max_hp_loss":0,"event_name":"Lab","floor":10,"gold_loss":0},{"damage_healed":0,"gold_gain":100,"player_choice":"Pray","damage_taken":0,"max_hp_gain":0,"max_hp_loss":0,"event_name":"Golden Shrine","floor":14,"gold_loss":0},{"damage_healed":0,"gold_gain":0,"player_choice":"Stole Relic","damage_taken":0,"relics_obtained":["Gremlin Horn"],"max_hp_gain":0,"max_hp_loss":0,"event_name":"Addict","floor":29,"gold_loss":0,"cards_obtained":["Pride"]}],"is_beta":false,"boss_relics":[{"not_picked":["Snecko Eye","bronze:MakeshiftBattery"],"picked":"VioletLotus"}],"items_purged_floors":[],"is_endless":false,"potions_floor_spawned":[2,8,11,16,20,25,31],"killed_by":"DF_ARCHETYPE_CLAW","ascension_level":0}}