{"host":"amvb77pwe2wp6zyc","time":1612520905,"event":{"mods":["2.2 Compatiblity","AchievementEnabler","AlwaysNeverKeys","BaseMod","BetterRewards","Downfall","Duelist Mod","GifTheSpireLib","Minty Spire (QoL Compilation)","Permanent Neow","Quick Restart","Relic Filter","Shop Mod","StSLib","SuperFastMode","Trackpad"],"gold_per_floor":[25,44,58,58,78,78,78,112,123,33,33,18,33,51,71,71,71],"floor_reached":16,"language":"DEU","playtime":859,"items_purged":["theDuelist:PetitMoth"],"score":182,"play_id":"2c8efbb3-03ba-4091-a0c4-c02e7efd6f35","local_time":"20210205112825","is_ascension_mode":true,"campfire_choices":[{"floor":1.0,"key":"DIG"},{"data":"theDuelist:Sparks","floor":11,"key":"PURGE"}],"circlet_count":0,"master_deck":["AscendersBane","theDuelist:CastleWalls","theDuelist:CastleWalls","theDuelist:CastleWalls","theDuelist:NaturiaCliff","theDuelist:NaturiaRock","theDuelist:NaturiaTulip","theDuelist:Sparks","theDuelist:Sparks","theDuelist:NaturiaHorneedle"],"relics":["theDuelist:MillenniumPuzzle","theDuelist:CardPoolRelic","theDuelist:CardPoolBasicRelic","theDuelist:BoosterPackPoolRelic","theDuelist:CardPoolAddRelic","theDuelist:CardPoolMinusRelic","theDuelist:CardPoolSaveRelic","theDuelist:CardPoolOptionsRelic","Shovel","downfall:HeartBlessingGreen","trackpad:FieryHotPepper","Peace Pipe","Empty Cage"],"acts_visited":["Exordium"],"potions_floor_usage":[],"damage_taken":[{"damage":0.0,"enemies":"2 Louse","floor":2.0,"turns":2.0},{"damage":4.0,"enemies":"Jaw Worm","floor":3.0,"turns":4.0},{"damage":0.0,"enemies":"Small Slimes","floor":5.0,"turns":3.0},{"damage":14.0,"enemies":"3 Sentries","floor":8.0,"turns":7.0},{"damage":0.0,"enemies":"Exordium Wildlife","floor":9.0,"turns":4.0},{"damage":0.0,"enemies":"downfall:FleeingMerchant","floor":10.0,"turns":4.0},{"damage":0,"enemies":"downfall:FleeingMerchant","floor":12,"turns":4},{"damage":2,"enemies":"Red Slaver","floor":13,"turns":3},{"damage":0,"enemies":"2 Fungi Beasts","floor":14,"turns":3},{"damage":0,"enemies":"Gremlin Gang","floor":15,"turns":2},{"damage":47,"enemies":"IC_STATUS_ARCHETYPE","floor":16,"turns":10}],"seed_played":"-1627729960141032646","potions_obtained":[{"floor":2.0,"key":"Strength Potion"},{"floor":3.0,"key":"GamblersBrew"}],"is_trial":false,"path_per_floor":["R","M","M","?","M","?","T","E","M","$","R","$","M","M","M","B"],"character_chosen":"THE_DUELIST","items_purchased":[],"campfire_rested":0,"item_purchase_floors":[],"current_hp_per_floor":[63,63,59,59,59,59,59,45,45,45,45,45,43,43,43,0,0],"gold":71,"neow_bonus":"RANDOM_COMMON_RELIC","is_daily":false,"chose_seed":false,"campfire_upgraded":0,"win_rate":0.0,"timestamp":1612520905,"path_taken":["R","M","M","?","M","?","T","E","M","?","R","?","M","?","M","BOSS"],"items_purchased_type":[],"build_version":"2020-12-22","purchased_purges":1,"victory":false,"max_hp_per_floor":[70,70,70,70,70,70,70,70,70,70,70,70,70,70,70,70,70],"card_choices":[{"not_picked":["theDuelist:NaturiaHydrangea","theDuelist:CopyPlant","theDuelist:NaturiaLadybug","theDuelist:NaturiaGaiastrio","theDuelist:SpacetimeTranscendence"],"picked":"SKIP","floor":2.0},{"not_picked":["theDuelist:NaturiaEggplant","theDuelist:NaturiaDragonfly","theDuelist:NaturiaBrambi","theDuelist:BottomlessTrapHole","theDuelist:NaturiaLandoise"],"picked":"SKIP","floor":3.0},{"not_picked":["Deep Breath","Discovery","Flash of Steel","Mayhem"],"picked":"SKIP","floor":5.0},{"not_picked":["theDuelist:BrainCrusher","theDuelist:SpacetimeTranscendence","theDuelist:NaturiaBarkion","theDuelist:SeedSacredTree"],"picked":"theDuelist:NaturiaHorneedle","floor":8.0},{"not_picked":["theDuelist:NaturiaHydrangea","theDuelist:NaturiaEggplant","theDuelist:NaturiaTulip","theDuelist:NaturiaRosewhip","theDuelist:NatureReflection"],"picked":"SKIP","floor":9.0},{"not_picked":["theDuelist:NaturiaDragonfly","theDuelist:NaturiaSunflower","theDuelist:NaturiaRosewhip","theDuelist:FossilDig","theDuelist:NaturiaHydrangea"],"picked":"SKIP","floor":10.0},{"not_picked":["theDuelist:NaturiaEggplant","theDuelist:Spore","theDuelist:NaturiaHydrangea","theDuelist:NaturiaSunflower","theDuelist:FrozenRose"],"picked":"SKIP","floor":12},{"not_picked":["theDuelist:NaturiaCliff","theDuelist:SummoningSwarm","theDuelist:NaturiaRagweed","theDuelist:FossilDig","theDuelist:SeedSacredTree"],"picked":"SKIP","floor":13},{"not_picked":["theDuelist:NaturiaHydrangea","theDuelist:NaturiaEggplant","theDuelist:NaturiaDragonfly","theDuelist:NaturiaCliff","theDuelist:WildNatureRelease"],"picked":"SKIP","floor":14},{"not_picked":["theDuelist:NaturiaDragonfly","theDuelist:FuryFire","theDuelist:Alpacaribou","theDuelist:NaturiaLandoise","theDuelist:SeismicShockwave"],"picked":"SKIP","floor":15}],"player_experience":400468,"relics_obtained":[{"floor":1.0,"key":"trackpad:FieryHotPepper"},{"floor":7.0,"key":"Peace Pipe"},{"floor":8.0,"key":"Empty Cage"}],"event_choices":[{"damage_healed":0.0,"max_hp_gain":0.0,"max_hp_loss":0.0,"gold_gain":0.0,"event_name":"Egyptian Village","player_choice":"Leave","duelist":true,"floor":4.0,"gold_loss":0.0,"damage_taken":0.0},{"damage_healed":0.0,"max_hp_gain":0.0,"max_hp_loss":0.0,"gold_gain":0.0,"event_name":"Aknamkanon\u0027s Tomb","player_choice":"Leave","duelist":true,"floor":6.0,"gold_loss":0.0,"damage_taken":0.0}],"is_beta":false,"boss_relics":[],"items_purged_floors":[10],"is_endless":false,"potions_floor_spawned":[2,3,13,14,15],"killed_by":"IC_STATUS_ARCHETYPE","ascension_level":15}}