{"host":"cxvb37eaaiijvrl4","time":1612499360,"event":{"mods":["ATMod(阿瑾Mod)","BaseMod","Better Third Choice","Minty Spire (QoL Compilation)","MostiFishMod","Quick Restart","Rare Cards Sparkle","Shop Mod","Spicy Shops","StSLib","TestMod","Uncapped","残留之物"],"gold_per_floor":[113,130,130,205,220,251,251,251,251,76,120,120,145,145,145,243,243,257,270,284,159,177,217,237,275,275,288,288,332,347,387,387,486,486,502,502,902,1235,1235,1260,1260,710,764,780,333,362,382,182,182,182,182,182,182,10,45,45],"floor_reached":57,"language":"ZHS","playtime":2441,"items_purged":["Strike_G","Strike_G","Strike_G","Strike_G","Defend_G","Defend_G","Defend_G"],"score":3621,"play_id":"c6b1690c-73c9-479e-9e29-bf38c29386d1","local_time":"20210204202920","is_ascension_mode":true,"campfire_choices":[{"data":"MostiFishMod:Neurotoxin","floor":8,"key":"SMITH"},{"data":"Acrobatics","floor":12,"key":"SMITH"},{"data":"Neutralize","floor":15,"key":"SMITH"},{"data":"Tactician","floor":28,"key":"SMITH"},{"data":"AT_ThistleTea","floor":32,"key":"SMITH"},{"data":"Madness","floor":41,"key":"SMITH"},{"floor":49,"key":"RECALL"},{"data":"MostiFishMod:Opportunism","floor":53,"key":"SMITH"}],"circlet_count":0,"master_deck":["AscendersBane","Defend_G","Defend_G","Neutralize+1","Endless Agony","PiercingWail","Backflip","MostiFishMod:PerfectParry","MostiFishMod:Neurotoxin+1","Acrobatics+1","MostiFishMod:Opportunism+1","AT_ThistleTea+1","Deflect","Catalyst+1","Tactician+1","After Image","Madness+1","Madness"],"relics":["Ring of the Snake","AT_ATBox","FeatherPendant","testmod-Nyarlathotep","SynthV:TestCard","Ornamental Fan","DaveBox","RhineSuit","testmod-CardMagician","Bottled Lightning","testmod-Justice","FossilizedHelix","GreenFoldingFan","testmod-IndustrialRevolution","PlaceholderMod:FlatBlood","MerchantsRug","InkBottle","Medical Kit","Lantern"],"acts_visited":["Exordium","TheCity","TheBeyond","TheEnding"],"potions_floor_usage":[33,56,56],"damage_taken":[{"damage":0,"enemies":"Jaw Worm","floor":1,"turns":2},{"damage":0,"enemies":"2 Louse","floor":2,"turns":2},{"damage":0,"enemies":"Small Slimes","floor":5,"turns":3},{"damage":6,"enemies":"3 Sentries","floor":6,"turns":11},{"damage":0,"enemies":"Lagavulin","floor":11,"turns":2},{"damage":0,"enemies":"2 Fungi Beasts","floor":13,"turns":2},{"damage":0,"enemies":"Hexaghost","floor":16,"turns":3},{"damage":0,"enemies":"Spheric Guardian","floor":18,"turns":2},{"damage":0,"enemies":"2 Thieves","floor":19,"turns":2},{"damage":0,"enemies":"Snake Plant","floor":20,"turns":2},{"damage":0,"enemies":"Snecko","floor":22,"turns":3},{"damage":1,"enemies":"Slavers","floor":23,"turns":4},{"damage":0,"enemies":"Sentry and Sphere","floor":24,"turns":2},{"damage":0,"enemies":"Book of Stabbing","floor":25,"turns":2},{"damage":0,"enemies":"3 Cultists","floor":27,"turns":1},{"damage":0,"enemies":"Slavers","floor":29,"turns":2},{"damage":0,"enemies":"Centurion and Healer","floor":30,"turns":2},{"damage":0,"enemies":"Gremlin Leader","floor":31,"turns":3},{"damage":0,"enemies":"Automaton","floor":33,"turns":2},{"damage":2,"enemies":"3 Shapes","floor":35,"turns":2},{"damage":6,"enemies":"Giant Head","floor":40,"turns":4},{"damage":6,"enemies":"3 Darklings","floor":44,"turns":4},{"damage":0,"enemies":"Reptomancer","floor":46,"turns":1},{"damage":0,"enemies":"Maw","floor":47,"turns":1},{"damage":2,"enemies":"Awakened One","floor":50,"turns":2},{"damage":2,"enemies":"Time Eater","floor":51,"turns":2},{"damage":0,"enemies":"Shield and Spear","floor":55,"turns":1},{"damage":6,"enemies":"The Heart","floor":56,"turns":4}],"seed_played":"1820013522576146938","potions_obtained":[{"floor":6,"key":"Dexterity Potion"},{"floor":11,"key":"Explosive Potion"},{"floor":16,"key":"Regen Potion"},{"floor":18,"key":"GhostInAJar"},{"floor":24,"key":"GamblersBrew"},{"floor":33,"key":"testmod-SpacePotion"},{"floor":35,"key":"Explosive Potion"},{"floor":40,"key":"Weak Potion"}],"is_trial":false,"path_per_floor":["M","M","?","?","M","E","?","R","T","$","E","R","M","?","R","B",null,"M","M","M","$","M","E","M","E","T","M","R","E","M","E","R","B",null,"M","?","?","?","?","E","R","$","T","M","$","E","M","$","R","B","B",null,"R","$","E","B",null],"character_chosen":"THE_SILENT","items_purchased":["PlaceholderMod:FlatBlood","GhostInAJar","MerchantsRug","PowerPotion","PowerPotion","InkBottle","Medical Kit"],"campfire_rested":0,"item_purchase_floors":[42,42,42,42,42,45,54],"current_hp_per_floor":[44,44,44,33,33,27,27,27,27,27,27,27,27,27,27,27,52,52,52,52,52,52,51,51,51,51,51,51,51,51,51,51,51,58,60,49,49,49,49,53,53,53,53,57,57,60,60,60,60,60,60,60,60,60,60,60],"gold":45,"neow_bonus":"TRANSFORM_TWO_CARDS","is_daily":false,"chose_seed":false,"campfire_upgraded":7,"win_rate":0.0,"timestamp":1612499360,"path_taken":["M","M","?","?","M","E","?","R","T","$","E","R","M","?","R","BOSS","M","M","M","$","M","E","M","E","T","M","R","E","M","E","R","BOSS","M","?","?","?","?","E","R","$","T","M","$","E","?","$","R","BOSS","BOSS","R","$","E","BOSS"],"items_purchased_type":["Relic","Potion","Relic","Potion","Potion","Relic","Relic"],"build_version":"2020-12-22","purchased_purges":7,"victory":true,"max_hp_per_floor":[66,66,60,60,60,60,60,60,60,60,60,60,60,60,60,60,60,60,60,60,60,60,60,60,60,60,60,60,60,60,60,60,60,60,60,60,60,60,60,60,60,60,60,60,60,60,60,60,60,60,60,60,60,60,60,60],"card_choices":[{"not_picked":["Deflect","Prepared"],"picked":"Backflip","floor":1},{"not_picked":["AT_WindFlip","AT_ArcaneSupremacy","Choke","Dagger Throw"],"picked":"MostiFishMod:PerfectParry","floor":2},{"not_picked":["Finisher","Endless Agony","Poisoned Stab","Bane","MostiFishMod:PerfectParry"],"picked":"SKIP","floor":5},{"not_picked":["Deadly Poison","Underhanded Strike","Cloak And Dagger","Endless Agony"],"picked":"MostiFishMod:Neurotoxin","floor":6},{"not_picked":["AT_KneejerkReflex","MostiFishMod:PerfectParry","Prepared","Distraction"],"picked":"Acrobatics","floor":11},{"not_picked":["Acrobatics","MostiFishMod:FrostNova","Expertise","Endless Agony","Deflect"],"picked":"SKIP","floor":13},{"not_picked":["A Thousand Cuts","MostiFishMod:SpreadingSpore","Glass Knife","Venomology"],"picked":"MostiFishMod:Opportunism","floor":16},{"not_picked":["Deflect","Quick Slash","Acrobatics","Sucker Punch","Well Laid Plans"],"picked":"SKIP","floor":18},{"not_picked":["Underhanded Strike","PiercingWail","AT_WindFlip","Outmaneuver"],"picked":"AT_ThistleTea","floor":19},{"not_picked":["Distraction","Choke+1","Sucker Punch","MostiFishMod:PreservedThorns","MostiFishMod:InvigoratingSolution"],"picked":"SKIP","floor":20},{"not_picked":["Deadly Poison","Concentrate","Well Laid Plans+1","AT_KneejerkReflex","Sucker Punch"],"picked":"SKIP","floor":22},{"not_picked":["MostiFishMod:PreservedThorns","Dash","Prepared+1","Setup","Underhanded Strike"],"picked":"SKIP","floor":23},{"not_picked":["Doppelganger","Bouncing Flask","Expertise","All Out Attack","Deflect"],"picked":"SKIP","floor":24},{"not_picked":["Doppelganger","Bouncing Flask","Expertise","All Out Attack"],"picked":"Deflect","floor":24},{"not_picked":["Poisoned Stab","Blade Dance","Acrobatics+1","Backstab"],"picked":"Catalyst+1","floor":25},{"not_picked":["Well Laid Plans","Backflip","Cloak And Dagger","Slice"],"picked":"Tactician","floor":27},{"not_picked":["Deadly Poison","Sucker Punch","Expertise","Prepared+1"],"picked":"After Image","floor":29},{"not_picked":["AT_WindRun","Prepared","Quick Slash+1","Deadly Poison","MostiFishMod:VineMother"],"picked":"SKIP","floor":30},{"not_picked":["Noxious Fumes","Prepared","MostiFishMod:PerfectParry+1","Blade Dance","Terror"],"picked":"SKIP","floor":31},{"not_picked":["MostiFishMod:LethalBlade","MostiFishMod:Neurotoxin","Die Die Die","Phantasmal Killer"],"picked":"MostiFishMod:FullyArmed","floor":33},{"not_picked":["Dagger Spray","All Out Attack+1","Expertise","Backstab","Blade Dance"],"picked":"SKIP","floor":35},{"not_picked":["Dagger Throw","AT_FocusSwordFire","Slice+1","MostiFishMod:PoisonShield+1","Sucker Punch+1"],"picked":"SKIP","floor":40},{"not_picked":["Backstab","Footwork","Blade Dance","PiercingWail","Quick Slash+1"],"picked":"SKIP","floor":44},{"not_picked":["Setup","Dagger Throw+1","Calculated Gamble","MostiFishMod:GrandStart","Flechettes"],"picked":"SKIP","floor":46},{"not_picked":["Underhanded Strike+1","Backflip+1","MostiFishMod:InvigoratingSolution","Prepared","Dagger Throw"],"picked":"SKIP","floor":47},{"not_picked":["AT_WindFlip","AT_TwilightShroud","Calculated Gamble","AT_FocusSwordFire","Bouncing Flask"],"picked":"SKIP","floor":55}],"player_experience":742234,"relics_obtained":[{"floor":1,"key":"SynthV:TestCard"},{"floor":6,"key":"Ornamental Fan"},{"floor":11,"key":"testmod-AssaultLearning"},{"floor":23,"key":"Bottled Lightning"},{"floor":25,"key":"testmod-Justice"},{"floor":26,"key":"FossilizedHelix"},{"floor":29,"key":"Pocketwatch"},{"floor":31,"key":"testmod-BouquetWithThorns"},{"floor":40,"key":"testmod-IndustrialRevolution"},{"floor":43,"key":"testmod-OneHitWonder"},{"floor":55,"key":"Lantern"}],"event_choices":[{"damage_healed":0,"gold_gain":0,"player_choice":"Lose Max HP","damage_taken":0,"relics_obtained":["Golden Idol"],"max_hp_gain":0,"max_hp_loss":6,"event_name":"Golden Idol","floor":3,"gold_loss":0},{"damage_healed":0,"gold_gain":75,"player_choice":"Gold","damage_taken":11,"max_hp_gain":0,"max_hp_loss":0,"event_name":"betterThird:BetterGoop","floor":4,"gold_loss":0},{"damage_healed":0,"gold_gain":0,"player_choice":"Swap Relic","damage_taken":0,"relics_obtained":["DaveBox"],"max_hp_gain":0,"max_hp_loss":0,"event_name":"给自己的盒子","floor":7,"relics_lost":["DaveBox"],"gold_loss":0},{"damage_healed":0,"gold_gain":0,"player_choice":"Ignored","damage_taken":145,"max_hp_gain":0,"max_hp_loss":0,"event_name":"betterThird:BetterSerpent","floor":14,"gold_loss":0},{"damage_healed":0,"gold_gain":0,"player_choice":"Embrace Madness","damage_taken":11,"max_hp_gain":0,"max_hp_loss":0,"event_name":"Winding Halls","floor":36,"gold_loss":0,"cards_obtained":["Madness","Madness"]},{"damage_healed":0,"gold_gain":400,"player_choice":"Sell","damage_taken":0,"max_hp_gain":0,"max_hp_loss":0,"event_name":"恩洛斯的盘子","floor":37,"relics_lost":["testmod-TestBox"],"gold_loss":0},{"damage_healed":0,"gold_gain":333,"player_choice":"Gave Idol","damage_taken":0,"max_hp_gain":0,"max_hp_loss":0,"event_name":"The Moai Head","floor":38,"relics_lost":["Golden Idol"],"gold_loss":0},{"damage_healed":0,"gold_gain":0,"player_choice":"Ignored","damage_taken":0,"max_hp_gain":0,"max_hp_loss":0,"event_name":"Tomb of Lord Red Mask","floor":39,"gold_loss":0}],"is_beta":false,"boss_relics":[{"not_picked":["SacredBark","Fusion Hammer"],"picked":"testmod-CardMagician"},{"not_picked":["HereWithMe","testmod-EnergyCheck"],"picked":"GreenFoldingFan"}],"items_purged_floors":[10,10,21,42,45,48,54],"is_endless":false,"potions_floor_spawned":[6,11,16,18,22,24,27,29,33,35,40],"ascension_level":20}}