{"host":"am0cr9xwekqmrere","time":1612546219,"event":{"mods":["AchievementEnabler","Act Like it!","BaseMod","Better Altar","Better Match","Better Note","Better Sensory Stone","Better Skull","Better Third Choice","BetterRewards","Conspire","Downfall","Hubris","Infinite Spire","Minty Spire (QoL Compilation)","Rare Cards Sparkle","Spicy Shops","StSLib","Unceasing Turn Reminder"],"gold_per_floor":[0,14,34,19,19,19,43,43,62,62,47,47,373,127,139,139,139,139],"floor_reached":16,"language":"ENG","playtime":524,"items_purged":[],"score":103,"play_id":"ee8aa64c-c0c3-4244-ab19-44f84508fb29","local_time":"20210205113019","is_ascension_mode":true,"campfire_choices":[{"data":"champ:Taunt","floor":1,"key":"SMITH"},{"data":"champ:DefensiveStyle","floor":6,"key":"SMITH"},{"data":"Secret Weapon","floor":10,"key":"SMITH"},{"data":"champ:Circumvent","floor":12,"key":"SMITH"}],"circlet_count":0,"master_deck":["champ:Strike","champ:Strike","champ:Strike","champ:Strike","champ:Defend","champ:Defend","champ:Defend","champ:Defend","champ:Execute","champ:Taunt+1","Secret Weapon+1","champ:Circumvent","champ:DefensiveStyle+1","champ:VampiricStrike","champ:Circumvent+1","champ:BerserkerStyle","champ:FocusedDefense","champ:PreciseThrust","champ:SkillfulDodge"],"relics":["champ:ChampionCrown","hubris:Towel","hubris:OldNail","Old Coin","Membership Card","Juzu Bracelet"],"acts_visited":["Exordium"],"potions_floor_usage":[4,11,13,14,16],"damage_taken":[{"damage":21,"enemies":"Jaw Worm","floor":2,"turns":4},{"damage":12,"enemies":"2 Louse","floor":3,"turns":3},{"damage":10,"enemies":"downfall:FleeingMerchant","floor":4,"turns":4},{"damage":10,"enemies":"Cultist","floor":9,"turns":4},{"damage":20,"enemies":"downfall:FleeingMerchant","floor":11,"turns":4},{"damage":53,"enemies":"Gremlin Nob","floor":13,"turns":7},{"damage":34,"enemies":"downfall:FleeingMerchant","floor":14,"turns":4},{"damage":11,"enemies":"Lots of Slimes","floor":15,"turns":4},{"damage":51,"enemies":"DF_ARCHETYPE_STREAMLINE","floor":16,"turns":9}],"seed_played":"-5399925156437449572","potions_obtained":[{"floor":2,"key":"LiquidBronze"},{"floor":8,"key":"AttackPotion"},{"floor":8,"key":"Weak Potion"},{"floor":8,"key":"Regen Potion"},{"floor":15,"key":"ColorlessPotion"}],"is_trial":false,"path_per_floor":["R","M","M","$","?","R","T","?","M","R","$","R","E","$","M","B"],"character_chosen":"THE_CHAMP","items_purchased":["Membership Card","Juzu Bracelet"],"campfire_rested":0,"item_purchase_floors":[14,14],"current_hp_per_floor":[90,89,87,87,87,87,87,87,87,87,87,87,51,51,50,0,0,0],"gold":139,"neow_bonus":"RANDOM_COLORLESS_2","is_daily":false,"chose_seed":false,"campfire_upgraded":4,"win_rate":0.0,"timestamp":1612546219,"path_taken":["R","M","M","$","?","R","T","?","M","R","$","R","E","$","M","BOSS"],"items_purchased_type":["Relic","Relic"],"build_version":"2020-12-22","purchased_purges":0,"victory":false,"max_hp_per_floor":[90,90,90,90,90,90,90,90,90,90,90,90,90,90,90,90,90,90],"card_choices":[{"not_picked":["Panache","Mayhem"],"picked":"Secret Weapon","floor":0},{"not_picked":["champ:FancyFootwork","champ:PerfectedStrike"],"picked":"champ:Circumvent","floor":2},{"not_picked":["champ:PreciseThrust","champ:Shatter"],"picked":"champ:DefensiveStyle","floor":3},{"not_picked":["champ:RisingSlash","champ:EnGarde"],"picked":"champ:VampiricStrike","floor":4},{"not_picked":["champ:GladiatorStyle","champ:AdrenalArmor"],"picked":"champ:Circumvent","floor":9},{"not_picked":["champ:BladeFlurry","champ:CalledShot"],"picked":"champ:BerserkerStyle","floor":11},{"not_picked":["champ:Shatter","champ:EndlessRage"],"picked":"champ:FocusedDefense","floor":13},{"not_picked":["champ:FanOfKnives","champ:FlashCut"],"picked":"champ:PreciseThrust","floor":14},{"not_picked":["champ:Circumvent","champ:FaceSlap"],"picked":"champ:SkillfulDodge","floor":15}],"player_experience":2726737,"relics_obtained":[{"floor":7,"key":"hubris:OldNail"},{"floor":13,"key":"Old Coin"}],"event_choices":[{"damage_healed":0,"gold_gain":0,"player_choice":"Got Potions","damage_taken":0,"max_hp_gain":0,"max_hp_loss":0,"event_name":"Lab","floor":8,"gold_loss":0}],"is_beta":false,"boss_relics":[],"items_purged_floors":[],"is_endless":false,"potions_floor_spawned":[2,15],"killed_by":"DF_ARCHETYPE_STREAMLINE","ascension_level":1}}