{"host":"3mxu71uy664p0kso","time":1612494992,"event":{"mods":["AchievementEnabler","BaseMod","Colored Map","Lobotomy","Minty Spire (QoL Compilation)","StSLib"],"gold_per_floor":[118,137,154,220,232,232,232,232],"floor_reached":7,"language":"KOR","playtime":418,"items_purged":[],"score":43,"play_id":"7ab9b3b4-265a-465d-9725-3cb72694b9ae","local_time":"20210205121632","is_ascension_mode":false,"campfire_choices":[],"circlet_count":0,"master_deck":["SpecialBullet","SpecialBullet","SpecialBullet","SpecialBullet","SpecialBullet","SpecialBullet","SpecialBullet","SpecialBullet","InformationCode","WelfareCode","DisciplinaryCode","Justitia","OldLady","ShyLook","DreamingCurrent","MHz"],"relics":["CogitoBucket","RabbitCall"],"acts_visited":["Exordium"],"potions_floor_usage":[7],"damage_taken":[{"damage":6,"enemies":"Cultist","floor":1,"turns":3},{"damage":8,"enemies":"Small Slimes","floor":2,"turns":2},{"damage":5,"enemies":"Jaw Worm","floor":3,"turns":2},{"damage":20,"enemies":"Looter","floor":5,"turns":3},{"damage":64,"enemies":"Lagavulin","floor":7,"turns":6}],"seed_played":"190788730038528215","potions_obtained":[{"floor":5,"key":"Dexterity Potion"}],"is_trial":false,"path_per_floor":["M","M","M","?","M","R","E"],"character_chosen":"Angela","items_purchased":[],"campfire_rested":0,"item_purchase_floors":[],"current_hp_per_floor":[57,49,44,44,42,42,0,0],"gold":232,"neow_bonus":"THREE_RARE_CARDS","is_daily":false,"chose_seed":false,"campfire_upgraded":0,"win_rate":0.0,"timestamp":1612494992,"path_taken":["M","M","?","?","M","R","E"],"items_purchased_type":[],"build_version":"2020-12-22","purchased_purges":0,"victory":false,"max_hp_per_floor":[63,63,63,63,63,63,63,63],"card_choices":[{"not_picked":["Mimicry","SoundOfStar"],"picked":"Justitia","floor":0},{"not_picked":["FairyFestival","Alriune"],"picked":"OldLady","floor":1},{"not_picked":["Diffraction","Laetitia_ego"],"picked":"SKIP","floor":1},{"not_picked":["Freischutz","Mercenary"],"picked":"ShyLook","floor":2},{"not_picked":["Tough","Regret_ego"],"picked":"SKIP","floor":2},{"not_picked":["Wellcheers","Murderer"],"picked":"DreamingCurrent","floor":3},{"not_picked":["SomewhereSpear","Lantern"],"picked":"SKIP","floor":3},{"not_picked":["FairyFestival","Murderer"],"picked":"MHz","floor":5},{"not_picked":["Lantern","TheSmile"],"picked":"SKIP","floor":5},{"not_picked":["Lantern","TheSmile"],"picked":"SKIP","floor":5}],"player_experience":115572,"relics_obtained":[],"event_choices":[{"damage_healed":0,"gold_gain":66,"player_choice":"Gained Gold","damage_taken":0,"max_hp_gain":0,"max_hp_loss":0,"event_name":"Golden Wing","floor":4,"gold_loss":0}],"is_beta":false,"boss_relics":[],"items_purged_floors":[],"is_endless":false,"potions_floor_spawned":[5],"killed_by":"Lagavulin","ascension_level":0}}