{"host":"6p0attdrtjqaih7v","time":1612554531,"event":{"mods":["2.2 Compatiblity","AchievementEnabler","Bard","BaseMod","Better Skull","Better Third Choice","Colored Powertips","Hermit","Highlight Path","Key Reminder","Minty Spire (QoL Compilation)","Permanent Neow","Quick Restart","Random Character Button","Relic Stats","Reliquary","Replay The Spire","Robot Space Explorer","StSLib","The Witch"],"gold_per_floor":[112,61,79,95,19,54,54,82,82,82,82,113,3,21,21,21,21],"floor_reached":16,"language":"ENG","playtime":503,"items_purged":[],"score":236,"play_id":"02260422-82d8-4668-b76c-34f88929e8aa","local_time":"20210205144851","is_ascension_mode":true,"campfire_choices":[{"floor":7,"key":"REST"},{"floor":10,"key":"REST"},{"floor":15,"key":"REST"}],"circlet_count":0,"master_deck":["AscendersBane","hermit:Strike_Hermit","hermit:Strike_Hermit","hermit:Strike_Hermit","hermit:Strike_Hermit","hermit:Defend_Hermit","hermit:Defend_Hermit","hermit:Defend_Hermit","hermit:Defend_Hermit","hermit:Snapshot","hermit:Covet","hermit:Gambit","hermit:FlashPowder","hermit:ItchyTrigger","hermit:Roulette","hermit:LoneWolf","hermit:Grudge","hermit:Ricochet","hermit:EternalForm","hermit:Gambit+1","hermit:BigShot"],"relics":["hermit:Momento","Replay:Bottled Snecko","White Beast Statue","Toxic Egg 2","Bottled Lightning","Orichalcum","keyreminder:keyreminder"],"acts_visited":["Exordium"],"potions_floor_usage":[6,8,12,16,16],"damage_taken":[{"damage":3,"enemies":"2 Louse","floor":1,"turns":2},{"damage":1,"enemies":"Cultist","floor":3,"turns":4},{"damage":4,"enemies":"Small Slimes","floor":4,"turns":2},{"damage":36,"enemies":"Gremlin Nob","floor":6,"turns":4},{"damage":19,"enemies":"3 Sentries","floor":8,"turns":5},{"damage":34,"enemies":"Gremlin Nob","floor":12,"turns":4},{"damage":1,"enemies":"Red Slaver","floor":14,"turns":3},{"damage":25,"enemies":"Hexaghost","floor":16,"turns":9}],"seed_played":"3234756220441557989","potions_obtained":[{"floor":1,"key":"AttackPotion"},{"floor":6,"key":"FearPotion"},{"floor":8,"key":"Elixir"},{"floor":12,"key":"Ancient Potion"}],"is_trial":false,"path_per_floor":["M","?","M","M","$","E","R","E","T","R","?","E","$","M","R","B"],"character_chosen":"HERMIT","items_purchased":["hermit:LoneWolf","Strength Potion","Adrenaline Potion"],"campfire_rested":3,"item_purchase_floors":[5,13,13],"current_hp_per_floor":[61,61,60,56,56,20,39,20,20,39,39,5,5,4,23,0,0],"gold":21,"neow_bonus":"THREE_RARE_CARDS","is_daily":false,"chose_seed":false,"campfire_upgraded":0,"win_rate":0.0,"timestamp":1612554531,"path_taken":["M","?","?","M","?","E","R","E","T","R","?","E","$","?","R","BOSS"],"items_purchased_type":["Card","Potion","Potion"],"build_version":"2020-12-22","purchased_purges":0,"victory":false,"max_hp_per_floor":[64,64,64,64,64,64,64,64,64,64,64,64,64,64,64,64,64],"relic_stats":{"counters":[8,33],"Orichalcum":[36],"obtain_stats":[{"keyreminder:keyreminder":12,"Replay:Bottled Snecko":2,"Bottled Lightning":9,"Toxic Egg 2":8,"Orichalcum":12,"hermit:Momento":0,"White Beast Statue":6},{"keyreminder:keyreminder":6,"Replay:Bottled Snecko":1,"Bottled Lightning":5,"Toxic Egg 2":5,"Orichalcum":6,"hermit:Momento":0,"White Beast Statue":4},{"keyreminder:keyreminder":21,"Replay:Bottled Snecko":2,"Bottled Lightning":17,"Toxic Egg 2":17,"Orichalcum":21,"hermit:Momento":0,"White Beast Statue":12}]},"card_choices":[{"not_picked":["hermit:FatalDesire","hermit:Reprieve"],"picked":"hermit:Gambit","floor":0},{"not_picked":["hermit:WideOpen","hermit:EyeOfTheStorm"],"picked":"hermit:FlashPowder","floor":1},{"not_picked":["hermit:HoleUp","hermit:Roulette"],"picked":"hermit:ItchyTrigger","floor":3},{"not_picked":["hermit:Desperado","hermit:SprayPray"],"picked":"hermit:Roulette","floor":4},{"not_picked":["hermit:HighNoon","hermit:Misfire"],"picked":"hermit:Grudge","floor":6},{"not_picked":["hermit:Combo","hermit:Virtue+1"],"picked":"hermit:Ricochet","floor":8},{"not_picked":["hermit:Coalescence+1","hermit:SprayPray"],"picked":"hermit:Gambit+1","floor":12},{"not_picked":["hermit:Feint+1","hermit:ShadowCloak"],"picked":"hermit:BigShot","floor":14}],"player_experience":1017453,"relics_obtained":[{"floor":6,"key":"White Beast Statue"},{"floor":8,"key":"Toxic Egg 2"},{"floor":9,"key":"Bottled Lightning"},{"floor":12,"key":"Orichalcum"}],"event_choices":[{"damage_healed":0,"gold_gain":0,"player_choice":"Paid Gold","damage_taken":0,"relics_obtained":["Replay:Bottled Snecko"],"max_hp_gain":0,"max_hp_loss":0,"event_name":"WeMeetAgain","floor":2,"gold_loss":51},{"damage_healed":0,"gold_gain":0,"player_choice":"1 cards matched","damage_taken":0,"max_hp_gain":0,"max_hp_loss":0,"event_name":"Match and Keep!","floor":11,"gold_loss":0,"cards_obtained":["hermit:EternalForm"]}],"is_beta":false,"boss_relics":[],"items_purged_floors":[],"is_endless":false,"potions_floor_spawned":[1,6,8,12,14],"killed_by":"Hexaghost","ascension_level":20}}