{"host":"vh33hu3wddwn6yt6","time":1612556775,"event":{"mods":["AchievementEnabler","Act Like it!","Aspiration","BaseMod","Better Altar","Better Match","Better Note","Better Sensory Stone","Better Skull","Better Third Choice","BetterRewards","Downfall","Hermit","Hubris","Infinite Spire","Minty Spire (QoL Compilation)","Permanent Neow","Replay The Spire","Shade Mod","Shop Mod","Spicy Shops","StSLib","SuperFastMode","The Blackbeard","The Necromancer","The Poker Player","The Runesmith","The Servant 0.9.4","TheBandit","Wandering Minibosses"],"gold_per_floor":[109,119,135,147,69,69,69,101,126,151,151,184,181,31,31,137,137,46,46,46,63,61,61],"floor_reached":22,"language":"DEU","playtime":715,"items_purged":[],"score":214,"play_id":"75358350-1c21-4b34-bdc4-3f139953b948","local_time":"20210205212615","is_ascension_mode":true,"campfire_choices":[{"data":"PathToVictory","floor":6,"key":"SMITH"},{"data":"TalkToTheHand","floor":15,"key":"SMITH"}],"circlet_count":0,"master_deck":["Strike_P","Strike_P","Strike_P","Strike_P","Defend_P","Defend_P","Defend_P","Defend_P","Eruption","Vigilance","PathToVictory+1","FollowUp","TalkToTheHand+1","Judgement"],"relics":["PureWater","Akabeko","Gambling Chip","Pen Nib","Prayer Wheel","infinitespire:Midas Blood","Lee\u0027s Waffle","Ring of Chaos","GremlinMask","Runesmith:UraniumAnvil","Replay:Bottled Snecko"],"acts_visited":["Exordium","TheCity"],"potions_floor_usage":[4,8,13,16],"damage_taken":[{"damage":1,"enemies":"Cultist","floor":1,"turns":4},{"damage":0,"enemies":"2 Louse","floor":2,"turns":4},{"damage":1,"enemies":"Jaw Worm","floor":3,"turns":3},{"damage":2,"enemies":"Looter","floor":4,"turns":4},{"damage":8,"enemies":"Gremlin Nob","floor":8,"turns":4},{"damage":36,"enemies":"Lagavulin","floor":10,"turns":6},{"damage":8,"enemies":"Gremlin Nob","floor":12,"turns":3},{"damage":21,"enemies":"Large Slime","floor":13,"turns":12},{"damage":78,"enemies":"Fading Forest","floor":16,"turns":11},{"damage":64,"enemies":"2 Thieves","floor":18,"turns":5},{"damage":1,"enemies":"Shell Parasite","floor":21,"turns":5},{"damage":27,"enemies":"Centurion and Healer","floor":22,"turns":9}],"seed_played":"-7767459324616976624","potions_obtained":[{"floor":1,"key":"Slimebound:ThreeZeroPotion"},{"floor":2,"key":"FearPotion"},{"floor":12,"key":"Reflective Coating"},{"floor":13,"key":"ColorlessPotion"}],"is_trial":false,"path_per_floor":["M","M","M","M","$","R","T","E","T","E","?","E","M","$","R","B",null,"M","?","AVR","M","M"],"character_chosen":"WATCHER","items_purchased":["Akabeko","Lee\u0027s Waffle"],"campfire_rested":0,"item_purchase_floors":[5,14],"current_hp_per_floor":[78,78,77,75,75,75,75,67,67,31,54,46,25,86,86,32,86,22,22,22,21,0,0],"gold":61,"neow_bonus":"TEN_PERCENT_HP_BONUS","is_daily":false,"chose_seed":false,"campfire_upgraded":2,"win_rate":0.0,"timestamp":1612556775,"path_taken":["M","M","M","M","$","R","?","E","T","E","?","E","M","$","R","BOSS","M","?","AVR","M","M"],"items_purchased_type":["Relic","Relic"],"build_version":"2020-12-22","purchased_purges":0,"victory":false,"max_hp_per_floor":[79,79,79,79,79,79,79,79,79,79,79,79,79,86,86,86,86,86,86,86,86,86,86],"card_choices":[{"not_picked":["Meditate","Crescendo","EmptyBody"],"picked":"SKIP","floor":1},{"not_picked":["FlyingSleeves","CutThroughFate"],"picked":"PathToVictory","floor":2},{"not_picked":["Swivel","Collect","Nirvana"],"picked":"SKIP","floor":3},{"not_picked":["FlurryOfBlows","Halt"],"picked":"FollowUp","floor":4},{"not_picked":["Indignation","Replay:Anticipation","ClearTheMind"],"picked":"SKIP","floor":8},{"not_picked":["Study","FollowUp","WaveOfTheHand"],"picked":"SKIP","floor":10},{"not_picked":["Crescendo","Collect"],"picked":"TalkToTheHand","floor":12},{"not_picked":["Fasting2","CrushJoints","SandsOfTime"],"picked":"SKIP","floor":13},{"not_picked":["SandsOfTime","Sanctity","Halt"],"picked":"SKIP","floor":13},{"not_picked":["Replay:AllIn","Scrawl"],"picked":"Judgement","floor":16},{"not_picked":["Replay:ManipulateFuture+1","EmptyFist","WaveOfTheHand+1"],"picked":"SKIP","floor":18},{"not_picked":["ThirdEye","Replay:Vibes+1","Protect"],"picked":"SKIP","floor":18},{"not_picked":["Replay:Hum","EmptyBody+1","BowlingBash"],"picked":"SKIP","floor":21},{"not_picked":["Replay:AtTheReady+1","SignatureMove","Prostrate"],"picked":"SKIP","floor":21}],"player_experience":663494,"relics_obtained":[{"floor":7,"key":"Gambling Chip"},{"floor":8,"key":"Pen Nib"},{"floor":10,"key":"Prayer Wheel"},{"floor":12,"key":"infinitespire:Midas Blood"}],"event_choices":[{"damage_healed":0,"gold_gain":0,"player_choice":"Trade","damage_taken":0,"relics_obtained":["GremlinMask"],"max_hp_gain":0,"max_hp_loss":0,"event_name":"FaceTrader","floor":19,"gold_loss":0}],"is_beta":false,"boss_relics":[{"not_picked":["ChewingGum","Replay:Drink Me"],"picked":"Ring of Chaos"}],"items_purged_floors":[],"is_endless":false,"potions_floor_spawned":[1,2,12,13],"killed_by":"Centurion and Healer","ascension_level":1}}