{"host":"9slw7l0ws16384qq","time":1612528671,"event":{"mods":["A Penny For Your Troubles","BaseMod","Colored Map","Downfall","Evolution","Hubris","Minty Spire (QoL Compilation)","Replay The Spire","StS++","StSLib"],"gold_per_floor":[349,364,378,397,5,20,20,30,59,79,99,84,104,114,124,223,223,223,236,314,314,93,107,107,92,92,109,120,120,5,19,36,141,141,141,151,163,179,192,192,215,215,590,608,608,608,658,83,99,99,99,99],"floor_reached":50,"language":"FRA","playtime":3214,"items_purged":["Slimebound:Defend_Slimebound","Slimebound:Defend_Slimebound","Slimebound:Defend_Slimebound"],"score":696,"play_id":"2654d9b4-6ec4-4d92-92ec-0168d39035da","local_time":"20210205133751","is_ascension_mode":true,"campfire_choices":[{"floor":1.0,"key":"DIG"},{"data":"Slimebound:Split","floor":26.0,"key":"SMITH"},{"data":"Slimebound:CorrosiveSpit","floor":29.0,"key":"SMITH"},{"floor":42.0,"key":"REST"},{"floor":46.0,"key":"REST"}],"circlet_count":0,"master_deck":["Slimebound:Strike_Slimebound+1","Slimebound:Defend_Slimebound","Slimebound:Split+1","Slimebound:CorrosiveSpit+1","Slimebound:OozeBath+1","Slimebound:Recollect","Slimebound:Teamwork","Slimebound:Replication+1","Slimebound:SplitLeeching+1","Slimebound:Replication","Slimebound:Recycling+1","expansioncontent:AwakenDeath"],"relics":["Slimebound:AbsorbEndCombat","EVO:Axolotl","Durian","Torii","StSpp:TwinEgg","CaptainsWheel","SlaversCollar","The Courier","Guardian:PocketSentry","hubris:MedicalManual","Empty Cage","Ancient Tea Set","Whetstone","hubris:BottledRain","Replay:Kaleidoscope"],"acts_visited":["Exordium","TheCity","TheBeyond"],"potions_floor_usage":[50,50,50],"damage_taken":[{"damage":6.0,"enemies":"Cultist","floor":2.0,"turns":4.0},{"damage":0.0,"enemies":"Small Slimes","floor":3.0,"turns":3.0},{"damage":5.0,"enemies":"Jaw Worm","floor":4.0,"turns":5.0},{"damage":3.0,"enemies":"downfall:FleeingMerchant","floor":5.0,"turns":4.0},{"damage":1.0,"enemies":"Gremlin Gang","floor":6.0,"turns":6.0},{"damage":2.0,"enemies":"3 Louse","floor":8.0,"turns":3.0},{"damage":41.0,"enemies":"Gremlin Nob","floor":9.0,"turns":5.0},{"damage":7.0,"enemies":"2 Fungi Beasts","floor":10.0,"turns":4.0},{"damage":0.0,"enemies":"3 Louse","floor":11.0,"turns":4.0},{"damage":4.0,"enemies":"downfall:FleeingMerchant","floor":12.0,"turns":4.0},{"damage":7.0,"enemies":"Large Slime","floor":13.0,"turns":5.0},{"damage":12.0,"enemies":"Exordium Thugs","floor":14.0,"turns":5.0},{"damage":2.0,"enemies":"Red Slaver","floor":15.0,"turns":3.0},{"damage":43.0,"enemies":"WA_ARCHETYPE_RETAIN","floor":16.0,"turns":11.0},{"damage":0.0,"enemies":"Spheric Guardian","floor":19.0,"turns":5.0},{"damage":0.0,"enemies":"downfall:FleeingMerchant","floor":22.0,"turns":4.0},{"damage":3.0,"enemies":"Shelled Parasite and Fungi","floor":23.0,"turns":6.0},{"damage":2.0,"enemies":"downfall:FleeingMerchant","floor":25.0,"turns":4.0},{"damage":5.0,"enemies":"Sentry and Sphere","floor":27.0,"turns":6.0},{"damage":1.0,"enemies":"Chosen and Byrds","floor":28.0,"turns":7.0},{"damage":0.0,"enemies":"downfall:FleeingMerchant","floor":30.0,"turns":4.0},{"damage":7.0,"enemies":"Snecko","floor":31.0,"turns":6.0},{"damage":17.0,"enemies":"Snake Plant","floor":32.0,"turns":5.0},{"damage":26.0,"enemies":"DF_ARCHETYPE_CLAW","floor":33.0,"turns":9.0},{"damage":37.0,"enemies":"3 Darklings","floor":36.0,"turns":8.0},{"damage":15.0,"enemies":"Orb Walker","floor":37.0,"turns":5.0},{"damage":22.0,"enemies":"3 Darklings","floor":38.0,"turns":7.0},{"damage":1.0,"enemies":"Maw","floor":39.0,"turns":9.0},{"damage":15.0,"enemies":"downfall:FleeingMerchant","floor":43.0,"turns":4.0},{"damage":2.0,"enemies":"Nemesis","floor":44.0,"turns":7.0},{"damage":1.0,"enemies":"Nemesis","floor":47.0,"turns":5.0},{"damage":2.0,"enemies":"Spire Growth","floor":49.0,"turns":6.0},{"damage":158,"enemies":"IC_BLOCK_ARCHETYPE","floor":50,"turns":6}],"seed_played":"-5717861123953093221","potions_obtained":[{"floor":3.0,"key":"PowerPotion"},{"floor":4.0,"key":"Fruit Juice"},{"floor":8.0,"key":"Doom Potion"},{"floor":10.0,"key":"sneckomod:MuddlingPotion"},{"floor":14.0,"key":"hexamod:SoulburnPotion"},{"floor":33.0,"key":"Cursed Concoction"},{"floor":36.0,"key":"PowerPotion"}],"is_trial":false,"path_per_floor":["R_BF","M","M","M","$","M","T","M","E","M","M","$","M","M","M","B",null,"R_BF","M","T","?","$","M","T","$","R","M","M","R","$","M","M","B",null,"R_BF","M","M","M","M","?","T","R","$","E","?","R","?","?","M","B"],"character_chosen":"SLIMEBOUND","items_purchased":["Torii","Guardian:PocketSentry","Whetstone","hubris:BottledRain","Replay:Kaleidoscope"],"campfire_rested":2,"item_purchase_floors":[5,22,48,48,48],"current_hp_per_floor":[64,61,64,63,64,64,64,64,34,33,39,41,40,36,38,3,53,69,69,69,69,69,69,69,69,69,69,69,69,69,65,56,38,61,61,32,23,9,12,12,12,32,23,29,29,49,52,52,52,0,0,0],"gold":99,"neow_bonus":"TWO_FIFTY_GOLD","is_daily":false,"chose_seed":false,"campfire_upgraded":2,"win_rate":0.0,"timestamp":1612528671,"path_taken":["R_BF","M","M","M","$","M","T","?","E","M","M","$","?","M","M","BOSS","R_BF","M","?","?","$","?","T","?","R","M","?","R","$","M","M","BOSS","R_BF","M","M","M","M","?","T","R","$","E","?","R","?","?","M","BOSS"],"items_purchased_type":["Relic","Relic","Relic","Relic","Relic"],"build_version":"2020-12-22","purchased_purges":3,"victory":false,"max_hp_per_floor":[64,64,64,64,64,64,64,64,69,69,69,69,69,69,69,69,69,69,69,69,69,69,69,69,69,69,69,69,69,69,69,69,69,69,69,69,69,69,69,69,69,69,69,69,69,69,69,69,69,69,69,69],"card_choices":[{"not_picked":["Slimebound:PressTheAttack","Slimebound:Prepare","Slimebound:HungryTackle"],"picked":"SKIP","floor":2.0},{"not_picked":["Slimebound:SplitAcid","Slimebound:FlameTackle","Slimebound:Prepare"],"picked":"SKIP","floor":3.0},{"not_picked":["Slimebound:SamplingLick","Slimebound:Nibble","Slimebound:GoopTackle"],"picked":"SKIP","floor":4.0},{"not_picked":["Slimebound:ItLooksTasty","Slimebound:Gluttony"],"picked":"Slimebound:OozeBath","floor":5.0},{"not_picked":["Slimebound:ServeAndProtect","Slimebound:Nibble"],"picked":"Slimebound:Recollect","floor":6.0},{"not_picked":["Slimebound:GoopTackle","Slimebound:FinishingTackle","Slimebound:Prepare"],"picked":"SKIP","floor":8.0},{"not_picked":["Slimebound:LeechingTouch","Slimebound:ProtectTheBoss","Slimebound:FormOfPuddle"],"picked":"SKIP","floor":9.0},{"not_picked":["Slimebound:LeechEnergy","Slimebound:Repurpose","Slimebound:PressTheAttack"],"picked":"SKIP","floor":10.0},{"not_picked":["Slimebound:ProtectTheBoss","Slimebound:RejuvenatingLick","Slimebound:SamplingLick"],"picked":"SKIP","floor":11.0},{"not_picked":["Slimebound:LeechingTouch","Slimebound:SamplingLick","Slimebound:FinishingTackle"],"picked":"SKIP","floor":12.0},{"not_picked":["Slimebound:SamplingLick","Slimebound:MinionMaster","Slimebound:Dissolve"],"picked":"SKIP","floor":13.0},{"not_picked":["Slimebound:ItLooksTasty","Slimebound:ViciousTackle","Slimebound:SlimeBarrage"],"picked":"SKIP","floor":14.0},{"not_picked":["Slimebound:GoopTackle","Slimebound:RollThrough","Slimebound:DivideAndConquer"],"picked":"SKIP","floor":15.0},{"not_picked":["Slimebound:WasteNot","Slimebound:MassRepurpose"],"picked":"Slimebound:Teamwork","floor":16.0},{"not_picked":["Slimebound:FinishingTackle+1","Slimebound:LivingWall"],"picked":"Slimebound:Replication+1","floor":19.0},{"not_picked":["Slimebound:LeechEnergy","Slimebound:ViciousTackle","Slimebound:ProtectTheBoss"],"picked":"SKIP","floor":22.0},{"not_picked":["Slimebound:ComboTackle","Slimebound:SplitAcid+1"],"picked":"Slimebound:SplitLeeching+1","floor":23.0},{"not_picked":["Slimebound:SlimeSpikes+1","Slimebound:Prepare","Slimebound:SplitMire"],"picked":"SKIP","floor":25.0},{"not_picked":["Slimebound:LivingWall","Slimebound:SlimeTap","Slimebound:FormOfPuddle+1"],"picked":"SKIP","floor":27.0},{"not_picked":["Slimebound:Prepare","Slimebound:LevelUp","Slimebound:HauntingLick+1"],"picked":"SKIP","floor":28.0},{"not_picked":["Slimebound:SlimeBrawl","Slimebound:LeechLife"],"picked":"Slimebound:Replication","floor":30.0},{"not_picked":["Slimebound:GoopSpray+1","Slimebound:RollThrough+1","Slimebound:Prepare"],"picked":"SKIP","floor":31.0},{"not_picked":["Slimebound:GoopTackle+1","Slimebound:SplitLeeching","Slimebound:LeadByExample"],"picked":"SKIP","floor":32.0},{"not_picked":["Slimebound:MinionMaster","Slimebound:OozeBath"],"picked":"Slimebound:Recycling","floor":33.0},{"not_picked":["Slimebound:Prepare","Slimebound:SplitLeeching+1","Slimebound:DivideAndConquer+1"],"picked":"SKIP","floor":36.0},{"not_picked":["Slimebound:ComboTackle+1","Slimebound:FlameTackle","Slimebound:Equalize"],"picked":"SKIP","floor":37.0},{"not_picked":["Slimebound:Schlurp","Slimebound:SplitAcid+1","Slimebound:SlimeTap+1"],"picked":"SKIP","floor":38.0},{"not_picked":["Slimebound:FinishingTackle","Slimebound:Repurpose","Slimebound:Equalize+1"],"picked":"SKIP","floor":39.0},{"not_picked":["Slimebound:ForwardTackle","Slimebound:ViciousTackle","Slimebound:FinishingTackle+1"],"picked":"SKIP","floor":44.0},{"not_picked":["expansioncontent:HyperBeam","expansioncontent:Hexaburn"],"picked":"expansioncontent:AwakenDeath","floor":45.0},{"not_picked":["Slimebound:RejuvenatingLick+1","Slimebound:ComboTackle+1","Slimebound:TongueLash+1"],"picked":"SKIP","floor":49.0}],"player_experience":1619631,"relics_obtained":[{"floor":1.0,"key":"Durian"},{"floor":7.0,"key":"StSpp:TwinEgg"},{"floor":9.0,"key":"CaptainsWheel"},{"floor":20.0,"key":"The Courier"},{"floor":24.0,"key":"hubris:MedicalManual"},{"floor":41.0,"key":"Ancient Tea Set"}],"event_choices":[{"damage_healed":0.0,"max_hp_gain":0.0,"max_hp_loss":0.0,"gold_gain":0.0,"event_name":"FaceTrader","player_choice":"Leave","floor":21.0,"gold_loss":0.0,"damage_taken":0.0},{"cards_removed":["Slimebound:Tackle"],"damage_healed":0.0,"max_hp_gain":0.0,"max_hp_loss":0.0,"gold_gain":0.0,"event_name":"Falling","player_choice":"Removed Attack","floor":40.0,"gold_loss":0.0,"damage_taken":0.0}],"is_beta":false,"boss_relics":[{"not_picked":["Black Star","Astrolabe"],"picked":"SlaversCollar"},{"not_picked":["Honey Jar","StSpp:Magatama"],"picked":"Empty Cage"}],"items_purged_floors":[5,22,30],"is_endless":false,"potions_floor_spawned":[3,4,8,10,14,15,27,31,32,33,36,38,47],"killed_by":"IC_BLOCK_ARCHETYPE","ascension_level":8}}