{"host":"36t3qd3wjvajtu1z","time":1612503330,"event":{"mods":["2.2 Compatiblity","AchievementEnabler","BaseMod","Block Reminder","Colored Map","Colored Powertips","Minty Spire (QoL Compilation)","Permanent Neow","Quick Restart","Random Character Button","Rare Cards Sparkle","Relic Stats","Slay-I","StSLib"],"gold_per_floor":[114,64,83,102,115,115,133,165,190,190,216,230,250,58,58,162,162,176,176,19,38,38,65,65,98,122,122,132,150,14,42,42,42,42],"floor_reached":33,"language":"ENG","playtime":1723,"items_purged":[],"score":475,"play_id":"7180b4b6-f68a-4f25-b182-bf2659d606a0","local_time":"20210204213530","is_ascension_mode":true,"campfire_choices":[{"data":"Prepared","floor":6.0,"key":"SMITH"},{"floor":10.0,"key":"REST"},{"data":"Apotheosis","floor":15.0,"key":"SMITH"},{"floor":24.0,"key":"REST"},{"floor":27.0,"key":"REST"},{"floor":32,"key":"REST"}],"circlet_count":0,"master_deck":["AscendersBane","Strike_G","Strike_G","Strike_G","Defend_G","Defend_G","Defend_G","Defend_G","Survivor","Neutralize","Heel Hook","Dodge and Roll","Poisoned Stab","Underhanded Strike","Dagger Throw","Prepared+1","Underhanded Strike","Skewer","Malaise","Deadly Poison","PiercingWail","Apotheosis+1","Tools of the Trade","Bane","Blur+1","Blade Dance+1","Die Die Die","Caltrops","Crippling Poison","Envenom","Acrobatics"],"relics":["Ring of the Snake","Mercury Hourglass","Pen Nib","Lantern","Black Star","Medical Kit","PreservedInsect","Blue Candle","Mummified Hand","Omamori","Bronze Scales","Red Mask"],"acts_visited":["Exordium","TheCity"],"potions_floor_usage":[31],"damage_taken":[{"damage":0.0,"enemies":"Small Slimes","floor":1.0,"turns":4.0},{"damage":0.0,"enemies":"2 Louse","floor":3.0,"turns":2.0},{"damage":0.0,"enemies":"Jaw Worm","floor":4.0,"turns":4.0},{"damage":6.0,"enemies":"Exordium Thugs","floor":5.0,"turns":5.0},{"damage":7.0,"enemies":"2 Fungi Beasts","floor":7.0,"turns":4.0},{"damage":29.0,"enemies":"Gremlin Nob","floor":8.0,"turns":4.0},{"damage":3.0,"enemies":"3 Sentries","floor":11.0,"turns":6.0},{"damage":6.0,"enemies":"3 Louse","floor":12.0,"turns":2.0},{"damage":0.0,"enemies":"Blue Slaver","floor":13.0,"turns":2.0},{"damage":6.0,"enemies":"The Guardian","floor":16.0,"turns":7.0},{"damage":6.0,"enemies":"2 Thieves","floor":18.0,"turns":4.0},{"damage":0.0,"enemies":"Chosen","floor":21.0,"turns":3.0},{"damage":30.0,"enemies":"Slavers","floor":23.0,"turns":6.0},{"damage":13.0,"enemies":"Book of Stabbing","floor":25.0,"turns":4.0},{"damage":10.0,"enemies":"Snecko","floor":28.0,"turns":3.0},{"damage":0,"enemies":"Chosen and Byrds","floor":29,"turns":3},{"damage":3,"enemies":"Masked Bandits","floor":31,"turns":3},{"damage":51,"enemies":"Champ","floor":33,"turns":8}],"seed_played":"7713898369379276606","potions_obtained":[{"floor":3.0,"key":"Fruit Juice"},{"floor":8.0,"key":"SkillPotion"},{"floor":11.0,"key":"Strength Potion"},{"floor":12.0,"key":"FearPotion"},{"floor":23.0,"key":"EntropicBrew"}],"is_trial":false,"path_per_floor":["M","?","M","M","M","R","M","E","T","R","E","M","M","$","R","B",null,"M","?","$","M","?","E","R","E","T","R","M","M","$","?","R","B"],"character_chosen":"THE_SILENT","items_purchased":["Apotheosis","Medical Kit","Envenom"],"campfire_rested":4,"item_purchase_floors":[14,20,30],"current_hp_per_floor":[63,63,68,68,62,62,55,26,26,46,43,37,37,37,37,31,59,53,41,41,41,41,11,32,19,19,40,30,30,30,27,48,0,0],"gold":42,"neow_bonus":"TRANSFORM_TWO_CARDS","is_daily":false,"chose_seed":false,"campfire_upgraded":2,"win_rate":0.0,"timestamp":1612503330,"path_taken":["M","?","M","M","M","R","M","E","T","R","E","M","M","$","R","BOSS","M","?","$","M","?","E","R","E","T","R","M","?","$","?","R","BOSS"],"items_purchased_type":["Card","Relic","Card"],"build_version":"2020-12-22","purchased_purges":0,"victory":false,"max_hp_per_floor":[63,63,68,68,68,68,68,68,68,68,68,68,68,68,68,68,68,68,73,73,73,73,73,73,73,73,73,73,73,73,73,73,73,73],"relic_stats":{"counters":[18,74],"Mummified Hand":[8],"Blue Candle":[0],"Bronze Scales":[48],"Pen Nib":[11],"PreservedInsect":43,"Black Star":2,"Medical Kit":[0],"obtain_stats":[{"Lantern":11,"Mummified Hand":25,"Blue Candle":23,"Bronze Scales":26,"Pen Nib":9,"PreservedInsect":23,"Black Star":17,"Omamori":25,"Red Mask":31,"Medical Kit":20,"Ring of the Snake":0,"Mercury Hourglass":8},{"Lantern":7,"Mummified Hand":14,"Blue Candle":13,"Bronze Scales":14,"Pen Nib":6,"PreservedInsect":13,"Black Star":10,"Omamori":14,"Red Mask":17,"Medical Kit":11,"Ring of the Snake":0,"Mercury Hourglass":6},{"Lantern":29,"Mummified Hand":57,"Blue Candle":53,"Bronze Scales":57,"Pen Nib":23,"PreservedInsect":53,"Black Star":40,"Omamori":57,"Red Mask":66,"Medical Kit":44,"Ring of the Snake":0,"Mercury Hourglass":23}],"Ring of the Snake":[36],"Mercury Hourglass":[222]},"card_choices":[{"not_picked":["Sucker Punch","Outmaneuver"],"picked":"Poisoned Stab","floor":1.0},{"not_picked":["Flechettes","Prepared"],"picked":"Underhanded Strike","floor":3.0},{"not_picked":["Deflect","Eviscerate"],"picked":"Dagger Throw","floor":4.0},{"not_picked":["Slice","Catalyst"],"picked":"Prepared","floor":5.0},{"not_picked":["Slice","Outmaneuver"],"picked":"Underhanded Strike","floor":7.0},{"not_picked":["Backflip","Dagger Spray"],"picked":"Skewer","floor":8.0},{"not_picked":["Eviscerate","PiercingWail"],"picked":"Malaise","floor":11.0},{"not_picked":["Noxious Fumes","Acrobatics"],"picked":"Deadly Poison","floor":12.0},{"not_picked":["Deflect","Dagger Spray"],"picked":"PiercingWail","floor":13.0},{"not_picked":["Storm of Steel","Burst"],"picked":"Tools of the Trade","floor":16.0},{"not_picked":["Dagger Throw","Prepared"],"picked":"Bane","floor":18.0},{"not_picked":["Dodge and Roll","Cloak And Dagger+1"],"picked":"Blur+1","floor":21.0},{"not_picked":["Endless Agony","Deadly Poison"],"picked":"Blade Dance+1","floor":23.0},{"not_picked":["Sucker Punch","Endless Agony"],"picked":"Die Die Die","floor":25.0},{"not_picked":["Expertise+1","Slice"],"picked":"Caltrops","floor":28.0},{"not_picked":["Dagger Spray","Slice+1"],"picked":"Crippling Poison","floor":29},{"not_picked":["Deadly Poison","Blade Dance"],"picked":"Acrobatics","floor":31}],"player_experience":398165,"relics_obtained":[{"floor":8.0,"key":"Mercury Hourglass"},{"floor":9.0,"key":"Pen Nib"},{"floor":11.0,"key":"Lantern"},{"floor":23.0,"key":"PreservedInsect"},{"floor":23.0,"key":"Blue Candle"},{"floor":25.0,"key":"Mummified Hand"},{"floor":25.0,"key":"Omamori"},{"floor":26.0,"key":"Bronze Scales"},{"floor":31,"key":"Red Mask"}],"event_choices":[{"cards_removed":["Strike_G"],"damage_healed":0.0,"max_hp_gain":0.0,"max_hp_loss":0.0,"gold_gain":0.0,"event_name":"The Cleric","player_choice":"Card Removal","floor":2.0,"gold_loss":50.0,"damage_taken":0.0},{"damage_healed":0.0,"max_hp_gain":5.0,"max_hp_loss":0.0,"gold_gain":0.0,"event_name":"Forgotten Altar","player_choice":"Shed Blood","floor":19.0,"gold_loss":0.0,"damage_taken":17.0},{"damage_healed":0.0,"max_hp_gain":0.0,"max_hp_loss":0.0,"gold_gain":0.0,"event_name":"Lab","player_choice":"Got Potions","floor":22.0,"gold_loss":0.0,"damage_taken":0.0},{"damage_healed":0,"gold_gain":0,"player_choice":"Fought Bandits","damage_taken":0,"max_hp_gain":0,"max_hp_loss":0,"event_name":"Masked Bandits","floor":31,"gold_loss":0}],"is_beta":false,"boss_relics":[{"not_picked":["Calling Bell","Philosopher\u0027s Stone"],"picked":"Black Star"}],"items_purged_floors":[],"is_endless":false,"potions_floor_spawned":[3,8,11,12,13,18,21,23],"killed_by":"Champ","ascension_level":12}}