{"host":"iyj530209nkhhjuz","time":1612519989,"event":{"mods":["AchievementEnabler","BaseMod","Better Match","Better Note","Better Third Choice","BetterRewards","Colored Map","Colored Powertips","Dark Map","Fox Events","Highlight Path","Minty Spire (QoL Compilation)","Permanent Neow","Random Character Button","Rare Cards Sparkle","Relic Stats","StSLib","Waifu the Spire"],"gold_per_floor":[109,69,69,69,79,113,126,126,153,180,200,235,22,33,33,140,167,177,186,43,143,162,187,199,226,265,277,289,301,313,365,377,491,503,527,652,714,776,510,510,542,559,559,594,644,666,123,196,196,196,196,196,22,48,48],"floor_reached":56,"language":"ENG","playtime":4697,"items_purged":["Bash","Strike_R","Strike_R","Strike_R","Armaments+1","Sever Soul+1"],"score":2796,"play_id":"637f5d8a-5e31-4fda-852f-de77c04c7c56","local_time":"20210205111309","is_ascension_mode":true,"campfire_choices":[{"floor":8.0,"key":"REST"},{"data":"Searing Blow","floor":15.0,"key":"SMITH"},{"data":"Barricade","floor":27,"key":"SMITH"},{"data":"Body Slam","floor":29,"key":"SMITH"},{"data":"Searing Blow+1","floor":32,"key":"SMITH"},{"data":"Searing Blow+2","floor":40,"key":"SMITH"},{"floor":49,"key":"RECALL"},{"data":"Metallicize","floor":52,"key":"SMITH"}],"circlet_count":0,"master_deck":["AscendersBane","Defend_R+1","Defend_R+1","Defend_R+1","Defend_R+1","Battle Trance+1","Fire Breathing+1","Second Wind+1","Iron Wave+1","Master of Strategy+1","Pommel Strike+1","Barricade+1","Immolate+1","Warcry+1","Iron Wave+1","Body Slam+1","Iron Wave+1","Searing Blow+5","Impervious+1","Ghostly Armor+1","Shrug It Off+1","Malaise+1","Fire Breathing+1","Fire Breathing+1","Impervious+1","Warcry+1","Flash of Steel+1","Body Slam+1","Parasite","Master of Strategy+1","Metallicize+1","Violence","Warcry+1"],"relics":["Burning Blood","Anchor","Vajra","Lizard Tail","Orrery","betterThird:SlimedRelic","Centennial Puzzle","Happy Flower","CeramicFish","Dream Catcher","Regal Pillow","Astrolabe","Lantern","Bag of Preparation","MawBank","PreservedInsect","SsserpentHead","Nunchaku","Mark of Pain","CaptainsWheel","Membership Card","Turnip","Unceasing Top","InkBottle","Mark of the Bloom","DollysMirror","StoneCalendar","FossilizedHelix","Bag of Marbles","Whetstone"],"acts_visited":["Exordium","TheCity","TheBeyond","TheEnding"],"potions_floor_usage":[23,55,55],"damage_taken":[{"damage":0.0,"enemies":"Jaw Worm","floor":1.0,"turns":3.0},{"damage":0.0,"enemies":"2 Louse","floor":5.0,"turns":2.0},{"damage":20.0,"enemies":"Gremlin Nob","floor":6.0,"turns":4.0},{"damage":0.0,"enemies":"Cultist","floor":7.0,"turns":2.0},{"damage":0.0,"enemies":"3 Sentries","floor":10.0,"turns":3.0},{"damage":0.0,"enemies":"Blue Slaver","floor":11.0,"turns":3.0},{"damage":15.0,"enemies":"Gremlin Nob","floor":12.0,"turns":4.0},{"damage":0.0,"enemies":"2 Fungi Beasts","floor":14.0,"turns":3.0},{"damage":12.0,"enemies":"Hexaghost","floor":16.0,"turns":12.0},{"damage":0.0,"enemies":"Shell Parasite","floor":18.0,"turns":5.0},{"damage":0.0,"enemies":"Spheric Guardian","floor":22.0,"turns":4.0},{"damage":11,"enemies":"Slavers","floor":23,"turns":6},{"damage":0,"enemies":"Snake Plant","floor":24,"turns":5},{"damage":14,"enemies":"Book of Stabbing","floor":25,"turns":8},{"damage":0,"enemies":"Gremlin Leader","floor":31,"turns":3},{"damage":0,"enemies":"Automaton","floor":33,"turns":9},{"damage":0,"enemies":"3 Shapes","floor":35,"turns":3},{"damage":4,"enemies":"2 Orb Walkers","floor":36,"turns":4},{"damage":0,"enemies":"Reptomancer","floor":41,"turns":5},{"damage":0,"enemies":"Orb Walker","floor":42,"turns":3},{"damage":9,"enemies":"Giant Head","floor":44,"turns":8},{"damage":0,"enemies":"Writhing Mass","floor":46,"turns":4},{"damage":0,"enemies":"Jaw Worm Horde","floor":48,"turns":2},{"damage":0,"enemies":"Donu and Deca","floor":50,"turns":4},{"damage":0,"enemies":"Shield and Spear","floor":54,"turns":3},{"damage":0,"enemies":"The Heart","floor":55,"turns":7}],"seed_played":"-8916695339011008905","potions_obtained":[{"floor":1.0,"key":"Explosive Potion"},{"floor":5.0,"key":"ColorlessPotion"},{"floor":12.0,"key":"ColorlessPotion"},{"floor":23,"key":"Strength Potion"},{"floor":24,"key":"PowerPotion"},{"floor":35,"key":"CultistPotion"},{"floor":48,"key":"EssenceOfSteel"}],"is_trial":false,"path_per_floor":["M","?","?","?","M","E","M","R","T","E","M","E","$","M","R","B",null,"M","?","$","?","M","E","M","E","T","R","?","R","?","E","R","B",null,"M","?","?","?","$","R","E","M","T","E","?","M","$","M","R","B",null,"R","$","E","B",null],"character_chosen":"IRONCLAD","items_purchased":["Anchor","Battle Trance","Vajra","Fire Breathing","Second Wind","Lizard Tail","Iron Wave","Master of Strategy","Orrery","Searing Blow","Regal Pillow","Lantern","Membership Card","Impervious","Warcry","Flash of Steel","DollysMirror","StoneCalendar","FossilizedHelix","Metallicize","Violence","Bag of Marbles"],"campfire_rested":1,"item_purchase_floors":[0,0,0,0,0,0,0,0,0,13,13,20,39,39,39,39,47,47,47,47,47,53],"current_hp_per_floor":[54,43,43,27,33,19,25,49,49,55,61,52,52,58,58,52,73,79,79,79,79,80,75,80,72,72,72,72,72,72,78,78,80,80,80,80,76,76,76,76,76,76,76,73,73,73,73,73,73,73,73,73,73,73,73],"gold":48,"neow_bonus":"","is_daily":false,"chose_seed":false,"campfire_upgraded":6,"win_rate":0.0,"timestamp":1612519989,"path_taken":["M","?","?","?","?","E","M","R","T","E","M","E","$","?","R","BOSS","M","?","$","?","?","E","M","E","T","R","?","R","?","E","R","BOSS","M","?","?","?","?","R","E","M","T","E","?","M","$","?","R","BOSS","R","$","E","BOSS"],"items_purchased_type":["Relic","Card","Relic","Card","Card","Relic","Card","Card","Relic","Card","Relic","Relic","Relic","Card","Card","Card","Relic","Relic","Relic","Card","Card","Relic"],"build_version":"2020-12-22","purchased_purges":6,"victory":true,"max_hp_per_floor":[80,80,80,80,80,80,80,80,80,80,80,80,80,80,80,80,80,80,80,80,80,80,80,80,80,80,80,80,80,80,80,80,80,80,80,80,76,76,76,76,76,76,76,76,76,76,76,76,76,76,76,76,76,76,76],"relic_stats":{"Regal Pillow":15,"Mark of the Bloom":32,"Happy Flower":[36],"counters":[121,593],"CeramicFish":153,"Astrolabe":["Sever Soul","Ghostly Armor","Shrug It Off"],"StoneCalendar":[0],"PreservedInsect":1172,"Bag of Preparation":[28],"Whetstone":["Strike_R","Bash","Searing Blow"],"MawBank":168,"Burning Blood":657,"SsserpentHead":300,"Lizard Tail":0,"Centennial Puzzle":[18],"Dream Catcher":0,"Nunchaku":[55],"Turnip":[2],"obtain_stats":[{"Mark of the Bloom":45,"Calipers":0,"Tiny House":17,"CeramicFish":10,"Vajra":0,"Ginger":46,"Whetstone":0,"Lizard Tail":0,"Centennial Puzzle":6,"HornCleat":19,"DollysMirror":0,"Sundial":42,"Strawberry":31,"Prayer Wheel":8,"Fusion Hammer":34,"HandDrill":0,"Toxic Egg 2":0,"Pear":0,"Happy Flower":54,"Dead Branch":0,"Blue Candle":31,"Astrolabe":17,"Oddly Smooth Stone":0,"Charon\u0027s Ashes":12,"Pen Nib":54,"Letter Opener":21,"War Paint":48,"Question Card":0,"Akabeko":27,"SlaversCollar":0,"OrangePellets":36,"Bottled Flame":43,"Bronze Scales":0,"Bird Faced Urn":34,"Mark of Pain":34,"foxEvents:LuckyCharm":14,"StrikeDummy":43,"Unceasing Top":43,"Pocketwatch":7,"Darkstone Periapt":25,"Lantern":0,"Regal Pillow":0,"Singing Bowl":0,"Torii":38,"SacredBark":17,"Magic Flower":23,"StoneCalendar":40,"Bag of Preparation":6,"Juzu Bracelet":48,"Ancient Tea Set":14,"Smiling Mask":24,"Burning Blood":0,"SsserpentHead":28,"Nunchaku":45,"Dream Catcher":12,"Red Mask":0,"Red Skull":34,"InkBottle":6,"Runic Pyramid":0,"Golden Idol":0,"Self Forming Clay":10,"Thread and Needle":9,"The Courier":0,"PreservedInsect":26,"Orichalcum":0,"Frozen Egg 2":0,"MawBank":45,"Medical Kit":53,"White Beast Statue":9,"Mercury Hourglass":22,"Calling Bell":34,"Anchor":53,"CaptainsWheel":36,"Ornamental Fan":23,"betterThird:SlimedRelic":2,"Orrery":0,"Turnip":41,"Art of War":0,"Bag of Marbles":54,"Bottled Lightning":41,"Membership Card":39,"Toy Ornithopter":12,"FossilizedHelix":47},{"Mark of the Bloom":116,"Calipers":0,"Tiny House":44,"CeramicFish":100,"Vajra":95,"Ginger":2,"Whetstone":61,"Lizard Tail":95,"Centennial Puzzle":98,"HornCleat":17,"DollysMirror":0,"Sundial":55,"Strawberry":50,"Prayer Wheel":39,"Fusion Hammer":81,"HandDrill":61,"Toxic Egg 2":0,"Pear":7,"Happy Flower":6,"Dead Branch":7,"Blue Candle":80,"Astrolabe":104,"Oddly Smooth Stone":33,"Charon\u0027s Ashes":70,"Pen Nib":94,"Letter Opener":46,"War Paint":92,"Question Card":0,"Akabeko":22,"SlaversCollar":0,"OrangePellets":25,"Bottled Flame":55,"Bronze Scales":0,"Bird Faced Urn":24,"Mark of Pain":111,"foxEvents:LuckyCharm":43,"StrikeDummy":28,"Unceasing Top":115,"Pocketwatch":10,"Darkstone Periapt":21,"Lantern":0,"Regal Pillow":0,"Singing Bowl":33,"Torii":53,"SacredBark":16,"Magic Flower":77,"StoneCalendar":54,"Bag of Preparation":38,"Juzu Bracelet":58,"Ancient Tea Set":15,"Smiling Mask":77,"Burning Blood":0,"SsserpentHead":49,"Nunchaku":29,"Dream Catcher":102,"Red Mask":0,"Red Skull":24,"InkBottle":66,"Runic Pyramid":0,"Golden Idol":0,"Self Forming Clay":12,"Thread and Needle":39,"The Courier":0,"PreservedInsect":109,"Orichalcum":0,"Frozen Egg 2":61,"MawBank":1,"Medical Kit":93,"White Beast Statue":11,"Mercury Hourglass":19,"Calling Bell":24,"Anchor":93,"CaptainsWheel":113,"Ornamental Fan":20,"betterThird:SlimedRelic":96,"Orrery":61,"Turnip":114,"Art of War":0,"Bag of Marbles":32,"Bottled Lightning":28,"Membership Card":113,"Toy Ornithopter":14,"FossilizedHelix":117},{"Mark of the Bloom":573,"Calipers":0,"Tiny House":204,"CeramicFish":488,"Vajra":474,"Ginger":13,"Whetstone":295,"Lizard Tail":474,"Centennial Puzzle":483,"HornCleat":93,"DollysMirror":0,"Sundial":259,"Strawberry":233,"Prayer Wheel":182,"Fusion Hammer":394,"HandDrill":295,"Toxic Egg 2":0,"Pear":52,"Happy Flower":44,"Dead Branch":52,"Blue Candle":385,"Astrolabe":510,"Oddly Smooth Stone":157,"Charon\u0027s Ashes":333,"Pen Nib":461,"Letter Opener":214,"War Paint":448,"Question Card":0,"Akabeko":110,"SlaversCollar":0,"OrangePellets":123,"Bottled Flame":259,"Bronze Scales":0,"Bird Faced Urn":122,"Mark of Pain":550,"foxEvents:LuckyCharm":195,"StrikeDummy":132,"Unceasing Top":565,"Pocketwatch":64,"Darkstone Periapt":106,"Lantern":0,"Regal Pillow":0,"Singing Bowl":157,"Torii":250,"SacredBark":88,"Magic Flower":367,"StoneCalendar":255,"Bag of Preparation":178,"Juzu Bracelet":274,"Ancient Tea Set":81,"Smiling Mask":367,"Burning Blood":0,"SsserpentHead":227,"Nunchaku":136,"Dream Catcher":495,"Red Mask":0,"Red Skull":122,"InkBottle":312,"Runic Pyramid":0,"Golden Idol":0,"Self Forming Clay":71,"Thread and Needle":182,"The Courier":0,"PreservedInsect":538,"Orichalcum":0,"Frozen Egg 2":295,"MawBank":7,"Medical Kit":455,"White Beast Statue":66,"Mercury Hourglass":99,"Calling Bell":122,"Anchor":455,"CaptainsWheel":557,"Ornamental Fan":105,"betterThird:SlimedRelic":477,"Orrery":295,"Turnip":562,"Art of War":0,"Bag of Marbles":151,"Bottled Lightning":132,"Membership Card":557,"Toy Ornithopter":78,"FossilizedHelix":577}],"Unceasing Top":[4],"InkBottle":[73]},"card_choices":[{"not_picked":["Dual Wield","Disarm"],"picked":"Armaments","floor":0.0},{"not_picked":["Clothesline","Cleave"],"picked":"Pommel Strike","floor":0.0},{"not_picked":["Clash","Burning Pact"],"picked":"Barricade","floor":0.0},{"not_picked":["Exhume","Sword Boomerang"],"picked":"Immolate","floor":0.0},{"not_picked":["Uppercut","Twin Strike"],"picked":"Warcry","floor":0.0},{"not_picked":["True Grit","Combust"],"picked":"Iron Wave","floor":1.0},{"not_picked":["Burning Pact","Heavy Blade"],"picked":"Body Slam","floor":5.0},{"not_picked":["Combust","Ghostly Armor"],"picked":"Iron Wave","floor":6.0},{"not_picked":["Clash","Sword Boomerang"],"picked":"Demon Form","floor":7.0},{"not_picked":["Sword Boomerang","Clothesline","Headbutt"],"picked":"SKIP","floor":10.0},{"not_picked":["Combust","Second Wind","Perfected Strike"],"picked":"SKIP","floor":11.0},{"not_picked":["Clash","Anger","Hemokinesis"],"picked":"SKIP","floor":12.0},{"not_picked":["Carnage","Cleave","Uppercut"],"picked":"SKIP","floor":14.0},{"not_picked":["Bludgeon","Limit Break"],"picked":"Impervious","floor":16.0},{"not_picked":["Intimidate","Rupture","Bloodletting"],"picked":"SKIP","floor":18.0},{"not_picked":["Combust","Iron Wave","Heavy Blade+1"],"picked":"SKIP","floor":22.0},{"not_picked":["Perfected Strike","Flex","Twin Strike"],"picked":"SKIP","floor":23},{"not_picked":["Twin Strike","Havoc","Rupture"],"picked":"SKIP","floor":24},{"not_picked":["Havoc","Seeing Red","Twin Strike+1"],"picked":"SKIP","floor":25},{"not_picked":["Iron Wave+1","Twin Strike"],"picked":"Fire Breathing","floor":31},{"not_picked":["Perfected Strike","True Grit","Sword Boomerang+1"],"picked":"SKIP","floor":35},{"not_picked":["Clothesline+1","Clash"],"picked":"Fire Breathing","floor":36},{"not_picked":["Thunderclap","Sword Boomerang","Spot Weakness+1"],"picked":"SKIP","floor":41},{"not_picked":["Heavy Blade","Wild Strike","Perfected Strike"],"picked":"SKIP","floor":42},{"not_picked":["Corruption","Cleave"],"picked":"Body Slam","floor":44},{"not_picked":["Twin Strike","Dropkick","Disarm"],"picked":"SKIP","floor":46},{"not_picked":["Shrug It Off","Perfected Strike"],"picked":"Warcry+1","floor":48},{"not_picked":["Berserk","Pommel Strike","Perfected Strike"],"picked":"SKIP","floor":54}],"player_experience":488060,"relics_obtained":[{"floor":6.0,"key":"Centennial Puzzle"},{"floor":9.0,"key":"Happy Flower"},{"floor":10.0,"key":"CeramicFish"},{"floor":12.0,"key":"Dream Catcher"},{"floor":23,"key":"Bag of Preparation"},{"floor":25,"key":"MawBank"},{"floor":26,"key":"PreservedInsect"},{"floor":31,"key":"Nunchaku"},{"floor":36,"key":"CaptainsWheel"},{"floor":41,"key":"Turnip"},{"floor":43,"key":"Unceasing Top"},{"floor":44,"key":"InkBottle"},{"floor":54,"key":"Whetstone"}],"event_choices":[{"damage_healed":0.0,"max_hp_gain":0.0,"max_hp_loss":0.0,"gold_gain":0.0,"event_name":"betterThird:BetterGoop","player_choice":"Slimed","floor":2.0,"gold_loss":40.0,"damage_taken":11.0},{"damage_healed":0.0,"max_hp_gain":0.0,"max_hp_loss":0.0,"gold_gain":0.0,"event_name":"Living Wall","player_choice":"Grow","floor":3.0,"gold_loss":0.0,"damage_taken":0.0,"cards_upgraded":["Armaments"]},{"damage_healed":43.0,"max_hp_gain":0.0,"max_hp_loss":80.0,"gold_gain":0.0,"event_name":"betterThird:BetterShining","player_choice":"Upgrade","floor":4.0,"gold_loss":0.0,"damage_taken":16.0,"cards_upgraded":["Immolate","Defend_R"]},{"cards_removed":["Searing Blow"],"damage_healed":0.0,"max_hp_gain":0.0,"max_hp_loss":0.0,"gold_gain":0.0,"event_name":"betterNote:BetterNote","player_choice":"Take \u0026 Give","floor":19.0,"gold_loss":0.0,"damage_taken":0.0,"cards_obtained":["Malaise"]},{"damage_healed":0.0,"max_hp_gain":0.0,"max_hp_loss":0.0,"gold_gain":100.0,"event_name":"Golden Shrine","player_choice":"Pray","floor":21.0,"gold_loss":0.0,"damage_taken":0.0},{"damage_healed":0,"gold_gain":0,"player_choice":"Trade","damage_taken":0,"relics_obtained":["SsserpentHead"],"max_hp_gain":0,"max_hp_loss":0,"event_name":"FaceTrader","floor":30,"gold_loss":0},{"damage_healed":0,"gold_gain":0,"player_choice":"Fight","damage_taken":0,"max_hp_gain":0,"max_hp_loss":0,"event_name":"Mysterious Sphere","floor":36,"gold_loss":0},{"damage_healed":0,"gold_gain":0,"player_choice":"Max HP","damage_taken":0,"max_hp_gain":0,"max_hp_loss":4,"event_name":"Winding Halls","floor":37,"gold_loss":0},{"damage_healed":0,"gold_gain":0,"player_choice":"Upgrade","damage_taken":0,"relics_obtained":["Mark of the Bloom"],"max_hp_gain":0,"max_hp_loss":0,"event_name":"MindBloom","floor":45,"gold_loss":0,"cards_upgraded":["Defend_R","Defend_R","Defend_R","Battle Trance","Fire Breathing","Second Wind","Iron Wave","Master of Strategy","Pommel Strike","Warcry","Iron Wave","Iron Wave","Searing Blow","Impervious","Fire Breathing","Fire Breathing","Impervious","Warcry","Flash of Steel","Body Slam"]}],"is_beta":false,"boss_relics":[{"not_picked":["SacredBark","Busted Crown"],"picked":"Astrolabe"},{"not_picked":["Black Blood","Runic Cube"],"picked":"Mark of Pain"}],"items_purged_floors":[0,0,0,39,47,53],"is_endless":false,"potions_floor_spawned":[1,5,12,14,23,24,33,35,44,48,54],"ascension_level":12}}