{"host":"52lujqhsyicpcskq","time":1612529514,"event":{"mods":["BaseMod","Colored Map","Minty Spire (QoL Compilation)","Permanent Neow","StSLib","SuperFastMode","everything is the same but u backflip on backflip"],"gold_per_floor":[216,216,227,246,20,20,20,20,20,52,52,64,64,76,76,151,151,171,189,189,288,203,203,56,68,95,110,128,156,156,168,168,168,168],"floor_reached":33,"language":"KOR","playtime":1016,"items_purged":["Strike_G"],"score":564,"play_id":"a15a4544-5ded-46c4-ade8-30466003301b","local_time":"20210205215154","is_ascension_mode":true,"campfire_choices":[{"data":"Neutralize","floor":6,"key":"SMITH"},{"data":"Deadly Poison","floor":11,"key":"SMITH"},{"data":"Catalyst","floor":13,"key":"SMITH"},{"data":"Dagger Spray","floor":15,"key":"SMITH"},{"floor":23,"key":"REST"},{"floor":30,"key":"REST"},{"floor":32,"key":"REST"}],"circlet_count":0,"master_deck":["AscendersBane","Strike_G+1","Strike_G+1","Strike_G+1","Strike_G+1","Defend_G+1","Defend_G+1","Defend_G+1","Defend_G+1","Survivor","Neutralize+1","Bouncing Flask","Catalyst+1","Deadly Poison+1","Deflect","Dagger Spray+1","Dagger Spray","Tools of the Trade","Leg Sweep","Well Laid Plans","Quick Slash+1","Catalyst","Deadly Poison","Bane","Footwork"],"relics":["Ring of the Snake","Lee\u0027s Waffle","Whetstone","InkBottle","Fusion Hammer","Tiny Chest","Snake Skull","Pen Nib","Letter Opener"],"acts_visited":["Exordium","TheCity"],"potions_floor_usage":[16,29,33,33],"damage_taken":[{"damage":8,"enemies":"Small Slimes","floor":1,"turns":5},{"damage":0,"enemies":"2 Louse","floor":3,"turns":3},{"damage":16,"enemies":"Jaw Worm","floor":4,"turns":6},{"damage":12,"enemies":"Lagavulin","floor":10,"turns":5},{"damage":7,"enemies":"Looter","floor":12,"turns":3},{"damage":0,"enemies":"2 Fungi Beasts","floor":14,"turns":3},{"damage":0,"enemies":"Slime Boss","floor":16,"turns":6},{"damage":1,"enemies":"3 Byrds","floor":18,"turns":4},{"damage":4,"enemies":"Chosen","floor":19,"turns":4},{"damage":0,"enemies":"Snake Plant","floor":25,"turns":4},{"damage":9,"enemies":"Snecko","floor":27,"turns":4},{"damage":8,"enemies":"Centurion and Healer","floor":28,"turns":5},{"damage":15,"enemies":"Gremlin Leader","floor":29,"turns":2},{"damage":18,"enemies":"3 Cultists","floor":31,"turns":4},{"damage":73,"enemies":"Automaton","floor":33,"turns":10}],"seed_played":"7662102746068865247","potions_obtained":[{"floor":3,"key":"BlessingOfTheForge"},{"floor":4,"key":"LiquidBronze"},{"floor":18,"key":"Poison Potion"},{"floor":27,"key":"Strength Potion"},{"floor":31,"key":"Fire Potion"}],"is_trial":false,"path_per_floor":["M","?","M","M","$","R","$","?","T","E","R","M","R","M","R","B",null,"M","M","?","?","?","R","$","M","T","M","M","E","R","M","R","B"],"character_chosen":"THE_SILENT","items_purchased":["Lee\u0027s Waffle","Snake Skull"],"campfire_rested":3,"item_purchase_floors":[5,24],"current_hp_per_floor":[55,55,55,39,77,77,77,70,70,58,58,51,51,51,51,51,71,70,66,66,66,66,77,77,77,77,68,60,45,68,50,73,0,0],"gold":168,"neow_bonus":"HUNDRED_GOLD","is_daily":false,"chose_seed":false,"campfire_upgraded":4,"win_rate":0.0,"timestamp":1612529514,"path_taken":["M","?","M","M","$","R","$","?","T","E","R","M","R","M","R","BOSS","M","M","?","?","?","R","$","M","T","M","M","E","R","M","R","BOSS"],"items_purchased_type":["Relic","Relic"],"build_version":"2020-12-22","purchased_purges":1,"victory":false,"max_hp_per_floor":[70,70,70,70,77,77,77,77,77,77,77,77,77,77,77,77,77,77,77,77,77,77,77,77,77,77,77,77,77,77,77,77,77,77],"card_choices":[{"not_picked":["Underhanded Strike","Deflect"],"picked":"Bouncing Flask","floor":1},{"not_picked":["Deflect","Terror"],"picked":"Catalyst","floor":3},{"not_picked":["Dodge and Roll","Prepared"],"picked":"Deadly Poison","floor":4},{"not_picked":["Grand Finale","Riddle With Holes"],"picked":"Deflect","floor":10},{"not_picked":["Blade Dance","Masterful Stab"],"picked":"Dagger Spray","floor":12},{"not_picked":["Deflect","Heel Hook"],"picked":"Dagger Spray","floor":14},{"not_picked":["Storm of Steel","Glass Knife"],"picked":"Tools of the Trade","floor":16},{"not_picked":["Caltrops","Choke+1"],"picked":"Leg Sweep","floor":18},{"not_picked":["Catalyst","Cloak And Dagger"],"picked":"Well Laid Plans","floor":19},{"not_picked":["Leg Sweep","Choke"],"picked":"Quick Slash+1","floor":25},{"not_picked":["Dagger Throw","Dodge and Roll"],"picked":"Catalyst","floor":27},{"not_picked":["Acrobatics","Quick Slash"],"picked":"Deadly Poison","floor":28},{"not_picked":["Dagger Spray+1","Acrobatics"],"picked":"Bane","floor":29},{"not_picked":["Deflect","Blade Dance"],"picked":"Footwork","floor":31}],"player_experience":756391,"relics_obtained":[{"floor":9,"key":"Whetstone"},{"floor":10,"key":"InkBottle"},{"floor":26,"key":"Pen Nib"},{"floor":29,"key":"Letter Opener"}],"event_choices":[{"damage_healed":0,"gold_gain":0,"player_choice":"Ignored","damage_taken":0,"max_hp_gain":0,"max_hp_loss":0,"event_name":"Shining Light","floor":2,"gold_loss":0},{"cards_removed":["Defend_G"],"damage_healed":0,"gold_gain":0,"player_choice":"Card Removal","damage_taken":7,"max_hp_gain":0,"max_hp_loss":0,"event_name":"Golden Wing","floor":8,"gold_loss":0},{"damage_healed":0,"gold_gain":0,"player_choice":"Simplicity","damage_taken":0,"max_hp_gain":0,"max_hp_loss":0,"event_name":"Back to Basics","floor":20,"gold_loss":0,"cards_upgraded":["Strike_G","Strike_G","Defend_G","Defend_G","Defend_G","Defend_G"]},{"damage_healed":0,"gold_gain":99,"player_choice":"Stole From Cult","damage_taken":0,"max_hp_gain":0,"max_hp_loss":0,"event_name":"Nest","floor":21,"gold_loss":0},{"damage_healed":0,"gold_gain":0,"player_choice":"Obtained Relic","damage_taken":0,"relics_obtained":["Tiny Chest"],"max_hp_gain":0,"max_hp_loss":0,"event_name":"Addict","floor":22,"gold_loss":85}],"is_beta":false,"boss_relics":[{"not_picked":["Pandora\u0027s Box","Black Star"],"picked":"Fusion Hammer"}],"items_purged_floors":[5],"is_endless":false,"potions_floor_spawned":[3,4,10,18,27,31],"killed_by":"Automaton","ascension_level":13}}