{"host":"jegehu1t82aiec5j","time":1612551751,"event":{"mods":["BaseMod","Colored Map","Minty Spire (QoL Compilation)","Relic Stats","StSLib"],"gold_per_floor":[213,223,238,256,272,306,306,336,336,336,349,375,390,465,465,543,543,553,553,567,582,272,303,323,354,354,354,354,374,403,403,403,477,477,493,493,493,214,214,245,245,245,245,270,270,305,320,320,320,320],"floor_reached":51,"language":"ENG","playtime":1271,"items_purged":["Strike_R","Strike_R"],"score":1629,"play_id":"ef8abdd5-9fb0-4632-b785-7c9c08f136a4","local_time":"20210205140231","is_ascension_mode":true,"campfire_choices":[{"data":"RitualDagger","floor":7,"key":"SMITH"},{"data":"RitualDagger","floor":10,"key":"SMITH"},{"data":"Carnage","floor":15,"key":"SMITH"},{"data":"Disarm","floor":28,"key":"SMITH"},{"data":"Disarm","floor":32,"key":"SMITH"},{"data":"Rupture","floor":41,"key":"SMITH"},{"data":"True Grit","floor":45,"key":"SMITH"},{"floor":49,"key":"REST"}],"circlet_count":0,"master_deck":["AscendersBane","Strike_R+1","Strike_R+1","Strike_R","Defend_R","Defend_R","Defend_R+1","Defend_R","Bash","RitualDagger+1","RitualDagger","RitualDagger","RitualDagger+1","RitualDagger","Carnage+1","Shrug It Off+1","Shrug It Off","Bludgeon","Burning Pact","Exhume","Disarm+1","True Grit+1","Exhume","Shockwave","Dark Shackles","Disarm+1","Shockwave","Rupture+1","Injury","Brutality","Finesse","Metallicize","Dual Wield","Heavy Blade"],"relics":["Burning Blood","WarpedTongs","War Paint","StoneCalendar","Ornamental Fan","Whetstone","Cursed Key","Eternal Feather","Akabeko","Art of War","Juzu Bracelet","Mark of Pain","Medical Kit","Ancient Tea Set","Self Forming Clay","Prayer Wheel"],"acts_visited":["Exordium","TheCity","TheBeyond"],"potions_floor_usage":[],"damage_taken":[{"damage":16,"enemies":"2 Louse","floor":1,"turns":2},{"damage":0,"enemies":"Cultist","floor":2,"turns":2},{"damage":4,"enemies":"Jaw Worm","floor":3,"turns":2},{"damage":0,"enemies":"Blue Slaver","floor":4,"turns":3},{"damage":0,"enemies":"3 Louse","floor":5,"turns":2},{"damage":27,"enemies":"Lagavulin","floor":6,"turns":4},{"damage":0,"enemies":"3 Sentries","floor":8,"turns":5},{"damage":0,"enemies":"Large Slime","floor":11,"turns":3},{"damage":0,"enemies":"Lagavulin","floor":12,"turns":2},{"damage":1,"enemies":"Lots of Slimes","floor":13,"turns":3},{"damage":13,"enemies":"The Guardian","floor":16,"turns":9},{"damage":14,"enemies":"2 Thieves","floor":18,"turns":2},{"damage":0,"enemies":"3 Byrds","floor":20,"turns":5},{"damage":0,"enemies":"Cultist and Chosen","floor":21,"turns":4},{"damage":30,"enemies":"Slavers","floor":23,"turns":4},{"damage":14,"enemies":"Snake Plant","floor":24,"turns":2},{"damage":1,"enemies":"Gremlin Leader","floor":25,"turns":4},{"damage":1,"enemies":"3 Cultists","floor":29,"turns":3},{"damage":0,"enemies":"Slavers","floor":30,"turns":2},{"damage":54,"enemies":"Automaton","floor":33,"turns":7},{"damage":3,"enemies":"Orb Walker","floor":35,"turns":2},{"damage":28,"enemies":"Nemesis","floor":40,"turns":5},{"damage":0,"enemies":"Giant Head","floor":44,"turns":5},{"damage":34,"enemies":"Reptomancer","floor":46,"turns":5},{"damage":9,"enemies":"3 Shapes","floor":47,"turns":3},{"damage":12,"enemies":"Time Eater","floor":50,"turns":6}],"seed_played":"6159334449563546338","potions_obtained":[{"floor":2,"key":"SpeedPotion"},{"floor":3,"key":"FairyPotion"},{"floor":16,"key":"BloodPotion"}],"is_trial":false,"path_per_floor":["M","M","M","M","M","E","R","E","T","R","M","E","M","?","R","B",null,"M","?","M","M","$","E","M","E","T","?","R","M","E","T","R","B",null,"M","?","?","$","?","E","R","?","T","E","R","E","M","?","R","B",null],"character_chosen":"IRONCLAD","items_purchased":["Shockwave","Dark Embrace","Dark Shackles","Medical Kit","Metallicize"],"campfire_rested":1,"item_purchase_floors":[22,22,22,38,38],"current_hp_per_floor":[58,64,66,72,75,54,54,60,60,60,66,72,75,64,64,57,71,63,63,69,75,75,51,43,48,48,42,57,62,68,68,75,27,63,66,66,66,66,66,44,62,62,62,68,75,47,44,44,71,65],"gold":320,"neow_bonus":"HUNDRED_GOLD","is_daily":false,"chose_seed":false,"campfire_upgraded":7,"win_rate":0.0,"timestamp":1612551751,"path_taken":["M","M","M","M","M","E","R","E","T","R","M","E","M","?","R","BOSS","M","?","M","M","$","E","M","E","T","?","R","?","E","?","R","BOSS","M","?","?","$","?","E","R","?","T","E","R","E","M","?","R","BOSS"],"items_purchased_type":["Card","Card","Card","Relic","Card"],"build_version":"2020-12-22","purchased_purges":2,"victory":true,"max_hp_per_floor":[75,75,75,75,75,75,75,75,75,75,75,75,75,75,75,75,75,75,75,75,75,75,75,75,75,75,75,75,75,75,75,75,75,75,75,75,75,75,75,75,75,75,75,75,75,75,75,71,71,71],"relic_stats":{"counters":[26,96],"Self Forming Clay":[30],"StoneCalendar":[52],"Eternal Feather":65,"Juzu Bracelet":1,"Whetstone":["Strike_R","Strike_R"],"War Paint":["Defend_R","Shrug It Off"],"Cursed Key":1,"Medical Kit":[7],"Burning Blood":151,"WarpedTongs":[95],"Ornamental Fan":[60],"Prayer Wheel":1,"Art of War":[4],"obtain_stats":[{"Self Forming Clay":44,"StoneCalendar":8,"Eternal Feather":23,"Juzu Bracelet":31,"Whetstone":12,"War Paint":6,"Cursed Key":17,"Medical Kit":38,"Ancient Tea Set":40,"Burning Blood":0,"Akabeko":25,"WarpedTongs":0,"Ornamental Fan":9,"Prayer Wheel":46,"Mark of Pain":34,"Art of War":30},{"Self Forming Clay":23,"StoneCalendar":7,"Eternal Feather":15,"Juzu Bracelet":19,"Whetstone":9,"War Paint":6,"Cursed Key":11,"Medical Kit":21,"Ancient Tea Set":22,"Burning Blood":0,"Akabeko":17,"WarpedTongs":0,"Ornamental Fan":7,"Prayer Wheel":24,"Mark of Pain":20,"Art of War":19},{"Self Forming Clay":82,"StoneCalendar":20,"Eternal Feather":52,"Juzu Bracelet":63,"Whetstone":25,"War Paint":15,"Cursed Key":37,"Medical Kit":72,"Ancient Tea Set":77,"Burning Blood":0,"Akabeko":58,"WarpedTongs":0,"Ornamental Fan":20,"Prayer Wheel":87,"Mark of Pain":70,"Art of War":63}]},"card_choices":[{"not_picked":["Sword Boomerang","Pommel Strike","Rampage"],"picked":"SKIP","floor":1},{"not_picked":["True Grit","Pommel Strike"],"picked":"Carnage","floor":2},{"not_picked":["Blood for Blood","Sword Boomerang"],"picked":"Shrug It Off","floor":3},{"not_picked":["Anger","Wild Strike","Cleave"],"picked":"SKIP","floor":4},{"not_picked":["Sever Soul","Iron Wave","Anger"],"picked":"SKIP","floor":5},{"not_picked":["Twin Strike","Corruption","Clash"],"picked":"SKIP","floor":6},{"not_picked":["Body Slam","Sever Soul","Bludgeon"],"picked":"SKIP","floor":8},{"not_picked":["Intimidate","Thunderclap"],"picked":"Shrug It Off","floor":11},{"not_picked":["Thunderclap","Sword Boomerang"],"picked":"Bludgeon","floor":12},{"not_picked":["Headbutt","Pommel Strike"],"picked":"Burning Pact","floor":13},{"not_picked":["Corruption","Juggernaut"],"picked":"Exhume","floor":16},{"not_picked":["Shrug It Off","Rampage"],"picked":"Disarm","floor":18},{"not_picked":["Flex","Pommel Strike"],"picked":"True Grit","floor":20},{"not_picked":["Sword Boomerang","Iron Wave"],"picked":"Exhume","floor":21},{"not_picked":["Rampage","Perfected Strike","Wild Strike"],"picked":"SKIP","floor":23},{"not_picked":["Clash","Warcry"],"picked":"Disarm","floor":24},{"not_picked":["Berserk","Heavy Blade+1"],"picked":"Shockwave","floor":25},{"not_picked":["Perfected Strike","True Grit","Intimidate"],"picked":"SKIP","floor":29},{"not_picked":["Ghostly Armor","Double Tap"],"picked":"Rupture","floor":30},{"not_picked":["Berserk","Juggernaut"],"picked":"Brutality","floor":33},{"not_picked":["Cleave","Havoc","Sever Soul"],"picked":"SKIP","floor":35},{"not_picked":["Metamorphosis","Transmutation"],"picked":"Finesse","floor":37},{"not_picked":["Sword Boomerang","Havoc"],"picked":"Dual Wield","floor":40},{"not_picked":["Double Tap","Anger"],"picked":"Heavy Blade","floor":44},{"not_picked":["Warcry","Perfected Strike","Thunderclap"],"picked":"SKIP","floor":46},{"not_picked":["Headbutt","Warcry","Flex"],"picked":"SKIP","floor":47},{"not_picked":["Anger","Headbutt","Burning Pact"],"picked":"SKIP","floor":47}],"player_experience":2594800,"relics_obtained":[{"floor":6,"key":"War Paint"},{"floor":8,"key":"StoneCalendar"},{"floor":9,"key":"Ornamental Fan"},{"floor":12,"key":"Whetstone"},{"floor":23,"key":"Eternal Feather"},{"floor":25,"key":"Akabeko"},{"floor":30,"key":"Art of War"},{"floor":31,"key":"Juzu Bracelet"},{"floor":40,"key":"Ancient Tea Set"},{"floor":44,"key":"Self Forming Clay"},{"floor":46,"key":"Prayer Wheel"}],"event_choices":[{"damage_healed":0,"gold_gain":75,"player_choice":"Gather Gold","damage_taken":11,"max_hp_gain":0,"max_hp_loss":0,"event_name":"World of Goop","floor":14,"gold_loss":0},{"damage_healed":0,"gold_gain":0,"player_choice":"Ignored","damage_taken":0,"max_hp_gain":0,"max_hp_loss":0,"event_name":"The Mausoleum","floor":19,"gold_loss":0},{"damage_healed":0,"gold_gain":0,"player_choice":"","damage_taken":6,"max_hp_gain":0,"max_hp_loss":0,"event_name":"Knowing Skull","floor":27,"potions_obtained":[],"gold_loss":0,"cards_obtained":[]},{"cards_removed":["Dark Embrace"],"damage_healed":0,"gold_gain":0,"player_choice":"Removed Power","damage_taken":0,"max_hp_gain":0,"max_hp_loss":0,"event_name":"Falling","floor":36,"gold_loss":0},{"damage_healed":0,"gold_gain":0,"player_choice":"Memory 1","damage_taken":0,"max_hp_gain":0,"max_hp_loss":0,"event_name":"SensoryStone","floor":37,"gold_loss":0},{"damage_healed":0,"gold_gain":0,"player_choice":"Ignored","damage_taken":0,"max_hp_gain":0,"max_hp_loss":0,"event_name":"SecretPortal","floor":39,"gold_loss":0},{"damage_healed":0,"gold_gain":0,"player_choice":"Ignored","damage_taken":0,"max_hp_gain":0,"max_hp_loss":0,"event_name":"Tomb of Lord Red Mask","floor":42,"gold_loss":0},{"damage_healed":0,"gold_gain":0,"player_choice":"Max HP","damage_taken":0,"max_hp_gain":0,"max_hp_loss":4,"event_name":"Winding Halls","floor":48,"gold_loss":0}],"is_beta":false,"boss_relics":[{"not_picked":["Pandora\u0027s Box","Runic Cube"],"picked":"Cursed Key"},{"not_picked":["Velvet Choker","Tiny House"],"picked":"Mark of Pain"}],"items_purged_floors":[22,38],"is_endless":false,"potions_floor_spawned":[2,3,5,12,13,16,18,29,33,40,44,46],"ascension_level":15}}