{"host":"jlcm6ljyvzfcs06u","time":1612528761,"event":{"mods":["Act Like it!","BaseMod","Better Note","Better Vampires","Downfall","Gensokyo","Hallownest","Jorbs\u0027s Wanderer Trilogy","Marisa£®ÏF”Í°°ƒß¿Ì…≥£©","Minty Spire (QoL Compilation)","Rare Cards Sparkle","Reimu£®≤©¿ˆ¡È√Œ£©","StSLib","The Construct","The Cursed","The Hierophant","The Servant 0.9.4","UnlockEverythingMod","Yakumo Yukari mod"],"gold_per_floor":[99,117,133,151,151,151,200,17,28,44,44,61,73,138,153,248,248,248,268,287,287,67,80,106,118,118,128,128,278,278,312,329,431,431,431,441,458,478,490,503,529,602,602,602,602],"floor_reached":43,"language":"ZHS","playtime":3274,"items_purged":["bronze:Strike","bronze:Strike"],"score":423,"play_id":"d2771331-0fe1-4bb0-9938-61f3c3de2e86","local_time":"20210205203921","is_ascension_mode":false,"campfire_choices":[{"data":"bronze:Replicate","floor":1.0,"key":"SMITH"},{"data":"bronze:BugBarrage","floor":6.0,"key":"SMITH"},{"data":"bronze:ItsAFeature","floor":11,"key":"SMITH"},{"data":"bronze:AlphaBuild","floor":18,"key":"SMITH"},{"floor":28,"key":"REST"},{"floor":30,"key":"REST"},{"data":"bronze:Safeguard","floor":35,"key":"SMITH"}],"circlet_count":0,"master_deck":["bronze:Strike+1","bronze:Defend","bronze:Defend","bronze:Defend","bronze:Defend","bronze:Replicate+1","bronze:Goto","bronze:BugBarrage+1","bronze:FollowUp+1","bronze:Optimize","bronze:Safeguard+1","bronze:ItsAFeature+1","bronze:Flail","bronze:MaxOutput","bronze:FineTuning","bronze:ChosenStrike","bronze:Boost","bronze:Shield","bronze:AlphaBuild+1","bronze:Repulsor+1","Parasite","bronze:BronzeOrb+1"],"relics":["bronze:BronzeCore","Smiling Mask","Art of War","Philosopher\u0027s Stone","Anchor","Pen Nib","Busted Crown","Centennial Puzzle"],"acts_visited":["Exordium","TheCity","TheBeyond"],"potions_floor_usage":[16,22,27,31,39],"damage_taken":[{"damage":1.0,"enemies":"2 Louse","floor":2.0,"turns":3.0},{"damage":1.0,"enemies":"Jaw Worm","floor":3.0,"turns":3.0},{"damage":3.0,"enemies":"Small Slimes","floor":4.0,"turns":4.0},{"damage":0.0,"enemies":"downfall:FleeingMerchant","floor":8.0,"turns":4.0},{"damage":0,"enemies":"3 Louse","floor":9,"turns":4},{"damage":0,"enemies":"2 Fungi Beasts","floor":10,"turns":2},{"damage":4,"enemies":"Blue Slaver","floor":12,"turns":3},{"damage":3,"enemies":"Red Slaver","floor":13,"turns":3},{"damage":0,"enemies":"3 Sentries","floor":14,"turns":4},{"damage":11,"enemies":"Exordium Wildlife","floor":15,"turns":3},{"damage":28,"enemies":"WA_ARCHETYPE_RETAIN","floor":16,"turns":7},{"damage":6,"enemies":"Shell Parasite","floor":19,"turns":3},{"damage":18,"enemies":"Centurion and Healer","floor":20,"turns":5},{"damage":5,"enemies":"downfall:FleeingMerchant","floor":22,"turns":4},{"damage":15,"enemies":"Snake Plant","floor":23,"turns":4},{"damage":9,"enemies":"Snecko","floor":25,"turns":4},{"damage":0,"enemies":"Shelled Parasite and Fungi","floor":27,"turns":3},{"damage":25,"enemies":"Slavers","floor":31,"turns":4},{"damage":14,"enemies":"Snake Plant","floor":32,"turns":3},{"damage":26,"enemies":"IC_MUSHROOM_ARCHETYPE","floor":33,"turns":7},{"damage":0,"enemies":"3 Shapes","floor":36,"turns":3},{"damage":15,"enemies":"3 Darklings","floor":37,"turns":5},{"damage":4,"enemies":"Writhing Mass","floor":38,"turns":4},{"damage":14,"enemies":"4 Shapes","floor":39,"turns":3},{"damage":0,"enemies":"Jaw Worm Horde","floor":40,"turns":4},{"damage":55,"enemies":"Reptomancer","floor":43,"turns":8}],"seed_played":"-8577997901107968206","potions_obtained":[{"floor":2.0,"key":"ZuzhouPotion:ReiMu"},{"floor":4.0,"key":"bronze:FreeFunctionsPotion"},{"floor":10,"key":"Fire Potion"},{"floor":13,"key":"champ:CounterPotion"},{"floor":16,"key":"GrandPatriotsElixir:ReiMu"},{"floor":21,"key":"Weak Potion"},{"floor":23,"key":"champ:CounterPotion"},{"floor":27,"key":"ZuzhouPotion:ReiMu"},{"floor":31,"key":"ColorlessPotion"}],"is_trial":false,"path_per_floor":["R","M","M","M","?","R","T","$","M","M","R","M","M","?","M","B",null,"R","M","M","?","$","M","T","M","?","M","R","?","R","E","M","B",null,"R","M","M","M","M","M","T","?","E"],"character_chosen":"THE_AUTOMATON","items_purchased":["bronze:ItsAFeature","bronze:Flail","Whetstone"],"campfire_rested":2,"item_purchase_floors":[8,8,22],"current_hp_per_floor":[77,76,75,72,72,72,72,72,72,72,72,68,65,65,54,26,77,77,71,53,53,48,33,33,24,24,24,47,47,70,45,31,5,77,77,77,62,58,44,44,44,44,0,0,0],"gold":602,"neow_bonus":"TEN_PERCENT_HP_BONUS","is_daily":false,"chose_seed":false,"campfire_upgraded":5,"win_rate":0.0,"timestamp":1612528761,"path_taken":["R","M","M","M","?","R","T","$","M","M","R","M","M","?","M","BOSS","R","M","M","?","$","M","T","M","?","?","R","?","R","E","M","BOSS","R","M","M","M","M","M","T","?","E"],"items_purchased_type":["Card","Card","Relic"],"build_version":"2020-12-22","purchased_purges":2,"victory":false,"max_hp_per_floor":[77,77,77,77,77,77,77,77,77,77,77,77,77,77,77,77,77,77,77,77,77,77,77,77,77,77,77,77,77,77,77,77,77,77,77,77,77,77,77,77,77,77,77,77,77],"card_choices":[{"not_picked":["bronze:WildBeam","bronze:BronzeArmor"],"picked":"bronze:BugBarrage","floor":2.0},{"not_picked":["bronze:BugBarrage","bronze:WhirlingStrike"],"picked":"bronze:FollowUp","floor":3.0},{"not_picked":["bronze:Deprecate","bronze:ClassDefault"],"picked":"bronze:Optimize","floor":4.0},{"not_picked":["bronze:BronzeArmor","bronze:DelayedGuard"],"picked":"bronze:Safeguard","floor":8},{"not_picked":["bronze:Invalidate","bronze:Frontload"],"picked":"bronze:MaxOutput","floor":9},{"not_picked":["bronze:Invalidate","bronze:DigitalCarnage","bronze:RecursiveStrike"],"picked":"SKIP","floor":10},{"not_picked":["bronze:Deprecate","bronze:BitShift"],"picked":"bronze:FineTuning","floor":12},{"not_picked":["bronze:BronzeArmor","bronze:ItsAFeature"],"picked":"bronze:ChosenStrike","floor":13},{"not_picked":["bronze:BuggyMess","bronze:Invalidate"],"picked":"bronze:Boost","floor":14},{"not_picked":["bronze:FineTuning","bronze:DigitalCarnage"],"picked":"bronze:Shield","floor":15},{"not_picked":["bronze:Assembly","bronze:HyperBeam"],"picked":"bronze:AlphaBuild","floor":16},{"not_picked":["bronze:Deprecate+1","bronze:Turbo","bronze:Frontload"],"picked":"SKIP","floor":19},{"not_picked":["bronze:Safeguard","bronze:BitShift","bronze:BugBarrage"],"picked":"SKIP","floor":20},{"not_picked":["bronze:Invalidate","bronze:Shell+1"],"picked":"bronze:Repulsor+1","floor":22},{"not_picked":["bronze:ClassDefault+1","bronze:Allocate","bronze:ItsAFeature"],"picked":"SKIP","floor":23},{"not_picked":["bronze:Shield","bronze:GetLatest+1","bronze:ChosenStrike+1"],"picked":"SKIP","floor":25},{"not_picked":["bronze:Shield","bronze:GetLatest+1","bronze:ChosenStrike+1"],"picked":"SKIP","floor":25},{"not_picked":["bronze:ItsAFeature+1","bronze:WildBeam+1","bronze:Deprecate"],"picked":"SKIP","floor":27},{"not_picked":["bronze:BitShift","bronze:DigitalCarnage","bronze:Boost"],"picked":"SKIP","floor":31},{"not_picked":["bronze:BitShift","bronze:BronzeOrb","bronze:HyperBeam"],"picked":"SKIP","floor":32},{"not_picked":["bronze:Invalidate"],"picked":"SKIP","floor":36},{"not_picked":["bronze:Overload"],"picked":"SKIP","floor":37},{"not_picked":["bronze:Allocate+1"],"picked":"SKIP","floor":38},{"not_picked":[],"picked":"bronze:BronzeOrb+1","floor":39},{"not_picked":["bronze:BitShift"],"picked":"SKIP","floor":40}],"player_experience":279486,"relics_obtained":[{"floor":7.0,"key":"Smiling Mask"},{"floor":14,"key":"Art of War"},{"floor":24,"key":"Anchor"},{"floor":31,"key":"Pen Nib"},{"floor":41,"key":"Centennial Puzzle"}],"event_choices":[{"damage_healed":0,"gold_gain":0,"player_choice":"Got Potions","damage_taken":0,"max_hp_gain":0,"max_hp_loss":0,"event_name":"Lab","floor":21,"gold_loss":0}],"is_beta":false,"boss_relics":[{"not_picked":["Astrolabe","Empty Cage"],"picked":"Philosopher\u0027s Stone"},{"not_picked":["Black Star","Runic Pyramid"],"picked":"Busted Crown"}],"items_purged_floors":[8,22],"is_endless":false,"potions_floor_spawned":[2,4,10,13,14,16,20,23,25,27,31,38],"killed_by":"Reptomancer","ascension_level":0}}