{"host":"s3xohtohhcw15sii","time":1612493109,"event":{"mods":["2.2 Compatiblity","AchievementEnabler","Aspiration","BaseMod","BetterRewards","ChefMod","Clockwork Mod","Colored Map","Friendly Minions","Gremlin Skip","Hubris","Hunter ??","Infinite Spire","Minty Spire (QoL Compilation)","Quick Restart","Reliquary","Replay The Spire","Shop Mod","StSLib","The Blackbeard","The Dragon Tamer","The Forsaken","The Hayseed","The Necromancer","TheBandit"],"gold_per_floor":[118,129,139,158,158,183,193,210,210,210,210,210,238,252,252,357,357,370,386,386,386,386,386,386],"floor_reached":22,"language":"ENG","playtime":1671,"items_purged":[],"score":223,"play_id":"9fda1fa7-3f7d-40a8-b788-18a96f0297b6","local_time":"20210204214509","is_ascension_mode":false,"metric_token":1619,"campfire_choices":[{"floor":12,"key":"REST"},{"floor":15,"key":"REST"}],"dtmod_dragon_data":[47,50,1,-1,8,0],"circlet_count":0,"master_deck":["DTMod:Strike","DTMod:Strike","DTMod:Strike","DTMod:Strike","DTMod:DoubleHit","DTMod:TargetDefense","DTMod:TargetDefense","DTMod:TargetDefense","DTMod:TargetDefense","DTMod:SwitchingTactic","DTMod:Feint","DTMod:Training","DTMod:FlameSlash","DTMod:DeepFocus","DTMod:SneakAttack","DTMod:ComboAttack","DTMod:BreakAttack","DTMod:CalculatedDefense","DTMod:HeatWave","DTMod:OpeningTactic","DTMod:BreakAttack+1","DTMod:BuildUp"],"relics":["DTMod:PactStone","reliquary:BallBearing","Art of War","Meat on the Bone","hubris:Teleporter","Replay:Grab Bag","Painkiller Herb","theForsaken:PaleLantern","hubris:BlackHole","Lantern","aspiration:RitualStick"],"acts_visited":["Exordium","TheCity"],"potions_floor_usage":[16,16],"damage_taken":[{"damage":0,"enemies":"Cultist","floor":1,"turns":4},{"damage":0,"enemies":"2 Louse","floor":2,"turns":3},{"damage":6,"enemies":"Jaw Worm","floor":3,"turns":4},{"damage":0,"enemies":"Looter","floor":4,"turns":3},{"damage":21,"enemies":"3 Sentries","floor":6,"turns":8},{"damage":13,"enemies":"Large Slime","floor":7,"turns":5},{"damage":0,"enemies":"2 Fungi Beasts","floor":8,"turns":4},{"damage":0,"enemies":"Replay:BlueRogue","floor":13,"turns":5},{"damage":0,"enemies":"Looter","floor":14,"turns":2},{"damage":35,"enemies":"The Guardian","floor":16,"turns":9},{"damage":17,"enemies":"Spheric Guardian","floor":18,"turns":5},{"damage":0,"enemies":"Chosen","floor":19,"turns":4},{"damage":22,"enemies":"Shelled Parasite and Fungi","floor":22,"turns":2}],"seed_played":"7569790553014084715","potions_obtained":[{"floor":1,"key":"AttackPotion"},{"floor":2,"key":"Venom Potion"},{"floor":7,"key":"CultistPotion"},{"floor":19,"key":"Strength Potion"}],"is_trial":false,"path_per_floor":["M","M","M","M","?","E","M","M","T","T","?","R","E","M","R","B",null,"?","?","AVR","?","?"],"character_chosen":"THE_DT","items_purchased":[],"campfire_rested":2,"item_purchase_floors":[],"current_hp_per_floor":[49,49,43,43,43,22,9,9,9,9,25,39,39,39,49,26,49,32,32,32,22,0,0,0],"gold":386,"neow_bonus":"TEN_PERCENT_HP_BONUS","is_daily":false,"chose_seed":false,"campfire_upgraded":0,"win_rate":0.0,"timestamp":1612493109,"path_taken":["M","?","M","M","?","E","M","M","T","?","?","R","E","M","R","BOSS","?","?","AVR","?","?"],"items_purchased_type":[],"build_version":"2020-12-22","purchased_purges":0,"victory":false,"max_hp_per_floor":[49,49,49,49,49,49,49,49,49,49,49,49,49,49,49,49,49,49,49,49,49,49,49,49],"card_choices":[{"not_picked":["DTMod:HeatWave","DTMod:Hide"],"picked":"DTMod:Feint","floor":1},{"not_picked":["DTMod:BurningForce","DTMod:Hide"],"picked":"DTMod:Training","floor":2},{"not_picked":["DTMod:TauntingStrike","DTMod:MasterPlan"],"picked":"DTMod:FlameSlash","floor":3},{"not_picked":["DTMod:DarkBreath","DTMod:HeatWave"],"picked":"DTMod:DeepFocus","floor":4},{"not_picked":["DTMod:WarmUp","DTMod:LightShield"],"picked":"DTMod:SneakAttack","floor":6},{"not_picked":["DTMod:WarmUp","DTMod:HeatWave"],"picked":"DTMod:ComboAttack","floor":7},{"not_picked":["DTMod:Adaptation","DTMod:GhostSkin"],"picked":"DTMod:BreakAttack","floor":8},{"not_picked":["DTMod:Shift","DTMod:RunningTactic"],"picked":"DTMod:CalculatedDefense","floor":13},{"not_picked":["DTMod:Punisher","DTMod:Shift"],"picked":"DTMod:HeatWave","floor":14},{"not_picked":["DTMod:TriAttack","DTMod:StunTrap"],"picked":"DTMod:OpeningTactic","floor":16},{"not_picked":["DTMod:Threaten","DTMod:CalculatedDefense"],"picked":"DTMod:BreakAttack+1","floor":18},{"not_picked":["DTMod:Punisher+1","DTMod:FlameSlash+1"],"picked":"DTMod:BuildUp","floor":19}],"player_experience":321624,"relics_obtained":[{"floor":6,"key":"reliquary:BallBearing"},{"floor":9,"key":"Art of War"},{"floor":10,"key":"Meat on the Bone"},{"floor":13,"key":"hubris:Teleporter"}],"event_choices":[{"damage_healed":0,"gold_gain":0,"player_choice":"Ignored","damage_taken":0,"max_hp_gain":0,"max_hp_loss":0,"event_name":"Golden Wing","floor":5,"gold_loss":0},{"damage_healed":16,"gold_gain":0,"player_choice":"Banana","damage_taken":0,"max_hp_gain":0,"max_hp_loss":0,"event_name":"Big Fish","floor":11,"gold_loss":0}],"is_beta":false,"boss_relics":[{"not_picked":["DTMod:TheChair","Honey Jar"],"picked":"Replay:Grab Bag"},{"not_picked":["Replay:Bronze Core","hubris:GrandSneckoEye"],"picked":"Painkiller Herb"},{"not_picked":["Fusion Hammer","ReplayTheSpireMod:Onyx Gauntlets"],"picked":"theForsaken:PaleLantern"},{"not_picked":["hubris:HollowSoul","hubris:Stopwatch"],"picked":"hubris:BlackHole"}],"items_purged_floors":[],"is_endless":false,"potions_floor_spawned":[1,2,7,13,19],"killed_by":"Shelled Parasite and Fungi","ascension_level":0}}