{"host":"7gewg82ormp6yt4e","time":1612528759,"event":{"mods":["BaseMod","Block Reminder","Colored Map","DeckTracker","Highlight Path","Minty Spire (QoL Compilation)","Relic Stats","StSLib","ojb\u0027s Info Mod"],"gold_per_floor":[119,129,144,144,157,157,187,187,187,200,228,243,243,270,270,341,341,358,358,33,33,83,112,112,123,123,123,33,33,44,64,64,64,64],"floor_reached":33,"language":"JPN","playtime":1974,"items_purged":[],"score":720,"play_id":"282659a7-5b92-4053-8152-fda9503fa68c","local_time":"20210205213919","is_ascension_mode":true,"campfire_choices":[{"data":"BowlingBash","floor":6,"key":"SMITH"},{"data":"Eruption","floor":8,"key":"SMITH"},{"data":"Tantrum","floor":13,"key":"SMITH"},{"data":"Fasting2","floor":15,"key":"SMITH"},{"data":"Omniscience","floor":24,"key":"SMITH"},{"data":"MentalFortress","floor":27,"key":"SMITH"},{"data":"TalkToTheHand","floor":29,"key":"SMITH"},{"data":"SpiritShield","floor":32,"key":"SMITH"}],"circlet_count":0,"master_deck":["AscendersBane","Strike_P+1","Strike_P+1","Defend_P+1","Defend_P+1","Defend_P+1","Defend_P+1","Eruption+1","Vigilance","ThirdEye","Fasting2+1","BowlingBash+1","Adaptation","BowlingBash","Crescendo","Tantrum+1","FlurryOfBlows","SpiritShield+1","EmptyBody+1","MentalFortress+1","TalkToTheHand+1","Finesse","Omniscience+1","WheelKick","FearNoEvil","FlurryOfBlows+1"],"relics":["Busted Crown","Smiling Mask","TeardropLocket","Sundial","Empty Cage","Singing Bowl","Bottled Tornado"],"acts_visited":["Exordium","TheCity"],"potions_floor_usage":[7,16,18,23,33,33],"damage_taken":[{"damage":1,"enemies":"Cultist","floor":1,"turns":3},{"damage":0,"enemies":"Small Slimes","floor":2,"turns":3},{"damage":0,"enemies":"Jaw Worm","floor":3,"turns":4},{"damage":0,"enemies":"2 Fungi Beasts","floor":5,"turns":2},{"damage":6,"enemies":"3 Sentries","floor":7,"turns":7},{"damage":2,"enemies":"Exordium Thugs","floor":10,"turns":4},{"damage":4,"enemies":"Lagavulin","floor":11,"turns":6},{"damage":0,"enemies":"3 Louse","floor":12,"turns":1},{"damage":0,"enemies":"Gremlin Nob","floor":14,"turns":2},{"damage":0,"enemies":"Slime Boss","floor":16,"turns":3},{"damage":2,"enemies":"Shell Parasite","floor":18,"turns":4},{"damage":17,"enemies":"Book of Stabbing","floor":23,"turns":6},{"damage":2,"enemies":"Chosen","floor":25,"turns":7},{"damage":0,"enemies":"Centurion and Healer","floor":30,"turns":4},{"damage":0,"enemies":"Sentry and Sphere","floor":31,"turns":3},{"damage":58,"enemies":"Automaton","floor":33,"turns":6}],"seed_played":"7974998855511739784","potions_obtained":[{"floor":5,"key":"Fire Potion"},{"floor":11,"key":"ColorlessPotion"},{"floor":12,"key":"Weak Potion"},{"floor":16,"key":"BottledMiracle"},{"floor":23,"key":"Dexterity Potion"},{"floor":25,"key":"Fire Potion"},{"floor":31,"key":"Weak Potion"}],"is_trial":false,"path_per_floor":["M","M","M","?","M","R","E","R","T","M","E","M","R","E","R","B",null,"M","?","$","?","?","E","R","M","T","R","$","R","M","M","R","B"],"character_chosen":"WATCHER","items_purchased":["MentalFortress","TalkToTheHand","Finesse","SteroidPotion","FearNoEvil"],"campfire_rested":0,"item_purchase_floors":[20,20,20,20,28],"current_hp_per_floor":[60,60,60,60,60,60,54,54,54,52,48,48,48,48,48,48,63,61,61,61,61,61,44,44,42,42,42,42,42,42,44,44,0,0],"gold":64,"neow_bonus":"BOSS_RELIC","is_daily":false,"chose_seed":false,"campfire_upgraded":8,"win_rate":0.0,"timestamp":1612528759,"path_taken":["M","M","?","?","M","R","E","R","T","M","E","M","R","E","R","BOSS","M","?","$","?","?","E","R","M","T","R","$","R","?","M","R","BOSS"],"items_purchased_type":["Card","Card","Card","Potion","Card"],"build_version":"2020-12-22","purchased_purges":0,"victory":false,"max_hp_per_floor":[68,68,68,68,68,68,68,68,68,68,68,68,68,68,68,68,68,68,68,68,68,68,68,68,68,68,68,68,68,68,70,70,70,70],"relic_stats":{"Busted Crown":30,"Singing Bowl":2,"counters":[16,65],"Sundial":[2],"Smiling Mask":0,"obtain_stats":[{"Busted Crown":0,"Singing Bowl":23,"Sundial":14,"TeardropLocket":11,"PureWater":0,"Bottled Tornado":26,"Smiling Mask":7,"Empty Cage":17},{"Busted Crown":0,"Singing Bowl":12,"Sundial":9,"TeardropLocket":7,"PureWater":0,"Bottled Tornado":13,"Smiling Mask":5,"Empty Cage":10},{"Busted Crown":0,"Singing Bowl":45,"Sundial":32,"TeardropLocket":29,"PureWater":0,"Bottled Tornado":52,"Smiling Mask":19,"Empty Cage":35}]},"card_choices":[{"not_picked":[],"picked":"ThirdEye","floor":1},{"not_picked":[],"picked":"Fasting2","floor":2},{"not_picked":[],"picked":"BowlingBash","floor":3},{"not_picked":["Prostrate"],"picked":"SKIP","floor":5},{"not_picked":[],"picked":"Adaptation","floor":7},{"not_picked":[],"picked":"BowlingBash","floor":10},{"not_picked":[],"picked":"Crescendo","floor":11},{"not_picked":[],"picked":"Tantrum","floor":12},{"not_picked":[],"picked":"FlurryOfBlows","floor":14},{"not_picked":[],"picked":"SpiritShield","floor":16},{"not_picked":[],"picked":"EmptyBody+1","floor":18},{"not_picked":[],"picked":"Omniscience","floor":23},{"not_picked":[],"picked":"WheelKick","floor":25},{"not_picked":[],"picked":"FlurryOfBlows+1","floor":30},{"not_picked":["FlyingSleeves"],"picked":"Singing Bowl","floor":31}],"player_experience":2780304,"relics_obtained":[{"floor":7,"key":"Smiling Mask"},{"floor":11,"key":"TeardropLocket"},{"floor":14,"key":"Sundial"},{"floor":23,"key":"Singing Bowl"},{"floor":26,"key":"Bottled Tornado"}],"event_choices":[{"damage_healed":0,"gold_gain":0,"player_choice":"Ignored","damage_taken":0,"max_hp_gain":0,"max_hp_loss":0,"event_name":"Liars Game","floor":4,"gold_loss":0},{"damage_healed":0,"gold_gain":0,"player_choice":"Simplicity","damage_taken":0,"max_hp_gain":0,"max_hp_loss":0,"event_name":"Back to Basics","floor":19,"gold_loss":0,"cards_upgraded":["Strike_P","Strike_P","Defend_P","Defend_P","Defend_P","Defend_P"]},{"damage_healed":0,"gold_gain":0,"player_choice":"Ignored","damage_taken":0,"max_hp_gain":0,"max_hp_loss":0,"event_name":"The Mausoleum","floor":21,"gold_loss":0},{"damage_healed":0,"gold_gain":50,"player_choice":"Stole From Cult","damage_taken":0,"max_hp_gain":0,"max_hp_loss":0,"event_name":"Nest","floor":22,"gold_loss":0}],"is_beta":false,"boss_relics":[{"not_picked":["SacredBark","Philosopher\u0027s Stone"],"picked":"Empty Cage"}],"items_purged_floors":[],"is_endless":false,"potions_floor_spawned":[5,11,12,14,16,23,25,31],"killed_by":"Automaton","ascension_level":20}}