{"host":"t4313i2190y6fz3q","time":1612569278,"event":{"mods":["2.2 Compatiblity","AchievementEnabler","Act Like it!","BaseMod","Colored Powertips","Downfall","Highlight Path","Minty Spire (QoL Compilation)","Permanent Neow","Quick Restart","Rare Cards Sparkle","StSLib"],"gold_per_floor":[109,120,120,143,143,184,184,215,215,215,215],"floor_reached":10,"language":"ENG","playtime":284,"items_purged":[],"score":129,"play_id":"7b6aedcf-60e3-491d-8848-0b12b6eeba97","local_time":"20210205155438","is_ascension_mode":true,"campfire_choices":[{"floor":7.0,"key":"REST"}],"circlet_count":0,"master_deck":["AscendersBane","Strike_R","Strike_R","Strike_R","Strike_R","Strike_R","Defend_R","Defend_R+1","Defend_R","Defend_R","Bash","Feed","Inflame","Shrug It Off+1","Pommel Strike","Reaper","Flex"],"relics":["Burning Blood","Golden Idol","Prayer Wheel","Guardian:GemstoneGun","Incense Burner"],"acts_visited":["Exordium"],"potions_floor_usage":[],"damage_taken":[{"damage":1.0,"enemies":"Cultist","floor":1.0,"turns":4.0},{"damage":4.0,"enemies":"Jaw Worm","floor":2.0,"turns":3.0},{"damage":6.0,"enemies":"2 Louse","floor":4.0,"turns":3.0},{"damage":40.0,"enemies":"Lagavulin","floor":6.0,"turns":6.0},{"damage":27.0,"enemies":"Gremlin Nob","floor":8.0,"turns":4.0},{"damage":12,"enemies":"Lagavulin","floor":10,"turns":5}],"seed_played":"1999971607451237476","potions_obtained":[{"floor":1.0,"key":"SteroidPotion"},{"floor":6.0,"key":"ColorlessPotion"}],"is_trial":false,"path_per_floor":["M","M","?","M","?","E","R","E","T","E"],"character_chosen":"IRONCLAD","items_purchased":[],"campfire_rested":1,"item_purchase_floors":[],"current_hp_per_floor":[58,63,63,63,48,14,36,18,18,6,6],"gold":215,"neow_bonus":"THREE_RARE_CARDS","is_daily":false,"chose_seed":false,"campfire_upgraded":0,"win_rate":0.0,"timestamp":1612569278,"path_taken":["M","M","?","M","?","E","R","E","T","E"],"items_purchased_type":[],"build_version":"2020-12-22","purchased_purges":0,"victory":false,"max_hp_per_floor":[78,81,75,75,75,75,75,78,78,78,78],"card_choices":[{"not_picked":["Impervious","Barricade"],"picked":"Feed","floor":0.0},{"not_picked":["Carnage","Rupture"],"picked":"Inflame","floor":1.0},{"not_picked":["Body Slam","True Grit"],"picked":"Shrug It Off","floor":2.0},{"not_picked":["Entrench","Sentinel"],"picked":"Pommel Strike","floor":4.0},{"not_picked":["Whirlwind","Shockwave"],"picked":"Reaper","floor":6.0},{"not_picked":["Shockwave","Rupture"],"picked":"Flex","floor":8.0}],"player_experience":233211,"relics_obtained":[{"floor":6.0,"key":"Prayer Wheel"},{"floor":8.0,"key":"Guardian:GemstoneGun"},{"floor":9.0,"key":"Incense Burner"}],"event_choices":[{"damage_healed":0.0,"max_hp_gain":0.0,"max_hp_loss":6.0,"gold_gain":0.0,"event_name":"Golden Idol","player_choice":"Lose Max HP","floor":3.0,"gold_loss":0.0,"damage_taken":0.0,"relics_obtained":["Golden Idol"]},{"damage_healed":0.0,"max_hp_gain":0.0,"max_hp_loss":0.0,"gold_gain":0.0,"event_name":"Shining Light","player_choice":"Entered Light","floor":5.0,"gold_loss":0.0,"damage_taken":15.0,"cards_upgraded":["Defend_R","Shrug It Off"]}],"is_beta":false,"boss_relics":[],"items_purged_floors":[],"is_endless":false,"potions_floor_spawned":[1,6],"killed_by":"Lagavulin","ascension_level":14}}