{"host":"0y7rggrn2c7yxnri","time":1612510248,"event":{"mods":["AchievementEnabler","Act Like it!","AlwaysNeverKeys","Aspiration","Bartender","BaseMod","Better Altar","Better Sensory Stone","Better Skull","Better Third Choice","Better Vampires","BetterRewards","Colored Map","Colored Powertips","Displayed Cursed Tome","GifTheSpireLib","Good Game Mod","Magitek Elite","Minty Spire (QoL Compilation)","Permanent Neow","Quick Restart","Rare Cards Sparkle","Relic Filter Mod","Reliquary","Replay The Spire","Shop Mod","Spicy Shops","Spire Arcade","StSLib","Stuff the Spire","The Alterego","The Animator","The Marked","The Servant 0.9.4","Transform Curses","Virulent Crown","Wandering Minibosses"],"gold_per_floor":[109,109,125,47,65,98,98,123,123,123,123,141,141,158,158,187,187,285,285,295,36,52,52,62,88,88,121,172,172,172],"floor_reached":29,"language":"ENG","playtime":1292,"items_purged":["Pain"],"score":323,"play_id":"66ac89c8-6a14-4423-8d14-3f4e67d723c1","local_time":"20210205023048","is_ascension_mode":true,"campfire_choices":[{"data":"Zap","floor":7,"key":"SMITH"},{"data":"Storm","floor":15,"key":"SMITH"},{"floor":26,"key":"REST"}],"circlet_count":0,"master_deck":["Strike_B","Strike_B","Strike_B","Strike_B","Defend_B","Defend_B","Defend_B","Defend_B","Zap+1","Dualcast","Electrodynamics+1","White Noise+1","Ball Lightning+1","aspiration:Polymerization","Hologram","Consume","Storm+1","Meteor Strike","Meteor Strike","ReplayTheSpireMod:Splinters","BootSequence"],"relics":["Cracked Core","REME:ComplimentaryCards","Vajra","Guide Book","Runic Capacitor","StuffTheSpire:Gunfinga","Orrery","Cables","ReplayTheSpireMod:TigerMarble","Iron Hammer","WarpedTongs","Lizard Tail","Ring of Chaos","Membership Card","reliquary:ExpiredCoupon","Bird Faced Urn","WingedGreaves","aspiration:Lifesprig"],"acts_visited":["Exordium","TheCity"],"potions_floor_usage":[18,18,25,29],"damage_taken":[{"damage":0,"enemies":"Jaw Worm","floor":1,"turns":1},{"damage":0,"enemies":"Cultist","floor":3,"turns":2},{"damage":0,"enemies":"Small Slimes","floor":5,"turns":2},{"damage":25,"enemies":"3 Sentries","floor":6,"turns":3},{"damage":5,"enemies":"Gremlin Nob","floor":8,"turns":3},{"damage":0,"enemies":"Exordium Wildlife","floor":12,"turns":2},{"damage":1,"enemies":"3 Louse","floor":14,"turns":2},{"damage":22,"enemies":"Lagavulin","floor":16,"turns":3},{"damage":22,"enemies":"The Guardian","floor":18,"turns":6},{"damage":20,"enemies":"Shell Parasite","floor":20,"turns":3},{"damage":7,"enemies":"Chosen","floor":22,"turns":3},{"damage":33,"enemies":"Centurion and Healer","floor":24,"turns":3},{"damage":30,"enemies":"Gremlin Leader","floor":25,"turns":3},{"damage":23,"enemies":"Replay:Snechameleon","floor":27,"turns":3},{"damage":36,"enemies":"Slavers","floor":29,"turns":2}],"seed_played":"8183866086013131937","potions_obtained":[{"floor":3,"key":"SteroidPotion"},{"floor":5,"key":"AttackPotion"},{"floor":6,"key":"SneckoOil"},{"floor":14,"key":"Block Potion"},{"floor":18,"key":"Energy Potion"},{"floor":25,"key":"SneckoOil"},{"floor":27,"key":"Explosive Potion"}],"is_trial":false,"path_per_floor":["M","?","M","$","M","E","R","E","T","PTL","PTL","M","?","M","R","E","R_BF","B",null,"M","$","M","?","M","E","R","E","T","E"],"character_chosen":"DEFECT","items_purchased":["Vajra","White Noise","Ball Lightning","Guide Book","Runic Capacitor","StuffTheSpire:Gunfinga","Orrery","Membership Card","Meteor Strike"],"campfire_rested":1,"item_purchase_floors":[0,0,0,0,0,0,4,21,21],"current_hp_per_floor":[75,75,75,75,75,50,50,45,45,45,45,45,45,44,44,22,44,22,75,55,55,48,48,15,27,49,32,32,0,0],"gold":172,"neow_bonus":"","is_daily":false,"chose_seed":false,"campfire_upgraded":2,"win_rate":0.0,"timestamp":1612510248,"path_taken":["M","?","?","?","M","E","R","E","T","PTL","PTL","M","?","?","R","E","R_BF","BOSS","M","$","M","?","M","E","R","E","T","E"],"items_purchased_type":["Relic","Card","Card","Relic","Relic","Relic","Relic","Relic","Card"],"build_version":"2020-12-22","purchased_purges":1,"victory":false,"max_hp_per_floor":[75,75,75,75,75,75,75,75,75,75,75,75,75,75,75,75,75,75,75,75,75,75,75,75,75,75,75,75,75,75],"card_choices":[{"not_picked":["Double Energy","StuffTheSpire:LoadUp"],"picked":"aspiration:Polymerization","floor":1},{"not_picked":["ReplayTheSpireMod:System Scan","Stack"],"picked":"Hologram","floor":3},{"not_picked":["Hyperbeam","Ball Lightning","Skim"],"picked":"SKIP","floor":5},{"not_picked":["StuffTheSpire:LoadUp","Stack","Go for the Eyes"],"picked":"SKIP","floor":6},{"not_picked":["StuffTheSpire:LaunchingStrike","Capacitor"],"picked":"Consume","floor":8},{"not_picked":["Conserve Battery","Panic Button","Capacitor"],"picked":"SKIP","floor":12},{"not_picked":["Steam","Conserve Battery"],"picked":"Storm","floor":14},{"not_picked":["ReplayGash","Scrape","Steam"],"picked":"SKIP","floor":16},{"not_picked":["Hyperbeam","Multi-Cast"],"picked":"Meteor Strike","floor":18},{"not_picked":["Streamline","Compile Driver","ReplayTheSpireMod:Reroute Power"],"picked":"SKIP","floor":20},{"not_picked":["FIFO Queue+1","Sweeping Beam","Turbo"],"picked":"SKIP","floor":22},{"not_picked":["Hologram","Multi-Cast","Steam+1"],"picked":"SKIP","floor":24},{"not_picked":["ReplayTheSpireMod:System Scan","Go for the Eyes"],"picked":"BootSequence","floor":25},{"not_picked":["StuffTheSpire:Plugnplay","Undo","Cold Snap"],"picked":"SKIP","floor":27}],"player_experience":318404,"relics_obtained":[{"floor":6,"key":"Cables"},{"floor":8,"key":"ReplayTheSpireMod:TigerMarble"},{"floor":9,"key":"Iron Hammer"},{"floor":16,"key":"Lizard Tail"},{"floor":25,"key":"Bird Faced Urn"},{"floor":27,"key":"WingedGreaves"},{"floor":28,"key":"aspiration:Lifesprig"}],"event_choices":[{"damage_healed":0,"gold_gain":0,"player_choice":"Ignored","damage_taken":0,"max_hp_gain":0,"max_hp_loss":0,"event_name":"Transmorgrifier","floor":2,"gold_loss":0},{"damage_healed":0,"gold_gain":0,"player_choice":"Rummage","damage_taken":0,"relics_obtained":["WarpedTongs"],"max_hp_gain":0,"max_hp_loss":0,"event_name":"Accursed Blacksmith","floor":13,"gold_loss":0,"cards_obtained":["Pain"]}],"is_beta":false,"boss_relics":[{"not_picked":["Runic Pyramid","aspiration:SecretTechniqueScroll"],"picked":"Ring of Chaos"}],"items_purged_floors":[21],"is_endless":false,"potions_floor_spawned":[3,5,6,14,18,25,27],"killed_by":"Slavers","ascension_level":3}}