{"host":"978e30ws7ao5zzzo","time":1612494967,"event":{"mods":["A Penny For Your Troubles","AchievementEnabler","AlwaysNeverKeys","Aspiration","Bard","BaseMod","Bestiary","Better Altar","Better Debug","Better Match","Better Note","Better Sensory Stone","Better Skull","Better Third Choice","Better Vampires","BetterRewards","Conspire","Curses Come First","Custom Start","Displayed Cursed Tome","Grow up Mod","Hubris","Hunter ??","Infinite Spire","Ironclad Rager","Marisa????????","Minty Spire (QoL Compilation)","Permanent Neow","Quick Restart","Random Character Button","Relic Stats","Remove Card Discount Mod","Replay The Spire","Retaliation","Shade Mod","Spicy Shops","Spikes Relics","Spire Arcade","StS++","StSLib","The Bug Knight","The Cursed","The Disciple","The Florist","The Gatherer","The Hierophant","The Marked","The Necromancer","The Runesmith","The Servant 0.9.4","The Spell Scribe","TheBandit","TheSwordswoman","TheVacant","Transform Curses","Treasure Hunter","????"],"gold_per_floor":[406,406,419,429,123,149,159,184,184,109,109,42,57,72,72,175,175,185,185,185,203,216,246,258,258,312,329,348,308,325,339,339,441,441,453,502,502,514,514,545,545,545,545,565,565,595,595,615,645,645,646,646,646,38,63,65],"floor_reached":58,"language":"ENG","playtime":7026,"items_purged":["theScribe:StarterDefend","Defend_Br","Intolerance"],"score":1431,"play_id":"21f963c3-92ac-48c2-9864-babb787f45de","local_time":"20210204191607","is_ascension_mode":false,"campfire_choices":[{"data":"Shade:Putrefaction","floor":11.0,"key":"SMITH"},{"data":"Shade:AuraOfUnlife","floor":15.0,"key":"SMITH"},{"data":"Shade:SensePrey","floor":32,"key":"SMITH"},{"data":"Shade:UnbarTheGrave","floor":43,"key":"SMITH"},{"data":"Shade:FreshBones","floor":51,"key":"SMITH"},{"data":"Shade:AnimateDead","floor":54,"key":"SMITH"}],"circlet_count":0,"master_deck":["Shade:Strike_Shade","Shade:Strike_Shade","Shade:Strike_Shade","Shade:Defend_Shade","Shade:Defend_Shade","Shade:Defend_Shade","Shade:Defend_Shade","Shade:AnimateDead+1","hubris:Strike_Merchant+1","Strike_MRS+1","Defend_G","Shade:Bite_Shade","Shade:Frenzy","TH:PixieDust","Shade:OpenGraves+1","Shade:Premonition","TH:TreasureMap","Shade:Putrefaction+1","TH:ElvenBoots","Shade:AuraOfUnlife+1","Shade:Putrefaction+1","Shade:FreshBones","Shade:FreshBones","Shade:ScuttlingHand","Shade:FreshBones+1","TH:EnergyPotion","Shade:UnbarTheGrave","Shade:Bonestorm","Shade:FuneraryJewels","Shade:FingerOfDeath+1","Shade:ScuttlingHand","TH:CopperCoins","Shade:SkeletonHug","Shade:FuneraryJewels","TH:BikiniMail","Shade:SensePrey+1","Shade:Bonestorm","Shade:ClawBack","Shade:WallOfFlesh","TH:Mimic","Shade:UnbarTheGrave+1","Shade:Premonition","Shade:Bite_Shade+1","Shade:FuneraryJewels+1","TH:EnergyPotion","Shade:Brains+1","Shade:FleshToFlesh","TH:CopperCoins","TH:ElvenBoots","Shade:FreshBones+1","Shade:FingerOfDeath+1","TH:DeckOfManyThings","Shade:SkeletonHug+1","Shade:CommandSoldier","TH:BikiniMail","Shade:Awaken+1"],"relics":["Shade:YorickSkull","hubris:Teleporter","hubris:CuriousFeather","Mummified Hand","Peace Pipe","aspiration:StickyExplosives_weak","ReplayTheSpireMod:CursedCoin","Blood Vial","Empty Cage","Whetstone","SnailShell","Black Star","StSpp:WoodenStick","Replay:Bottled Snecko","Replay:Bottled Flurry","Smiling Mask","hubris:64BitClover","aspiration:VileToxins","BicycleWheel","hubris:Icosahedron","Nunchaku","Onion Ring","Mercury Hourglass","Bag of Preparation","hubris:TenFootPole","hubris:ToyBattleship","Replay:Baseball"],"acts_visited":["Exordium","TheCity","TheBeyond","TheEnding"],"potions_floor_usage":[52,52],"damage_taken":[{"damage":1.0,"enemies":"Small Slimes","floor":1.0,"turns":4.0},{"damage":4.0,"enemies":"Cultist","floor":3.0,"turns":4.0},{"damage":2.0,"enemies":"Jaw Worm","floor":4.0,"turns":4.0},{"damage":25.0,"enemies":"HollowMod:MossKnight","floor":6.0,"turns":10.0},{"damage":13.0,"enemies":"Exordium Wildlife","floor":7.0,"turns":4.0},{"damage":15.0,"enemies":"3 Sentries","floor":8.0,"turns":9.0},{"damage":6.0,"enemies":"Looter","floor":13.0,"turns":3.0},{"damage":9.0,"enemies":"Lots of Slimes","floor":14.0,"turns":3.0},{"damage":59.0,"enemies":"Slime Boss","floor":16.0,"turns":8.0},{"damage":8,"enemies":"conspire:FuzzyDice","floor":18,"turns":5},{"damage":6,"enemies":"Chosen","floor":21,"turns":5},{"damage":29,"enemies":"Centurion and Healer","floor":22,"turns":7},{"damage":38,"enemies":"conspire:Head Lice","floor":23,"turns":7},{"damage":22,"enemies":"Snecko","floor":24,"turns":6},{"damage":6,"enemies":"Cultist and Chosen","floor":27,"turns":4},{"damage":20,"enemies":"Shelled Parasite and Fungi","floor":28,"turns":6},{"damage":6,"enemies":"Snecko","floor":30,"turns":5},{"damage":2,"enemies":"Snake Plant","floor":31,"turns":4},{"damage":69,"enemies":"Automaton","floor":33,"turns":9},{"damage":8,"enemies":"3 Shapes","floor":35,"turns":3},{"damage":95,"enemies":"2 Orb Walkers","floor":36,"turns":6},{"damage":2,"enemies":"3 Darklings","floor":38,"turns":4},{"damage":37,"enemies":"Nemesis","floor":40,"turns":7},{"damage":34,"enemies":"Jaw Worm Horde","floor":44,"turns":5},{"damage":15,"enemies":"Reptomancer","floor":46,"turns":5},{"damage":0,"enemies":"4 Shapes","floor":48,"turns":7},{"damage":5,"enemies":"HollowMod:StalkingDevout","floor":49,"turns":7},{"damage":14,"enemies":"hubris:GrandSnecko","floor":52,"turns":9},{"damage":47,"enemies":"Shield and Spear","floor":56,"turns":5},{"damage":198,"enemies":"The Heart","floor":57,"turns":11}],"seed_played":"-7130984084003273966","potions_obtained":[{"floor":1.0,"key":"Toxic Potion"},{"floor":2.0,"key":"StSpp:ScatteredWeakPotion"},{"floor":2.0,"key":"StSpp:InhibitionPotion"},{"floor":6.0,"key":"StSpp:SecondWindPotion"},{"floor":8.0,"key":"SpeedPotion"},{"floor":46,"key":"PowerPotion"},{"floor":56,"key":"Fire Potion"}],"is_trial":false,"path_per_floor":["M","?","M","M","$","E","M","E","T","?","R","$","M","M","R","B",null,"M","?","?","M","M","E","M","?","T","M","M","?","M","M","R","B",null,"M","?","?","M","?","E","PTL","PTL","R","M","T","E","?","M","E","R","B",null,"R","$","E","B",null],"character_chosen":"SHADE","items_purchased":["hubris:CuriousFeather","ReplayTheSpireMod:CursedCoin","Blood Vial","Shade:FreshBones","Mercury Hourglass","Bag of Preparation","hubris:TenFootPole","Shade:CommandSoldier"],"campfire_rested":0,"item_purchase_floors":[5,12,12,12,55,55,55,55],"current_hp_per_floor":[84,94,101,111,121,116,115,112,122,132,142,152,158,163,173,128,245,247,257,267,275,260,236,228,238,248,256,250,260,268,280,290,237,415,419,336,346,359,369,349,359,369,379,359,369,366,376,393,400,410,413,595,605,615,580,399],"gold":65,"neow_bonus":"ONE_RARE_RELIC","is_daily":false,"chose_seed":false,"campfire_upgraded":6,"win_rate":0.0,"timestamp":1612494967,"path_taken":["M","?","M","M","?","E","?","E","T","?","R","?","M","M","R","BOSS","M","?","?","M","M","E","?","?","T","M","M","?","?","M","R","BOSS","M","?","?","M","?","E","PTL","PTL","R","M","T","E","?","M","E","R","BOSS","R","$","E","BOSS"],"items_purchased_type":["Relic","Relic","Relic","Card","Relic","Relic","Relic","Card"],"build_version":"2020-12-22","purchased_purges":3,"victory":true,"max_hp_per_floor":[85,95,105,115,125,135,145,155,165,175,185,195,205,215,225,235,245,255,265,275,285,295,305,315,325,335,345,355,365,375,385,395,405,415,425,435,445,455,465,475,485,495,505,515,525,535,545,555,565,575,585,595,605,615,625,635],"relic_stats":{"Peace Pipe":0,"Blood Vial":42,"Nunchaku":[5],"counters":[30,176],"Mummified Hand":[110],"Black Star":4,"Bag of Preparation":[4],"Whetstone":["Strike_MRS","hubris:Strike_Merchant"],"Smiling Mask":0,"obtain_stats":[{"SnailShell":26,"Shade:YorickSkull":0,"Bag of Preparation":55,"Whetstone":23,"Empty Cage":17,"Smiling Mask":40,"aspiration:StickyExplosives_weak":9,"Blood Vial":12,"Nunchaku":49,"hubris:Icosahedron":47,"Mummified Hand":6,"hubris:CuriousFeather":5,"Replay:Bottled Flurry":40,"Replay:Bottled Snecko":37,"StSpp:WoodenStick":36,"BicycleWheel":46,"aspiration:VileToxins":46,"hubris:Teleporter":0,"ReplayTheSpireMod:CursedCoin":12,"hubris:64BitClover":45,"Mercury Hourglass":55,"Peace Pipe":8,"Replay:Baseball":56,"Onion Ring":49,"Black Star":34,"hubris:TenFootPole":55,"hubris:ToyBattleship":56},{"SnailShell":14,"Shade:YorickSkull":0,"Bag of Preparation":28,"Whetstone":13,"Empty Cage":9,"Smiling Mask":23,"aspiration:StickyExplosives_weak":6,"Blood Vial":6,"Nunchaku":27,"hubris:Icosahedron":25,"Mummified Hand":4,"hubris:CuriousFeather":3,"Replay:Bottled Flurry":23,"Replay:Bottled Snecko":21,"StSpp:WoodenStick":21,"BicycleWheel":25,"aspiration:VileToxins":25,"hubris:Teleporter":0,"ReplayTheSpireMod:CursedCoin":6,"hubris:64BitClover":24,"Mercury Hourglass":28,"Peace Pipe":6,"Replay:Baseball":29,"Onion Ring":27,"Black Star":19,"hubris:TenFootPole":28,"hubris:ToyBattleship":29},{"SnailShell":79,"Shade:YorickSkull":0,"Bag of Preparation":160,"Whetstone":73,"Empty Cage":49,"Smiling Mask":127,"aspiration:StickyExplosives_weak":35,"Blood Vial":35,"Nunchaku":151,"hubris:Icosahedron":137,"Mummified Hand":22,"hubris:CuriousFeather":12,"Replay:Bottled Flurry":127,"Replay:Bottled Snecko":116,"StSpp:WoodenStick":116,"BicycleWheel":137,"aspiration:VileToxins":137,"hubris:Teleporter":0,"ReplayTheSpireMod:CursedCoin":35,"hubris:64BitClover":132,"Mercury Hourglass":160,"Peace Pipe":35,"Replay:Baseball":165,"Onion Ring":151,"Black Star":107,"hubris:TenFootPole":160,"hubris:ToyBattleship":165}],"Mercury Hourglass":[51]},"card_choices":[{"not_picked":["Shade:SoulToxin","Shade:WallOfFlesh"],"picked":"Shade:Bite_Shade","floor":1.0},{"not_picked":["Shade:AncientSpear","Shade:Trample"],"picked":"Shade:Frenzy","floor":3.0},{"not_picked":["Shade:Doomsay","Shade:Asphyxiate"],"picked":"Shade:AncientSpear","floor":4.0},{"not_picked":["TH:EnergyPotion"],"picked":"TH:PixieDust","floor":6.0},{"not_picked":["Shade:PotionOfRestlessness","Shade:FingerOfDeath"],"picked":"Shade:OpenGraves","floor":6.0},{"not_picked":["Shade:AncientSpear","Shade:BoneShards"],"picked":"Shade:Premonition","floor":7.0},{"not_picked":["TH:CursedSword"],"picked":"TH:TreasureMap","floor":8.0},{"not_picked":["Shade:OpenGraves","Shade:LyeBath"],"picked":"Shade:Putrefaction","floor":8.0},{"not_picked":["TH:ArmorSpikes"],"picked":"TH:ElvenBoots","floor":9.0},{"not_picked":["Shade:Asphyxiate","Shade:AblativeArmor"],"picked":"Shade:AuraOfUnlife","floor":10.0},{"not_picked":["Shade:MadHubris","Shade:LastGasp"],"picked":"Shade:Putrefaction","floor":10.0},{"not_picked":["Shade:FingerOfDeath","Shade:Premonition"],"picked":"Shade:ScuttlingHand","floor":13.0},{"not_picked":["Shade:Asphyxiate","Shade:SkeletonHug"],"picked":"Shade:FreshBones","floor":14.0},{"not_picked":["TH:Mimic"],"picked":"TH:EnergyPotion","floor":16.0},{"not_picked":["Shade:LastGasp","Shade:Consume"],"picked":"Shade:UnbarTheGrave","floor":16.0},{"not_picked":["Shade:ExtraLimbs","Shade:PressTheAttack+1"],"picked":"Shade:Bonestorm","floor":18},{"not_picked":["Shade:FreshBones","Shade:ScuttlingHand"],"picked":"Shade:FuneraryJewels","floor":21},{"not_picked":["Shade:LyeBath","Shade:ExtraLimbs"],"picked":"Shade:FingerOfDeath+1","floor":22},{"not_picked":["Shade:Premonition","Shade:SanguineRitual"],"picked":"Shade:ScuttlingHand","floor":23},{"not_picked":["TH:CursedSword"],"picked":"TH:CopperCoins","floor":23},{"not_picked":["Shade:Frenzy","Shade:AncientSpear"],"picked":"Shade:SkeletonHug","floor":24},{"not_picked":["TH:PixieDust"],"picked":"TH:BikiniMail","floor":26},{"not_picked":["Shade:Trample","Shade:Premonition"],"picked":"Shade:SensePrey","floor":27},{"not_picked":["Shade:FingerOfDeath","Shade:GoDigging+1"],"picked":"Shade:Bonestorm","floor":28},{"not_picked":["Shade:BoneShards","Shade:GoDigging"],"picked":"Shade:ClawBack","floor":30},{"not_picked":["Shade:CoffinDance+1","Shade:BoneShards+1"],"picked":"Shade:WallOfFlesh","floor":31},{"not_picked":["TH:ArmorSpikes"],"picked":"TH:Mimic","floor":33},{"not_picked":["Shade:OfferingToTheBeyond","Shade:Putrefaction"],"picked":"Shade:UnbarTheGrave","floor":33},{"not_picked":["Shade:RitualOffering+1","Shade:Trample"],"picked":"Shade:Premonition","floor":35},{"not_picked":["Shade:SoulToxin+1","Shade:AncientSpear"],"picked":"Shade:Bite_Shade+1","floor":36},{"not_picked":["Shade:GraveStillness+1","Shade:Premonition"],"picked":"Shade:FuneraryJewels+1","floor":38},{"not_picked":["TH:CursedSword"],"picked":"TH:EnergyPotion","floor":40},{"not_picked":["Shade:ExtraLimbs+1","Shade:OfferingToTheBeyond"],"picked":"Shade:Brains+1","floor":40},{"not_picked":["Shade:AncientSpear+1","Shade:SkeletonHug"],"picked":"Shade:FleshToFlesh","floor":44},{"not_picked":["TH:ArmorSpikes"],"picked":"TH:CopperCoins","floor":45},{"not_picked":["TH:Mimic"],"picked":"TH:ElvenBoots","floor":46},{"not_picked":["Shade:Doomsay","Shade:SensePrey"],"picked":"Shade:FreshBones+1","floor":46},{"not_picked":["Shade:CoffinDance+1","Shade:WallOfFlesh"],"picked":"Shade:FingerOfDeath+1","floor":48},{"not_picked":["TH:ElvenBoots"],"picked":"TH:DeckOfManyThings","floor":49},{"not_picked":["Shade:FleshOffering","Shade:FleshToFlesh+1"],"picked":"Shade:SkeletonHug+1","floor":49},{"not_picked":["TH:CursedSword"],"picked":"TH:BikiniMail","floor":56},{"not_picked":["Shade:RitualOffering","Shade:GraveStillness"],"picked":"Shade:Awaken+1","floor":56}],"player_experience":384450,"relics_obtained":[{"floor":6.0,"key":"Mummified Hand"},{"floor":8.0,"key":"Peace Pipe"},{"floor":9.0,"key":"aspiration:StickyExplosives_weak"},{"floor":23,"key":"Whetstone"},{"floor":26,"key":"SnailShell"},{"floor":36,"key":"StSpp:WoodenStick"},{"floor":40,"key":"Replay:Bottled Flurry"},{"floor":40,"key":"Smiling Mask"},{"floor":45,"key":"hubris:64BitClover"},{"floor":46,"key":"aspiration:VileToxins"},{"floor":46,"key":"BicycleWheel"},{"floor":49,"key":"Nunchaku"},{"floor":49,"key":"Onion Ring"},{"floor":56,"key":"hubris:ToyBattleship"},{"floor":56,"key":"Replay:Baseball"}],"event_choices":[{"damage_healed":0.0,"max_hp_gain":0.0,"max_hp_loss":0.0,"gold_gain":0.0,"event_name":"Lab","player_choice":"Got Potions","floor":2.0,"gold_loss":0.0,"damage_taken":0.0},{"damage_healed":0.0,"max_hp_gain":0.0,"max_hp_loss":0.0,"gold_gain":0.0,"event_name":"betterMatch:BetterMatch","player_choice":"1","floor":10.0,"gold_loss":0.0,"damage_taken":0.0,"cards_obtained":["betterMatch:UncommonCard","betterMatch:RareCard"]},{"cards_removed":["hubris:Strike_Merchant"],"damage_healed":0,"gold_gain":0,"player_choice":"Give","damage_taken":0,"max_hp_gain":0,"max_hp_loss":0,"event_name":"betterNote:BetterNote","floor":19,"gold_loss":0,"cards_obtained":["None"]},{"damage_healed":0,"gold_gain":0,"player_choice":"Upgraded","damage_taken":0,"max_hp_gain":0,"max_hp_loss":0,"event_name":"Upgrade Shrine","floor":20,"gold_loss":0,"cards_upgraded":["Shade:Putrefaction"]},{"damage_healed":0,"gold_gain":0,"player_choice":"Upgrade","damage_taken":0,"max_hp_gain":0,"max_hp_loss":0,"event_name":"Designer","floor":29,"gold_loss":40,"cards_upgraded":["Shade:OpenGraves"]},{"damage_healed":0,"gold_gain":0,"player_choice":"Fight","damage_taken":0,"max_hp_gain":0,"max_hp_loss":0,"event_name":"Mysterious Sphere","floor":36,"gold_loss":0},{"cards_removed":["Shade:Strike_Shade"],"damage_healed":0,"gold_gain":0,"player_choice":"Removed Attack","damage_taken":0,"max_hp_gain":0,"max_hp_loss":0,"event_name":"Falling","floor":39,"gold_loss":0}],"is_beta":false,"boss_relics":[{"not_picked":["Honey Jar","conspire:SlowCooker"],"picked":"Empty Cage"},{"not_picked":["Sozu","hubris:ScarierMask"],"picked":"Black Star"}],"items_purged_floors":[5,5,12],"is_endless":false,"potions_floor_spawned":[1,6,8,14,18,22,23,31,33,40,46,48,49,56],"ascension_level":0}}