{"host":"0ssbae92yp6998o9","time":1612500345,"event":{"mods":["ATMod(°¢èªMod)","BaseMod","Marisa£¨ìFÓê¡¡Ä§ÀíÉ³£©","Minty Spire (QoL Compilation)","READ ME - Guardian Mod","Shop Mod","Spicy Shops","StSLib","Waifu the Spire"],"gold_per_floor":[112,287,307,76,76,76,101,115,115,146,164,164,183,210,210,313,313,332,154,164,164,174,203,203,231,231,231,231,231,16,16,16,114,114,134,134,134,134,184,212,212,237,261,276,311,359,889,1614,1614,2426,2426,2426,56,87,259],"floor_reached":56,"language":"ZHT","playtime":3201,"items_purged":["Doubt","Strike_MRS","Strike_MRS","MasterSpark"],"score":1846,"play_id":"300bed5d-9381-48a9-8e25-f53d9af3b1a7","local_time":"20210205124545","is_ascension_mode":true,"campfire_choices":[{"data":"AT_FamilyPortrait","floor":6.0,"key":"SMITH"},{"data":"SprinkleStarSeal","floor":12.0,"key":"SMITH"},{"data":"OortCloud","floor":15.0,"key":"SMITH"},{"data":"UltimateShortwave","floor":24.0,"key":"SMITH"},{"data":"BinaryStars","floor":28.0,"key":"SMITH"},{"data":"OpenUniverse","floor":32.0,"key":"SMITH"},{"floor":49.0,"key":"RECALL"},{"data":"CollectingQuirk","floor":52.0,"key":"SMITH"}],"circlet_count":0,"master_deck":["Strike_MRS","Strike_MRS","Defend_MRS+1","Defend_MRS","Defend_MRS","Defend_MRS","UpSweep","AT_FamilyPortrait+1","GrandCross","OortCloud+1","Acceleration+1","6A","SprinkleStarSeal+1","ChargingUp","EventHorizon","UltimateShortwave+1","PowerUp","BinaryStars+1","DeepEcoloBomb+1","OpenUniverse+1","CollectingQuirk+1","OpenUniverse+1","Impatience","ManaConvection","SatelliteIllusion","MilkyWay+1","MagicChant+1","Purity","EnergyFlow","Robbery+1","ManaConvection+1","IllusionStar+1","EscapeVelocity"],"relics":["MiniHakkero","AT_ATBox","NeowsBlessing","Calipers","Pear","Letter Opener","Strawberry","AT_SeraphEmbrace","Juzu Bracelet","Black Star","Sling","FossilizedHelix","AT_ForceNature","Darkstone Periapt","StrikeDummy","The Courier","AT_TimeSand","Membership Card","Eternal Feather","Coffee Dripper","Incense Burner","AT_Manta","PreservedInsect","AT_BellowingDragoncrestRing","Happy Flower","Smiling Mask","Shuriken","Ice Cream","War Paint","Bottled Tornado","Bag of Preparation","HornCleat","ClockworkSouvenir","Bird Faced Urn","AT_ChloranthyRing","AT_RedTearstoneRing","Centennial Puzzle","Anchor","Unceasing Top","Pantograph","Mummified Hand","Pen Nib","AT_DeathDance","AT_PhaseBoots","AT_EbonyIvory","BreadOfAWashokuLover","AT_BellDemon","AT_GuinsooRageblade","Ginger","Art of War","AT_SunfireAegis","Nunchaku","Bronze Scales","Ornamental Fan","Gremlin Horn","AT_ImmortalShieldbow","Blue Candle","Toy Ornithopter","Kunai","Akabeko"],"acts_visited":["Exordium","TheCity","TheBeyond","TheEnding"],"potions_floor_usage":[54,55],"damage_taken":[{"damage":0.0,"enemies":"Small Slimes","floor":1.0,"turns":1.0},{"damage":0.0,"enemies":"Cultist","floor":3.0,"turns":1.0},{"damage":0.0,"enemies":"Lagavulin","floor":7.0,"turns":1.0},{"damage":0.0,"enemies":"2 Louse","floor":8.0,"turns":2.0},{"damage":12.0,"enemies":"Gremlin Nob","floor":10.0,"turns":4.0},{"damage":4.0,"enemies":"Blue Slaver","floor":11.0,"turns":6.0},{"damage":3.0,"enemies":"Exordium Thugs","floor":13.0,"turns":5.0},{"damage":0.0,"enemies":"Lagavulin","floor":14.0,"turns":3.0},{"damage":35.0,"enemies":"Hexaghost","floor":16.0,"turns":9.0},{"damage":7.0,"enemies":"Chosen","floor":18.0,"turns":5.0},{"damage":27.0,"enemies":"2 Thieves","floor":20.0,"turns":4.0},{"damage":7.0,"enemies":"Snecko","floor":22.0,"turns":4.0},{"damage":6.0,"enemies":"Book of Stabbing","floor":23.0,"turns":6.0},{"damage":23.0,"enemies":"Slavers","floor":25.0,"turns":6.0},{"damage":0.0,"enemies":"Champ","floor":33.0,"turns":8.0},{"damage":18.0,"enemies":"3 Darklings","floor":35.0,"turns":4.0},{"damage":0.0,"enemies":"Mind Bloom Boss Battle","floor":39.0,"turns":3.0},{"damage":0.0,"enemies":"Reptomancer","floor":40.0,"turns":3.0},{"damage":39.0,"enemies":"Nemesis","floor":42.0,"turns":3.0},{"damage":0.0,"enemies":"3 Shapes","floor":44.0,"turns":2.0},{"damage":0.0,"enemies":"Reptomancer","floor":45.0,"turns":1.0},{"damage":0.0,"enemies":"2 Orb Walkers","floor":46.0,"turns":1.0},{"damage":0.0,"enemies":"Transient","floor":47.0,"turns":5.0},{"damage":0.0,"enemies":"Giant Head","floor":48.0,"turns":3.0},{"damage":40.0,"enemies":"Time Eater","floor":50.0,"turns":7.0},{"damage":0,"enemies":"Shield and Spear","floor":54,"turns":1},{"damage":0,"enemies":"The Heart","floor":55,"turns":3}],"seed_played":"-3419899312016880029","potions_obtained":[{"floor":3.0,"key":"GamblersBrew"},{"floor":7.0,"key":"SkillPotion"},{"floor":8.0,"key":"Ancient Potion"},{"floor":10.0,"key":"DuplicationPotion"},{"floor":20.0,"key":"Fruit Juice"},{"floor":25.0,"key":"LiquidMemories"},{"floor":35.0,"key":"ColorlessPotion"},{"floor":40.0,"key":"Ancient Potion"},{"floor":44.0,"key":"DuplicationPotion"},{"floor":54,"key":"Fruit Juice"}],"is_trial":false,"path_per_floor":["M","?","M","$","?","R","E","M","T","E","M","R","M","E","R","B",null,"M","$","M","T","M","E","R","E","T","?","R","?","$","?","R","B",null,"M","?","?","?","?","E","?","E","T","M","E","?","M","E","R","B",null,"R","$","E","B",null],"character_chosen":"MARISA","items_purchased":["Calipers","Sling","Membership Card","Eternal Feather","Bag of Preparation","HornCleat","ClockworkSouvenir","Bird Faced Urn","AT_ChloranthyRing","AT_RedTearstoneRing","Centennial Puzzle","Anchor","Unceasing Top","Pantograph","Mummified Hand","Pen Nib","AT_DeathDance","AT_SpeedBoots","AT_EbonyIvory","BreadOfAWashokuLover","AT_BellDemon","AT_GuinsooRageblade","Ginger","Art of War","AT_SunfireAegis","Nunchaku","Bronze Scales","Ornamental Fan","Gremlin Horn","AT_ImmortalShieldbow","Blue Candle","Toy Ornithopter"],"campfire_rested":0,"item_purchase_floors":[4,19,30,30,53,53,53,53,53,53,53,53,53,53,53,53,53,53,53,53,53,53,53,53,53,53,53,53,53,53,53,53],"current_hp_per_floor":[75,75,75,75,85,85,85,85,92,80,76,76,73,73,73,38,92,85,85,63,63,56,50,50,27,27,27,27,23,23,23,35,35,97,79,79,79,92,92,92,87,48,48,48,48,48,92,92,92,52,92,92,92,97,97],"gold":259,"neow_bonus":"THREE_ENEMY_KILL","is_daily":false,"chose_seed":false,"campfire_upgraded":7,"win_rate":0.0,"timestamp":1612500345,"path_taken":["M","?","M","$","?","R","E","M","T","E","?","R","M","E","R","BOSS","M","$","M","?","M","E","R","E","T","?","R","?","$","?","R","BOSS","M","?","?","?","?","E","?","E","T","M","E","?","M","E","R","BOSS","R","$","E","BOSS"],"items_purchased_type":["Relic","Relic","Relic","Relic","Relic","Relic","Relic","Relic","Relic","Relic","Relic","Relic","Relic","Relic","Relic","Relic","Relic","Relic","Relic","Relic","Relic","Relic","Relic","Relic","Relic","Relic","Relic","Relic","Relic","Relic","Relic","Relic"],"build_version":"2020-12-22","purchased_purges":4,"victory":true,"max_hp_per_floor":[75,75,75,75,85,85,85,85,92,92,92,92,92,92,92,92,92,92,92,97,97,97,97,97,97,97,97,97,97,97,97,97,97,97,97,97,92,92,92,92,92,92,92,92,92,92,92,92,92,92,92,92,92,97,97],"card_choices":[{"not_picked":["GravityBeat","UnstableBomb"],"picked":"GrandCross","floor":1.0},{"not_picked":["DoubleSpark","MysteriousBeam"],"picked":"OortCloud","floor":3.0},{"not_picked":["GravityBeat","ShootingEcho"],"picked":"Acceleration","floor":7.0},{"not_picked":["StarlightTyphoon","GrandCross"],"picked":"6A","floor":8.0},{"not_picked":["6A","Acceleration"],"picked":"SprinkleStarSeal","floor":10.0},{"not_picked":["UnstableBomb","Acceleration"],"picked":"ChargingUp","floor":11.0},{"not_picked":["DoubleSpark","BlazeAway"],"picked":"EventHorizon","floor":13.0},{"not_picked":["GasGiant","UnstableBomb","MysteriousBeam"],"picked":"SKIP","floor":14.0},{"not_picked":["BinaryStars","MaximisePower"],"picked":"UltimateShortwave","floor":16.0},{"not_picked":["NonDirectionalLaser","GrandCross","LuminesStrike"],"picked":"SKIP","floor":18.0},{"not_picked":["GalacticHalo","AsteroidBelt"],"picked":"PowerUp","floor":20.0},{"not_picked":["Robbery","LuminesStrike"],"picked":"BinaryStars","floor":22.0},{"not_picked":["GrandCross","FairyDestructionRay"],"picked":"DeepEcoloBomb+1","floor":23.0},{"not_picked":["DC","DoubleSpark","AsteroidBelt"],"picked":"SKIP","floor":25.0},{"not_picked":["AbsoluteMagnitude","BigCrunch"],"picked":"CollectingQuirk","floor":33.0},{"not_picked":["DC","ShootingEcho+1"],"picked":"OpenUniverse+1","floor":35.0},{"not_picked":["IllusionStar","Occultation"],"picked":"MilkyWay+1","floor":39.0},{"not_picked":["WitchLeyline+1","MeteoricShower+1"],"picked":"MagicChant+1","floor":40.0},{"not_picked":["Metamorphosis","Jack Of All Trades"],"picked":"Purity","floor":41.0},{"not_picked":["DC","WitchLeyline","RefractionSpark+1"],"picked":"SKIP","floor":42.0},{"not_picked":["DC","WitchLeyline","RefractionSpark+1"],"picked":"SKIP","floor":42.0},{"not_picked":["UnstableBomb","GalacticHalo"],"picked":"EnergyFlow","floor":44.0},{"not_picked":["UnstableBomb+1","PulseMagic"],"picked":"Robbery+1","floor":45.0},{"not_picked":["GravityBeat+1","6A"],"picked":"ManaConvection+1","floor":46.0},{"not_picked":["GrandCross","BlazeAway+1"],"picked":"IllusionStar+1","floor":47.0},{"not_picked":["FairyDestructionRay+1","WitchLeyline","MysteriousBeam+1"],"picked":"SKIP","floor":48.0},{"not_picked":["UnstableBomb+1","ShootingEcho"],"picked":"EscapeVelocity","floor":54}],"player_experience":245893,"relics_obtained":[{"floor":5.0,"key":"Pear"},{"floor":7.0,"key":"Letter Opener"},{"floor":9.0,"key":"Strawberry"},{"floor":10.0,"key":"AT_ArchangelStaff"},{"floor":14.0,"key":"Juzu Bracelet"},{"floor":21.0,"key":"FossilizedHelix"},{"floor":23.0,"key":"AT_ForceNature"},{"floor":23.0,"key":"Darkstone Periapt"},{"floor":25.0,"key":"StrikeDummy"},{"floor":25.0,"key":"The Courier"},{"floor":26.0,"key":"AT_TimeSand"},{"floor":39.0,"key":"Incense Burner"},{"floor":40.0,"key":"AT_Manta"},{"floor":40.0,"key":"PreservedInsect"},{"floor":42.0,"key":"AT_BellowingDragoncrestRing"},{"floor":42.0,"key":"Happy Flower"},{"floor":45.0,"key":"Smiling Mask"},{"floor":45.0,"key":"Shuriken"},{"floor":46.0,"key":"Ice Cream"},{"floor":48.0,"key":"War Paint"},{"floor":48.0,"key":"Bottled Tornado"},{"floor":54,"key":"Kunai"},{"floor":54,"key":"Akabeko"}],"event_choices":[{"damage_healed":0.0,"max_hp_gain":0.0,"max_hp_loss":0.0,"gold_gain":175.0,"event_name":"Liars Game","player_choice":"AGREE","floor":2.0,"gold_loss":0.0,"damage_taken":0.0,"cards_obtained":["Doubt"]},{"damage_healed":0.0,"max_hp_gain":0.0,"max_hp_loss":0.0,"gold_gain":0.0,"event_name":"Wheel of Change","player_choice":"Relic","floor":5.0,"gold_loss":0.0,"damage_taken":0.0},{"damage_healed":0.0,"max_hp_gain":0.0,"max_hp_loss":0.0,"gold_gain":0.0,"event_name":"Vampires","player_choice":"Ignored","floor":27.0,"gold_loss":0.0,"damage_taken":0.0},{"damage_healed":0.0,"max_hp_gain":0.0,"max_hp_loss":0.0,"gold_gain":0.0,"event_name":"Wheel of Change","player_choice":"Damaged","floor":29.0,"gold_loss":0.0,"damage_taken":9.0},{"damage_healed":0.0,"max_hp_gain":0.0,"max_hp_loss":0.0,"gold_gain":0.0,"event_name":"The Library","player_choice":"Read","floor":31.0,"gold_loss":0.0,"damage_taken":0.0,"cards_obtained":["OpenUniverse"]},{"damage_healed":0.0,"max_hp_gain":0.0,"max_hp_loss":0.0,"gold_gain":0.0,"event_name":"Match and Keep!","player_choice":"3 cards matched","floor":36.0,"gold_loss":0.0,"damage_taken":0.0,"cards_obtained":["Impatience","ManaConvection","SatelliteIllusion"]},{"damage_healed":0.0,"max_hp_gain":0.0,"max_hp_loss":5.0,"gold_gain":0.0,"event_name":"Winding Halls","player_choice":"Max HP","floor":37.0,"gold_loss":0.0,"damage_taken":0.0},{"damage_healed":13.0,"max_hp_gain":0.0,"max_hp_loss":0.0,"gold_gain":0.0,"event_name":"Wheel of Change","player_choice":"Full Heal","floor":38.0,"gold_loss":0.0,"damage_taken":0.0},{"damage_healed":0.0,"max_hp_gain":0.0,"max_hp_loss":0.0,"gold_gain":0.0,"event_name":"MindBloom","player_choice":"Fight","floor":39.0,"gold_loss":0.0,"damage_taken":0.0},{"damage_healed":0.0,"max_hp_gain":0.0,"max_hp_loss":0.0,"gold_gain":0.0,"event_name":"SensoryStone","player_choice":"Memory 3","floor":41.0,"gold_loss":0.0,"damage_taken":10.0},{"damage_healed":0.0,"max_hp_gain":0.0,"max_hp_loss":0.0,"gold_gain":0.0,"event_name":"Mysterious Sphere","player_choice":"Fight","floor":46.0,"gold_loss":0.0,"damage_taken":0.0}],"is_beta":false,"boss_relics":[{"not_picked":["Astrolabe","Snecko Eye"],"picked":"Black Star"},{"not_picked":["Sozu","Runic Dome"],"picked":"Coffee Dripper"}],"items_purged_floors":[4,19,53,53],"is_endless":false,"potions_floor_spawned":[3,7,8,10,13,20,25,35,40,44,54],"ascension_level":2}}