{"host":"gl5rgsfncjl28cj1","time":1612513295,"event":{"mods":["BaseMod","Colored Map","Highlight Path","Minty Spire (QoL Compilation)","Permanent Neow","StSLib"],"gold_per_floor":[111,121,121,136,53,53,87,87,166,166,166,181,181,210,210,282,282,298,21,21,32,52,52,79,79,106,6,17,47,47,47,47,118,118,132,7,23,23,38,38,48,48,73,22,70,81,81,0,0,0,0,0],"floor_reached":51,"language":"KOR","playtime":2132,"items_purged":["Defend_G","Strike_G","Strike_G"],"score":1332,"play_id":"792a2a4f-fe40-48b0-a45c-83980d3f3e83","local_time":"20210205172135","is_ascension_mode":true,"campfire_choices":[{"data":"Dash","floor":6.0,"key":"SMITH"},{"floor":8.0,"key":"REST"},{"floor":11.0,"key":"REST"},{"data":"Deadly Poison","floor":13.0,"key":"SMITH"},{"data":"Footwork","floor":15.0,"key":"SMITH"},{"data":"Footwork","floor":23.0,"key":"SMITH"},{"data":"Crippling Poison","floor":25.0,"key":"SMITH"},{"data":"Well Laid Plans","floor":30.0,"key":"SMITH"},{"floor":32.0,"key":"REST"},{"floor":40.0,"key":"REST"},{"data":"Corpse Explosion","floor":42.0,"key":"SMITH"},{"floor":49.0,"key":"REST"}],"circlet_count":0,"master_deck":["AscendersBane","Strike_G","Defend_G","Defend_G","Defend_G","Defend_G","Survivor","Neutralize","Cloak And Dagger+1","Backstab","Dash+1","Footwork+1","Deadly Poison+1","Well Laid Plans+1","Die Die Die","Backflip","Footwork+1","Crippling Poison+1","Corpse Explosion+1","Grand Finale","Backstab","Cloak And Dagger+1","Expertise","PiercingWail","Backflip+1","PiercingWail"],"relics":["Ring of the Snake","NeowsBlessing","Akabeko","Mummified Hand","Art of War","HoveringKite","PreservedInsect","CultistMask","Lizard Tail","Lantern","Juzu Bracelet","MutagenicStrength","Sozu","Bronze Scales","Gambling Chip","Red Mask"],"acts_visited":["Exordium","TheCity","TheBeyond"],"potions_floor_usage":[],"damage_taken":[{"damage":0.0,"enemies":"2 Louse","floor":1.0,"turns":1.0},{"damage":0.0,"enemies":"Cultist","floor":2.0,"turns":1.0},{"damage":0.0,"enemies":"Jaw Worm","floor":4.0,"turns":1.0},{"damage":54.0,"enemies":"Gremlin Nob","floor":7.0,"turns":6.0},{"damage":0.0,"enemies":"Looter","floor":12.0,"turns":2.0},{"damage":8.0,"enemies":"3 Sentries","floor":14.0,"turns":11.0},{"damage":3.0,"enemies":"The Guardian","floor":16.0,"turns":13.0},{"damage":4.0,"enemies":"3 Byrds","floor":18.0,"turns":5.0},{"damage":5.0,"enemies":"Spheric Guardian","floor":21.0,"turns":8.0},{"damage":7.0,"enemies":"Snake Plant","floor":22.0,"turns":5.0},{"damage":5.0,"enemies":"Book of Stabbing","floor":24.0,"turns":4.0},{"damage":29.0,"enemies":"Cultist and Chosen","floor":28.0,"turns":8.0},{"damage":18.0,"enemies":"Slavers","floor":29.0,"turns":2.0},{"damage":13.0,"enemies":"Automaton","floor":33.0,"turns":10.0},{"damage":14.0,"enemies":"3 Darklings","floor":35.0,"turns":4.0},{"damage":12.0,"enemies":"Orb Walker","floor":37.0,"turns":4.0},{"damage":0.0,"enemies":"4 Shapes","floor":39.0,"turns":3.0},{"damage":16.0,"enemies":"Maw","floor":41.0,"turns":7.0},{"damage":0.0,"enemies":"2 Orb Walkers","floor":45.0,"turns":2.0},{"damage":1.0,"enemies":"Jaw Worm Horde","floor":46.0,"turns":3.0},{"damage":11,"enemies":"Donu and Deca","floor":50,"turns":8},{"damage":57,"enemies":"Time Eater","floor":51,"turns":13}],"seed_played":"-6456076732723270257","potions_obtained":[{"floor":7.0,"key":"Swift Potion"},{"floor":14.0,"key":"GamblersBrew"},{"floor":16.0,"key":"AttackPotion"},{"floor":18.0,"key":"CunningPotion"},{"floor":22.0,"key":"CunningPotion"},{"floor":28.0,"key":"Strength Potion"},{"floor":33.0,"key":"AttackPotion"}],"is_trial":false,"path_per_floor":["M","M","?","M","$","R","E","R","T","?","R","M","R","E","R","B",null,"M","$","?","M","M","R","E","R","T","$","M","E","R","?","R","B",null,"M","$","M","?","M","R","M","R","T","$","?","M","?","?","R","B","B"],"character_chosen":"THE_SILENT","items_purchased":["Footwork","Footwork","PreservedInsect","PiercingWail"],"campfire_rested":5,"item_purchase_floors":[5,19,19,44],"current_hp_per_floor":[59,59,59,59,59,59,5,24,24,17,36,36,36,28,28,25,56,52,52,52,47,40,40,35,35,35,35,6,33,33,33,52,39,59,45,45,33,33,33,52,36,36,36,36,36,35,35,35,54,43,0,0],"gold":0,"neow_bonus":"THREE_ENEMY_KILL","is_daily":false,"chose_seed":false,"campfire_upgraded":7,"win_rate":0.0,"timestamp":1612513295,"path_taken":["M","M","?","?","?","R","E","R","T","?","R","M","R","E","R","BOSS","M","$","?","M","?","R","E","R","T","$","M","E","R","?","R","BOSS","M","$","M","?","M","R","M","R","T","$","?","M","?","?","R","BOSS","BOSS"],"items_purchased_type":["Card","Card","Relic","Card"],"build_version":"2020-12-22","purchased_purges":3,"victory":false,"max_hp_per_floor":[66,66,66,66,66,66,66,66,66,66,66,66,66,66,66,66,66,66,66,66,66,66,66,66,66,66,66,66,66,66,66,66,66,66,66,66,66,66,66,66,66,66,66,66,66,66,66,66,66,66,66,66],"card_choices":[{"not_picked":["Prepared","Sucker Punch"],"picked":"Cloak And Dagger","floor":1.0},{"not_picked":["Catalyst","Caltrops"],"picked":"Backstab","floor":2.0},{"not_picked":["Poisoned Stab","Sucker Punch"],"picked":"Dash","floor":4.0},{"not_picked":["Flying Knee","Outmaneuver"],"picked":"Deadly Poison","floor":7.0},{"not_picked":["Infinite Blades","Prepared","Quick Slash"],"picked":"SKIP","floor":12.0},{"not_picked":["Slice","Deflect"],"picked":"Well Laid Plans","floor":14.0},{"not_picked":["Tools of the Trade","Malaise"],"picked":"Die Die Die","floor":16.0},{"not_picked":["Outmaneuver","Bane+1"],"picked":"Backflip","floor":18.0},{"not_picked":["Flying Knee","Sucker Punch","Deflect+1"],"picked":"SKIP","floor":21.0},{"not_picked":["Leg Sweep","Dagger Spray"],"picked":"Crippling Poison","floor":22.0},{"not_picked":["Bouncing Flask+1","Underhanded Strike"],"picked":"Corpse Explosion","floor":24.0},{"not_picked":["Quick Slash","Endless Agony","Cloak And Dagger"],"picked":"SKIP","floor":28.0},{"not_picked":["Setup","Endless Agony","Poisoned Stab"],"picked":"SKIP","floor":29.0},{"not_picked":["A Thousand Cuts","Doppelganger"],"picked":"Grand Finale","floor":33.0},{"not_picked":["Dagger Spray","Leg Sweep"],"picked":"Backstab","floor":35.0},{"not_picked":["Finisher","Quick Slash"],"picked":"Cloak And Dagger+1","floor":37.0},{"not_picked":["Blade Dance","Deflect"],"picked":"Expertise","floor":39.0},{"not_picked":["All Out Attack+1","Quick Slash+1","Slice"],"picked":"SKIP","floor":41.0},{"not_picked":["Infinite Blades+1","Terror"],"picked":"Backflip+1","floor":45.0},{"not_picked":["Concentrate","Deflect"],"picked":"PiercingWail","floor":46.0}],"player_experience":1015536,"relics_obtained":[{"floor":7.0,"key":"Akabeko"},{"floor":9.0,"key":"Mummified Hand"},{"floor":14.0,"key":"Art of War"},{"floor":24.0,"key":"Lizard Tail"},{"floor":26.0,"key":"Lantern"},{"floor":29.0,"key":"Juzu Bracelet"},{"floor":43.0,"key":"Bronze Scales"},{"floor":45.0,"key":"Gambling Chip"}],"event_choices":[{"damage_healed":0.0,"max_hp_gain":0.0,"max_hp_loss":0.0,"gold_gain":0.0,"event_name":"Accursed Blacksmith","player_choice":"Forge","floor":3.0,"gold_loss":0.0,"damage_taken":0.0,"cards_upgraded":["Cloak And Dagger"]},{"cards_removed":["Strike_G"],"damage_healed":0.0,"max_hp_gain":0.0,"max_hp_loss":0.0,"gold_gain":0.0,"event_name":"Golden Wing","player_choice":"Card Removal","floor":10.0,"gold_loss":0.0,"damage_taken":7.0},{"damage_healed":0.0,"max_hp_gain":0.0,"max_hp_loss":0.0,"gold_gain":0.0,"event_name":"FaceTrader","player_choice":"Trade","floor":20.0,"gold_loss":0.0,"damage_taken":0.0,"relics_obtained":["CultistMask"]},{"damage_healed":0.0,"max_hp_gain":0.0,"max_hp_loss":0.0,"gold_gain":0.0,"event_name":"Drug Dealer","player_choice":"Inject Mutagens","floor":31.0,"gold_loss":0.0,"damage_taken":0.0,"relics_obtained":["MutagenicStrength"]},{"cards_removed":["Strike_G"],"damage_healed":0.0,"max_hp_gain":0.0,"max_hp_loss":0.0,"gold_gain":0.0,"event_name":"Bonfire Elementals","player_choice":"Offered Basic","floor":38.0,"gold_loss":0.0,"damage_taken":0.0},{"damage_healed":0.0,"max_hp_gain":0.0,"max_hp_loss":0.0,"gold_gain":0.0,"event_name":"Mysterious Sphere","player_choice":"Fight","floor":45.0,"gold_loss":0.0,"damage_taken":0.0},{"damage_healed":0.0,"max_hp_gain":0.0,"max_hp_loss":0.0,"gold_gain":0.0,"event_name":"SecretPortal","player_choice":"Ignored","floor":47.0,"gold_loss":0.0,"damage_taken":0.0},{"damage_healed":0.0,"max_hp_gain":0.0,"max_hp_loss":0.0,"gold_gain":0.0,"event_name":"Tomb of Lord Red Mask","player_choice":"Paid","floor":48.0,"gold_loss":81.0,"damage_taken":0.0,"relics_obtained":["Red Mask"]}],"is_beta":false,"boss_relics":[{"not_picked":["Coffee Dripper","Runic Dome"],"picked":"HoveringKite"},{"not_picked":["Philosopher\u0027s Stone","SlaversCollar"],"picked":"Sozu"}],"items_purged_floors":[19,27,36],"is_endless":false,"potions_floor_spawned":[7,14,16,18,22,28,33,37],"killed_by":"Time Eater","ascension_level":20}}