{"host":"c6xy0a74zz7y4nf6","time":1612495493,"event":{"mods":["BaseMod","Colored Map","Hermit","Minty Spire (QoL Compilation)","Replay The Spire","Spire Arcade","StSLib","The Cursed","The Disciple","The Servant 0.9.4","The Wild Card"],"gold_per_floor":[114,39,39,39,39,54,78,329,329,13,28,44,67,82,82,82,82],"floor_reached":16,"language":"ENG","playtime":741,"items_purged":["theWildCard:BasicStrike"],"score":94,"play_id":"0d2b0dee-c44e-425c-aa3c-8bd32feb58fb","local_time":"20210204212453","is_ascension_mode":false,"campfire_choices":[{"floor":15,"key":"REST"}],"circlet_count":0,"master_deck":["theWildCard:BasicStrike","theWildCard:BasicStrike","theWildCard:BasicStrike","theWildCard:BasicDefend","theWildCard:BasicDefend","theWildCard:BasicDefend","theWildCard:BasicDefend","theWildCard:CallToAdventure+1","theWildCard:Arsene","theWildCard:MaskChange","theWildCard:ArcanaArtistry","theWildCard:PaleRider","theWildCard:Attunement","theWildCard:MagicalMight+1","theWildCard:Michael","theWildCard:StingingStrike","theWildCard:Sakuya","theWildCard:EnergyTheft"],"relics":["theWildCard:VelvetContract","Golden Idol","Golden Egg","Ornamental Fan"],"acts_visited":["Exordium"],"potions_floor_usage":[16,16],"damage_taken":[{"damage":0,"enemies":"Small Slimes","floor":1,"turns":3},{"damage":0,"enemies":"Jaw Worm","floor":6,"turns":4},{"damage":4,"enemies":"Cultist","floor":7,"turns":4},{"damage":0,"enemies":"3 Louse","floor":11,"turns":3},{"damage":9,"enemies":"Lots of Slimes","floor":12,"turns":3},{"damage":0,"enemies":"Red Slaver","floor":13,"turns":2},{"damage":11,"enemies":"2 Fungi Beasts","floor":14,"turns":4},{"damage":32,"enemies":"Slime Boss","floor":16,"turns":5}],"seed_played":"6564412439097223982","potions_obtained":[{"floor":1,"key":"GamblersBrew"},{"floor":11,"key":"GamblersBrew"},{"floor":13,"key":"GamblersBrew"}],"is_trial":false,"path_per_floor":["M","$","?","?","?","M","M","?","T","$","M","M","M","M","R","B"],"character_chosen":"THE_WILD_CARD","items_purchased":["theWildCard:MagicalMight+1","Ornamental Fan"],"campfire_rested":1,"item_purchase_floors":[10,10],"current_hp_per_floor":[66,66,66,50,50,50,46,30,30,30,30,21,21,10,29,0,0],"gold":82,"neow_bonus":"TEN_PERCENT_HP_BONUS","is_daily":false,"chose_seed":false,"campfire_upgraded":0,"win_rate":0.0,"timestamp":1612495493,"path_taken":["M","$","?","?","?","M","M","?","T","$","M","?","M","M","R","BOSS"],"items_purchased_type":["Card","Relic"],"build_version":"2020-12-22","purchased_purges":1,"victory":false,"max_hp_per_floor":[66,66,66,66,66,66,66,66,66,66,66,66,66,66,66,66,66],"card_choices":[{"not_picked":["theWildCard:UnendingRitual","theWildCard:Abstinence"],"picked":"theWildCard:MaskChange","floor":1},{"not_picked":["theWildCard:MaskChange","theWildCard:StalwartBlade"],"picked":"theWildCard:ArcanaArtistry","floor":6},{"not_picked":["theWildCard:Proficiency","theWildCard:MasterPlan"],"picked":"theWildCard:PaleRider","floor":7},{"not_picked":["theWildCard:PowerOfTheArcana","theWildCard:UnendingRitual"],"picked":"theWildCard:Attunement","floor":8},{"not_picked":["theWildCard:CryOfAgony","theWildCard:Proficiency"],"picked":"theWildCard:Michael","floor":11},{"not_picked":["theWildCard:SeveringSlash","theWildCard:Alice"],"picked":"theWildCard:StingingStrike","floor":12},{"not_picked":["theWildCard:MagicalMight","theWildCard:PaleRider"],"picked":"theWildCard:Sakuya","floor":13},{"not_picked":["theWildCard:MasterPlan","theWildCard:Providence"],"picked":"theWildCard:EnergyTheft","floor":14}],"player_experience":92262,"relics_obtained":[{"floor":9,"key":"Golden Egg"}],"event_choices":[{"damage_healed":0,"gold_gain":0,"player_choice":"Take Damage","damage_taken":16,"relics_obtained":["Golden Idol"],"max_hp_gain":0,"max_hp_loss":0,"event_name":"Golden Idol","floor":4,"gold_loss":0},{"damage_healed":0,"gold_gain":0,"player_choice":"Ignored","damage_taken":0,"max_hp_gain":0,"max_hp_loss":0,"event_name":"Shining Light","floor":5,"gold_loss":0}],"is_beta":false,"boss_relics":[],"items_purged_floors":[2],"is_endless":false,"potions_floor_spawned":[1,11,13],"killed_by":"Slime Boss","ascension_level":0}}