{"host":"7jl4uf745pjtflnx","time":1612486237,"event":{"mods":["BaseMod","BetterRewards","Hubris","Minty Spire (QoL Compilation)","Reliquary","Replay The Spire","StSLib","SuperFastMode","The Construct"],"gold_per_floor":[114,114,131,87,100,100,132,132,132,132,132,57,71,88,88,165,165,176,186,203,203,216,216,235,260,287,287,287],"floor_reached":27,"language":"ENG","playtime":918,"items_purged":["Strike_B","Strike_B","Strike_B","Strike_B"],"score":670,"play_id":"6a317449-a6ce-45d0-bbb6-558ed97906f8","local_time":"20210204195037","is_ascension_mode":true,"campfire_choices":[{"data":"Mayhem","floor":6,"key":"SMITH"},{"data":"Biased Cognition","floor":11,"key":"SMITH"},{"floor":15,"key":"RECALL"},{"floor":23,"key":"REST"}],"circlet_count":0,"master_deck":["AscendersBane","Defend_B","Defend_B","Defend_B","Zap","Dualcast","Conserve Battery","Crystallizer","ReplayTheSpireMod:Brewmster","Coolheaded","FIFO Queue","ReplayTheSpireMod:Private Reserves","Mayhem+1","Dramatic Entrance+1","Chill+1","Double Energy","Barrage","Biased Cognition+1","Ball Lightning","Defragment+1","Coolheaded+1","Cold Snap","Conserve Battery","BootSequence","FIFO Queue","Cold Snap","Core Surge","Static Discharge","Echo Form","Ball Lightning","ReplayTheSpireMod:Calculation Training","Storm","ReplayRNGCard","Rainbow"],"relics":["Cracked Core","BargainBundle","reliquary:Buckler","Blood Vial","Chemical X","Orrery","Runic Capacitor","reliquary:Stiletto","Lee\u0027s Waffle","reliquary:PartyBalloon","hubris:Icosahedron","Velvet Choker","hubris:Towel","Replay:Arrowhead","Replay:Rubber Ducky"],"acts_visited":["Exordium","TheCity"],"potions_floor_usage":[16,16,18,18,27],"damage_taken":[{"damage":5,"enemies":"Jaw Worm","floor":1,"turns":4},{"damage":0,"enemies":"Cultist","floor":3,"turns":4},{"damage":0,"enemies":"Small Slimes","floor":5,"turns":2},{"damage":9,"enemies":"3 Sentries","floor":7,"turns":6},{"damage":0,"enemies":"Looter","floor":13,"turns":3},{"damage":2,"enemies":"Red Slaver","floor":14,"turns":4},{"damage":28,"enemies":"Hexaghost","floor":16,"turns":5},{"damage":4,"enemies":"2 Thieves","floor":18,"turns":4},{"damage":8,"enemies":"3 Byrds","floor":19,"turns":3},{"damage":35,"enemies":"Shelled Parasite and Fungi","floor":20,"turns":4},{"damage":11,"enemies":"Snake Plant","floor":22,"turns":4},{"damage":12,"enemies":"Centurion and Healer","floor":24,"turns":4},{"damage":18,"enemies":"Book of Stabbing","floor":25,"turns":4},{"damage":21,"enemies":"Gremlin Leader","floor":27,"turns":2}],"seed_played":"-2402098210362845233","potions_obtained":[{"floor":1,"key":"FocusPotion"},{"floor":18,"key":"Strength Potion"},{"floor":22,"key":"EssenceOfDarkness"}],"is_trial":false,"path_per_floor":["M","?","M","$","M","R","E","?","T","?","R","$","M","M","R","B",null,"M","M","M","?","M","R","M","E","T","E"],"character_chosen":"DEFECT","items_purchased":["BargainBundle","reliquary:Buckler","Conserve Battery","Crystallizer","ReplayTheSpireMod:Brewmster","DuplicationPotion","Blood Vial","Coolheaded","FIFO Queue","Chemical X","ReplayTheSpireMod:Private Reserves","Mayhem","Dramatic Entrance","Chill","Orrery","Adrenaline Potion","Runic Capacitor","reliquary:Stiletto","Biased Cognition","Ball Lightning","Lee\u0027s Waffle","Defragment","Coolheaded+1","Cold Snap","FIFO Queue","Static Discharge"],"campfire_rested":1,"item_purchase_floors":[0,0,0,0,0,0,0,0,0,0,0,0,0,0,0,0,0,0,0,0,0,0,0,0,4,12],"current_hp_per_floor":[73,73,75,75,77,77,69,69,69,69,69,69,71,71,71,45,70,68,62,29,29,20,43,33,17,17,0,0],"gold":287,"neow_bonus":"","is_daily":false,"chose_seed":false,"campfire_upgraded":2,"win_rate":0.0,"timestamp":1612486237,"path_taken":["M","?","M","?","M","R","E","?","T","?","R","$","M","M","R","BOSS","M","M","M","?","M","R","M","E","T","E"],"items_purchased_type":["Relic","Relic","Card","Card","Card","Potion","Relic","Card","Card","Relic","Card","Card","Card","Card","Relic","Potion","Relic","Relic","Card","Card","Relic","Card","Card","Card","Card","Card"],"build_version":"2020-12-22","purchased_purges":4,"victory":false,"max_hp_per_floor":[78,78,78,78,78,78,78,78,78,78,78,78,78,78,78,78,78,78,78,78,78,78,78,78,78,78,78,78],"card_choices":[{"not_picked":["Leap","hubris:Ukulele"],"picked":"Double Energy","floor":0},{"not_picked":["Multi-Cast","Streamline"],"picked":"Barrage","floor":0},{"not_picked":["hubris:SpecializedCircuitry","Scrape"],"picked":"Conserve Battery","floor":0},{"not_picked":["Hologram","Sweeping Beam","Auto Shields"],"picked":"SKIP","floor":1},{"not_picked":["Barrage","Reinforced Body"],"picked":"BootSequence","floor":3},{"not_picked":["Sweeping Beam","hubris:Prefetch"],"picked":"Cold Snap","floor":5},{"not_picked":["Ball Lightning","Conserve Battery"],"picked":"Core Surge","floor":7},{"not_picked":["Stack","BootSequence","ReplaySort"],"picked":"SKIP","floor":13},{"not_picked":["Stack","Streamline","Go for the Eyes"],"picked":"SKIP","floor":14},{"not_picked":["Machine Learning","Rainbow"],"picked":"Echo Form","floor":16},{"not_picked":["Panic Button+1","Compile Driver"],"picked":"Ball Lightning","floor":18},{"not_picked":["Beam Cell","ReplaySolidLightProjector","Time Bomb"],"picked":"SKIP","floor":19},{"not_picked":["Auto Shields","Stack"],"picked":"ReplayTheSpireMod:Calculation Training","floor":20},{"not_picked":["BasicCrystalCard","Panic Button"],"picked":"Storm","floor":22},{"not_picked":["Reinforced Body","Cold Snap"],"picked":"ReplayRNGCard","floor":24},{"not_picked":["Barrage","Panic Button"],"picked":"Rainbow","floor":25}],"player_experience":765317,"relics_obtained":[{"floor":7,"key":"reliquary:PartyBalloon"},{"floor":25,"key":"Replay:Arrowhead"},{"floor":26,"key":"Replay:Rubber Ducky"}],"event_choices":[{"damage_healed":0,"gold_gain":0,"player_choice":"Forge","damage_taken":0,"max_hp_gain":0,"max_hp_loss":0,"event_name":"Accursed Blacksmith","floor":2,"gold_loss":0,"cards_upgraded":["Defragment"]}],"is_beta":false,"boss_relics":[{"not_picked":["Sozu","Empty Cage"],"picked":"Velvet Choker"}],"items_purged_floors":[0,0,0,0],"is_endless":false,"potions_floor_spawned":[1,5,7,18,22],"killed_by":"Gremlin Leader","ascension_level":20}}