{"host":"9l1knhxfturzliqa","time":1612510735,"event":{"mods":["BaseMod","Colored Map","Colored Powertips","DeckTracker","Highlight Path","Keyboard Shortcuts","Minty Spire (QoL Compilation)","Random Character Button"],"gold_per_floor":[116,116,116,127,127,162,180,180,180,191,218,230,242,271,271,373,423,435,448,459,160,180,180,194,210,261,261,286,303,303,336,336,439,439,458,134,153,506,517,517,543,34,58,76,110,124,134,152,152,152],"floor_reached":51,"language":"KOR","playtime":4629,"items_purged":["Defend_B","Strike_B","Defend_B"],"score":1191,"play_id":"95c1de86-3915-4785-b103-b912f97d484d","local_time":"20210205163855","is_ascension_mode":true,"campfire_choices":[{"floor":8.0,"key":"REST"},{"data":"Zap","floor":15.0,"key":"SMITH"},{"data":"Seek","floor":23.0,"key":"SMITH"},{"data":"Dualcast","floor":27.0,"key":"SMITH"},{"data":"Double Energy","floor":32.0,"key":"SMITH"},{"data":"Skim","floor":40,"key":"SMITH"},{"data":"Scrape","floor":49,"key":"SMITH"}],"circlet_count":0,"master_deck":["Strike_B+1","Strike_B","Defend_B+1","Defend_B+1","Zap+1","Dualcast+1","Hologram+1","Beam Cell+1","Rebound","Seek+1","BootSequence","Conserve Battery","Beam Cell","Double Energy+1","Echo Form","Go for the Eyes","Seek+1","Go for the Eyes","Turbo+1","Scrape+1","Coolheaded","Chill","Gash+1","Beam Cell","Melter+1","Hello World+1","All For One+1","Gash+1","Skim+1","Streamline+1","Stack","Ball Lightning","FTL","Secret Technique","Cold Snap","Stack","Leap+1","Scrape+1"],"relics":["Cracked Core","NeowsBlessing","Matryoshka","Ancient Tea Set","Mercury Hourglass","Gremlin Horn","Shuriken","Odd Mushroom","Tiny House","War Paint","Oddly Smooth Stone","Pen Nib","Bronze Scales","Bottled Lightning","Black Star","Whetstone","Old Coin","Sundial","Bottled Flame","Lee\u0027s Waffle","Nunchaku","Bottled Tornado","Toy Ornithopter"],"acts_visited":["Exordium","TheCity","TheBeyond"],"potions_floor_usage":[50],"damage_taken":[{"damage":0.0,"enemies":"2 Louse","floor":1.0,"turns":1.0},{"damage":0.0,"enemies":"Small Slimes","floor":4.0,"turns":1.0},{"damage":0.0,"enemies":"Lagavulin","floor":6.0,"turns":1.0},{"damage":2.0,"enemies":"Jaw Worm","floor":7.0,"turns":3.0},{"damage":0.0,"enemies":"3 Louse","floor":10.0,"turns":2.0},{"damage":28.0,"enemies":"Gremlin Nob","floor":11.0,"turns":4.0},{"damage":0.0,"enemies":"Blue Slaver","floor":12.0,"turns":2.0},{"damage":0.0,"enemies":"2 Fungi Beasts","floor":13.0,"turns":2.0},{"damage":0.0,"enemies":"The Mushroom Lair","floor":14.0,"turns":3.0},{"damage":2.0,"enemies":"Hexaghost","floor":16.0,"turns":9.0},{"damage":3.0,"enemies":"Spheric Guardian","floor":18.0,"turns":4.0},{"damage":4.0,"enemies":"2 Thieves","floor":19.0,"turns":3.0},{"damage":17.0,"enemies":"Sentry and Sphere","floor":20.0,"turns":4.0},{"damage":7.0,"enemies":"Cultist and Chosen","floor":22.0,"turns":5.0},{"damage":0.0,"enemies":"3 Cultists","floor":24.0,"turns":4.0},{"damage":0.0,"enemies":"Chosen and Byrds","floor":25.0,"turns":4.0},{"damage":4.0,"enemies":"Gremlin Leader","floor":28.0,"turns":4.0},{"damage":0.0,"enemies":"Snake Plant","floor":29.0,"turns":2.0},{"damage":0.0,"enemies":"Slavers","floor":31.0,"turns":5.0},{"damage":26.0,"enemies":"Champ","floor":33.0,"turns":6.0},{"damage":2.0,"enemies":"Orb Walker","floor":35.0,"turns":4.0},{"damage":0.0,"enemies":"3 Darklings","floor":37.0,"turns":3.0},{"damage":22.0,"enemies":"2 Orb Walkers","floor":38.0,"turns":3.0},{"damage":0,"enemies":"Spire Growth","floor":39,"turns":3},{"damage":0,"enemies":"Giant Head","floor":41,"turns":2},{"damage":0,"enemies":"Maw","floor":44,"turns":4},{"damage":9,"enemies":"Nemesis","floor":45,"turns":5},{"damage":0,"enemies":"Transient","floor":46,"turns":5},{"damage":5,"enemies":"Spire Growth","floor":47,"turns":3},{"damage":0,"enemies":"Sphere and 2 Shapes","floor":48,"turns":4},{"damage":19,"enemies":"Donu and Deca","floor":50,"turns":5}],"seed_played":"2500302721797923252","potions_obtained":[{"floor":4.0,"key":"Swift Potion"},{"floor":6.0,"key":"SkillPotion"},{"floor":12.0,"key":"Weak Potion"},{"floor":17.0,"key":"FocusPotion"},{"floor":18.0,"key":"Fire Potion"},{"floor":19.0,"key":"Strength Potion"},{"floor":22.0,"key":"SpeedPotion"},{"floor":24.0,"key":"FearPotion"},{"floor":35.0,"key":"DistilledChaos"},{"floor":37.0,"key":"Explosive Potion"},{"floor":45,"key":"Swift Potion"},{"floor":48,"key":"FocusPotion"}],"is_trial":false,"path_per_floor":["M","?","?","M","?","E","M","R","T","M","E","M","M","?","R","B",null,"M","M","M","$","M","R","M","M","T","R","E","M","?","E","R","B",null,"M","$","M","?","M","R","E","$","T","M","E","M","M","M","R","B",null],"character_chosen":"DEFECT","items_purchased":["Chill","War Paint","Whetstone","Skim","FTL","Lee\u0027s Waffle","Secret Technique"],"campfire_rested":1,"item_purchase_floors":[21,21,36,36,42,42,42],"current_hp_per_floor":[68,68,53,53,28,28,26,48,48,48,20,20,20,20,20,18,66,63,59,42,42,35,35,35,35,35,35,31,31,57,57,57,31,68,66,66,66,44,44,44,44,87,87,87,78,78,73,73,73,59],"gold":152,"neow_bonus":"THREE_ENEMY_KILL","is_daily":false,"chose_seed":false,"campfire_upgraded":6,"win_rate":0.0,"timestamp":1612510735,"path_taken":["M","?","?","M","?","E","M","R","T","M","E","M","?","?","R","BOSS","M","M","M","$","M","R","M","M","T","R","E","M","?","E","R","BOSS","M","$","M","?","M","R","E","$","T","M","E","M","M","M","R","BOSS"],"items_purchased_type":["Card","Relic","Relic","Card","Card","Relic","Card"],"build_version":"2020-12-22","purchased_purges":3,"victory":true,"max_hp_per_floor":[75,75,75,75,75,75,75,75,75,75,75,75,75,75,75,75,80,80,80,80,80,80,80,80,80,80,80,80,80,80,80,80,80,80,80,80,80,80,80,80,80,87,87,87,87,87,87,87,87,87],"card_choices":[{"not_picked":["Stack","Conserve Battery"],"picked":"Hologram","floor":1.0},{"not_picked":["Turbo","Streamline"],"picked":"Rebound","floor":4.0},{"not_picked":["Coolheaded","Force Field"],"picked":"Seek","floor":6.0},{"not_picked":["Reprogram","Ball Lightning"],"picked":"BootSequence","floor":7.0},{"not_picked":["Tempest","Static Discharge"],"picked":"Conserve Battery","floor":10.0},{"not_picked":["Turbo","Cold Snap"],"picked":"Beam Cell","floor":11.0},{"not_picked":["Melter","Glacier"],"picked":"Double Energy","floor":12.0},{"not_picked":["Melter","Fusion"],"picked":"Echo Form","floor":13.0},{"not_picked":["Streamline","Auto Shields"],"picked":"Go for the Eyes","floor":14.0},{"not_picked":["Core Surge","Creative AI"],"picked":"Seek","floor":16.0},{"not_picked":["Capacitor","Rebound"],"picked":"Go for the Eyes","floor":17.0},{"not_picked":["Compile Driver","Rebound"],"picked":"Turbo+1","floor":18.0},{"not_picked":["Sweeping Beam","Go for the Eyes"],"picked":"Scrape","floor":19.0},{"not_picked":["Static Discharge","Coolheaded","Conserve Battery"],"picked":"SKIP","floor":20.0},{"not_picked":["Static Discharge","Conserve Battery"],"picked":"Coolheaded","floor":20.0},{"not_picked":["Sweeping Beam","FTL"],"picked":"Gash+1","floor":22.0},{"not_picked":["Lockon","Hologram","Doom and Gloom"],"picked":"SKIP","floor":24.0},{"not_picked":["Meteor Strike","Cold Snap"],"picked":"Beam Cell","floor":25.0},{"not_picked":["Rebound","Lockon"],"picked":"Melter+1","floor":28.0},{"not_picked":["Sweeping Beam","Hello World+1","Auto Shields+1"],"picked":"SKIP","floor":29.0},{"not_picked":["Sweeping Beam","Auto Shields+1"],"picked":"Hello World+1","floor":29.0},{"not_picked":["Recycle","Compile Driver"],"picked":"All For One","floor":31.0},{"not_picked":["Coolheaded+1","Static Discharge+1"],"picked":"Gash+1","floor":35.0},{"not_picked":["Compile Driver+1","Gash"],"picked":"Streamline+1","floor":37.0},{"not_picked":["Static Discharge","Go for the Eyes+1"],"picked":"Stack","floor":39},{"not_picked":["Consume","Turbo"],"picked":"Ball Lightning","floor":41},{"not_picked":["Turbo+1","Lockon"],"picked":"Cold Snap","floor":44},{"not_picked":["Turbo+1","Machine Learning"],"picked":"Stack","floor":45},{"not_picked":["Coolheaded+1","Redo+1"],"picked":"Leap+1","floor":46},{"not_picked":["Turbo","Thunder Strike"],"picked":"Scrape+1","floor":47},{"not_picked":["BootSequence","Turbo+1","Glacier"],"picked":"SKIP","floor":48}],"player_experience":611949,"relics_obtained":[{"floor":6.0,"key":"Ancient Tea Set"},{"floor":9.0,"key":"Mercury Hourglass"},{"floor":9.0,"key":"Gremlin Horn"},{"floor":11.0,"key":"Shuriken"},{"floor":14.0,"key":"Odd Mushroom"},{"floor":26.0,"key":"Oddly Smooth Stone"},{"floor":26.0,"key":"Pen Nib"},{"floor":28.0,"key":"Bronze Scales"},{"floor":31.0,"key":"Bottled Lightning"},{"floor":38.0,"key":"Old Coin"},{"floor":41,"key":"Sundial"},{"floor":41,"key":"Bottled Flame"},{"floor":43,"key":"Nunchaku"},{"floor":45,"key":"Bottled Tornado"},{"floor":45,"key":"Toy Ornithopter"}],"event_choices":[{"damage_healed":0.0,"max_hp_gain":0.0,"max_hp_loss":0.0,"gold_gain":0.0,"cards_transformed":["Strike_B"],"event_name":"Living Wall","player_choice":"Change","floor":2.0,"gold_loss":0.0,"damage_taken":0.0,"cards_obtained":["Beam Cell"]},{"damage_healed":0.0,"max_hp_gain":0.0,"max_hp_loss":0.0,"gold_gain":0.0,"event_name":"Shining Light","player_choice":"Entered Light","floor":3.0,"gold_loss":0.0,"damage_taken":15.0,"cards_upgraded":["Beam Cell","Hologram"]},{"damage_healed":0.0,"max_hp_gain":0.0,"max_hp_loss":0.0,"gold_gain":0.0,"event_name":"Scrap Ooze","player_choice":"Success","floor":5.0,"gold_loss":0.0,"damage_taken":25.0,"relics_obtained":["Matryoshka"]},{"damage_healed":0.0,"max_hp_gain":0.0,"max_hp_loss":0.0,"gold_gain":0.0,"event_name":"Mushrooms","player_choice":"Fought Mushrooms","floor":14.0,"gold_loss":0.0,"damage_taken":0.0},{"damage_healed":26.0,"max_hp_gain":0.0,"max_hp_loss":0.0,"gold_gain":0.0,"event_name":"The Library","player_choice":"Heal","floor":30.0,"gold_loss":0.0,"damage_taken":0.0},{"damage_healed":0.0,"max_hp_gain":0.0,"max_hp_loss":0.0,"gold_gain":0.0,"event_name":"Mysterious Sphere","player_choice":"Fight","floor":38.0,"gold_loss":0.0,"damage_taken":0.0}],"is_beta":false,"boss_relics":[{"not_picked":["Snecko Eye","Busted Crown"],"picked":"Tiny House"},{"not_picked":["Pandora\u0027s Box","Runic Dome"],"picked":"Black Star"}],"items_purged_floors":[21,36,42],"is_endless":false,"potions_floor_spawned":[4,6,12,13,18,19,22,24,25,35,37,45,48],"ascension_level":8}}