{"host":"0s8kyghz8ihx2r41","time":1612564444,"event":{"mods":["100% Spire Juice","2.2 Compatiblity","Act Like it!","Bard","BaseMod","Block Reminder","CapriCore","Chen","Conspire","Downfall","Friendly Minions","GungeonMod","Hermit","HololiveMod","Hubris","Koishi","Lobotomy","LobotomyExtend","Marisa（霧雨　魔理沙）","Minty Spire (QoL Compilation)","Monster B Gone","Morshu Shopkeeper","Prisma Mod","Reimu（博??梦）","Reliquary","Replay The Spire","Spire Birthday Party","StSLib","The Administrix","The Alterego","The Clintock","The Construct","The Cursed","The Disciple","The Edgeheg","The Gatherer","The Immortal","The Marked","The Mystic","The Paleblood","The Servant 0.9.4","TheBandit","TheSwordswoman","TheVacant","Waifu the Spire","Yakumo Yukari mod","Yuyuko","everything is the same but u backflip on backflip","slay the spire mod where everything is the same but ironclad has a cowboy hat"],"gold_per_floor":[113,113,113,123,138,155,184,202,277,277,294,294,307,321,321,416,416,435,211,211,211,227,227,252,264,264,364,376,376,391,411,411,506,506,522,522,533,546,563,563,232,251,251,274,40,71,71,89,89,89],"floor_reached":51,"language":"ENG","playtime":2820,"items_purged":[],"score":685,"play_id":"2abacc39-1303-4a60-a7ef-00235530911d","local_time":"20210205173404","is_ascension_mode":false,"campfire_choices":[{"data":"DemoMod:AbyssalTentacle","floor":10,"key":"SMITH"},{"floor":12,"key":"REST"},{"floor":15,"key":"REST"},{"floor":29,"key":"REST"},{"floor":32,"key":"REST"},{"floor":40,"key":"REST"},{"floor":49,"key":"REST"}],"circlet_count":0,"master_deck":["DemoMod:Strike_Huntress","DemoMod:Defend_Huntress","DemoMod:Defend_Huntress","DemoMod:Defend_Huntress","DemoMod:Defend_Huntress","DemoMod:Roll","DemoMod:ManualReload","DemoMod:RustySidearm","DemoMod:CrossBow","DemoMod:Behold!","DemoMod:MachoBrace","DemoMod:AWP","DemoMod:MachoBrace","DemoMod:Camera","DemoMod:AbyssalTentacle+1","DemoMod:TeaPot","DemoMod:FeignSurrender","DemoMod:DirectionalPad","DemoMod:Eureka","DemoMod:Elimentaler","DemoMod:TripleGun","DemoMod:CombinedRifle","DemoMod:LifeOrb","DemoMod:ZorGun+1","DemoMod:Unmoved","DemoMod:HighKaliber","DemoMod:ShadowBullets","DemoMod:BSG","DemoMod:TableSutra+1","DemoMod:EasyReloadBullets+1","DemoMod:SuppressiveFire","DemoMod:MegaHand+1","DemoMod:FortunesFavor"],"relics":["DemoMod:Dog","LetterFromLob","conspire:BottledYoYo","Replay:Bottled Steam","conspire:RoyalGoblet","RuthlessExorcism:ReiMu","Tiny Chest","Shovel","Du-Vu Doll","Singing Bowl","hubris:Backtick","DemoMod:GundromedaStrain","Frozen Egg 2","Ice Cream","MawBank","reliquary:Firecrackers","DemoMod:GlassGuonStoneRelic","Omamori","Akabeko"],"acts_visited":["Exordium","TheCity","TheBeyond"],"potions_floor_usage":[8,16,27,27,27,33,39,50,50],"damage_taken":[{"damage":0,"enemies":"Cultist","floor":1,"turns":3},{"damage":0,"enemies":"conspire:RoseBush","floor":4,"turns":4},{"damage":0,"enemies":"Jaw Worm","floor":5,"turns":2},{"damage":0,"enemies":"2 Fungi Beasts","floor":6,"turns":4},{"damage":6,"enemies":"Gremlin Nob","floor":7,"turns":3},{"damage":18,"enemies":"Exordium Thugs","floor":8,"turns":6},{"damage":11,"enemies":"Exordium Wildlife","floor":11,"turns":4},{"damage":14,"enemies":"3 Louse","floor":13,"turns":2},{"damage":0,"enemies":"2 Fungi Beasts","floor":14,"turns":2},{"damage":24,"enemies":"The Guardian","floor":16,"turns":12},{"damage":14,"enemies":"3 Byrds","floor":18,"turns":6},{"damage":9,"enemies":"2 Thieves","floor":22,"turns":4},{"damage":1,"enemies":"Cultist and Chosen","floor":25,"turns":4},{"damage":5,"enemies":"Colosseum Slavers","floor":27,"turns":3},{"damage":5,"enemies":"Colosseum Nobs","floor":27,"turns":4},{"damage":9,"enemies":"Centurion and Healer","floor":28,"turns":4},{"damage":4,"enemies":"Snake Plant","floor":30,"turns":3},{"damage":16,"enemies":"Cultist and Chosen","floor":31,"turns":6},{"damage":51,"enemies":"Champ","floor":33,"turns":10},{"damage":6,"enemies":"3 Shapes","floor":35,"turns":4},{"damage":0,"enemies":"3 Darklings","floor":37,"turns":2},{"damage":13,"enemies":"4 Shapes","floor":38,"turns":3},{"damage":22,"enemies":"Transient","floor":39,"turns":5},{"damage":25,"enemies":"Sphere and 2 Shapes","floor":42,"turns":4},{"damage":30,"enemies":"Reptomancer","floor":46,"turns":3},{"damage":0,"enemies":"Jaw Worm Horde","floor":48,"turns":1},{"damage":10,"enemies":"hubris:GrandSnecko","floor":50,"turns":2}],"seed_played":"1930649513015924791","potions_obtained":[{"floor":1,"key":"FearPotion"},{"floor":5,"key":"DistilledChaos"},{"floor":6,"key":"LiquidMemories"},{"floor":13,"key":"Dexterity Potion"},{"floor":14,"key":"Fire Potion"},{"floor":18,"key":"Toxic Potion"},{"floor":28,"key":"GrandPatriotsElixir:ReiMu"},{"floor":35,"key":"SkillPotion"},{"floor":38,"key":"Strength Potion"},{"floor":46,"key":"champ:CounterPotion"},{"floor":48,"key":"GamblersBrew"}],"is_trial":false,"path_per_floor":["M","$","?","M","M","M","E","M","T","R","M","R","M","M","R","B",null,"M","$","?","$","M","$","T","M","T","?","M","R","M","M","R","B",null,"M","?","M","M","M","R","$","M","T","T","$","E","?","M","R","B",null],"character_chosen":"HUNTRESS","items_purchased":["RuthlessExorcism:ReiMu","DemoMod:CombinedRifle","Frozen Egg 2","DemoMod:EasyReloadBullets+1","reliquary:Firecrackers"],"campfire_rested":6,"item_purchase_floors":[19,19,41,41,45],"current_hp_per_floor":[70,70,70,70,70,70,64,46,46,46,35,56,42,42,63,39,70,56,56,56,56,47,47,47,46,46,38,29,50,46,32,54,3,74,68,68,70,59,41,65,65,40,40,40,40,10,10,10,34,24],"gold":89,"neow_bonus":"TRANSFORM_CARD","is_daily":false,"chose_seed":false,"campfire_upgraded":1,"win_rate":0.0,"timestamp":1612564444,"path_taken":["M","?","?","?","M","M","E","M","T","R","M","R","M","M","R","BOSS","M","$","?","$","M","?","?","M","T","?","M","R","M","M","R","BOSS","M","?","M","M","?","R","$","M","T","?","?","E","?","M","R","BOSS"],"items_purchased_type":["Relic","Card","Relic","Card","Relic"],"build_version":"2020-12-22","purchased_purges":0,"victory":true,"max_hp_per_floor":[70,70,70,70,70,70,70,70,70,70,70,70,70,70,70,70,70,70,70,70,70,70,70,70,70,70,72,72,72,72,74,74,74,74,74,74,76,78,82,82,82,82,82,82,82,82,82,82,82,82],"card_choices":[{"not_picked":["DemoMod:Camera","DemoMod:BoxingGlove"],"picked":"DemoMod:MachoBrace","floor":1},{"not_picked":["DemoMod:EasyReloadBullets","DemoMod:StickyCrossBow"],"picked":"DemoMod:AWP","floor":4},{"not_picked":["DemoMod:Ejector","DemoMod:Camera"],"picked":"DemoMod:MachoBrace","floor":5},{"not_picked":["DemoMod:MachoBrace","DemoMod:Ejector"],"picked":"DemoMod:Camera","floor":6},{"not_picked":["DemoMod:HungryBullets","DemoMod:AWP"],"picked":"DemoMod:AbyssalTentacle","floor":6},{"not_picked":["DemoMod:Desperate","DemoMod:MachoBrace","DemoMod:FastSwitch"],"picked":"SKIP","floor":7},{"not_picked":["DemoMod:Rummage","DemoMod:JK47"],"picked":"DemoMod:TeaPot","floor":8},{"not_picked":["DemoMod:Unmoved","DemoMod:GunstockTap"],"picked":"DemoMod:FeignSurrender","floor":11},{"not_picked":["DemoMod:HardPowerCard","DemoMod:SniperShot"],"picked":"DemoMod:DirectionalPad","floor":13},{"not_picked":["DemoMod:BoxingGlove","DemoMod:TeaPot"],"picked":"DemoMod:Eureka","floor":14},{"not_picked":["DemoMod:BlankBullets","DemoMod:FullFirepower"],"picked":"DemoMod:Elimentaler","floor":16},{"not_picked":["DemoMod:Ejector","DemoMod:SAA"],"picked":"DemoMod:TripleGun","floor":18},{"not_picked":["DemoMod:ConditionalReflex","DemoMod:HungryBullets+1"],"picked":"DemoMod:LifeOrb","floor":22},{"not_picked":["DemoMod:BattleInHaste","DemoMod:GunShield"],"picked":"DemoMod:ZorGun+1","floor":25},{"not_picked":["DemoMod:StickyCrossBow","DemoMod:Unmoved","DemoMod:ZorGun"],"picked":"SKIP","floor":25},{"not_picked":["DemoMod:StickyCrossBow","DemoMod:ZorGun"],"picked":"DemoMod:Unmoved","floor":25},{"not_picked":["DemoMod:GunstockTap","DemoMod:TripleGun+1","DemoMod:HuntsMan+1"],"picked":"Singing Bowl","floor":27},{"not_picked":["DemoMod:BattleInHaste","DemoMod:ChanceBullets+1"],"picked":"DemoMod:HighKaliber","floor":28},{"not_picked":["DemoMod:MachoBrace+1","DemoMod:FastSwitch+1"],"picked":"DemoMod:ShadowBullets","floor":30},{"not_picked":["DemoMod:PotionOfGunFriendShip","DemoMod:ChanceBullets","DemoMod:GunstockTap"],"picked":"Singing Bowl","floor":31},{"not_picked":["DemoMod:BalloonGun","DemoMod:BlackHoleGun"],"picked":"DemoMod:BSG","floor":33},{"not_picked":["DemoMod:Rummage","DemoMod:TeaPot+1"],"picked":"DemoMod:TableSutra+1","floor":35},{"not_picked":["DemoMod:HardPowerCard+1","DemoMod:ShadowBullets","DemoMod:MachoBrace"],"picked":"Singing Bowl","floor":37},{"not_picked":["DemoMod:AbyssalTentacle+1","DemoMod:JK47+1","DemoMod:Rummage"],"picked":"Singing Bowl","floor":38},{"not_picked":["DemoMod:EasyReloadBullets","DemoMod:PotionOfGunFriendShip","DemoMod:TeaPot"],"picked":"Singing Bowl","floor":39},{"not_picked":["DemoMod:GunstockTap+1","DemoMod:BattleInHaste+1","DemoMod:TeaPot+1"],"picked":"Singing Bowl","floor":39},{"not_picked":["DemoMod:SniperShot+1","DemoMod:FastSwitch+1"],"picked":"DemoMod:SuppressiveFire","floor":42},{"not_picked":["DemoMod:TeaPot+1","DemoMod:DirectionalPad"],"picked":"DemoMod:MegaHand+1","floor":46},{"not_picked":["DemoMod:ShadowBullets+1","DemoMod:HardPowerCard"],"picked":"DemoMod:FortunesFavor","floor":48}],"player_experience":362876,"relics_obtained":[{"floor":1,"key":"LetterFromLob"},{"floor":7,"key":"conspire:BottledYoYo"},{"floor":9,"key":"Replay:Bottled Steam"},{"floor":24,"key":"Tiny Chest"},{"floor":26,"key":"Shovel"},{"floor":27,"key":"Du-Vu Doll"},{"floor":27,"key":"Singing Bowl"},{"floor":43,"key":"Ice Cream"},{"floor":44,"key":"MawBank"},{"floor":46,"key":"Omamori"},{"floor":47,"key":"Akabeko"}],"event_choices":[{"damage_healed":0,"gold_gain":0,"player_choice":"Ignored","damage_taken":0,"max_hp_gain":0,"max_hp_loss":0,"event_name":"NoteForYourself","floor":3,"gold_loss":0},{"cards_removed":["DemoMod:Strike_Huntress"],"damage_healed":0,"gold_gain":0,"player_choice":"Purged","damage_taken":0,"max_hp_gain":0,"max_hp_loss":0,"event_name":"Purifier","floor":20,"gold_loss":0},{"damage_healed":0,"gold_gain":0,"player_choice":"Fight","damage_taken":0,"max_hp_gain":0,"max_hp_loss":0,"event_name":"Colosseum","floor":27,"gold_loss":0},{"damage_healed":0,"gold_gain":0,"player_choice":"Fought Nobs","damage_taken":0,"max_hp_gain":0,"max_hp_loss":0,"event_name":"Colosseum","floor":27,"gold_loss":0},{"damage_healed":0,"gold_gain":0,"player_choice":"Ignored","damage_taken":0,"max_hp_gain":0,"max_hp_loss":0,"event_name":"SecretPortal","floor":36,"gold_loss":0},{"damage_healed":0,"gold_gain":0,"player_choice":"Relic","damage_taken":0,"max_hp_gain":0,"max_hp_loss":0,"event_name":"Wheel of Change","floor":47,"gold_loss":0}],"is_beta":false,"boss_relics":[{"not_picked":["Hololive_Finger","SlaversCollar"],"picked":"conspire:RoyalGoblet"},{"not_picked":["Philosopher\u0027s Stone","Black Star"],"picked":"hubris:Backtick"}],"items_purged_floors":[],"is_endless":false,"potions_floor_spawned":[1,5,6,7,13,14,18,25,28,35,38,46,48],"ascension_level":0}}