{"host":"msmkw03x1o7nq45i","time":1612549380,"event":{"mods":["AchievementEnabler","BaseMod","Bestiary","Colored Powertips","GifTheSpireLib","Highlight Path","Minty Spire (QoL Compilation)","Random Character Button","StSLib","everything is the same but u backflip on backflip"],"gold_per_floor":[114,289,289,304,329,359,359,389,414,444,404,434,449,479,479,579,579,594,609,624,624,81,81,41,71,96,138,165,207,234,276,288,400,412,439,541,29,135,200,305,305,390,390,430,18,240,265,315,315,315],"floor_reached":51,"language":"ENG","playtime":2869,"items_purged":[],"score":1092,"play_id":"ec1814a5-dc33-4836-9b6c-7eecf4078446","local_time":"20210205202300","daily_mods":["Specialized","ControlledChaos","Elite Swarm"],"is_ascension_mode":false,"campfire_choices":[{"data":"Vault","floor":7,"key":"SMITH"},{"data":"Blasphemy","floor":15,"key":"SMITH"},{"data":"Apotheosis","floor":23,"key":"SMITH"},{"data":"Omniscience","floor":32,"key":"SMITH"},{"data":"FlyingSleeves","floor":41,"key":"PURGE"},{"data":"FlyingSleeves","floor":49,"key":"PURGE"}],"circlet_count":0,"master_deck":["Strike_P","Strike_P","Strike_P","Strike_P","Defend_P","Defend_P","Defend_P","Defend_P","Eruption","Vigilance","FlyingSleeves","FlyingSleeves","FlyingSleeves","Conclude+1","Doubt","CutThroughFate","Vault+1","Scrawl","Vault","Omniscience+1","Blasphemy+1","DevaForm+1","EmptyBody+1","Ghostly","Ghostly","Ghostly","Ghostly+1","Ghostly","Vault","Adaptation","Tantrum+1","Indignation+1","Apotheosis+1","Tantrum+1","FearNoEvil","Wish","Tantrum+1","Wish","Vault","Adaptation+1","Meditate","Dual Wield+1","Glass Knife","Exhume","Stack+1","Adaptation","FearNoEvil"],"relics":["PureWater","Frozen Eye","Centennial Puzzle","Art of War","Omamori","Potion Belt","Torii","Nunchaku","Question Card","Calling Bell","Lantern","Gremlin Horn","Peace Pipe","Red Mask","Orrery","Damaru","MawBank","Ice Cream","CaptainsWheel","Mummified Hand","Snecko Eye","PrismaticShard","Akabeko","Whetstone","Incense Burner","Toy Ornithopter","Mango","HornCleat","ClockworkSouvenir","Boot","Turnip"],"acts_visited":["Exordium","TheCity","TheBeyond"],"potions_floor_usage":[8,12,14,16,16,16,19,19,29,36,39,39,42,50],"damage_taken":[{"damage":0,"enemies":"2 Louse","floor":1,"turns":2},{"damage":0,"enemies":"Small Slimes","floor":4,"turns":2},{"damage":0,"enemies":"3 Sentries","floor":6,"turns":2},{"damage":16,"enemies":"Gremlin Nob","floor":8,"turns":4},{"damage":0,"enemies":"Lagavulin","floor":10,"turns":5},{"damage":0,"enemies":"Gremlin Nob","floor":12,"turns":2},{"damage":0,"enemies":"Cultist","floor":13,"turns":2},{"damage":9,"enemies":"3 Sentries","floor":14,"turns":3},{"damage":32,"enemies":"Hexaghost","floor":16,"turns":6},{"damage":0,"enemies":"Spheric Guardian","floor":18,"turns":5},{"damage":1,"enemies":"2 Thieves","floor":19,"turns":3},{"damage":2,"enemies":"Masked Bandits","floor":20,"turns":3},{"damage":5,"enemies":"Gremlin Leader","floor":25,"turns":5},{"damage":2,"enemies":"Book of Stabbing","floor":27,"turns":4},{"damage":3,"enemies":"Snake Plant","floor":28,"turns":3},{"damage":0,"enemies":"Slavers","floor":29,"turns":3},{"damage":0,"enemies":"Snecko","floor":30,"turns":3},{"damage":1,"enemies":"Gremlin Leader","floor":31,"turns":3},{"damage":3,"enemies":"Automaton","floor":33,"turns":5},{"damage":0,"enemies":"Orb Walker","floor":35,"turns":1},{"damage":2,"enemies":"3 Shapes","floor":36,"turns":5},{"damage":1,"enemies":"2 Orb Walkers","floor":38,"turns":4},{"damage":4,"enemies":"Maw","floor":39,"turns":8},{"damage":3,"enemies":"Nemesis","floor":40,"turns":9},{"damage":1,"enemies":"Giant Head","floor":42,"turns":6},{"damage":0,"enemies":"Spire Growth","floor":44,"turns":4},{"damage":0,"enemies":"Mind Bloom Boss Battle","floor":48,"turns":8},{"damage":0,"enemies":"Donu and Deca","floor":50,"turns":5}],"seed_played":"-8643747277835071688","potions_obtained":[{"floor":1,"key":"BottledMiracle"},{"floor":6,"key":"ColorlessPotion"},{"floor":11,"key":"CultistPotion"},{"floor":11,"key":"SteroidPotion"},{"floor":11,"key":"EntropicBrew"},{"floor":12,"key":"Weak Potion"},{"floor":13,"key":"AttackPotion"},{"floor":25,"key":"Fire Potion"},{"floor":29,"key":"SkillPotion"},{"floor":38,"key":"ColorlessPotion"},{"floor":40,"key":"Strength Potion"}],"is_trial":false,"path_per_floor":["M","?","?","M","T","E","R","E","T","E","?","E","M","E","R","B",null,"M","M","?","?","$","R","?","E","T","E","M","E","M","E","R","B",null,"M","M","$","?","M","E","R","E","T","M","$","?","T","?","R","B",null],"character_chosen":"WATCHER","items_purchased":["Orrery","Apotheosis","Tantrum","FearNoEvil","Swift Potion","PrismaticShard","Akabeko","Whetstone","Meditate","ClockworkSouvenir","Adaptation","FearNoEvil","FairyPotion","FearPotion"],"campfire_rested":0,"item_purchase_floors":[22,22,22,22,22,37,37,37,37,45,45,45,45,45],"current_hp_per_floor":[72,72,72,72,72,72,72,56,56,56,56,56,56,47,47,15,72,72,71,69,36,36,36,36,31,31,29,26,26,26,25,25,22,36,36,34,34,33,29,26,26,44,44,44,44,44,44,44,44,49],"gold":315,"neow_bonus":"","is_daily":true,"chose_seed":false,"campfire_upgraded":4,"win_rate":0.0,"timestamp":1612549380,"path_taken":["M","?","?","?","?","E","R","E","T","E","?","E","M","E","R","BOSS","M","M","?","?","$","R","?","E","T","E","M","E","M","E","R","BOSS","M","M","$","?","M","E","R","E","T","M","$","?","?","?","R","BOSS"],"items_purchased_type":["Relic","Card","Card","Card","Potion","Relic","Relic","Relic","Card","Relic","Card","Card","Potion","Potion"],"build_version":"2020-12-22","purchased_purges":0,"victory":true,"max_hp_per_floor":[72,72,72,72,72,72,72,72,72,72,72,72,72,72,72,72,72,72,72,72,36,36,36,36,36,36,36,36,36,36,36,36,36,36,36,36,36,36,36,36,36,50,50,50,50,50,50,50,50,50],"card_choices":[{"not_picked":["Sanctity","BowlingBash"],"picked":"Conclude","floor":1},{"not_picked":["CrushJoints","Consecrate"],"picked":"CutThroughFate","floor":4},{"not_picked":["Devotion","Scrawl"],"picked":"Vault","floor":6},{"not_picked":["Alpha","MasterReality"],"picked":"Scrawl","floor":8},{"not_picked":["Scrawl","ConjureBlade"],"picked":"Vault","floor":10},{"not_picked":["MasterReality","Alpha"],"picked":"Omniscience","floor":12},{"not_picked":["PathToVictory","ClearTheMind","Evaluate"],"picked":"SKIP","floor":13},{"not_picked":["LessonLearned","DevaForm"],"picked":"Blasphemy","floor":14},{"not_picked":["Blasphemy","Scrawl","Vault"],"picked":"DevaForm","floor":16},{"not_picked":["Consecrate","Sanctity","ClearTheMind+1","ThirdEye"],"picked":"SKIP","floor":18},{"not_picked":["FlurryOfBlows","FollowUp","Judgement","Pray+1"],"picked":"SKIP","floor":19},{"not_picked":["Protect+1","BattleHymn","ThirdEye"],"picked":"EmptyBody+1","floor":20},{"not_picked":["PathToVictory","FlurryOfBlows","FollowUp"],"picked":"Vault","floor":22},{"not_picked":["CutThroughFate","Nirvana","Indignation"],"picked":"Adaptation","floor":22},{"not_picked":["CrushJoints","Prostrate","WindmillStrike"],"picked":"Tantrum+1","floor":22},{"not_picked":["SignatureMove","Weave+1","LessonLearned"],"picked":"Indignation+1","floor":22},{"not_picked":["ConjureBlade","DevaForm","SpiritShield"],"picked":"Wish","floor":25},{"not_picked":["LessonLearned","ConjureBlade","DeusExMachina","Brilliance"],"picked":"SKIP","floor":27},{"not_picked":["Sanctity","JustLucky+1","BowlingBash","FollowUp+1"],"picked":"SKIP","floor":28},{"not_picked":["Wish","Alpha","DeusExMachina","Scrawl"],"picked":"SKIP","floor":29},{"not_picked":["CrushJoints","Worship","FlurryOfBlows+1"],"picked":"Tantrum","floor":30},{"not_picked":["DevaForm","Vault","Ragnarok"],"picked":"Wish","floor":31},{"not_picked":["DevaForm","Scrawl","LessonLearned"],"picked":"Vault","floor":33},{"not_picked":["WreathOfFlame+1","PathToVictory","BowlingBash"],"picked":"Adaptation+1","floor":35},{"not_picked":["Consecrate+1","EmptyMind","Halt","ThirdEye+1"],"picked":"SKIP","floor":36},{"not_picked":["Pommel Strike+1","Machine Learning","Consecrate"],"picked":"Dual Wield+1","floor":38},{"not_picked":["Heavy Blade+1","Go for the Eyes","Dagger Spray+1","WaveOfTheHand+1"],"picked":"SKIP","floor":39},{"not_picked":["Limit Break","Berserk","Tools of the Trade"],"picked":"Glass Knife","floor":40},{"not_picked":["Secret Weapon","Unload","Fiend Fire"],"picked":"Exhume","floor":42},{"not_picked":["Pummel+1","Wild Strike","Self Repair"],"picked":"Stack+1","floor":44}],"player_experience":487969,"relics_obtained":[{"floor":5,"key":"Centennial Puzzle"},{"floor":6,"key":"Art of War"},{"floor":8,"key":"Omamori"},{"floor":9,"key":"Potion Belt"},{"floor":10,"key":"Torii"},{"floor":12,"key":"Nunchaku"},{"floor":14,"key":"Question Card"},{"floor":17,"key":"Lantern"},{"floor":17,"key":"Gremlin Horn"},{"floor":17,"key":"Peace Pipe"},{"floor":20,"key":"Red Mask"},{"floor":25,"key":"Damaru"},{"floor":26,"key":"MawBank"},{"floor":27,"key":"Ice Cream"},{"floor":29,"key":"CaptainsWheel"},{"floor":31,"key":"Mummified Hand"},{"floor":38,"key":"Incense Burner"},{"floor":40,"key":"Toy Ornithopter"},{"floor":42,"key":"Mango"},{"floor":43,"key":"HornCleat"},{"floor":47,"key":"Boot"},{"floor":48,"key":"Turnip"}],"event_choices":[{"damage_healed":0,"gold_gain":175,"player_choice":"AGREE","damage_taken":0,"max_hp_gain":0,"max_hp_loss":0,"event_name":"Liars Game","floor":2,"gold_loss":0,"cards_obtained":["Doubt"]},{"damage_healed":0,"gold_gain":0,"player_choice":"Upgraded","damage_taken":0,"max_hp_gain":0,"max_hp_loss":0,"event_name":"Upgrade Shrine","floor":3,"gold_loss":0,"cards_upgraded":["Conclude"]},{"damage_healed":0,"gold_gain":0,"player_choice":"Bought 3 Potions","damage_taken":0,"max_hp_gain":0,"max_hp_loss":0,"event_name":"The Woman in Blue","floor":11,"gold_loss":0},{"damage_healed":0,"gold_gain":0,"player_choice":"Fought Bandits","damage_taken":0,"max_hp_gain":0,"max_hp_loss":0,"event_name":"Masked Bandits","floor":20,"gold_loss":0},{"damage_healed":0,"gold_gain":0,"player_choice":"Became a Ghost","damage_taken":0,"max_hp_gain":0,"max_hp_loss":36,"event_name":"Ghosts","floor":21,"gold_loss":0,"cards_obtained":["Ghostly","Ghostly","Ghostly","Ghostly","Ghostly"]},{"damage_healed":0,"gold_gain":0,"player_choice":"Upgraded Two","damage_taken":0,"max_hp_gain":0,"max_hp_loss":0,"event_name":"Designer","floor":24,"gold_loss":40,"cards_upgraded":["Ghostly","DevaForm"]},{"damage_healed":0,"gold_gain":0,"player_choice":"Fight","damage_taken":0,"max_hp_gain":0,"max_hp_loss":0,"event_name":"Mysterious Sphere","floor":38,"gold_loss":0},{"damage_healed":0,"gold_gain":222,"player_choice":"Wore Mask","damage_taken":0,"max_hp_gain":0,"max_hp_loss":0,"event_name":"Tomb of Lord Red Mask","floor":46,"gold_loss":0},{"damage_healed":0,"gold_gain":0,"player_choice":"Fight","damage_taken":0,"max_hp_gain":0,"max_hp_loss":0,"event_name":"MindBloom","floor":48,"gold_loss":0}],"is_beta":false,"boss_relics":[{"not_picked":["HolyWater","Velvet Choker"],"picked":"Calling Bell"},{"not_picked":["Runic Pyramid","SlaversCollar"],"picked":"Snecko Eye"}],"items_purged_floors":[],"is_endless":false,"potions_floor_spawned":[1,6,12,13,25,28,29,31,35,38,40],"ascension_level":0}}