{"host":"7wi4qgm5yw4j7oz0","time":1612549922,"event":{"mods":["AchievementEnabler","BaseMod","Block Reminder","Colored Map","Colored Powertips","Highlight Path","Minty Spire (QoL Compilation)","Permanent Neow","Quick Restart","Random Character Button","Rare Cards Sparkle","StSLib","everything is the same but u backflip on backflip"],"gold_per_floor":[109,119,134,152,152,152,77,90,117,137,178,178,190,190,190,190,190],"floor_reached":16,"language":"KOR","playtime":744,"items_purged":["Strike_R"],"score":130,"play_id":"d1617a68-8796-43a2-93ed-ce9e1477daff","local_time":"20210206033202","is_ascension_mode":true,"campfire_choices":[{"data":"Searing Blow","floor":6,"key":"SMITH"},{"data":"Searing Blow+1","floor":12,"key":"SMITH"},{"data":"Searing Blow+2","floor":15,"key":"SMITH"}],"circlet_count":0,"master_deck":["Strike_R","Strike_R","Strike_R","Defend_R","Defend_R","Defend_R","Defend_R","Bash","Warcry","Anger","Dual Wield","Searing Blow+3","Battle Trance","Pommel Strike","Headbutt"],"relics":["Burning Blood","CeramicFish","Oddly Smooth Stone"],"acts_visited":["Exordium"],"potions_floor_usage":[8,8,11,16],"damage_taken":[{"damage":8,"enemies":"Jaw Worm","floor":1,"turns":5},{"damage":6,"enemies":"Cultist","floor":2,"turns":4},{"damage":7,"enemies":"2 Louse","floor":3,"turns":3},{"damage":11,"enemies":"Blue Slaver","floor":4,"turns":3},{"damage":20,"enemies":"3 Louse","floor":8,"turns":5},{"damage":0,"enemies":"Large Slime","floor":10,"turns":4},{"damage":29,"enemies":"Gremlin Nob","floor":11,"turns":4},{"damage":9,"enemies":"Blue Slaver","floor":13,"turns":3},{"damage":47,"enemies":"Hexaghost","floor":16,"turns":9}],"seed_played":"276338903694712161","potions_obtained":[{"floor":1,"key":"AttackPotion"},{"floor":5,"key":"Regen Potion"},{"floor":5,"key":"HeartOfIron"},{"floor":8,"key":"SpeedPotion"},{"floor":13,"key":"Fire Potion"}],"is_trial":false,"path_per_floor":["M","M","M","M","?","R","$","M","T","M","E","R","M","?","R","B"],"character_chosen":"IRONCLAD","items_purchased":[],"campfire_rested":0,"item_purchase_floors":[],"current_hp_per_floor":[78,78,77,72,72,72,72,67,67,73,50,50,47,47,47,0,0],"gold":190,"neow_bonus":"REMOVE_CARD","is_daily":false,"chose_seed":false,"campfire_upgraded":3,"win_rate":0.0,"timestamp":1612549922,"path_taken":["M","M","M","M","?","R","$","M","T","?","E","R","M","?","R","BOSS"],"items_purchased_type":[],"build_version":"2020-12-22","purchased_purges":1,"victory":false,"max_hp_per_floor":[80,80,80,80,80,80,80,80,80,80,80,80,80,80,80,80,80],"card_choices":[{"not_picked":["Ghostly Armor","Second Wind"],"picked":"Warcry","floor":1},{"not_picked":["Clothesline","Thunderclap"],"picked":"Anger","floor":2},{"not_picked":["True Grit","Anger"],"picked":"Dual Wield","floor":3},{"not_picked":["Clothesline","Heavy Blade"],"picked":"Searing Blow","floor":4},{"not_picked":["Reaper","Clash"],"picked":"Battle Trance","floor":8},{"not_picked":["Twin Strike","Whirlwind"],"picked":"Pommel Strike","floor":10},{"not_picked":["Hemokinesis","Cleave"],"picked":"Headbutt","floor":11},{"not_picked":["Iron Wave","Fire Breathing","Feel No Pain"],"picked":"SKIP","floor":13}],"player_experience":238415,"relics_obtained":[{"floor":9,"key":"CeramicFish"},{"floor":11,"key":"Oddly Smooth Stone"}],"event_choices":[{"damage_healed":0,"gold_gain":0,"player_choice":"Got Potions","damage_taken":0,"max_hp_gain":0,"max_hp_loss":0,"event_name":"Lab","floor":5,"gold_loss":0},{"damage_healed":0,"gold_gain":0,"player_choice":"Ignored","damage_taken":0,"max_hp_gain":0,"max_hp_loss":0,"event_name":"Golden Idol","floor":14,"gold_loss":0}],"is_beta":false,"boss_relics":[],"items_purged_floors":[7],"is_endless":false,"potions_floor_spawned":[1,8,13],"killed_by":"Hexaghost","ascension_level":5}}