{"host":"ox77rn1xcurm2t5a","time":1612561649,"event":{"mods":["2.2 Compatiblity","AchievementEnabler","Act Like it!","Aspiration","BaseMod","Best Route Mod","Better Match","Better Note","Better Sensory Stone","Block Reminder","Colored Map","Colored Powertips","Conjunction","Conspire","Custom Start","Energized Spire","GifTheSpireLib","Gold Saver","Gremlin Skip","Halation","Highlight Path","Hubris","Infinite Spire","Minty Spire (QoL Compilation)","Pale of the Ancients","Quick Restart","Replay The Spire","Reworked Bosses","ShortenTheSpire","Spire Exporter","StSLib","Stuff the Spire","Wandering Minibosses"],"gold_per_floor":[118,83,32,51,51,85,85,120,120,151,151,170,170,9,9,82,82,99,5384,5384,5384,5397,5397,5397],"floor_reached":23,"language":"ENG","playtime":1158,"items_purged":["Strike_B"],"score":414,"play_id":"25c223de-b990-468a-a005-c6a469cca1c0","local_time":"20210205234729","is_ascension_mode":true,"campfire_choices":[{"floor":7.0,"key":"RECALL"},{"data":"StuffTheSpire:Synthwave","floor":11.0,"key":"SMITH"},{"data":"Zap","floor":13.0,"key":"SMITH"},{"data":"Streamline","floor":15.0,"key":"SMITH"}],"circlet_count":0,"master_deck":["AscendersBane","Strike_B","Strike_B","Strike_B","Defend_B","Defend_B","Defend_B","Defend_B","Zap+1","Dualcast","Streamline+1","Gash","StuffTheSpire:Synthwave+1","Capacitor","Streamline+1"],"relics":["Cracked Core","NeowsBlessing","hubris:ToyBattleship","hubris:MedicalManual","Blood Vial","InkBottle","conspire:TreasureMap","energizedSpire:OgreHead","Chameleon Ring","Molten Egg 2"],"acts_visited":["Exordium","TheCity"],"potions_floor_usage":[18,22],"damage_taken":[{"damage":0.0,"enemies":"Small Slimes","floor":1.0,"turns":1.0},{"damage":0.0,"enemies":"2 Louse","floor":4.0,"turns":1.0},{"damage":0.0,"enemies":"Gremlin Nob","floor":6.0,"turns":1.0},{"damage":25.0,"enemies":"3 Sentries","floor":8.0,"turns":6.0},{"damage":24.0,"enemies":"Gremlin Nob","floor":10.0,"turns":4.0},{"damage":1.0,"enemies":"Cultist","floor":12.0,"turns":3.0},{"damage":26,"enemies":"The Guardian","floor":16,"turns":11},{"damage":23,"enemies":"Shell Parasite","floor":18,"turns":4},{"damage":28,"enemies":"3 Byrds","floor":22,"turns":5},{"damage":15,"enemies":"Snake Plant","floor":23,"turns":2}],"seed_played":"-4744896604507950414","potions_obtained":[{"floor":4.0,"key":"Ancient Potion"},{"floor":6.0,"key":"SteroidPotion"},{"floor":10.0,"key":"Swift Potion"},{"floor":16,"key":"Swift Potion"},{"floor":18,"key":"SteroidPotion"}],"is_trial":false,"path_per_floor":["M","?","$","M","?","E","R","E","T","E","R","M","R","$","R","B",null,"M","$","PTL","PTL","M","M"],"character_chosen":"DEFECT","items_purchased":["Gash","conspire:TreasureMap","Capacitor","Chameleon Ring","Molten Egg 2"],"campfire_rested":0,"item_purchase_floors":[3,14,19,19,19],"current_hp_per_floor":[64,71,71,71,71,71,71,46,46,24,24,25,25,25,25,1,54,33,33,33,33,7,0,0],"gold":5397,"neow_bonus":"THREE_ENEMY_KILL","is_daily":false,"chose_seed":false,"campfire_upgraded":3,"win_rate":0.0,"timestamp":1612561649,"path_taken":["M","?","$","M","?","E","R","E","T","E","R","M","R","$","R","BOSS","M","$","PTL","PTL","M","M"],"items_purchased_type":["Card","Relic","Card","Relic","Relic"],"build_version":"2020-12-22","purchased_purges":1,"victory":false,"max_hp_per_floor":[71,71,71,71,71,71,71,71,71,71,71,71,71,71,71,71,71,71,71,71,71,71,71,71],"card_choices":[{"not_picked":["Steam","Barrage"],"picked":"Streamline","floor":1.0},{"not_picked":["Turbo","Sweeping Beam"],"picked":"StuffTheSpire:Synthwave","floor":4.0},{"not_picked":["Scrape","Undo","StuffTheSpire:Plugnplay"],"picked":"SKIP","floor":6.0},{"not_picked":["Multi-Cast","Tempest","BasicCrystalCard"],"picked":"SKIP","floor":8.0},{"not_picked":["Steam","Rip and Tear","Seek"],"picked":"SKIP","floor":10.0},{"not_picked":["Streamline","Blizzard","Redo"],"picked":"SKIP","floor":12.0},{"not_picked":["Panic Button","Compile Driver","StuffTheSpire:LoadUp"],"picked":"SKIP","floor":18},{"not_picked":["Fusion","StuffTheSpire:LoadUp+1"],"picked":"Streamline+1","floor":22}],"player_experience":3032345,"relics_obtained":[{"floor":6.0,"key":"hubris:MedicalManual"},{"floor":8.0,"key":"Blood Vial"},{"floor":10.0,"key":"InkBottle"}],"event_choices":[{"damage_healed":17.0,"max_hp_gain":0.0,"max_hp_loss":0.0,"gold_gain":0.0,"event_name":"The Cleric","player_choice":"Healed","floor":2.0,"gold_loss":35.0,"damage_taken":0.0},{"damage_healed":0.0,"max_hp_gain":0.0,"max_hp_loss":0.0,"gold_gain":0.0,"event_name":"WeMeetAgain","player_choice":"Gave Potion","floor":5.0,"gold_loss":0.0,"damage_taken":0.0,"relics_obtained":["hubris:ToyBattleship"]}],"is_beta":false,"boss_relics":[{"not_picked":["Astrolabe","halation:PinkAlligatorPlush"],"picked":"energizedSpire:OgreHead"}],"items_purged_floors":[19],"is_endless":false,"potions_floor_spawned":[4,6,10,16,18],"killed_by":"Snake Plant","ascension_level":16}}