{"host":"yqw1zpryoutrnocq","time":1612514068,"event":{"mods":["2.2 Compatiblity","AchievementEnabler","BaseMod","Colored Map","Custom Start","DeckTracker","Minty Spire (QoL Compilation)","StSLib","SuperFastMode"],"gold_per_floor":[112,125,12,24,35,35,45,106,106,120,70,82,116,128,128,223,223,234,251,227,242,242,272,272,304,304,331,359,388,388,400,400,505,505,519,36,46,46,58,86,86,86,86,100,100,112,140,153,153,153,153,153,31,64,64],"floor_reached":56,"language":"KOR","playtime":3217,"items_purged":["Regret"],"score":1579,"play_id":"17b2a3b8-2ce1-479d-9ade-a58aba8f8abf","local_time":"20210205023428","is_ascension_mode":true,"campfire_choices":[{"data":"Seek","floor":6.0,"key":"SMITH"},{"data":"Recycle","floor":15.0,"key":"SMITH"},{"data":"Echo Form","floor":24.0,"key":"SMITH"},{"data":"Defragment","floor":30,"key":"SMITH"},{"data":"Blizzard","floor":32,"key":"SMITH"},{"floor":41,"key":"RECALL"},{"data":"Defragment","floor":49,"key":"SMITH"},{"data":"Capacitor","floor":52,"key":"SMITH"}],"circlet_count":0,"master_deck":["Strike_B","Strike_B","Strike_B","Defend_B","Defend_B","Defend_B","Zap","Dualcast+1","Self Repair","Recycle+1","Recycle+1","Hologram","Seek+1","Glacier","Chaos","Hologram","Blizzard+1","Conserve Battery","Rainbow","Defragment+1","Defragment+1","Coolheaded","Echo Form+1","Force Field","Coolheaded","BootSequence","Leap+1","Core Surge","Double Energy+1","Capacitor+1","Steam+1","Thunder Strike","Dark Shackles","Panache","Panacea","Blizzard+1","Core Surge","Coolheaded"],"relics":["Cracked Core","Dead Branch","Boot","War Paint","Bottled Flame","Runic Pyramid","Lantern","Letter Opener","The Courier","Sundial","Red Mask","Happy Flower","Coffee Dripper","Dream Catcher","Oddly Smooth Stone","Akabeko","Bronze Scales","Omamori","Pear","Frozen Egg 2","Bag of Preparation","Incense Burner"],"acts_visited":["Exordium","TheCity","TheBeyond","TheEnding"],"potions_floor_usage":[29,33,48,55],"damage_taken":[{"damage":2.0,"enemies":"2 Louse","floor":1.0,"turns":2.0},{"damage":17.0,"enemies":"Small Slimes","floor":2.0,"turns":3.0},{"damage":9.0,"enemies":"Jaw Worm","floor":4.0,"turns":4.0},{"damage":0.0,"enemies":"Large Slime","floor":5.0,"turns":5.0},{"damage":12.0,"enemies":"2 Fungi Beasts","floor":7.0,"turns":3.0},{"damage":27.0,"enemies":"Lagavulin Event","floor":8.0,"turns":8.0},{"damage":13.0,"enemies":"Blue Slaver","floor":10.0,"turns":2.0},{"damage":3.0,"enemies":"3 Louse","floor":12.0,"turns":3.0},{"damage":12.0,"enemies":"3 Sentries","floor":13.0,"turns":5.0},{"damage":2.0,"enemies":"Large Slime","floor":14.0,"turns":6.0},{"damage":10.0,"enemies":"Slime Boss","floor":16.0,"turns":8.0},{"damage":3.0,"enemies":"Shell Parasite","floor":18.0,"turns":5.0},{"damage":0.0,"enemies":"Chosen","floor":19.0,"turns":4.0},{"damage":10.0,"enemies":"Snecko","floor":21.0,"turns":9.0},{"damage":44.0,"enemies":"Gremlin Leader","floor":23.0,"turns":9.0},{"damage":13.0,"enemies":"Book of Stabbing","floor":25.0,"turns":8.0},{"damage":27.0,"enemies":"Slavers","floor":27.0,"turns":5.0},{"damage":3.0,"enemies":"Masked Bandits","floor":28.0,"turns":10.0},{"damage":0,"enemies":"Gremlin Leader","floor":29,"turns":7},{"damage":0,"enemies":"Shelled Parasite and Fungi","floor":31,"turns":6},{"damage":14,"enemies":"Automaton","floor":33,"turns":10},{"damage":0,"enemies":"3 Darklings","floor":35,"turns":5},{"damage":0,"enemies":"Orb Walker","floor":37,"turns":3},{"damage":0,"enemies":"Spire Growth","floor":39,"turns":5},{"damage":0,"enemies":"Nemesis","floor":40,"turns":7},{"damage":0,"enemies":"4 Shapes","floor":44,"turns":3},{"damage":0,"enemies":"3 Darklings","floor":46,"turns":2},{"damage":0,"enemies":"Reptomancer","floor":47,"turns":4},{"damage":0,"enemies":"Transient","floor":48,"turns":5},{"damage":22,"enemies":"Awakened One","floor":50,"turns":7},{"damage":18,"enemies":"Shield and Spear","floor":54,"turns":7},{"damage":49,"enemies":"The Heart","floor":55,"turns":10}],"seed_played":"8421887813828203332","potions_obtained":[{"floor":1.0,"key":"FocusPotion"},{"floor":2.0,"key":"Dexterity Potion"},{"floor":4.0,"key":"Dexterity Potion"},{"floor":12.0,"key":"GamblersBrew"},{"floor":14.0,"key":"DistilledChaos"},{"floor":23.0,"key":"PotionOfCapacity"},{"floor":27.0,"key":"SkillPotion"},{"floor":28.0,"key":"Dexterity Potion"},{"floor":29,"key":"Ancient Potion"},{"floor":35,"key":"BlessingOfTheForge"},{"floor":37,"key":"FairyPotion"},{"floor":39,"key":"EntropicBrew"},{"floor":54,"key":"Dexterity Potion"}],"is_trial":false,"path_per_floor":["M","M","$","M","M","R","M","?","T","M","?","M","E","M","R","B",null,"M","M","$","M","?","E","R","E","T","E","?","E","R","M","R","B",null,"M","$","M","?","M","E","R","?","T","M","T","M","E","M","R","B",null,"R","$","E","B",null],"character_chosen":"DEFECT","items_purchased":["Recycle","Coolheaded","Dream Catcher","Oddly Smooth Stone","Akabeko","Bronze Scales","Bag of Preparation"],"campfire_rested":0,"item_purchase_floors":[3,20,36,36,36,36,53],"current_hp_per_floor":[73,63,63,61,68,68,63,43,43,37,37,41,36,41,41,38,75,75,75,75,72,72,35,35,29,29,16,27,41,41,55,55,41,75,75,75,75,75,75,75,75,65,65,65,75,75,75,75,75,60,85,85,85,81,39],"gold":64,"neow_bonus":"ONE_RARE_RELIC","is_daily":false,"chose_seed":false,"campfire_upgraded":7,"win_rate":0.0,"timestamp":1612514068,"path_taken":["M","M","$","M","M","R","M","?","T","M","?","M","E","M","R","BOSS","M","M","$","M","?","E","R","E","T","E","?","E","R","M","R","BOSS","M","$","M","?","M","E","R","?","T","M","?","M","E","M","R","BOSS","R","$","E","BOSS"],"items_purchased_type":["Card","Card","Relic","Relic","Relic","Relic","Relic"],"build_version":"2020-12-22","purchased_purges":1,"victory":true,"max_hp_per_floor":[75,75,75,75,75,75,75,75,75,75,75,75,75,75,75,75,75,75,75,75,75,75,75,75,75,75,75,75,75,75,75,75,75,75,75,75,75,75,75,75,75,75,75,75,85,85,85,85,85,85,85,85,85,85,85],"card_choices":[{"not_picked":["Gash","Redo"],"picked":"Self Repair","floor":1.0},{"not_picked":["Blizzard","Go for the Eyes"],"picked":"Recycle","floor":2.0},{"not_picked":["Ball Lightning","FTL"],"picked":"Hologram","floor":4.0},{"not_picked":["Beam Cell","Force Field"],"picked":"Seek","floor":5.0},{"not_picked":["Force Field","Undo"],"picked":"Glacier","floor":7.0},{"not_picked":["Sweeping Beam","Rebound"],"picked":"Chaos","floor":8.0},{"not_picked":["Turbo","Compile Driver"],"picked":"Hologram","floor":10.0},{"not_picked":["Barrage","Lockon"],"picked":"Blizzard","floor":12.0},{"not_picked":["Rebound","Steam Power","Hello World"],"picked":"SKIP","floor":13.0},{"not_picked":["Barrage","Biased Cognition"],"picked":"Conserve Battery","floor":14.0},{"not_picked":["Biased Cognition","Machine Learning"],"picked":"Rainbow","floor":16.0},{"not_picked":["Conserve Battery+1","Recycle"],"picked":"Defragment","floor":18.0},{"not_picked":["Ball Lightning","Consume"],"picked":"Defragment","floor":19.0},{"not_picked":["Beam Cell+1","Heatsinks","Ball Lightning+1"],"picked":"SKIP","floor":21.0},{"not_picked":["Leap","Undo"],"picked":"Force Field","floor":23.0},{"not_picked":["Consume","Force Field"],"picked":"Coolheaded","floor":25.0},{"not_picked":["Static Discharge","Redo"],"picked":"BootSequence","floor":27.0},{"not_picked":["Conserve Battery","Beam Cell"],"picked":"Leap+1","floor":28.0},{"not_picked":["Leap","Machine Learning","Sweeping Beam"],"picked":"SKIP","floor":29},{"not_picked":["Beam Cell+1","Cold Snap","Turbo"],"picked":"SKIP","floor":31},{"not_picked":["Echo Form","Creative AI"],"picked":"Core Surge","floor":33},{"not_picked":["Static Discharge","Cold Snap+1"],"picked":"Double Energy+1","floor":35},{"not_picked":["Leap+1","Sweeping Beam"],"picked":"Capacitor","floor":37},{"not_picked":["BootSequence","Beam Cell+1"],"picked":"Steam+1","floor":39},{"not_picked":["Barrage","Beam Cell"],"picked":"Thunder Strike","floor":40},{"not_picked":["Good Instincts","Apotheosis"],"picked":"Dark Shackles","floor":42},{"not_picked":["Apotheosis","PanicButton"],"picked":"Panache","floor":42},{"not_picked":["Purity","Flash of Steel"],"picked":"Panacea","floor":42},{"not_picked":["Undo+1","Compile Driver+1"],"picked":"Blizzard+1","floor":44},{"not_picked":["Hello World+1","Recycle","Beam Cell"],"picked":"SKIP","floor":46},{"not_picked":["Stack","Sweeping Beam+1"],"picked":"Core Surge","floor":47},{"not_picked":["Steam+1","Turbo"],"picked":"Coolheaded","floor":48},{"not_picked":["Compile Driver","Sunder","Hello World+1"],"picked":"SKIP","floor":54}],"player_experience":280937,"relics_obtained":[{"floor":9.0,"key":"War Paint"},{"floor":13.0,"key":"Bottled Flame"},{"floor":23.0,"key":"Lantern"},{"floor":25.0,"key":"Letter Opener"},{"floor":26.0,"key":"The Courier"},{"floor":27.0,"key":"Sundial"},{"floor":28.0,"key":"Red Mask"},{"floor":29,"key":"Happy Flower"},{"floor":40,"key":"Omamori"},{"floor":45,"key":"Pear"},{"floor":47,"key":"Frozen Egg 2"},{"floor":54,"key":"Incense Burner"}],"event_choices":[{"damage_healed":0.0,"max_hp_gain":0.0,"max_hp_loss":0.0,"gold_gain":0.0,"event_name":"Dead Adventurer","player_choice":"Searched \u00273\u0027 times","floor":8.0,"gold_loss":0.0,"damage_taken":0.0,"relics_obtained":["Boot"]},{"cards_removed":["Strike_B"],"damage_healed":0.0,"max_hp_gain":0.0,"max_hp_loss":0.0,"gold_gain":0.0,"event_name":"The Cleric","player_choice":"Card Removal","floor":11.0,"gold_loss":50.0,"damage_taken":0.0},{"damage_healed":0.0,"max_hp_gain":0.0,"max_hp_loss":0.0,"gold_gain":0.0,"event_name":"The Library","player_choice":"Read","floor":22.0,"gold_loss":0.0,"damage_taken":0.0,"cards_obtained":["Echo Form"]},{"damage_healed":0.0,"max_hp_gain":0.0,"max_hp_loss":0.0,"gold_gain":0.0,"event_name":"Masked Bandits","player_choice":"Fought Bandits","floor":28.0,"gold_loss":0.0,"damage_taken":0.0},{"cards_removed":["Defend_B"],"damage_healed":0,"gold_gain":0,"player_choice":"Removed Skill","damage_taken":0,"max_hp_gain":0,"max_hp_loss":0,"event_name":"Falling","floor":38,"gold_loss":0},{"damage_healed":0,"gold_gain":0,"player_choice":"Memory 3","damage_taken":10,"max_hp_gain":0,"max_hp_loss":0,"event_name":"SensoryStone","floor":42,"gold_loss":0}],"is_beta":false,"boss_relics":[{"not_picked":["Nuclear Battery","Philosopher\u0027s Stone"],"picked":"Runic Pyramid"},{"not_picked":["Astrolabe","Black Star"],"picked":"Coffee Dripper"}],"items_purged_floors":[3],"is_endless":false,"potions_floor_spawned":[1,2,4,12,14,23,27,28,29,35,37,39,54],"ascension_level":4}}