{"host":"fhwr1fuluf6086fh","time":1612484358,"event":{"mods":["2.2 Compatiblity","Act Like it!","BaseMod","Colored Map","Elementarium","Hermit","Minty Spire (QoL Compilation)","Robot Space Explorer","StSLib","The Blue Laboratory","The Caster","The Dragon Tamer","The Elementalist","The Hierophant","TheSurvivalist"],"gold_per_floor":[111,111,127,142,152,181,181,200,224,234,261,261,277,296,296,393,393,405,405,194,109,121,156,81,81,81,81,81,81,81],"floor_reached":29,"language":"ENG","playtime":7276,"items_purged":["elementalist:Defend_Elemblue"],"score":255,"play_id":"98ca28eb-b0d2-45e2-970e-1eccebb498ab","local_time":"20210204191918","is_ascension_mode":false,"campfire_choices":[{"floor":12,"key":"REST"},{"data":"elementalist:Prepared_Sand","floor":15,"key":"SMITH"},{"floor":25,"key":"REST"},{"floor":27,"key":"REST"}],"circlet_count":0,"master_deck":["elementalist:Air_Emblem","elementalist:Air_Emblem","elementalist:Water_Emblem","elementalist:Water_Emblem","elementalist:Strike+Elemblue","elementalist:Defend_Elemblue","elementalist:Defend_Elemblue","elementalist:Defend_Elemblue","elementalist:Defend_Elemblue","elementalist:Firestrike","elementalist:Earthstrike","elementalist:Waterstrike","elementalist:Crystal_Chalk","elementalist:Prepared_Sand+1","elementalist:Cyclone","elementalist:Breeze","elementalist:Etherstrike","elementalist:Spark","elementalist:Pressurize","elementalist:Emberveil","elementalist:Aero","elementalist:Accelerant","elementalist:Geomancy","elementalist:Breeze","elementalist:Spout","elementalist:Aegis","elementalist:Prepared_Sand","elementalist:Rising_Vapors"],"relics":["elementalistmod:MagusStaff","elementalistmod:GreenCirclet","elementalistmod:GreenCirclet","Lantern","Centennial Puzzle","Blood Vial","Sozu","Happy Flower","FossilizedHelix","Vajra"],"acts_visited":["Exordium","TheCity"],"potions_floor_usage":[6,11,16,29],"damage_taken":[{"damage":0,"enemies":"Small Slimes","floor":1,"turns":4},{"damage":1,"enemies":"Cultist","floor":3,"turns":6},{"damage":0,"enemies":"2 Louse","floor":4,"turns":3},{"damage":32,"enemies":"Large Slime","floor":5,"turns":16},{"damage":9,"enemies":"3 Sentries","floor":6,"turns":14},{"damage":0,"enemies":"3 Louse","floor":8,"turns":3},{"damage":2,"enemies":"Blue Slaver","floor":10,"turns":4},{"damage":8,"enemies":"Lagavulin","floor":11,"turns":10},{"damage":0,"enemies":"Exordium Wildlife","floor":13,"turns":7},{"damage":0,"enemies":"3 Louse","floor":14,"turns":3},{"damage":49,"enemies":"The Guardian","floor":16,"turns":22},{"damage":5,"enemies":"Chosen","floor":18,"turns":7},{"damage":21,"enemies":"Shell Parasite","floor":22,"turns":12},{"damage":33,"enemies":"Book of Stabbing","floor":23,"turns":11},{"damage":92,"enemies":"Gremlin Leader","floor":29,"turns":20}],"seed_played":"-8504291233106455575","potions_obtained":[{"floor":1,"key":"blueLaboratory:BottleOfRum"},{"floor":5,"key":"Swift Potion"},{"floor":10,"key":"blueLaboratory:LouseDecoction"},{"floor":11,"key":"PowerPotion"},{"floor":14,"key":"blueLaboratory:AbyssPotion"}],"is_trial":false,"path_per_floor":["M","?","M","M","M","E","R","M","T","M","E","R","M","M","R","B",null,"M","?","$","?","M","E","?","R","T","R","$","E"],"character_chosen":"THE_ELEMENTALIST","items_purchased":["elementalist:Spout","elementalist:Aegis","elementalist:Prepared_Sand"],"campfire_rested":3,"item_purchase_floors":[20,20,20],"current_hp_per_floor":[77,77,76,76,44,35,35,35,35,33,25,48,50,52,52,5,77,72,72,72,72,53,22,22,45,45,68,68,0,0],"gold":81,"neow_bonus":"TEN_PERCENT_HP_BONUS","is_daily":false,"chose_seed":false,"campfire_upgraded":1,"win_rate":0.0,"timestamp":1612484358,"path_taken":["M","?","M","M","M","E","R","M","T","M","E","R","?","M","R","BOSS","M","?","$","?","M","E","?","R","T","R","$","E"],"items_purchased_type":["Card","Card","Card"],"build_version":"2020-12-22","purchased_purges":1,"victory":false,"max_hp_per_floor":[77,77,77,77,77,77,77,77,77,77,77,77,77,77,77,77,77,77,77,77,77,77,77,77,77,77,77,77,77,77],"card_choices":[{"not_picked":["elementalist:Widdershins_Conversion","elementalist:Cauterize"],"picked":"elementalist:Prepared_Sand","floor":1},{"not_picked":["elementalist:Monument","elementalist:Vaccuum"],"picked":"elementalist:Cyclone","floor":3},{"not_picked":["elementalist:Stone_to_Mud","elementalist:Fission_Lance"],"picked":"elementalist:Breeze","floor":4},{"not_picked":["elementalist:Breeze","elementalist:Ignition"],"picked":"elementalist:Etherstrike","floor":5},{"not_picked":["elementalist:Cyclone","elementalist:Ignition"],"picked":"elementalist:Etherstrike","floor":6},{"not_picked":["elementalist:Spout","elementalist:Concentricity"],"picked":"elementalist:Spark","floor":8},{"not_picked":["elementalist:Erosion","elementalist:Breeze"],"picked":"elementalist:Pressurize","floor":10},{"not_picked":["elementalist:Gaian_Form","elementalist:Ignition"],"picked":"elementalist:Emberveil","floor":11},{"not_picked":["elementalist:Cyclone","elementalist:Spout"],"picked":"elementalist:Aero","floor":13},{"not_picked":["elementalist:Overheat","elementalist:Vaccuum"],"picked":"elementalist:Spark","floor":14},{"not_picked":["elementalist:Quadmire","elementalist:Impact"],"picked":"elementalist:Accelerant","floor":16},{"not_picked":["elementalist:Spark","elementalist:Solar_Form+1","elementalist:Overheat+1"],"picked":"SKIP","floor":18},{"not_picked":["elementalist:Spark+1","elementalist:Breeze","elementalist:Overheat"],"picked":"SKIP","floor":22},{"not_picked":["elementalist:Cyclone","elementalist:Caution"],"picked":"elementalist:Rising_Vapors","floor":23}],"player_experience":1147646,"relics_obtained":[{"floor":6,"key":"Lantern"},{"floor":9,"key":"Centennial Puzzle"},{"floor":11,"key":"Blood Vial"},{"floor":23,"key":"FossilizedHelix"},{"floor":26,"key":"Vajra"}],"event_choices":[{"damage_healed":0,"gold_gain":0,"cards_transformed":["elementalist:Airstrike","elementalist:Etherstrike"],"player_choice":"Became Test Subject","damage_taken":0,"max_hp_gain":0,"max_hp_loss":0,"event_name":"Drug Dealer","floor":19,"gold_loss":0,"cards_obtained":["elementalist:Geomancy","elementalist:Breeze"]},{"damage_healed":0,"gold_gain":0,"player_choice":"Obtained Relic","damage_taken":0,"relics_obtained":["Happy Flower"],"max_hp_gain":0,"max_hp_loss":0,"event_name":"Addict","floor":21,"gold_loss":85},{"cards_removed":["elementalist:Spark"],"damage_healed":0,"gold_gain":0,"player_choice":"Gave Gold","damage_taken":0,"max_hp_gain":0,"max_hp_loss":0,"event_name":"Beggar","floor":24,"gold_loss":75}],"is_beta":false,"boss_relics":[{"not_picked":["Busted Crown","Tiny House"],"picked":"Sozu"}],"items_purged_floors":[20],"is_endless":false,"potions_floor_spawned":[1,5,10,11,14,22,23],"killed_by":"Gremlin Leader","ascension_level":0}}