{"host":"adt9pv9dmmkchns7","time":1612531033,"event":{"mods":["AchievementEnabler","Aspiration","BaseMod","Beaked The Cultist","Better Third Choice","Curses Come First","Energized Spire","Minty Spire (QoL Compilation)","Permanent Neow","Potionbrewer","Quick Restart","Replay The Spire","Robot Space Explorer","Shade Mod","Spicy Shops","StSLib","The Blackbeard","The Cursed","The Forsaken","The Gatherer","The Necromancer","Wandering Minibosses"],"gold_per_floor":[119,119,133,144,155,187,187,218,218,248,263,290,303,314,314,419,419,434,452,452,218,218,252,252,284,307,336,361,392,411,424,424,519,519,537,556,568,586,603,603,633,650,650,650,663,676,676,701,701,701,701,701,61,92,92],"floor_reached":56,"language":"ENG","playtime":9851,"items_purged":["Pain"],"score":1290,"play_id":"ea98f2fd-9576-424c-a91f-022c0bc13c48","local_time":"20210205141713","is_ascension_mode":true,"campfire_choices":[{"floor":7,"key":"RECALL"},{"data":"Slay_Living","floor":15,"key":"SMITH"},{"data":"Summon_Death_Knight","floor":32,"key":"SMITH"},{"data":"Detonate_Bones","floor":40,"key":"SMITH"},{"data":"Summon_Undead_Army","floor":47,"key":"SMITH"},{"data":"Scare","floor":49,"key":"SMITH"},{"data":"Stop_Heart","floor":52,"key":"SMITH"}],"circlet_count":0,"master_deck":["Strike_W+1","Strike_W+1","Strike_W+1","Strike_W+1","Defend_W+1","Defend_W+1","Defend_W+1","Defend_W+1","Negative_Energy_Arrows","Bone_Wall","Acid_Javelin","Negative_Energy_Sphere","Spectral_Walk","Flesh_Made_Foul","Bone_Armory","Vampiric_Strike","Negative_Energy_Burst","Plague_Bolt","Death_March_Dance","Consume_Illness","Summon_Death_Knight+1","Toxic_Smoke_Screen+1","Necrotic_Claws","Scare+1","Siphon_Strength","Spreading Infection","Bone_Bullets+1","Negative_Energy_Javelin+1","Negative_Energy_Shield+1","Plague_Bolt","Summon_Lich+1","Summon_Undead+1","Detonate_Bones+1","Toxic_Smoke_Screen+1","Blood_Shield+1","Violent_Necrosis+1","Bone_Armor+1","Siphon_Strength+1","Bone_Armory+1","Stop_Heart+1","Summon_Undead_Army+1","Acid_Javelin+1","Summon_Undead_Army","Vampiric_Strike+1"],"relics":["Vampire_Amulet","aspiration:Nostalgia","RobotSpaceExplorer:RoboCore","aspiration:VileToxins","Replay:Rubber Ducky","White Beast Statue","aspiration:SneckoTail","Ring of Chaos","Strange Spoon","Replay:WaspNest","Ring of Searing","Ring of Fury","Replay:Accelerometer","Bronze Scales","InkBottle","Red Mask","Lantern","Cursed Key","Potion Belt","Letter Opener","Strawberry","aspiration:HatOfInfinitePower","Happy Flower","Snack Pack"],"acts_visited":["Exordium","TheCity","TheBeyond","TheEnding"],"potions_floor_usage":[6,8,10,12,12,14,16,18,23,23,27,28,29,33,33,38,39,41,46,48,48,50,55,55,55,55],"damage_taken":[{"damage":0,"enemies":"Jaw Worm","floor":1,"turns":5},{"damage":0,"enemies":"Cultist","floor":3,"turns":3},{"damage":3,"enemies":"Small Slimes","floor":4,"turns":3},{"damage":0,"enemies":"2 Fungi Beasts","floor":5,"turns":3},{"damage":13,"enemies":"3 Sentries","floor":6,"turns":6},{"damage":10,"enemies":"Replay:BlueRogue","floor":8,"turns":5},{"damage":12,"enemies":"3 Sentries","floor":10,"turns":9},{"damage":14,"enemies":"Large Slime","floor":11,"turns":6},{"damage":0,"enemies":"Lagavulin","floor":12,"turns":2},{"damage":3,"enemies":"Looter","floor":13,"turns":2},{"damage":0,"enemies":"3 Louse","floor":14,"turns":2},{"damage":39,"enemies":"Slime Boss","floor":16,"turns":12},{"damage":7,"enemies":"3 Byrds","floor":18,"turns":8},{"damage":18,"enemies":"Spheric Guardian","floor":19,"turns":7},{"damage":22,"enemies":"Slavers","floor":23,"turns":5},{"damage":0,"enemies":"Replay:Snechameleon","floor":25,"turns":6},{"damage":0,"enemies":"Book of Stabbing","floor":27,"turns":4},{"damage":15,"enemies":"Masked Bandits","floor":28,"turns":3},{"damage":0,"enemies":"Gremlin Leader","floor":29,"turns":3},{"damage":0,"enemies":"Snecko","floor":30,"turns":3},{"damage":0,"enemies":"Snake Plant","floor":31,"turns":3},{"damage":16,"enemies":"Automaton","floor":33,"turns":6},{"damage":18,"enemies":"3 Darklings","floor":35,"turns":4},{"damage":5,"enemies":"Orb Walker","floor":36,"turns":2},{"damage":6,"enemies":"3 Darklings","floor":37,"turns":4},{"damage":17,"enemies":"Sphere and 2 Shapes","floor":38,"turns":4},{"damage":5,"enemies":"Jaw Worm Horde","floor":39,"turns":3},{"damage":17,"enemies":"Reptomancer","floor":41,"turns":4},{"damage":0,"enemies":"4 Shapes","floor":42,"turns":5},{"damage":6,"enemies":"3 Darklings","floor":45,"turns":3},{"damage":16,"enemies":"Writhing Mass","floor":46,"turns":4},{"damage":5,"enemies":"Giant Head","floor":48,"turns":6},{"damage":27,"enemies":"Replay:Hell Engine","floor":50,"turns":6},{"damage":24,"enemies":"Shield and Spear","floor":54,"turns":4},{"damage":21,"enemies":"The Heart","floor":55,"turns":3}],"seed_played":"-6863057270098157747","potions_obtained":[{"floor":2,"key":"potionbrewer:BoundlessPotion"},{"floor":2,"key":"Weak Potion"},{"floor":2,"key":"CultistPotion"},{"floor":4,"key":"potionbrewer:FreezingPotion"},{"floor":6,"key":"Fire Potion"},{"floor":11,"key":"SteroidPotion"},{"floor":12,"key":"LiquidBronze"},{"floor":13,"key":"Fire Potion"},{"floor":14,"key":"Strength Potion"},{"floor":16,"key":"CultistPotion"},{"floor":18,"key":"Milkshake"},{"floor":19,"key":"Dexterity Potion"},{"floor":23,"key":"Milkshake"},{"floor":25,"key":"Fire Potion"},{"floor":27,"key":"potionbrewer:InfectionPotion"},{"floor":28,"key":"Strength Potion"},{"floor":29,"key":"LiquidMemories"},{"floor":30,"key":"LifebloodPotion"},{"floor":31,"key":"DistilledChaos"},{"floor":33,"key":"Dexterity Potion"},{"floor":35,"key":"Toxic Potion"},{"floor":37,"key":"EssenceOfSteel"},{"floor":38,"key":"FearPotion"},{"floor":39,"key":"potionbrewer:NoxiousPotion"},{"floor":41,"key":"Dexterity Potion"},{"floor":42,"key":"AttackPotion"},{"floor":45,"key":"potionbrewer:BoundlessPotion"},{"floor":46,"key":"SteroidPotion"},{"floor":48,"key":"potionbrewer:BlacksmithPotion"},{"floor":54,"key":"Strength Potion"}],"is_trial":false,"path_per_floor":["M","?","M","M","M","E","R","E","T","E","M","E","M","M","R","B",null,"M","M","?","$","?","E","?","E","T","E","?","E","M","M","R","B",null,"M","M","M","M","M","R","E","M","T","?","M","M","R","E","R","B",null,"R","$","E","B",null],"character_chosen":"NECROMANCER","items_purchased":["Strange Spoon","Scare","aspiration:HatOfInfinitePower","Happy Flower","Summon_Undead_Army"],"campfire_rested":0,"item_purchase_floors":[21,21,53,53,53],"current_hp_per_floor":[75,75,75,74,75,67,67,59,59,58,50,52,54,60,60,32,75,74,61,61,61,61,45,45,47,47,49,44,50,52,56,56,46,75,61,62,58,47,48,48,43,51,51,51,47,35,35,43,43,20,82,82,82,62,67],"gold":92,"neow_bonus":"NOSTALGIA","is_daily":false,"chose_seed":false,"campfire_upgraded":6,"win_rate":0.0,"timestamp":1612531033,"path_taken":["M","?","M","M","?","E","R","E","T","E","M","E","M","M","R","BOSS","M","M","?","$","?","E","?","E","T","E","?","E","M","M","R","BOSS","M","M","M","M","M","R","E","M","T","?","M","M","R","E","R","BOSS","R","$","E","BOSS"],"items_purchased_type":["Relic","Card","Relic","Relic","Card"],"build_version":"2020-12-22","purchased_purges":1,"victory":true,"max_hp_per_floor":[75,75,75,75,75,75,75,75,75,75,75,75,75,75,75,75,75,75,75,75,75,75,75,75,75,75,75,75,75,75,75,75,75,75,75,75,75,75,75,75,75,75,75,75,75,75,75,82,82,82,82,82,82,82,82],"card_choices":[{"not_picked":["Vampiric_Strike","Finger_Of_Death"],"picked":"Acid_Javelin","floor":1},{"not_picked":["Negative_Energy_Mist","Bone_Shift"],"picked":"Negative_Energy_Sphere","floor":3},{"not_picked":["Negative_Energy_Sphere","Shackles_Of_Pain"],"picked":"Spectral_Walk","floor":4},{"not_picked":["Death_Coil","Toxic_Smoke_Screen"],"picked":"Flesh_Made_Foul","floor":5},{"not_picked":["Blood_Magic","Toxic_Smoke_Screen"],"picked":"Bone_Armory","floor":6},{"not_picked":["Negative_Energy_Mist","Blood_Whip"],"picked":"Vampiric_Strike","floor":8},{"not_picked":["Chill_Blood","Requiem"],"picked":"Negative_Energy_Burst","floor":10},{"not_picked":["Negative_Energy_Javelin","Bone_Bullets"],"picked":"Plague_Bolt","floor":11},{"not_picked":["Negative_Energy_Shield","Blood_Whip"],"picked":"Death_March_Dance","floor":12},{"not_picked":["Negative_Energy_Sphere","Deaths_Shadow"],"picked":"Consume_Illness","floor":13},{"not_picked":["Consume_Illness","Bone_Shift"],"picked":"Slay_Living","floor":14},{"not_picked":["Requiem","Blood_Magic"],"picked":"Summon_Death_Knight","floor":16},{"not_picked":["Finger_Of_Death+1","Negative_Energy_Mist"],"picked":"Toxic_Smoke_Screen+1","floor":18},{"not_picked":["Blood_for_Blood+1","Shackles_Of_Pain"],"picked":"Necrotic_Claws","floor":19},{"not_picked":["Negative_Energy_Burst","Life_Drain"],"picked":"Siphon_Strength","floor":23},{"not_picked":["Summon_Death_Knight","Negative_Energy_Bomb"],"picked":"Bone_Bullets+1","floor":25},{"not_picked":["Negative_Energy_Mist+1","Bones_to_Steel"],"picked":"Negative_Energy_Javelin+1","floor":27},{"not_picked":["Finger_Of_Death+1","Necrotic_Claws"],"picked":"Negative_Energy_Shield+1","floor":28},{"not_picked":["Bone_Spikes","Bone_Shift"],"picked":"Plague_Bolt","floor":29},{"not_picked":["Vampiric_Strike","Bone_Armor"],"picked":"Summon_Lich+1","floor":30},{"not_picked":["Life_Drain","Thousand_Bone_Knives"],"picked":"Summon_Undead","floor":31},{"not_picked":["Blood_Magic","Reap_The_Weak"],"picked":"Detonate_Bones","floor":33},{"not_picked":["Negative_Energy_Shield+1","Consume_Illness+1"],"picked":"Toxic_Smoke_Screen+1","floor":35},{"not_picked":["Slay_Living","Vampiric_Strike+1"],"picked":"Blood_Shield+1","floor":36},{"not_picked":["Negative_Energy_Javelin","Negative_Energy_Mist+1"],"picked":"Violent_Necrosis+1","floor":37},{"not_picked":["Negative_Energy_Shield","Negative_Energy_Javelin"],"picked":"Bone_Armor+1","floor":38},{"not_picked":["Shade_Step","Death_Coil"],"picked":"Siphon_Strength+1","floor":39},{"not_picked":["Shackles_Of_Pain","Blood_Whip","Necromantic_Selection"],"picked":"SKIP","floor":41},{"not_picked":["Necromantic_Selection+1","Bone_Prison+1"],"picked":"Bone_Armory+1","floor":42},{"not_picked":["Summon_Death_Knight","Death_March_Dance"],"picked":"Stop_Heart","floor":45},{"not_picked":["Bone_Bullets+1","Bone_Prison+1"],"picked":"Summon_Undead_Army","floor":46},{"not_picked":["Blood_Shield+1","Negative_Energy_Javelin+1"],"picked":"Acid_Javelin+1","floor":48},{"not_picked":["Scare","Deaths_Shadow+1"],"picked":"Vampiric_Strike+1","floor":54}],"player_experience":879819,"relics_obtained":[{"floor":6,"key":"aspiration:VileToxins"},{"floor":8,"key":"Replay:Rubber Ducky"},{"floor":10,"key":"White Beast Statue"},{"floor":12,"key":"aspiration:SneckoTail"},{"floor":23,"key":"Replay:WaspNest"},{"floor":24,"key":"Ring of Searing"},{"floor":24,"key":"Ring of Fury"},{"floor":25,"key":"Replay:Accelerometer"},{"floor":26,"key":"Bronze Scales"},{"floor":27,"key":"InkBottle"},{"floor":28,"key":"Red Mask"},{"floor":29,"key":"Lantern"},{"floor":41,"key":"Potion Belt"},{"floor":43,"key":"Letter Opener"},{"floor":48,"key":"Strawberry"},{"floor":54,"key":"Snack Pack"}],"event_choices":[{"damage_healed":0,"gold_gain":0,"player_choice":"Got Potions","damage_taken":0,"max_hp_gain":0,"max_hp_loss":0,"event_name":"Lab","floor":2,"gold_loss":0},{"damage_healed":0,"gold_gain":0,"player_choice":"Simplicity","damage_taken":0,"max_hp_gain":0,"max_hp_loss":8,"event_name":"betterThird:BetterWriting","floor":22,"gold_loss":0},{"damage_healed":0,"gold_gain":0,"player_choice":"Fought Bandits","damage_taken":0,"max_hp_gain":0,"max_hp_loss":0,"event_name":"Masked Bandits","floor":28,"gold_loss":0},{"cards_removed":["Slay_Living"],"damage_healed":0,"gold_gain":0,"player_choice":"Removed Attack","damage_taken":0,"max_hp_gain":0,"max_hp_loss":0,"event_name":"Falling","floor":44,"gold_loss":0}],"is_beta":false,"boss_relics":[{"not_picked":["Snecko Eye","energizedSpire:NeverEndingSparkler"],"picked":"Ring of Chaos"},{"not_picked":["Abe\u0027s Treasure","energizedSpire:OgreHead"],"picked":"Cursed Key"}],"items_purged_floors":[53],"is_endless":false,"potions_floor_spawned":[4,6,11,12,13,14,16,18,19,23,25,27,28,29,30,31,33,35,36,37,38,39,41,42,45,46,48,54],"ascension_level":2}}