{"host":"3mxu71uy664p0kso","time":1612498526,"event":{"mods":["AchievementEnabler","BaseMod","Colored Map","Lobotomy","Minty Spire (QoL Compilation)","StSLib"],"gold_per_floor":[111,128,144,157,169,94,94,94,121,131,131,163,163,63,63,165,165,177,195,195,195],"floor_reached":20,"language":"KOR","playtime":1437,"items_purged":["InformationCode","CrumblingArmor"],"score":251,"play_id":"0f89dd04-76d6-42be-addc-5a4fd8b9b389","local_time":"20210205131526","is_ascension_mode":false,"campfire_choices":[{"floor":11,"key":"REST"},{"floor":13,"key":"REST"},{"floor":15,"key":"REST"}],"circlet_count":0,"master_deck":["SpecialBullet","SpecialBullet","SpecialBullet","SpecialBullet","SpecialBullet","SpecialBullet","SpecialBullet","SpecialBullet","CentralCode","DisciplinaryCode","Good Instincts","Scorched","WristCuter","OldLady","Bloodbath","WelfareCode","LongBird","WristCuter+1"],"relics":["CogitoBucket","RabbitCall","MealTicket","SkinProphecy","Orichalcum","Sozu"],"acts_visited":["Exordium","TheCity"],"potions_floor_usage":[12],"damage_taken":[{"damage":0.0,"enemies":"Cultist","floor":1.0,"turns":3.0},{"damage":0.0,"enemies":"Small Slimes","floor":2.0,"turns":1.0},{"damage":0.0,"enemies":"Jaw Worm","floor":3.0,"turns":2.0},{"damage":8.0,"enemies":"Exordium Wildlife","floor":4.0,"turns":3.0},{"damage":6.0,"enemies":"Exordium Thugs","floor":5.0,"turns":3.0},{"damage":53,"enemies":"2 Fungi Beasts","floor":10,"turns":6},{"damage":20,"enemies":"Lagavulin","floor":12,"turns":5},{"damage":0,"enemies":"The Guardian","floor":16,"turns":10},{"damage":0,"enemies":"Spheric Guardian","floor":18,"turns":3},{"damage":0,"enemies":"2 Thieves","floor":19,"turns":4},{"damage":69,"enemies":"Sentry and Sphere","floor":20,"turns":3}],"seed_played":"7039477316513224484","potions_obtained":[{"floor":1.0,"key":"Fruit Juice"},{"floor":3.0,"key":"GamblersBrew"},{"floor":5.0,"key":"GamblersBrew"}],"is_trial":false,"path_per_floor":["M","M","M","M","M","$","?","R","T","M","R","E","R","$","R","B",null,"M","M","M"],"character_chosen":"Angela","items_purchased":[],"campfire_rested":3,"item_purchase_floors":[],"current_hp_per_floor":[70,70,70,67,61,61,61,61,61,8,30,6,29,44,67,66,79,76,73,0,0],"gold":195,"neow_bonus":"RANDOM_COLORLESS","is_daily":false,"chose_seed":false,"campfire_upgraded":0,"win_rate":0.0,"timestamp":1612498526,"path_taken":["M","?","?","M","M","$","?","R","T","M","R","E","R","$","R","BOSS","M","M","M"],"items_purchased_type":[],"build_version":"2020-12-22","purchased_purges":2,"victory":false,"max_hp_per_floor":[70,70,70,75,75,75,75,75,75,75,75,77,77,77,77,79,79,81,83,87,87],"card_choices":[{"not_picked":["Trip","Purity"],"picked":"Good Instincts","floor":0.0},{"not_picked":["BeautyBeast","OSAHOGD"],"picked":"Scorched","floor":1.0},{"not_picked":["InTheNameOfLoveAndHate","TodaysExpression"],"picked":"SKIP","floor":1.0},{"not_picked":["Regret_ego","Heaven"],"picked":"SKIP","floor":2.0},{"not_picked":["Horn","Tough"],"picked":"SKIP","floor":3.0},{"not_picked":["CherryBlossoms","BeautyBeast"],"picked":"CrumblingArmor","floor":4.0},{"not_picked":["SomewhereSpear","GreenStem"],"picked":"SKIP","floor":4.0},{"not_picked":["Beak"],"picked":"WristCuter","floor":5.0},{"not_picked":["BigBird","Wellcheers"],"picked":"OldLady","floor":5.0},{"not_picked":["CUTE","ParadiseLost"],"picked":"SKIP","floor":10},{"not_picked":["FairyFestival","Murderer"],"picked":"Bloodbath","floor":12},{"not_picked":["Penitence","FourthMatchFlame"],"picked":"SKIP","floor":12},{"not_picked":["SpiderBud","BeautyBeast"],"picked":"LongBird","floor":16},{"not_picked":["CherryBlossom+1"],"picked":"WristCuter+1","floor":18},{"not_picked":["SomewhereSpear+1","SolemnVow+1"],"picked":"SKIP","floor":19}],"player_experience":117429,"relics_obtained":[{"floor":9.0,"key":"MealTicket"},{"floor":12,"key":"Orichalcum"}],"event_choices":[{"damage_healed":0.0,"max_hp_gain":0.0,"max_hp_loss":0.0,"gold_gain":0.0,"event_name":"Dead Adventurer","player_choice":"Searched \u00270\u0027 times","floor":7.0,"gold_loss":0.0,"damage_taken":0.0}],"is_beta":false,"boss_relics":[{"not_picked":["Black Star","Cursed Key"],"picked":"Sozu"}],"items_purged_floors":[6,14],"is_endless":false,"potions_floor_spawned":[1,3,5,18,19],"killed_by":"Sentry and Sphere","ascension_level":0}}