{"host":"r91i8wii3z9p67t1","time":1612526328,"event":{"mods":["BaseMod","Minty Spire (QoL Compilation)","Relic Stats","Reliquary","StSLib"],"gold_per_floor":[16,16,26,101,118,151,151,185,237,263,279,279,279,310,310,415,415,428,428,448,467,477,477,493,493,516,546,471,483,509,509,509,607,607,624,38,38,260,260,288,288,314,314,331,357,373,423,437,437,437],"floor_reached":51,"language":"ENG","playtime":5598,"items_purged":[],"score":1150,"play_id":"5d72b938-6877-4d87-8473-f3c61a9e228e","local_time":"20210205195848","is_ascension_mode":true,"campfire_choices":[{"floor":7.0,"key":"REST"},{"floor":13.0,"key":"REST"},{"data":"Swivel","floor":15.0,"key":"SMITH"},{"data":"ClearTheMind","floor":23.0,"key":"SMITH"},{"data":"Perseverance","floor":25.0,"key":"SMITH"},{"data":"Vault","floor":32.0,"key":"SMITH"},{"data":"Metamorphosis","floor":41.0,"key":"SMITH"},{"floor":49.0,"key":"REST"}],"circlet_count":0,"master_deck":["Strike_P+1","Strike_P+1","Strike_P+1","Defend_P+1","Defend_P+1","Defend_P+1","Defend_P+1","Eruption","Vigilance","Metamorphosis+1","ThirdEye+1","CutThroughFate","Swivel+1","Weave","FlyingSleeves","Perseverance+1","BowlingBash","FollowUp","Vault+1","ClearTheMind+1","Perseverance+1","Conclude+1","EmptyMind","MasterReality","Scrawl","Mind Blast","Consecrate+1","CutThroughFate+1"],"relics":["PureWater","Yang","reliquary:FerryPass","Bronze Scales","Shuriken","Damaru","Busted Crown","Vajra","Red Mask","Damaru","MutagenicStrength","reliquary:Craggleroot","reliquary:Bookmark","Bag of Marbles","Juzu Bracelet","reliquary:SharkskinSheath","Bird Faced Urn","Mummified Hand","reliquary:PurpleTingedLeaf","Lizard Tail"],"acts_visited":["Exordium","TheCity","TheBeyond"],"potions_floor_usage":[50,50],"damage_taken":[{"damage":0.0,"enemies":"Small Slimes","floor":1.0,"turns":2.0},{"damage":4.0,"enemies":"Jaw Worm","floor":3.0,"turns":4.0},{"damage":0.0,"enemies":"2 Louse","floor":5.0,"turns":2.0},{"damage":28.0,"enemies":"3 Sentries","floor":6.0,"turns":8.0},{"damage":14.0,"enemies":"Lagavulin","floor":8.0,"turns":6.0},{"damage":4.0,"enemies":"3 Sentries","floor":10.0,"turns":6.0},{"damage":0.0,"enemies":"2 Fungi Beasts","floor":11.0,"turns":2.0},{"damage":2.0,"enemies":"Gremlin Nob","floor":14.0,"turns":3.0},{"damage":6.0,"enemies":"The Guardian","floor":16.0,"turns":9.0},{"damage":0.0,"enemies":"2 Thieves","floor":18.0,"turns":5.0},{"damage":0.0,"enemies":"Spheric Guardian","floor":20.0,"turns":2.0},{"damage":0.0,"enemies":"Chosen and Byrds","floor":21.0,"turns":4.0},{"damage":10.0,"enemies":"Snake Plant","floor":22.0,"turns":2.0},{"damage":0.0,"enemies":"Snecko","floor":24.0,"turns":5.0},{"damage":10.0,"enemies":"Masked Bandits","floor":27.0,"turns":6.0},{"damage":0.0,"enemies":"Chosen and Byrds","floor":29.0,"turns":5.0},{"damage":0.0,"enemies":"Gremlin Leader","floor":30.0,"turns":4.0},{"damage":2.0,"enemies":"Collector","floor":33.0,"turns":5.0},{"damage":16.0,"enemies":"Orb Walker","floor":35.0,"turns":3.0},{"damage":0.0,"enemies":"Giant Head","floor":40.0,"turns":6.0},{"damage":0.0,"enemies":"Nemesis","floor":42.0,"turns":7.0},{"damage":0.0,"enemies":"3 Shapes","floor":44.0,"turns":3.0},{"damage":22.0,"enemies":"Giant Head","floor":45.0,"turns":7.0},{"damage":14.0,"enemies":"Transient","floor":46.0,"turns":6.0},{"damage":0.0,"enemies":"Mind Bloom Boss Battle","floor":47.0,"turns":3.0},{"damage":0.0,"enemies":"3 Darklings","floor":48.0,"turns":2.0},{"damage":60,"enemies":"Time Eater","floor":50,"turns":10}],"seed_played":"4265152271508308807","potions_obtained":[{"floor":1.0,"key":"Swift Potion"},{"floor":5.0,"key":"StancePotion"},{"floor":8.0,"key":"LiquidBronze"},{"floor":18.0,"key":"BlessingOfTheForge"},{"floor":30.0,"key":"DistilledChaos"},{"floor":45.0,"key":"Block Potion"}],"is_trial":false,"path_per_floor":["M","?","M","?","M","E","R","E","T","E","M","?","R","E","R","B",null,"M","?","M","M","M","R","M","R","T","?","?","M","E","?","R","B",null,"M","$","?","?","?","E","R","E","T","M","E","M","?","M","R","B",null],"character_chosen":"WATCHER","items_purchased":["reliquary:Bookmark","Bag of Marbles","Scrawl","Juzu Bracelet"],"campfire_rested":3,"item_purchase_floors":[36,36,36,36],"current_hp_per_floor":[65,65,61,50,50,22,43,29,29,25,25,30,53,51,51,45,69,69,69,69,69,59,59,59,59,59,49,49,49,49,49,49,47,70,54,54,54,54,54,54,54,54,54,56,36,26,28,28,51,38],"gold":437,"neow_bonus":"RANDOM_COLORLESS_2","is_daily":false,"chose_seed":false,"campfire_upgraded":5,"win_rate":0.0,"timestamp":1612526328,"path_taken":["M","?","M","?","M","E","R","E","T","E","?","?","R","E","R","BOSS","M","?","M","M","M","R","M","R","T","?","?","M","E","?","R","BOSS","M","$","?","?","?","E","R","E","T","M","E","M","?","M","R","BOSS"],"items_purchased_type":["Relic","Relic","Card","Relic"],"build_version":"2020-12-22","purchased_purges":0,"victory":true,"max_hp_per_floor":[72,72,72,72,72,72,72,72,72,72,72,77,77,77,77,77,77,77,77,77,77,77,77,77,77,77,77,77,77,77,77,77,77,77,77,77,77,77,77,77,77,77,77,77,77,77,77,77,77,77],"relic_stats":{"Lizard Tail":38,"Busted Crown":34,"counters":[27,127],"Shuriken":[61],"Mummified Hand":[7],"Bronze Scales":[240],"Bird Faced Urn":[10],"Yang":[307],"Juzu Bracelet":1,"obtain_stats":[{"Damaru":14,"Vajra":26,"Yang":6,"Juzu Bracelet":36,"reliquary:FerryPass":8,"reliquary:Bookmark":36,"Lizard Tail":47,"Busted Crown":17,"Shuriken":10,"Mummified Hand":43,"Bronze Scales":9,"MutagenicStrength":31,"Bird Faced Urn":42,"reliquary:Craggleroot":34,"reliquary:SculptingSteel":30,"Red Mask":27,"Bag of Marbles":36,"PureWater":0,"reliquary:PurpleTingedLeaf":45,"reliquary:SharkskinSheath":40},{"Damaru":8,"Vajra":14,"Yang":4,"Juzu Bracelet":19,"reliquary:FerryPass":5,"reliquary:Bookmark":19,"Lizard Tail":25,"Busted Crown":9,"Shuriken":6,"Mummified Hand":21,"Bronze Scales":5,"MutagenicStrength":17,"Bird Faced Urn":21,"reliquary:Craggleroot":18,"reliquary:SculptingSteel":17,"Red Mask":15,"Bag of Marbles":19,"PureWater":0,"reliquary:PurpleTingedLeaf":23,"reliquary:SharkskinSheath":20},{"Damaru":33,"Vajra":60,"Yang":16,"Juzu Bracelet":83,"reliquary:FerryPass":22,"reliquary:Bookmark":83,"Lizard Tail":115,"Busted Crown":42,"Shuriken":28,"Mummified Hand":96,"Bronze Scales":22,"MutagenicStrength":75,"Bird Faced Urn":96,"reliquary:Craggleroot":80,"reliquary:SculptingSteel":75,"Red Mask":66,"Bag of Marbles":83,"PureWater":0,"reliquary:PurpleTingedLeaf":106,"reliquary:SharkskinSheath":89}]},"card_choices":[{"not_picked":["HandOfGreed","Violence"],"picked":"Metamorphosis","floor":0.0},{"not_picked":["Halt","Consecrate"],"picked":"ThirdEye","floor":1.0},{"not_picked":["Consecrate","SandsOfTime"],"picked":"CutThroughFate","floor":3.0},{"not_picked":["EmptyFist","Halt"],"picked":"Swivel","floor":5.0},{"not_picked":["ThirdEye","FlurryOfBlows"],"picked":"Weave","floor":6.0},{"not_picked":["FollowUp","Alpha"],"picked":"FlyingSleeves","floor":8.0},{"not_picked":["Meditate","Vengeance"],"picked":"Perseverance","floor":10.0},{"not_picked":["Halt","FollowUp"],"picked":"BowlingBash","floor":11.0},{"not_picked":["PathToVictory","ForeignInfluence"],"picked":"FollowUp","floor":14.0},{"not_picked":["Wish","Judgement"],"picked":"Vault","floor":16.0},{"not_picked":["Crescendo"],"picked":"SKIP","floor":18.0},{"not_picked":[],"picked":"ClearTheMind","floor":20.0},{"not_picked":[],"picked":"Perseverance+1","floor":21.0},{"not_picked":["PathToVictory"],"picked":"SKIP","floor":22.0},{"not_picked":[],"picked":"CarveReality+1","floor":24.0},{"not_picked":[],"picked":"Conclude+1","floor":27.0},{"not_picked":[],"picked":"EmptyMind","floor":29.0},{"not_picked":["Pray"],"picked":"SKIP","floor":30.0},{"not_picked":[],"picked":"MasterReality","floor":33.0},{"not_picked":["Collect"],"picked":"SKIP","floor":35.0},{"not_picked":["MentalFortress"],"picked":"SKIP","floor":40.0},{"not_picked":[],"picked":"Consecrate+1","floor":42.0},{"not_picked":["MentalFortress"],"picked":"SKIP","floor":44.0},{"not_picked":["ClearTheMind"],"picked":"SKIP","floor":45.0},{"not_picked":["Sanctity"],"picked":"SKIP","floor":46.0},{"not_picked":[],"picked":"CutThroughFate+1","floor":47.0},{"not_picked":["Evaluate+1"],"picked":"SKIP","floor":48.0}],"player_experience":991919,"relics_obtained":[{"floor":6.0,"key":"Yang"},{"floor":8.0,"key":"reliquary:FerryPass"},{"floor":9.0,"key":"Bronze Scales"},{"floor":10.0,"key":"Shuriken"},{"floor":14.0,"key":"Damaru"},{"floor":26.0,"key":"Vajra"},{"floor":27.0,"key":"Red Mask"},{"floor":30.0,"key":"reliquary:SculptingSteel"},{"floor":40.0,"key":"reliquary:SharkskinSheath"},{"floor":42.0,"key":"Bird Faced Urn"},{"floor":43.0,"key":"Mummified Hand"},{"floor":45.0,"key":"reliquary:PurpleTingedLeaf"},{"floor":47.0,"key":"Lizard Tail"}],"event_choices":[{"damage_healed":0.0,"max_hp_gain":0.0,"max_hp_loss":0.0,"gold_gain":0.0,"event_name":"Living Wall","player_choice":"Grow","floor":2.0,"gold_loss":0.0,"damage_taken":0.0,"cards_upgraded":["ThirdEye"]},{"damage_healed":0.0,"max_hp_gain":0.0,"max_hp_loss":0.0,"gold_gain":75.0,"event_name":"World of Goop","player_choice":"Gather Gold","floor":4.0,"gold_loss":0.0,"damage_taken":11.0},{"damage_healed":0.0,"max_hp_gain":5.0,"max_hp_loss":0.0,"gold_gain":0.0,"event_name":"Big Fish","player_choice":"Donut","floor":12.0,"gold_loss":0.0,"damage_taken":0.0},{"damage_healed":0.0,"max_hp_gain":0.0,"max_hp_loss":0.0,"gold_gain":0.0,"event_name":"Back to Basics","player_choice":"Simplicity","floor":19.0,"gold_loss":0.0,"damage_taken":0.0,"cards_upgraded":["Strike_P","Strike_P","Strike_P","Strike_P","Defend_P","Defend_P","Defend_P","Defend_P"]},{"damage_healed":0.0,"max_hp_gain":0.0,"max_hp_loss":0.0,"gold_gain":0.0,"event_name":"Masked Bandits","player_choice":"Fought Bandits","floor":27.0,"gold_loss":0.0,"damage_taken":0.0},{"cards_removed":["CarveReality"],"damage_healed":0.0,"max_hp_gain":0.0,"max_hp_loss":0.0,"gold_gain":0.0,"event_name":"Beggar","player_choice":"Gave Gold","floor":28.0,"gold_loss":75.0,"damage_taken":0.0},{"damage_healed":0.0,"max_hp_gain":0.0,"max_hp_loss":0.0,"gold_gain":0.0,"event_name":"Drug Dealer","player_choice":"Inject Mutagens","floor":31.0,"gold_loss":0.0,"damage_taken":0.0,"relics_obtained":["MutagenicStrength"]},{"cards_removed":["Strike_P"],"damage_healed":0.0,"max_hp_gain":0.0,"max_hp_loss":0.0,"gold_gain":0.0,"event_name":"Falling","player_choice":"Removed Attack","floor":37.0,"gold_loss":0.0,"damage_taken":0.0},{"damage_healed":0.0,"max_hp_gain":0.0,"max_hp_loss":0.0,"gold_gain":222.0,"event_name":"Tomb of Lord Red Mask","player_choice":"Wore Mask","floor":38.0,"gold_loss":0.0,"damage_taken":0.0},{"damage_healed":0.0,"max_hp_gain":0.0,"max_hp_loss":0.0,"gold_gain":0.0,"event_name":"Match and Keep!","player_choice":"1 cards matched","floor":39.0,"gold_loss":0.0,"damage_taken":0.0,"cards_obtained":["Mind Blast"]},{"damage_healed":0.0,"max_hp_gain":0.0,"max_hp_loss":0.0,"gold_gain":0.0,"event_name":"MindBloom","player_choice":"Fight","floor":47.0,"gold_loss":0.0,"damage_taken":0.0}],"is_beta":false,"boss_relics":[{"not_picked":["Velvet Choker","Snecko Eye"],"picked":"Busted Crown"},{"not_picked":["Cursed Key","SacredBark"],"picked":"reliquary:Craggleroot"}],"items_purged_floors":[],"is_endless":false,"potions_floor_spawned":[1,5,8,14,18,24,27,30,35,45,46,47],"ascension_level":7}}