{"host":"i70yit5z0kpl303k","time":1612557990,"event":{"mods":["2.2 Compatiblity","Act Like it!","BaseMod","BetterRewards","Downfall","Gensokyo","Infinite Spire","Ironclad Rager","Koishi","Marked Mod","Minty Spire (QoL Compilation)","Relic Stats","Replay The Spire","StSLib","The Marked","thorton"],"gold_per_floor":[99,115,115,127,156,198,257,292,304,310,316,357,369,409,445,457,457,457],"floor_reached":16,"language":"ENG","playtime":592,"items_purged":[],"score":107,"play_id":"073085dd-0b6e-4922-b056-1de2097592aa","local_time":"20210205124630","is_ascension_mode":true,"campfire_choices":[{"floor":1.0,"key":"RECALL"},{"floor":13,"key":"REST"}],"circlet_count":0,"master_deck":["Guardian:Strike_Guardian","Guardian:Strike_Guardian","Guardian:Strike_Guardian","Guardian:Strike_Guardian","Guardian:Defend_Guardian","Guardian:Defend_Guardian","Guardian:Defend_Guardian","Guardian:Defend_Guardian","Guardian:CurlUp+1","Guardian:TwinSlam","Guardian:Reroute+1","Guardian:PolyBeam","Guardian:WalkerClaw","Guardian:ChargeCore","Guardian:Orbwalk","Guardian:WalkerClaw","Guardian:RefractedBeam","Guardian:Gem_Crimson","Guardian:Gem_Red"],"relics":["Guardian:ModeShifter","MawBank","Peace Pipe","CeramicFish"],"acts_visited":["Exordium"],"potions_floor_usage":[14],"damage_taken":[{"damage":8.0,"enemies":"2 Louse","floor":2.0,"turns":3.0},{"damage":10.0,"enemies":"Jaw Worm","floor":5.0,"turns":5.0},{"damage":16,"enemies":"3 Sentries","floor":6,"turns":10},{"damage":10,"enemies":"Cultist","floor":8,"turns":4},{"damage":0,"enemies":"downfall:FleeingMerchant","floor":10,"turns":4},{"damage":15,"enemies":"downfall:FleeingMerchant","floor":11,"turns":4},{"damage":17,"enemies":"Large Slime","floor":12,"turns":4},{"damage":12,"enemies":"Exordium Thugs","floor":14,"turns":4},{"damage":5,"enemies":"3 Louse","floor":15,"turns":4},{"damage":24,"enemies":"DF_ARCHETYPE_STREAMLINE","floor":16,"turns":3}],"seed_played":"130256720700020309","potions_obtained":[{"floor":2.0,"key":"PowerPotion"},{"floor":5,"key":"hexamod:SoulburnPotion"},{"floor":6,"key":"hexamod:SoulburnPotion"}],"is_trial":false,"path_per_floor":["R","M","?","?","M","E","T","M","?","$","$","M","R","M","M","B"],"character_chosen":"GUARDIAN","items_purchased":[],"campfire_rested":1,"item_purchase_floors":[],"current_hp_per_floor":[88,80,80,80,70,54,54,44,44,44,29,12,38,26,21,0,0,0],"gold":457,"neow_bonus":"TEN_PERCENT_HP_BONUS","is_daily":false,"chose_seed":false,"campfire_upgraded":0,"win_rate":0.0,"timestamp":1612557990,"path_taken":["R","M","?","?","?","E","T","M","?","?","$","M","R","?","M","BOSS"],"items_purchased_type":[],"build_version":"2020-12-22","purchased_purges":0,"victory":false,"max_hp_per_floor":[88,88,88,88,88,88,88,88,88,88,88,88,88,88,88,88,88,88],"relic_stats":{"Peace Pipe":0,"counters":[10,45],"CeramicFish":54,"MawBank":156,"obtain_stats":[{"Peace Pipe":6,"CeramicFish":7,"Guardian:ModeShifter":0,"MawBank":3},{"Peace Pipe":3,"CeramicFish":3,"Guardian:ModeShifter":0,"MawBank":1},{"Peace Pipe":18,"CeramicFish":18,"Guardian:ModeShifter":0,"MawBank":3}]},"card_choices":[{"not_picked":["Guardian:WalkerClaw","Guardian:Orbwalk"],"picked":"Guardian:Reroute","floor":2.0},{"not_picked":["Guardian:Gem_Crimson","Guardian:WalkerClaw"],"picked":"Guardian:PolyBeam","floor":5},{"not_picked":["Guardian:Gem_Crimson","Guardian:PiercingHide"],"picked":"Guardian:WalkerClaw","floor":6},{"not_picked":["Guardian:Gem_Green","Guardian:TimeCapacitor"],"picked":"Guardian:ChargeCore","floor":8},{"not_picked":["Guardian:Gem_White","Guardian:Harden"],"picked":"Guardian:Orbwalk","floor":10},{"not_picked":["Guardian:MultiBeam","Guardian:Incinerate"],"picked":"Guardian:WalkerClaw","floor":11},{"not_picked":["Guardian:Gem_Green","Guardian:ShieldCharger"],"picked":"Guardian:RefractedBeam","floor":12},{"not_picked":["Guardian:Reroute","Guardian:ShieldSpikes"],"picked":"Guardian:Gem_Crimson","floor":14},{"not_picked":["Guardian:ShieldCharger","Guardian:BronzeArmor"],"picked":"Guardian:Gem_Red","floor":15}],"player_experience":246862,"relics_obtained":[{"floor":3.0,"key":"MawBank"},{"floor":6,"key":"Peace Pipe"},{"floor":7,"key":"CeramicFish"}],"event_choices":[],"is_beta":false,"boss_relics":[],"items_purged_floors":[],"is_endless":false,"potions_floor_spawned":[2,5,6,8],"killed_by":"DF_ARCHETYPE_STREAMLINE","ascension_level":1}}