{"host":"kda2p2afd6bvz6qo","time":1612563232,"event":{"mods":["BaseMod","Colored Map","Minty Spire (QoL Compilation)","Relic Stats"],"gold_per_floor":[111,111,52,52,52,52,95,95,121,121,145,189,212,225,225,321,321,337,337,355,380,63,63,101,101,101,121,121,21,36,56,56,152,152,177,208,208,232,257,257,93,131,181,202,41,82,82,100,100,100,100],"floor_reached":50,"language":"ENG","playtime":3403,"items_purged":["Regret","Strike_G"],"score":1110,"play_id":"bd1e8a6a-a35b-496d-a811-9709c7897cd9","local_time":"20210205221352","is_ascension_mode":true,"campfire_choices":[{"floor":6.0,"key":"REST"},{"floor":10.0,"key":"REST"},{"floor":15.0,"key":"REST"},{"floor":23.0,"key":"RECALL"},{"floor":25.0,"key":"REST"},{"floor":32.0,"key":"REST"},{"floor":40.0,"key":"REST"},{"floor":47,"key":"REST"},{"floor":49,"key":"REST"}],"circlet_count":0,"master_deck":["AscendersBane","Strike_G","Strike_G","Strike_G+1","Defend_G","Defend_G","Defend_G","Defend_G","Defend_G+1","Survivor+1","Neutralize","Poisoned Stab","Dagger Spray","Dash","Skewer","Blur","Terror","Corpse Explosion","Phantasmal Killer","Footwork","Eviscerate","Backflip+1","RitualDagger","Adrenaline+1","Backflip","Blur+1","Sucker Punch+1"],"relics":["Fusion Hammer","Golden Idol","Incense Burner","Blood Vial","Toy Ornithopter","Gambling Chip","Busted Crown","ClockworkSouvenir","Pocketwatch","SlaversCollar","WingedGreaves","OrangePellets","Kunai","War Paint","Vajra","Lantern"],"acts_visited":["Exordium","TheCity","TheBeyond"],"potions_floor_usage":[42,42,46],"damage_taken":[{"damage":1.0,"enemies":"Small Slimes","floor":1.0,"turns":5.0},{"damage":35.0,"enemies":"Lagavulin","floor":7.0,"turns":10.0},{"damage":2.0,"enemies":"Jaw Worm","floor":11.0,"turns":3.0},{"damage":4.0,"enemies":"Gremlin Nob","floor":12.0,"turns":4.0},{"damage":0.0,"enemies":"2 Louse","floor":13.0,"turns":3.0},{"damage":2.0,"enemies":"Exordium Wildlife","floor":14.0,"turns":5.0},{"damage":10.0,"enemies":"The Guardian","floor":16.0,"turns":10.0},{"damage":7.0,"enemies":"2 Thieves","floor":18.0,"turns":3.0},{"damage":2.0,"enemies":"Shell Parasite","floor":20.0,"turns":4.0},{"damage":1.0,"enemies":"Snecko","floor":21.0,"turns":5.0},{"damage":15.0,"enemies":"Gremlin Leader","floor":24.0,"turns":8.0},{"damage":0.0,"enemies":"3 Cultists","floor":27.0,"turns":2.0},{"damage":11.0,"enemies":"Chosen and Byrds","floor":30.0,"turns":5.0},{"damage":0.0,"enemies":"Snecko","floor":31.0,"turns":5.0},{"damage":53.0,"enemies":"Champ","floor":33.0,"turns":17.0},{"damage":6.0,"enemies":"Orb Walker","floor":35.0,"turns":3.0},{"damage":3.0,"enemies":"Mind Bloom Boss Battle","floor":36.0,"turns":7.0},{"damage":0.0,"enemies":"3 Shapes","floor":38.0,"turns":4.0},{"damage":22.0,"enemies":"Sphere and 2 Shapes","floor":39.0,"turns":7.0},{"damage":11,"enemies":"Giant Head","floor":42,"turns":5},{"damage":29,"enemies":"Writhing Mass","floor":44,"turns":6},{"damage":10,"enemies":"Nemesis","floor":46,"turns":13},{"damage":0,"enemies":"4 Shapes","floor":48,"turns":4},{"damage":54,"enemies":"Time Eater","floor":50,"turns":12}],"seed_played":"-3202594427677971315","potions_obtained":[{"floor":1.0,"key":"Explosive Potion"},{"floor":7.0,"key":"Swift Potion"},{"floor":14.0,"key":"Fire Potion"},{"floor":20.0,"key":"ColorlessPotion"},{"floor":21.0,"key":"FearPotion"},{"floor":27.0,"key":"LiquidMemories"},{"floor":30.0,"key":"DuplicationPotion"},{"floor":36.0,"key":"Strength Potion"},{"floor":38.0,"key":"SteroidPotion"},{"floor":44,"key":"SpeedPotion"}],"is_trial":false,"path_per_floor":["M","?","$","?","?","R","E","?","T","R","M","E","M","M","R","B",null,"M","?","M","M","$","R","E","R","T","M","?","$","M","M","R","B",null,"M","?","?","M","M","R","$","E","T","M","$","E","R","M","R","B"],"character_chosen":"THE_SILENT","items_purchased":["Dagger Spray","Footwork","ClockworkSouvenir","OrangePellets","Vajra"],"campfire_rested":8,"item_purchase_floors":[3,22,22,41,45],"current_hp_per_floor":[58,38,38,31,31,49,14,14,14,32,32,30,32,32,50,42,56,56,56,58,59,59,59,55,60,60,60,54,54,45,47,60,13,48,44,43,43,45,25,42,42,43,43,16,16,13,30,32,49,0,0],"gold":100,"neow_bonus":"BOSS_RELIC","is_daily":false,"chose_seed":false,"campfire_upgraded":0,"win_rate":0.0,"timestamp":1612563232,"path_taken":["M","?","$","?","?","R","E","?","T","R","M","E","M","M","R","BOSS","M","?","M","M","$","R","E","R","T","M","?","$","M","M","R","BOSS","M","?","?","M","M","R","$","E","T","M","?","E","R","?","R","BOSS"],"items_purchased_type":["Card","Card","Relic","Relic","Relic"],"build_version":"2020-12-22","purchased_purges":2,"victory":false,"max_hp_per_floor":[66,66,66,66,60,60,60,60,60,60,60,60,60,60,60,60,60,60,60,60,60,60,60,60,60,60,60,60,60,60,60,60,60,60,60,60,57,57,57,57,57,57,57,57,57,57,57,57,57,57,57],"relic_stats":{"Blood Vial":39,"OrangePellets":[1],"Busted Crown":32,"counters":[24,150],"Golden Idol":145,"Gambling Chip":[40],"Kunai":[9],"War Paint":["Adrenaline","Defend_G"],"obtain_stats":[{"Lantern":46,"Golden Idol":5,"Vajra":45,"Incense Burner":7,"War Paint":43,"ClockworkSouvenir":22,"Blood Vial":8,"SlaversCollar":34,"OrangePellets":41,"Busted Crown":17,"Gambling Chip":12,"Fusion Hammer":0,"WingedGreaves":36,"Kunai":42,"Toy Ornithopter":9,"Ring of the Snake":0,"Pocketwatch":24},{"Lantern":22,"Golden Idol":1,"Vajra":21,"Incense Burner":2,"War Paint":20,"ClockworkSouvenir":10,"Blood Vial":2,"SlaversCollar":15,"OrangePellets":19,"Busted Crown":7,"Gambling Chip":4,"Fusion Hammer":0,"WingedGreaves":17,"Kunai":20,"Toy Ornithopter":2,"Ring of the Snake":0,"Pocketwatch":11},{"Lantern":134,"Golden Idol":5,"Vajra":121,"Incense Burner":15,"War Paint":115,"ClockworkSouvenir":52,"Blood Vial":15,"SlaversCollar":89,"OrangePellets":110,"Busted Crown":40,"Gambling Chip":22,"Fusion Hammer":0,"WingedGreaves":99,"Kunai":115,"Toy Ornithopter":15,"Ring of the Snake":0,"Pocketwatch":60}],"Toy Ornithopter":38,"Pocketwatch":[93]},"card_choices":[{"not_picked":["Reflex","Caltrops"],"picked":"Poisoned Stab","floor":1.0},{"not_picked":["Dodge and Roll","Deflect"],"picked":"Dash","floor":7.0},{"not_picked":["Choke","Catalyst"],"picked":"Skewer","floor":11.0},{"not_picked":["Cloak And Dagger","Caltrops"],"picked":"Blur","floor":12.0},{"not_picked":["Reflex","Eviscerate"],"picked":"Terror","floor":13.0},{"not_picked":["Deadly Poison","Concentrate"],"picked":"Corpse Explosion","floor":14.0},{"not_picked":["Venomology","Corpse Explosion"],"picked":"Phantasmal Killer","floor":16.0},{"not_picked":["Skewer"],"picked":"SKIP","floor":18.0},{"not_picked":["Concentrate"],"picked":"SKIP","floor":20.0},{"not_picked":["Dagger Throw"],"picked":"SKIP","floor":21.0},{"not_picked":[],"picked":"Eviscerate","floor":24.0},{"not_picked":[],"picked":"Backflip+1","floor":27.0},{"not_picked":["Blur"],"picked":"SKIP","floor":30.0},{"not_picked":["Prepared"],"picked":"SKIP","floor":31.0},{"not_picked":[],"picked":"Adrenaline","floor":33.0},{"not_picked":["Sucker Punch"],"picked":"SKIP","floor":35.0},{"not_picked":["Dagger Throw"],"picked":"SKIP","floor":38.0},{"not_picked":[],"picked":"Backflip","floor":39.0},{"not_picked":[],"picked":"Blur+1","floor":42},{"not_picked":["Bane"],"picked":"SKIP","floor":44},{"not_picked":[],"picked":"Sucker Punch+1","floor":46},{"not_picked":["Flying Knee"],"picked":"SKIP","floor":48}],"player_experience":204589,"relics_obtained":[{"floor":7.0,"key":"Incense Burner"},{"floor":9.0,"key":"Toy Ornithopter"},{"floor":12.0,"key":"Gambling Chip"},{"floor":24.0,"key":"Pocketwatch"},{"floor":36.0,"key":"WingedGreaves"},{"floor":42,"key":"Kunai"},{"floor":43,"key":"War Paint"},{"floor":46,"key":"Lantern"}],"event_choices":[{"damage_healed":0.0,"max_hp_gain":0.0,"max_hp_loss":0.0,"gold_gain":0.0,"event_name":"Shining Light","player_choice":"Entered Light","floor":2.0,"gold_loss":0.0,"damage_taken":20.0,"cards_upgraded":["Strike_G","Survivor"]},{"cards_removed":["Strike_G"],"damage_healed":0.0,"max_hp_gain":0.0,"max_hp_loss":0.0,"gold_gain":0.0,"event_name":"Golden Wing","player_choice":"Card Removal","floor":4.0,"gold_loss":0.0,"damage_taken":7.0},{"damage_healed":0.0,"max_hp_gain":0.0,"max_hp_loss":6.0,"gold_gain":0.0,"event_name":"Golden Idol","player_choice":"Lose Max HP","floor":5.0,"gold_loss":0.0,"damage_taken":0.0,"relics_obtained":["Golden Idol"]},{"damage_healed":0.0,"max_hp_gain":0.0,"max_hp_loss":0.0,"gold_gain":0.0,"event_name":"Big Fish","player_choice":"Box","floor":8.0,"gold_loss":0.0,"damage_taken":0.0,"relics_obtained":["Blood Vial"],"cards_obtained":["Regret"]},{"damage_healed":0.0,"max_hp_gain":0.0,"max_hp_loss":0.0,"gold_gain":0.0,"event_name":"Ghosts","player_choice":"Ignored","floor":19.0,"gold_loss":0.0,"damage_taken":0.0},{"damage_healed":0.0,"max_hp_gain":0.0,"max_hp_loss":0.0,"gold_gain":0.0,"event_name":"Nest","player_choice":"Joined the Cult","floor":28.0,"gold_loss":0.0,"damage_taken":6.0,"cards_obtained":["RitualDagger"]},{"damage_healed":0.0,"max_hp_gain":0.0,"max_hp_loss":0.0,"gold_gain":0.0,"event_name":"MindBloom","player_choice":"Fight","floor":36.0,"gold_loss":0.0,"damage_taken":0.0},{"damage_healed":0.0,"max_hp_gain":0.0,"max_hp_loss":3.0,"gold_gain":0.0,"event_name":"Winding Halls","player_choice":"Max HP","floor":37.0,"gold_loss":0.0,"damage_taken":0.0}],"is_beta":false,"boss_relics":[{"not_picked":["Cursed Key","WristBlade"],"picked":"Busted Crown"},{"not_picked":["SacredBark","HoveringKite"],"picked":"SlaversCollar"}],"items_purged_floors":[22,29],"is_endless":false,"potions_floor_spawned":[1,7,14,16,20,21,27,30,36,38,44],"killed_by":"Time Eater","ascension_level":20}}