{"host":"kxz5izodaorfb9am","time":1612523908,"event":{"mods":["BaseMod","GifTheSpireLib","Minty Spire (QoL Compilation)","Shop Mod","StSLib"],"gold_per_floor":[118,43,43,54,129,155,155,166,217,230,265,279,279,108,108,108,108],"floor_reached":16,"language":"ENG","playtime":1002,"items_purged":["Strike_R","Strike_R"],"score":121,"play_id":"428558db-d5a3-4cf1-aac6-c6536274e056","local_time":"20210205121828","is_ascension_mode":true,"campfire_choices":[{"data":"Rage","floor":13,"key":"SMITH"},{"floor":15,"key":"REST"}],"circlet_count":0,"master_deck":["Strike_R","Defend_R","Defend_R","Defend_R","Bash","Sentinel+1","Cleave+1","Rupture+1","Shrug It Off","Sword Boomerang","Rage+1","Heavy Blade","Juggernaut","Impervious","Shrug It Off","Feed","Body Slam"],"relics":["Astrolabe","Centennial Puzzle","Dream Catcher","Anchor"],"acts_visited":["Exordium"],"potions_floor_usage":[11,11,11,12,16,16],"damage_taken":[{"damage":0,"enemies":"Cultist","floor":1,"turns":3},{"damage":0,"enemies":"2 Louse","floor":4,"turns":2},{"damage":31,"enemies":"Gremlin Nob","floor":6,"turns":5},{"damage":6,"enemies":"Small Slimes","floor":8,"turns":3},{"damage":3,"enemies":"Looter","floor":10,"turns":3},{"damage":13,"enemies":"Lagavulin","floor":11,"turns":7},{"damage":3,"enemies":"Large Slime","floor":12,"turns":8},{"damage":54,"enemies":"Hexaghost","floor":16,"turns":12}],"seed_played":"-6018605945104573895","potions_obtained":[{"floor":7,"key":"Ancient Potion"},{"floor":7,"key":"DistilledChaos"},{"floor":7,"key":"SmokeBomb"},{"floor":10,"key":"PowerPotion"},{"floor":12,"key":"EntropicBrew"}],"is_trial":false,"path_per_floor":["M","$","?","M","?","E","?","M","T","M","E","M","R","$","R","B"],"character_chosen":"IRONCLAD","items_purchased":["Feed"],"campfire_rested":1,"item_purchase_floors":[14],"current_hp_per_floor":[80,80,80,80,69,38,38,32,32,29,16,13,13,13,37,0,0],"gold":108,"neow_bonus":"BOSS_RELIC","is_daily":false,"chose_seed":false,"campfire_upgraded":1,"win_rate":0.0,"timestamp":1612523908,"path_taken":["M","$","?","M","?","E","?","?","T","?","E","M","R","$","R","BOSS"],"items_purchased_type":["Card"],"build_version":"2020-12-22","purchased_purges":2,"victory":false,"max_hp_per_floor":[80,80,80,80,80,80,80,80,80,80,80,80,80,80,80,80,80],"card_choices":[{"not_picked":["Twin Strike","Clash"],"picked":"Shrug It Off","floor":1},{"not_picked":["Reckless Charge","Pummel"],"picked":"Sword Boomerang","floor":4},{"not_picked":["Twin Strike","Dual Wield"],"picked":"Rage","floor":6},{"not_picked":["Wild Strike","Headbutt"],"picked":"Heavy Blade","floor":8},{"not_picked":["Iron Wave","Heavy Blade"],"picked":"Juggernaut","floor":10},{"not_picked":["Wild Strike","Rupture"],"picked":"Impervious","floor":11},{"not_picked":["Anger","Wild Strike"],"picked":"Shrug It Off","floor":12},{"not_picked":["Havoc","Seeing Red"],"picked":"Body Slam","floor":15}],"player_experience":283880,"relics_obtained":[{"floor":6,"key":"Centennial Puzzle"},{"floor":9,"key":"Dream Catcher"},{"floor":11,"key":"Anchor"}],"event_choices":[{"damage_healed":0,"gold_gain":0,"player_choice":"Leave","damage_taken":0,"max_hp_gain":0,"max_hp_loss":0,"event_name":"The Cleric","floor":3,"gold_loss":0},{"damage_healed":0,"gold_gain":75,"player_choice":"Gather Gold","damage_taken":11,"max_hp_gain":0,"max_hp_loss":0,"event_name":"World of Goop","floor":5,"gold_loss":0},{"damage_healed":0,"gold_gain":0,"player_choice":"Got Potions","damage_taken":0,"max_hp_gain":0,"max_hp_loss":0,"event_name":"Lab","floor":7,"gold_loss":0}],"is_beta":false,"boss_relics":[],"items_purged_floors":[2,14],"is_endless":false,"potions_floor_spawned":[10,12],"killed_by":"Hexaghost","ascension_level":2}}