{"host":"fuszjwm6fqgjjp4d","time":1612515280,"event":{"mods":["BaseMod","Bestiary","Colored Map","Minty Spire (QoL Compilation)","Permanent Neow","Relic Sorter","Relic Stats","StSLib"],"gold_per_floor":[117,130,155,66,66,66,98,98,98,98,126,126,137,164,164,235,235,250,250,229,240,165,165,194,194,194],"floor_reached":25,"language":"ENG","playtime":652,"items_purged":[],"score":524,"play_id":"26034b24-63d1-4ec6-aeaf-551b6946d896","local_time":"20210205025440","is_ascension_mode":true,"campfire_choices":[{"data":"Predator","floor":6.0,"key":"SMITH"},{"data":"Footwork","floor":8.0,"key":"SMITH"},{"data":"Deadly Poison","floor":12.0,"key":"SMITH"},{"data":"Deadly Poison","floor":15.0,"key":"SMITH"},{"data":"Cloak And Dagger","floor":23.0,"key":"SMITH"}],"circlet_count":0,"master_deck":["AscendersBane","Strike_G","Strike_G+1","Strike_G+1","Strike_G","Defend_G","Defend_G","Defend_G","Defend_G","Defend_G","Survivor","Neutralize","Footwork+1","Deadly Poison+1","PiercingWail","Predator+1","Sucker Punch","Deadly Poison+1","Blade Dance","Adrenaline+1","Cloak And Dagger+1","Flying Knee"],"relics":["Ring of the Snake","NeowsBlessing","Whetstone","Akabeko","Bird Faced Urn","StrikeDummy","Bottled Tornado","Lizard Tail","SlaversCollar","Shuriken"],"acts_visited":["Exordium","TheCity"],"potions_floor_usage":[],"damage_taken":[{"damage":0.0,"enemies":"Cultist","floor":1.0,"turns":1.0},{"damage":0.0,"enemies":"Jaw Worm","floor":2.0,"turns":1.0},{"damage":0.0,"enemies":"3 Sentries","floor":7.0,"turns":1.0},{"damage":1.0,"enemies":"Gremlin Nob","floor":11.0,"turns":4.0},{"damage":0.0,"enemies":"2 Louse","floor":13.0,"turns":1.0},{"damage":17.0,"enemies":"3 Sentries","floor":14.0,"turns":6.0},{"damage":45.0,"enemies":"Hexaghost","floor":16.0,"turns":10.0},{"damage":20.0,"enemies":"Spheric Guardian","floor":18.0,"turns":6.0},{"damage":2.0,"enemies":"2 Thieves","floor":20.0,"turns":4.0},{"damage":48.0,"enemies":"Chosen and Byrds","floor":21.0,"turns":8.0},{"damage":9,"enemies":"Book of Stabbing","floor":24,"turns":5},{"damage":50,"enemies":"Shelled Parasite and Fungi","floor":25,"turns":4}],"seed_played":"5353578100671645890","potions_obtained":[{"floor":1.0,"key":"PowerPotion"},{"floor":7.0,"key":"SpeedPotion"},{"floor":13.0,"key":"Swift Potion"}],"is_trial":false,"path_per_floor":["M","M","T","$","?","R","E","R","T","T","E","R","M","E","R","B",null,"M","?","M","M","?","R","E","M"],"character_chosen":"THE_SILENT","items_purchased":["PiercingWail","Predator"],"campfire_rested":0,"item_purchase_floors":[4,4],"current_hp_per_floor":[59,59,59,59,64,64,64,64,64,64,67,67,67,52,52,9,56,38,38,38,30,30,30,23,0,0],"gold":194,"neow_bonus":"THREE_ENEMY_KILL","is_daily":false,"chose_seed":false,"campfire_upgraded":5,"win_rate":0.0,"timestamp":1612515280,"path_taken":["M","?","?","$","?","R","E","R","T","?","E","R","M","E","R","BOSS","M","?","?","M","?","R","E","M"],"items_purchased_type":["Card","Card"],"build_version":"2020-12-22","purchased_purges":0,"victory":false,"max_hp_per_floor":[66,66,66,66,71,71,71,71,71,71,71,71,71,71,71,71,71,71,71,71,71,71,71,71,71,71],"relic_stats":{"Lizard Tail":35,"counters":[12,51],"Shuriken":[3],"Bird Faced Urn":[16],"Whetstone":["Strike_G","Strike_G"],"obtain_stats":[{"SlaversCollar":17,"Lizard Tail":14,"NeowsBlessing":0,"Shuriken":24,"Bird Faced Urn":9,"Whetstone":3,"Bottled Tornado":11,"StrikeDummy":10,"Akabeko":7,"Ring of the Snake":0},{"SlaversCollar":7,"Lizard Tail":6,"NeowsBlessing":0,"Shuriken":11,"Bird Faced Urn":3,"Whetstone":2,"Bottled Tornado":4,"StrikeDummy":3,"Akabeko":3,"Ring of the Snake":0},{"SlaversCollar":24,"Lizard Tail":14,"NeowsBlessing":0,"Shuriken":47,"Bird Faced Urn":3,"Whetstone":2,"Bottled Tornado":7,"StrikeDummy":3,"Akabeko":3,"Ring of the Snake":0}],"Ring of the Snake":[24]},"card_choices":[{"not_picked":["Finisher","Terror"],"picked":"Footwork","floor":1.0},{"not_picked":["Underhanded Strike","Poisoned Stab"],"picked":"Deadly Poison","floor":2.0},{"not_picked":["Outmaneuver","Backflip"],"picked":"Sucker Punch","floor":7.0},{"not_picked":["Dagger Throw","Deflect"],"picked":"Deadly Poison","floor":11.0},{"not_picked":["PiercingWail","Endless Agony","Acrobatics"],"picked":"SKIP","floor":13.0},{"not_picked":["Sucker Punch","Calculated Gamble"],"picked":"Blade Dance","floor":14.0},{"not_picked":["Unload","Burst"],"picked":"Adrenaline","floor":16.0},{"not_picked":["Slice","Dash"],"picked":"Cloak And Dagger","floor":18.0},{"not_picked":["Distraction","Sucker Punch","Underhanded Strike"],"picked":"SKIP","floor":20.0},{"not_picked":["Sucker Punch","Endless Agony+1"],"picked":"Flying Knee","floor":21.0},{"not_picked":["Poisoned Stab","Predator","Underhanded Strike"],"picked":"SKIP","floor":24}],"player_experience":1444725,"relics_obtained":[{"floor":3.0,"key":"Whetstone"},{"floor":7.0,"key":"Akabeko"},{"floor":9.0,"key":"Bird Faced Urn"},{"floor":10.0,"key":"StrikeDummy"},{"floor":11.0,"key":"Bottled Tornado"},{"floor":14.0,"key":"Lizard Tail"},{"floor":24,"key":"Shuriken"}],"event_choices":[{"damage_healed":0.0,"max_hp_gain":5.0,"max_hp_loss":0.0,"gold_gain":0.0,"event_name":"Big Fish","player_choice":"Donut","floor":5.0,"gold_loss":0.0,"damage_taken":0.0},{"damage_healed":0.0,"max_hp_gain":0.0,"max_hp_loss":0.0,"gold_gain":0.0,"event_name":"Upgrade Shrine","player_choice":"Upgraded","floor":19.0,"gold_loss":0.0,"damage_taken":0.0,"cards_upgraded":["Adrenaline"]},{"cards_removed":["Strike_G"],"damage_healed":0.0,"max_hp_gain":0.0,"max_hp_loss":0.0,"gold_gain":0.0,"event_name":"Beggar","player_choice":"Gave Gold","floor":22.0,"gold_loss":75.0,"damage_taken":0.0}],"is_beta":false,"boss_relics":[{"not_picked":["Busted Crown","SacredBark"],"picked":"SlaversCollar"}],"items_purged_floors":[],"is_endless":false,"potions_floor_spawned":[1,7,13,16],"killed_by":"Shelled Parasite and Fungi","ascension_level":20}}