{"host":"f3zi5bw4of71qj4o","time":1612551084,"event":{"mods":["BaseMod","DeckTracker","Highlight Path","Minty Spire (QoL Compilation)","Relic Stats","StSLib","SuperFastMode"],"gold_per_floor":[119,44,16,30,48,78,78,107,132,132,152,22,22,38,38,112,112,127,147,147,147,17,17,17],"floor_reached":23,"language":"ENG","playtime":752,"items_purged":["Defend_B"],"score":448,"play_id":"3001d777-817d-4fd3-b378-a05634416b37","local_time":"20210205195124","is_ascension_mode":true,"campfire_choices":[{"floor":7,"key":"REST"},{"data":"Go for the Eyes","floor":10,"key":"SMITH"},{"floor":15,"key":"REST"}],"circlet_count":0,"master_deck":["AscendersBane","Strike_B","Strike_B","Strike_B","Defend_B+1","Defend_B+1","Defend_B","Zap","Dualcast","Ball Lightning","Conserve Battery","Go for the Eyes+1","Electrodynamics","All For One","Loop","Gash","Lockon","Core Surge","Genetic Algorithm","Bandage Up","Leap"],"relics":["Cracked Core","NeowsBlessing","Ancient Tea Set","Juzu Bracelet","Orichalcum","SlaversCollar","FaceOfCleric"],"acts_visited":["Exordium","TheCity"],"potions_floor_usage":[8,8],"damage_taken":[{"damage":0,"enemies":"Small Slimes","floor":1,"turns":1},{"damage":0,"enemies":"2 Louse","floor":4,"turns":1},{"damage":0,"enemies":"Cultist","floor":5,"turns":1},{"damage":51,"enemies":"Gremlin Nob","floor":6,"turns":5},{"damage":0,"enemies":"3 Sentries","floor":8,"turns":4},{"damage":9,"enemies":"Gremlin Gang","floor":11,"turns":4},{"damage":0,"enemies":"Lots of Slimes","floor":14,"turns":2},{"damage":21,"enemies":"The Guardian","floor":16,"turns":11},{"damage":25,"enemies":"2 Thieves","floor":18,"turns":3},{"damage":0,"enemies":"Chosen","floor":19,"turns":3},{"damage":84,"enemies":"Gremlin Leader","floor":23,"turns":6}],"seed_played":"4500805173260829923","potions_obtained":[{"floor":4,"key":"Explosive Potion"},{"floor":5,"key":"SkillPotion"},{"floor":16,"key":"LiquidBronze"},{"floor":18,"key":"SpeedPotion"}],"is_trial":false,"path_per_floor":["M","?","$","M","M","E","R","E","T","R","M","$","?","M","R","B",null,"M","M","?","?","$","E"],"character_chosen":"DEFECT","items_purchased":["Conserve Battery","Gash","Bandage Up","Leap"],"campfire_rested":2,"item_purchase_floors":[3,12,22,22],"current_hp_per_floor":[64,64,64,64,64,13,34,34,34,34,25,25,4,4,25,4,54,29,29,29,71,71,0,0],"gold":17,"neow_bonus":"THREE_ENEMY_KILL","is_daily":false,"chose_seed":false,"campfire_upgraded":1,"win_rate":0.0,"timestamp":1612551084,"path_taken":["M","?","$","M","M","E","R","E","T","R","M","$","?","M","R","BOSS","M","M","?","?","$","E"],"items_purchased_type":["Card","Card","Card","Card"],"build_version":"2020-12-22","purchased_purges":1,"victory":false,"max_hp_per_floor":[71,71,71,71,71,71,71,71,71,71,71,71,71,71,71,71,71,71,71,71,71,71,71,71],"relic_stats":{"FaceOfCleric":0,"counters":[11,41],"Juzu Bracelet":1,"Orichalcum":[84],"obtain_stats":[{"SlaversCollar":17,"NeowsBlessing":0,"FaceOfCleric":20,"Juzu Bracelet":8,"Orichalcum":9,"Cracked Core":0,"Ancient Tea Set":6},{"SlaversCollar":8,"NeowsBlessing":0,"FaceOfCleric":10,"Juzu Bracelet":5,"Orichalcum":5,"Cracked Core":0,"Ancient Tea Set":4},{"SlaversCollar":29,"NeowsBlessing":0,"FaceOfCleric":35,"Juzu Bracelet":12,"Orichalcum":12,"Cracked Core":0,"Ancient Tea Set":8}]},"card_choices":[{"not_picked":["Hologram","Coolheaded"],"picked":"Ball Lightning","floor":1},{"not_picked":["Coolheaded","Barrage"],"picked":"Force Field","floor":4},{"not_picked":["Redo","Skim"],"picked":"Go for the Eyes","floor":5},{"not_picked":["Glacier","Leap"],"picked":"Electrodynamics","floor":6},{"not_picked":["Turbo","Streamline"],"picked":"All For One","floor":8},{"not_picked":["Redo","Compile Driver"],"picked":"Loop","floor":11},{"not_picked":["Turbo","Sweeping Beam"],"picked":"Lockon","floor":14},{"not_picked":["Echo Form","Seek"],"picked":"Core Surge","floor":16},{"not_picked":["Compile Driver+1","Conserve Battery"],"picked":"Genetic Algorithm","floor":18},{"not_picked":["Barrage","Blizzard","Go for the Eyes"],"picked":"SKIP","floor":19}],"player_experience":2579037,"relics_obtained":[{"floor":6,"key":"Ancient Tea Set"},{"floor":8,"key":"Juzu Bracelet"},{"floor":9,"key":"Orichalcum"}],"event_choices":[{"cards_removed":["Strike_B"],"damage_healed":0,"gold_gain":0,"player_choice":"Card Removal","damage_taken":0,"max_hp_gain":0,"max_hp_loss":0,"event_name":"The Cleric","floor":2,"gold_loss":75},{"damage_healed":0,"gold_gain":0,"player_choice":"Entered Light","damage_taken":21,"max_hp_gain":0,"max_hp_loss":0,"event_name":"Shining Light","floor":13,"gold_loss":0,"cards_upgraded":["Defend_B","Defend_B"]},{"damage_healed":0,"gold_gain":0,"player_choice":"Trade","damage_taken":0,"relics_obtained":["FaceOfCleric"],"max_hp_gain":0,"max_hp_loss":0,"event_name":"FaceTrader","floor":20,"gold_loss":0},{"cards_removed":["Force Field"],"damage_healed":42,"gold_gain":0,"player_choice":"Offered Uncommon","damage_taken":0,"max_hp_gain":0,"max_hp_loss":0,"event_name":"Bonfire Elementals","floor":21,"gold_loss":0}],"is_beta":false,"boss_relics":[{"not_picked":["Sozu","Runic Dome"],"picked":"SlaversCollar"}],"items_purged_floors":[12],"is_endless":false,"potions_floor_spawned":[4,5,16,18],"killed_by":"Gremlin Leader","ascension_level":20}}