{"host":"tzwuiju9jhaz8xpk","time":1612498356,"event":{"mods":["AchievementEnabler","Act Like it!","Ascension Unlocker","BaseMod","Better Altar","Better Match","Better Sensory Stone","Displayed Cursed Tome","Duelist Mod","Evolution","GungeonMod","Highlight Path","Infinite Spire","Minty Spire (QoL Compilation)","Permanent Neow","RNG Fix","Reliquary","Replay The Spire","Spicy Shops","StSLib","The Animator","Uncapped"],"gold_per_floor":[143,177,206,226,239,267,267,92,117,132,132,132,132,132,132,234,234,248,248,248,173,173,199,159,159,159],"floor_reached":25,"language":"ENG","playtime":1306,"items_purged":["theDuelist:DarkMagician","theDuelist:SangaThunder"],"score":265,"play_id":"7873fb14-f449-49c5-aeaf-2fedc7d18706","local_time":"20210204231236","is_ascension_mode":false,"campfire_choices":[{"data":"theDuelist:ExodiaRA","floor":7,"key":"SMITH"},{"data":"theDuelist:ExodiaLL","floor":15,"key":"SMITH"}],"circlet_count":0,"master_deck":["theDuelist:ExodiaLL+1","theDuelist:MysticalElf","theDuelist:SangaThunder","theDuelist:InjectionFairy","theDuelist:AncientElf","theDuelist:ExodiaRA+1","theDuelist:ContractExodia"],"relics":["theDuelist:MillenniumPuzzle","theDuelist:CardPoolRelic","theDuelist:CardPoolBasicRelic","theDuelist:BoosterPackPoolRelic","theDuelist:CardPoolAddRelic","theDuelist:CardPoolMinusRelic","theDuelist:CardPoolSaveRelic","theDuelist:CardPoolOptionsRelic","EVO:Axolotl","NeowsBlessing","Champion Belt","Anchor","infinitespire:Freezer","theDuelist:SummonAnchor","Replay:Drink Me","Blood Vial","Nunchaku","Busted Crown","Juzu Bracelet"],"acts_visited":["Exordium","TheCity"],"potions_floor_usage":[16,23,25],"damage_taken":[{"damage":0,"enemies":"2 Louse","floor":1,"turns":1},{"damage":0,"enemies":"Jaw Worm","floor":4,"turns":1},{"damage":0,"enemies":"Cultist","floor":5,"turns":1},{"damage":0,"enemies":"Gremlin Nob","floor":6,"turns":3},{"damage":0,"enemies":"3 Louse","floor":10,"turns":3},{"damage":61,"enemies":"Fading Forest","floor":16,"turns":11},{"damage":0,"enemies":"Shell Parasite","floor":18,"turns":6},{"damage":0,"enemies":"Nightmare","floor":23,"turns":11},{"damage":43,"enemies":"Slavers","floor":25,"turns":4}],"seed_played":"8180973129864324320","potions_obtained":[{"floor":1,"key":"theDuelist:SummonFuryPotion"},{"floor":5,"key":"SpeedPotion"},{"floor":18,"key":"theDuelist:VoidBottle"},{"floor":23,"key":"Fire Potion"}],"is_trial":false,"path_per_floor":["M","?","?","M","M","E","R","$","T","M","?","?","?","?","R","B",null,"M","?","?","?","AVR","NM","$","E"],"character_chosen":"THE_DUELIST","items_purchased":["theDuelist:ContractExodia"],"campfire_rested":0,"item_purchase_floors":[24],"current_hp_per_floor":[80,60,60,60,60,64,64,64,64,64,64,64,61,61,61,22,60,60,44,38,38,38,40,40,0,0],"gold":159,"neow_bonus":"THREE_ENEMY_KILL","is_daily":false,"chose_seed":false,"campfire_upgraded":2,"win_rate":0.0,"timestamp":1612498356,"path_taken":["M","?","?","?","M","E","R","?","T","M","?","?","?","?","R","BOSS","M","?","?","?","AVR","NM","$","E"],"items_purchased_type":["Card"],"build_version":"2020-12-22","purchased_purges":2,"victory":false,"max_hp_per_floor":[80,80,80,80,80,80,80,80,80,80,80,80,80,80,80,80,60,60,60,60,60,60,60,60,60,60],"card_choices":[{"not_picked":["theDuelist:SangaThunder","theDuelist:NeoMagic","theDuelist:DarkMagician","theDuelist:LegendaryFlameLord"],"picked":"theDuelist:InjectionFairy","floor":1},{"not_picked":["theDuelist:BlizzardWarrior","theDuelist:NeoMagic","theDuelist:OnslaughtFireKings","theDuelist:Illusionist"],"picked":"theDuelist:AncientElf","floor":4},{"not_picked":["theDuelist:SpellShatteringArrow","theDuelist:Mudballman","theDuelist:InjectionFairy","theDuelist:IcyCrevasse"],"picked":"theDuelist:ExodiaLL","floor":5},{"not_picked":["theDuelist:CosmicHorrorGangiel","theDuelist:GoblinSecret","theDuelist:SangaThunder","theDuelist:BadReaction"],"picked":"theDuelist:ExodiaRA","floor":6},{"not_picked":["theDuelist:NeoMagic","theDuelist:GeminiElf","theDuelist:BlizzardWarrior","theDuelist:OnslaughtFireKings","theDuelist:ExodiaLL"],"picked":"SKIP","floor":10},{"not_picked":["theDuelist:BattleOx+1","theDuelist:LightningDarts+1","theDuelist:LightningRodLord","theDuelist:Sangan","theDuelist:ClearKuriboh"],"picked":"SKIP","floor":18},{"not_picked":["theDuelist:ApprenticeIllusionMagician+1","theDuelist:MysticalElf","theDuelist:Illusionist"],"picked":"SKIP","floor":23}],"player_experience":80983,"relics_obtained":[{"floor":2,"key":"Champion Belt"},{"floor":6,"key":"Anchor"},{"floor":9,"key":"infinitespire:Freezer"},{"floor":23,"key":"Juzu Bracelet"}],"event_choices":[{"damage_healed":0,"gold_gain":0,"player_choice":"Sold Sanga of Thunder for 29 Gold.","duelist":true,"damage_taken":0,"max_hp_gain":0,"max_hp_loss":0,"event_name":"Card Trader","floor":3,"gold_loss":0},{"damage_healed":0,"gold_gain":0,"player_choice":"Leave","duelist":true,"damage_taken":0,"max_hp_gain":0,"max_hp_loss":0,"event_name":"Egyptian Village","floor":11,"gold_loss":0},{"damage_healed":0,"gold_gain":0,"player_choice":"Success","damage_taken":3,"relics_obtained":["theDuelist:SummonAnchor"],"max_hp_gain":0,"max_hp_loss":0,"event_name":"Scrap Ooze","floor":13,"gold_loss":0},{"damage_healed":0,"gold_gain":0,"player_choice":" Vial ","damage_taken":16,"relics_obtained":["Blood Vial"],"max_hp_gain":60,"max_hp_loss":44,"event_name":"betterAltar:BetterAltar","floor":19,"potions_obtained":[],"relics_lost":[],"gold_loss":0},{"damage_healed":0,"gold_gain":0,"player_choice":"","damage_taken":6,"max_hp_gain":0,"max_hp_loss":0,"event_name":"Knowing Skull","floor":20,"potions_obtained":[],"gold_loss":0,"cards_obtained":[]},{"cards_removed":["theDuelist:NeoMagic"],"damage_healed":0,"gold_gain":0,"player_choice":"Gave Gold","damage_taken":0,"max_hp_gain":0,"max_hp_loss":0,"event_name":"Beggar","floor":21,"gold_loss":75}],"is_beta":false,"boss_relics":[{"not_picked":["SacredBark","Runic Cube"],"picked":"Replay:Drink Me"}],"items_purged_floors":[8,8],"is_endless":true,"potions_floor_spawned":[1,5,18,23],"killed_by":"Slavers","ascension_level":0}}