{"host":"zwezhz46a5cjkxff","time":1612506146,"event":{"mods":["AchievementEnabler","BaseMod","Colored Map","Colored Powertips","DeckTracker","Minty Spire (QoL Compilation)","Permanent Neow","Quick Restart","Rare Cards Sparkle","Relic Stats","StSLib","SuperFastMode"],"gold_per_floor":[117,136,136,146,159,191,191,227,227,80,80,94,134,152,152,275,275,295,313,313,213,213,246,2,37,83,106,106,130,130,229,229,360,360,381,381,437,462,462,503,524,545,569,594,320,320,338,372,372,372,372,372,129,168,168,168],"floor_reached":55,"language":"ENG","playtime":2165,"items_purged":["Injury","Strike_R","Defend_R"],"score":913,"play_id":"137ac0ba-2234-42cc-a3db-d5a55fe35755","local_time":"20210205002226","is_ascension_mode":true,"campfire_choices":[{"floor":11,"key":"REST"},{"floor":15,"key":"REST"},{"floor":28,"key":"RECALL"},{"data":"Enlightenment","floor":32,"key":"SMITH"},{"data":"Parasite","floor":49,"key":"PURGE"},{"data":"Madness","floor":52,"key":"SMITH"}],"circlet_count":0,"master_deck":["Strike_R","Strike_R","Defend_R","Defend_R","Bash","Clash","Bludgeon","Pommel Strike","Intimidate","Bludgeon","Shrug It Off","Inflame","Disarm","Reaper","Feel No Pain","Impervious","Metallicize","Ghostly Armor","Enlightenment+1","Shrug It Off+1","Body Slam+1","Battle Trance","Barricade","Warcry+1","Juggernaut","Inflame","Madness+1","Madness"],"relics":["Burning Blood","Prayer Wheel","Golden Idol","Ice Cream","CaptainsWheel","Vajra","Philosopher\u0027s Stone","White Beast Statue","MutagenicStrength","TungstenRod","Lantern","Pear","Dream Catcher","Tiny Chest","Black Star","Peace Pipe","Oddly Smooth Stone","Centennial Puzzle","Ginger","Happy Flower","Sling","Paper Frog","Gremlin Horn","Shuriken","Bronze Scales","Bottled Lightning"],"acts_visited":["Exordium","TheCity","TheBeyond","TheEnding"],"potions_floor_usage":[5,13,16,23,27,33,33,37,38,40,40,42,47,47,50,50,55],"damage_taken":[{"damage":1,"enemies":"Cultist","floor":1,"turns":3},{"damage":14,"enemies":"Jaw Worm","floor":2,"turns":3},{"damage":0,"enemies":"2 Louse","floor":4,"turns":3},{"damage":9,"enemies":"Blue Slaver","floor":5,"turns":3},{"damage":21,"enemies":"Lagavulin","floor":6,"turns":5},{"damage":39,"enemies":"3 Sentries","floor":8,"turns":8},{"damage":1,"enemies":"2 Fungi Beasts","floor":12,"turns":3},{"damage":18,"enemies":"Lagavulin","floor":13,"turns":6},{"damage":12,"enemies":"Exordium Wildlife","floor":14,"turns":4},{"damage":29,"enemies":"Slime Boss","floor":16,"turns":10},{"damage":2,"enemies":"Spheric Guardian","floor":18,"turns":4},{"damage":3,"enemies":"Shell Parasite","floor":19,"turns":4},{"damage":36,"enemies":"Book of Stabbing","floor":23,"turns":6},{"damage":19,"enemies":"Slavers","floor":25,"turns":6},{"damage":18,"enemies":"Centurion and Healer","floor":27,"turns":5},{"damage":4,"enemies":"Snake Plant","floor":29,"turns":3},{"damage":45,"enemies":"Automaton","floor":33,"turns":9},{"damage":1,"enemies":"Orb Walker","floor":35,"turns":4},{"damage":28,"enemies":"2 Orb Walkers","floor":37,"turns":6},{"damage":13,"enemies":"3 Darklings","floor":38,"turns":6},{"damage":33,"enemies":"Reptomancer","floor":40,"turns":11},{"damage":1,"enemies":"Spire Growth","floor":41,"turns":5},{"damage":32,"enemies":"Sphere and 2 Shapes","floor":42,"turns":7},{"damage":17,"enemies":"3 Darklings","floor":44,"turns":6},{"damage":7,"enemies":"Writhing Mass","floor":47,"turns":6},{"damage":10,"enemies":"Giant Head","floor":48,"turns":8},{"damage":13,"enemies":"Donu and Deca","floor":50,"turns":11},{"damage":38,"enemies":"Shield and Spear","floor":54,"turns":9},{"damage":110,"enemies":"The Heart","floor":55,"turns":9}],"seed_played":"-1005830068012213236","potions_obtained":[{"floor":1,"key":"Energy Potion"},{"floor":8,"key":"Dexterity Potion"},{"floor":13,"key":"Strength Potion"},{"floor":14,"key":"SpeedPotion"},{"floor":16,"key":"LiquidMemories"},{"floor":23,"key":"Dexterity Potion"},{"floor":25,"key":"FairyPotion"},{"floor":27,"key":"Block Potion"},{"floor":33,"key":"Fruit Juice"},{"floor":35,"key":"SkillPotion"},{"floor":37,"key":"Swift Potion"},{"floor":38,"key":"Weak Potion"},{"floor":40,"key":"Block Potion"},{"floor":41,"key":"BlessingOfTheForge"},{"floor":42,"key":"Fire Potion"},{"floor":47,"key":"Dexterity Potion"},{"floor":48,"key":"Dexterity Potion"},{"floor":54,"key":"Swift Potion"}],"is_trial":false,"path_per_floor":["M","M","T","M","M","E","?","E","T","$","R","M","E","M","R","B",null,"M","M","?","$","?","E","$","E","T","M","R","M","T","?","R","B",null,"M","?","?","M","T","E","M","M","T","M","$","?","M","E","R","B",null,"R","$","E","B"],"character_chosen":"IRONCLAD","items_purchased":["Inflame","Lantern","Enlightenment","Sling","Shuriken"],"campfire_rested":2,"item_purchase_floors":[10,24,24,45,53],"current_hp_per_floor":[80,72,72,78,75,60,40,7,7,7,31,36,29,33,57,49,80,80,80,80,80,80,50,50,71,71,66,66,68,68,68,68,55,95,95,95,73,80,80,68,77,63,63,73,73,62,70,73,73,75,92,92,92,70,0,0],"gold":168,"neow_bonus":"TRANSFORM_TWO_CARDS","is_daily":false,"chose_seed":false,"campfire_upgraded":2,"win_rate":0.0,"timestamp":1612506146,"path_taken":["M","?","?","?","M","E","?","E","T","$","R","M","E","M","R","BOSS","M","M","?","$","?","E","$","E","T","M","R","M","?","?","R","BOSS","M","?","?","M","?","E","?","M","T","M","?","?","M","E","R","BOSS","R","$","E","BOSS"],"items_purchased_type":["Card","Relic","Card","Relic","Relic"],"build_version":"2020-12-22","purchased_purges":3,"victory":false,"max_hp_per_floor":[80,80,80,80,80,80,80,80,80,80,80,80,80,80,80,80,80,80,80,80,80,80,80,80,90,90,90,90,90,90,90,90,95,95,95,95,95,95,95,95,95,95,95,95,95,95,95,95,92,92,92,92,92,92,92,92],"relic_stats":{"Happy Flower":[16],"Gremlin Horn":[2,2],"counters":[29,173],"Golden Idol":190,"Ginger":[6],"Burning Blood":151,"Peace Pipe":1,"Dream Catcher":0,"Centennial Puzzle":[24],"Shuriken":[2],"Bronze Scales":[102],"Prayer Wheel":12,"Tiny Chest":1,"Black Star":3,"obtain_stats":[{"Ice Cream":8,"Lantern":24,"Gremlin Horn":48,"Vajra":13,"Ginger":40,"Sling":45,"Burning Blood":0,"Dream Catcher":26,"Centennial Puzzle":40,"Prayer Wheel":6,"Philosopher\u0027s Stone":17,"Tiny Chest":30,"Paper Frog":48,"Pear":25,"Happy Flower":43,"Golden Idol":7,"Oddly Smooth Stone":39,"White Beast Statue":20,"Peace Pipe":37,"CaptainsWheel":9,"Shuriken":53,"MutagenicStrength":22,"Bronze Scales":54,"Black Star":34,"Bottled Lightning":54,"TungstenRod":23},{"Ice Cream":6,"Lantern":13,"Gremlin Horn":26,"Vajra":8,"Ginger":21,"Sling":24,"Burning Blood":0,"Dream Catcher":14,"Centennial Puzzle":21,"Prayer Wheel":5,"Philosopher\u0027s Stone":10,"Tiny Chest":16,"Paper Frog":26,"Pear":14,"Happy Flower":23,"Golden Idol":5,"Oddly Smooth Stone":20,"White Beast Statue":12,"Peace Pipe":19,"CaptainsWheel":6,"Shuriken":27,"MutagenicStrength":12,"Bronze Scales":28,"Black Star":17,"Bottled Lightning":28,"TungstenRod":13},{"Ice Cream":25,"Lantern":62,"Gremlin Horn":144,"Vajra":34,"Ginger":112,"Sling":130,"Burning Blood":0,"Dream Catcher":68,"Centennial Puzzle":112,"Prayer Wheel":17,"Philosopher\u0027s Stone":48,"Tiny Chest":76,"Paper Frog":144,"Pear":68,"Happy Flower":124,"Golden Idol":17,"Oddly Smooth Stone":101,"White Beast Statue":56,"Peace Pipe":95,"CaptainsWheel":25,"Shuriken":155,"MutagenicStrength":56,"Bronze Scales":164,"Black Star":85,"Bottled Lightning":164,"TungstenRod":62}],"TungstenRod":69},"card_choices":[{"not_picked":["Thunderclap","Cleave"],"picked":"Pommel Strike","floor":1},{"not_picked":["Warcry","Sword Boomerang"],"picked":"Intimidate","floor":2},{"not_picked":["Rampage","Flex"],"picked":"Bludgeon","floor":4},{"not_picked":["Flex","Hemokinesis","Sword Boomerang"],"picked":"SKIP","floor":5},{"not_picked":["Body Slam","Rampage"],"picked":"Shrug It Off","floor":6},{"not_picked":["Second Wind","Heavy Blade","Havoc"],"picked":"SKIP","floor":8},{"not_picked":["Armaments","Body Slam"],"picked":"Disarm","floor":12},{"not_picked":["Armaments","Perfected Strike"],"picked":"Reaper","floor":12},{"not_picked":["Armaments","Rupture","Sword Boomerang"],"picked":"SKIP","floor":13},{"not_picked":["Pommel Strike","Disarm"],"picked":"Feel No Pain","floor":14},{"not_picked":["Cleave","Berserk","Clash"],"picked":"SKIP","floor":14},{"not_picked":["Reaper","Fiend Fire"],"picked":"Impervious","floor":16},{"not_picked":["Clash","Dropkick"],"picked":"Metallicize","floor":18},{"not_picked":["Heavy Blade","Anger","Flex"],"picked":"SKIP","floor":18},{"not_picked":["Second Wind+1","Pommel Strike+1"],"picked":"Ghostly Armor","floor":19},{"not_picked":["Burning Pact","Clash","Flex"],"picked":"SKIP","floor":19},{"not_picked":["Sever Soul+1","Whirlwind","Evolve"],"picked":"SKIP","floor":23},{"not_picked":["Twin Strike+1","Shockwave","Reckless Charge+1"],"picked":"SKIP","floor":25},{"not_picked":["Pummel","Fire Breathing"],"picked":"Shrug It Off+1","floor":27},{"not_picked":["Intimidate","Wild Strike+1","Rampage"],"picked":"SKIP","floor":27},{"not_picked":["Hemokinesis+1","Burning Pact"],"picked":"Body Slam+1","floor":29},{"not_picked":["Flex","Thunderclap+1"],"picked":"Battle Trance","floor":29},{"not_picked":["Reaper","Offering"],"picked":"Barricade","floor":33},{"not_picked":["Dark Embrace+1","Wild Strike","Pommel Strike+1"],"picked":"SKIP","floor":35},{"not_picked":["Clash","Evolve+1","Headbutt+1"],"picked":"SKIP","floor":35},{"not_picked":["Cleave+1","Pommel Strike"],"picked":"Warcry+1","floor":38},{"not_picked":["Clothesline+1","Sword Boomerang+1","Havoc"],"picked":"SKIP","floor":38},{"not_picked":["Dual Wield+1","Disarm"],"picked":"Juggernaut","floor":40},{"not_picked":["Power Through","Flex"],"picked":"Inflame","floor":41},{"not_picked":["Thunderclap+1","Cleave+1","Shrug It Off"],"picked":"SKIP","floor":41},{"not_picked":["Wild Strike","Body Slam","Pummel"],"picked":"SKIP","floor":42},{"not_picked":["Carnage","Cleave+1","Armaments+1"],"picked":"SKIP","floor":42},{"not_picked":["Thunderclap+1","Cleave","Pommel Strike+1"],"picked":"SKIP","floor":44},{"not_picked":["Anger+1","Headbutt+1","Infernal Blade+1"],"picked":"SKIP","floor":44},{"not_picked":["Headbutt+1","Thunderclap","Dual Wield+1"],"picked":"SKIP","floor":47},{"not_picked":["Intimidate","Clothesline","Fiend Fire"],"picked":"SKIP","floor":47},{"not_picked":["Heavy Blade","Uppercut","Combust"],"picked":"SKIP","floor":48},{"not_picked":["Rage","Wild Strike+1","Warcry+1"],"picked":"SKIP","floor":54}],"player_experience":70793,"relics_obtained":[{"floor":6,"key":"Prayer Wheel"},{"floor":8,"key":"Ice Cream"},{"floor":9,"key":"CaptainsWheel"},{"floor":13,"key":"Vajra"},{"floor":23,"key":"TungstenRod"},{"floor":25,"key":"Pear"},{"floor":26,"key":"Dream Catcher"},{"floor":30,"key":"Tiny Chest"},{"floor":37,"key":"Peace Pipe"},{"floor":39,"key":"Oddly Smooth Stone"},{"floor":40,"key":"Centennial Puzzle"},{"floor":40,"key":"Ginger"},{"floor":43,"key":"Happy Flower"},{"floor":48,"key":"Paper Frog"},{"floor":48,"key":"Gremlin Horn"},{"floor":54,"key":"Bronze Scales"},{"floor":54,"key":"Bottled Lightning"}],"event_choices":[{"damage_healed":0,"gold_gain":0,"player_choice":"Take Damage","damage_taken":20,"relics_obtained":["Golden Idol"],"max_hp_gain":0,"max_hp_loss":0,"event_name":"Golden Idol","floor":7,"gold_loss":0},{"damage_healed":0,"gold_gain":0,"player_choice":"Opened","damage_taken":0,"relics_obtained":["White Beast Statue"],"max_hp_gain":0,"max_hp_loss":0,"event_name":"The Mausoleum","floor":20,"gold_loss":0},{"damage_healed":0,"gold_gain":0,"player_choice":"Inject Mutagens","damage_taken":0,"relics_obtained":["MutagenicStrength"],"max_hp_gain":0,"max_hp_loss":0,"event_name":"Drug Dealer","floor":22,"gold_loss":0},{"damage_healed":0,"gold_gain":99,"player_choice":"Stole From Cult","damage_taken":0,"max_hp_gain":0,"max_hp_loss":0,"event_name":"Nest","floor":31,"gold_loss":0},{"cards_removed":["Strike_R"],"damage_healed":0,"gold_gain":0,"player_choice":"Removed Attack","damage_taken":0,"max_hp_gain":0,"max_hp_loss":0,"event_name":"Falling","floor":36,"gold_loss":0},{"damage_healed":0,"gold_gain":0,"player_choice":"Fight","damage_taken":0,"max_hp_gain":0,"max_hp_loss":0,"event_name":"Mysterious Sphere","floor":37,"gold_loss":0},{"damage_healed":0,"gold_gain":0,"player_choice":"Embrace Madness","damage_taken":12,"max_hp_gain":0,"max_hp_loss":0,"event_name":"Winding Halls","floor":46,"gold_loss":0,"cards_obtained":["Madness","Madness"]}],"is_beta":false,"boss_relics":[{"not_picked":["Runic Pyramid","Mark of Pain"],"picked":"Philosopher\u0027s Stone"},{"not_picked":["Black Blood","Coffee Dripper"],"picked":"Black Star"}],"items_purged_floors":[10,21,45],"is_endless":false,"potions_floor_spawned":[1,8,13,14,16,23,25,27,29,33,35,37,38,40,41,42,44,47,48,54],"killed_by":"The Heart","ascension_level":2}}