{"host":"mijx6czmnk03eucy","time":1612568875,"event":{"mods":["Aspiration","BaseMod","Better Altar","Better Skull","Better Third Choice","Better-Laid Plans","BetterRewards","Bossed Relics","Challenge The Spire","Colored Map","Colored Powertips","Conspire","Curses Come First","Debug Mod","Disable Question Mark Monsters","Displayed Cursed Tome","Energized Spire","Evolution","Force Act Four","Fox Events","GifTheSpireLib","Googly Eyes","Hermit","Highlight Path","Hubris","Infinite Spire","Jedi Mod","JesterMod","Mimic Mod","Minty Spire (QoL Compilation)","Quick Restart","Rare Cards Sparkle","Relic Filter","Relic Stats","Reliquary","Replay The Spire","SacredBarkPlus","Spicy Shops","Spire Arcade","StS++","StSLib","Stuff the Spire","The Blue Laboratory","The Jungle","Uncapped","Wandering Minibosses","Wide Potions"],"gold_per_floor":[112,112,62,76,96,127,127,147,225,238,249,249,249,265,265,368,368,381,381,381,392,392,424,424,439,470,470,487,0,19,36,36,137,137,156,156,169,69,118,118,118],"floor_reached":40,"language":"ENG","playtime":2256,"items_purged":["Strike_R","Strike_R","Strike_R"],"score":520,"play_id":"31b0b593-e31d-44f6-b311-d1a4eefb83e3","local_time":"20210205234755","is_ascension_mode":true,"campfire_choices":[{"data":"Bash","floor":7.0,"key":"SMITH"},{"data":"Thunderclap","floor":12.0,"key":"SMITH"},{"floor":15.0,"key":"DIG"},{"data":"SashWhip","floor":24.0,"key":"SMITH"},{"floor":32.0,"key":"REST"}],"circlet_count":0,"master_deck":["Strike_R+1","Defend_R+1","Defend_R","Defend_R","Defend_R","Bash+1","Anger+1","StuffTheSpire:Incineration+1","Pot Of Greed+1","Shrug It Off+1","Pot Of Greed+1","Dropkick","jedi:bloodyhammer","Thunderclap+1","jedi:harder+1","Dropkick+1","SashWhip+1","Replay:Undeath\u0027s Touch","StuffTheSpire:Incineration+1","Dark Embrace","ReplayReversal+1","Reckless Charge+1","Berserk","Pot Of Greed","wanderingMiniBosses:FinaleOfPromise+1","StSpp:Succumb","Pummel+1","Battle Trance+1"],"relics":["Burning Blood","EVO:Axolotl","NeowsBlessing","Grinning Jar","ReplayTheSpireMod:Ninjato","Blood Vial","Philosopher\u0027s Stone","aspiration:StickyExplosives","Letter Opener","Garlic","StuffTheSpire:Wildfire","StuffTheSpire:BottledEssence","Boot","conspire:RunicOctahedron","wanderingMiniBosses:Blackblade","Replay:Towering Pillar of Hats"],"acts_visited":["Exordium","TheCity","TheBeyond"],"potions_floor_usage":[33,39],"damage_taken":[{"damage":0.0,"enemies":"Small Slimes","floor":1.0,"turns":1.0},{"damage":0.0,"enemies":"conspire:RoseBush","floor":4.0,"turns":1.0},{"damage":0.0,"enemies":"Gremlin Nob","floor":6.0,"turns":1.0},{"damage":6.0,"enemies":"2 Louse","floor":8.0,"turns":2.0},{"damage":8.0,"enemies":"Blue Slaver","floor":10.0,"turns":3.0},{"damage":26.0,"enemies":"Large Slime","floor":11.0,"turns":5.0},{"damage":18.0,"enemies":"3 Louse","floor":14.0,"turns":2.0},{"damage":45.0,"enemies":"Slime Boss","floor":16.0,"turns":8.0},{"damage":9.0,"enemies":"Chosen","floor":18.0,"turns":3.0},{"damage":12.0,"enemies":"3 Byrds","floor":21.0,"turns":3.0},{"damage":37.0,"enemies":"Replay:Snechameleon","floor":23.0,"turns":4.0},{"damage":8.0,"enemies":"Centurion and Healer","floor":25.0,"turns":3.0},{"damage":28.0,"enemies":"Cultist and Chosen","floor":26.0,"turns":7.0},{"damage":7.0,"enemies":"Cultist and Chosen","floor":28.0,"turns":4.0},{"damage":19.0,"enemies":"Shelled Parasite and Fungi","floor":30.0,"turns":4.0},{"damage":0.0,"enemies":"Snecko","floor":31.0,"turns":2.0},{"damage":24,"enemies":"Champ","floor":33,"turns":6},{"damage":0,"enemies":"3 Shapes","floor":35,"turns":5},{"damage":8,"enemies":"Orb Walker","floor":37,"turns":2},{"damage":9,"enemies":"2 Orb Walkers","floor":39,"turns":3},{"damage":83,"enemies":"Nightmare","floor":40,"turns":4}],"seed_played":"-8373598589101888400","potions_obtained":[{"floor":4.0,"key":"blueLaboratory:FruitPunch"},{"floor":5.0,"key":"blueLaboratory:BubblePotion"},{"floor":6.0,"key":"SpeedPotion"},{"floor":10.0,"key":"Strength Potion"},{"floor":16.0,"key":"Strength Potion"},{"floor":23.0,"key":"Adrenaline Potion"},{"floor":25.0,"key":"blueLaboratory:BottleOfRum"},{"floor":28.0,"key":"ColorlessPotion"},{"floor":31.0,"key":"blueLaboratory:EntrenchedPotion"},{"floor":33,"key":"Strength Potion"}],"is_trial":false,"path_per_floor":["M","?","?","M","?","E","R","M","T","M","M","R","?","M","R_BF","B",null,"M","AVR","?","M","?","E","R","M","MIM","T","M","$","M","M","R","B",null,"M","?","M","$","?","NM"],"character_chosen":"IRONCLAD","items_purchased":["StuffTheSpire:BottledEssence","Boot","ReplayReversal","Reckless Charge"],"campfire_rested":1,"item_purchase_floors":[29,29,29,29],"current_hp_per_floor":[80,80,80,80,80,80,80,80,80,78,60,60,60,48,48,11,82,79,79,79,75,75,46,46,46,26,26,27,27,16,24,48,32,82,82,82,80,80,79,0,0],"gold":118,"neow_bonus":"THREE_ENEMY_KILL","is_daily":false,"chose_seed":false,"campfire_upgraded":3,"win_rate":0.0,"timestamp":1612568875,"path_taken":["M","?","?","M","?","E","R","M","T","?","M","R","?","M","R_BF","BOSS","M","AVR","?","M","?","E","R","M","MIM","?","?","?","M","?","R","BOSS","M","?","M","$","?","NM"],"items_purchased_type":["Relic","Relic","Card","Card"],"build_version":"2020-12-22","purchased_purges":3,"victory":false,"max_hp_per_floor":[80,80,80,80,80,80,80,80,80,80,82,82,82,82,82,82,82,82,82,82,82,82,82,82,82,82,82,82,82,82,82,82,82,82,82,82,82,82,82,82,82],"relic_stats":{"Blood Vial":22,"counters":[21,73],"Letter Opener":[121],"Boot":[61],"obtain_stats":[{"aspiration:StickyExplosives":22,"ReplayTheSpireMod:Ninjato":9,"NeowsBlessing":0,"Replay:Towering Pillar of Hats":39,"StuffTheSpire:Wildfire":27,"conspire:RunicOctahedron":34,"StuffTheSpire:BottledEssence":29,"EVO:Axolotl":0,"Letter Opener":23,"Boot":29,"Burning Blood":0,"Blood Vial":15,"wanderingMiniBosses:Blackblade":35,"Philosopher\u0027s Stone":17,"Garlic":26,"Grinning Jar":6},{"aspiration:StickyExplosives":10,"ReplayTheSpireMod:Ninjato":4,"NeowsBlessing":0,"Replay:Towering Pillar of Hats":20,"StuffTheSpire:Wildfire":13,"conspire:RunicOctahedron":17,"StuffTheSpire:BottledEssence":14,"EVO:Axolotl":0,"Letter Opener":11,"Boot":14,"Burning Blood":0,"Blood Vial":7,"wanderingMiniBosses:Blackblade":18,"Philosopher\u0027s Stone":8,"Garlic":13,"Grinning Jar":3},{"aspiration:StickyExplosives":29,"ReplayTheSpireMod:Ninjato":5,"NeowsBlessing":0,"Replay:Towering Pillar of Hats":69,"StuffTheSpire:Wildfire":43,"conspire:RunicOctahedron":59,"StuffTheSpire:BottledEssence":47,"EVO:Axolotl":0,"Letter Opener":33,"Boot":47,"Burning Blood":0,"Blood Vial":15,"wanderingMiniBosses:Blackblade":64,"Philosopher\u0027s Stone":23,"Garlic":43,"Grinning Jar":3}],"Burning Blood":96},"card_choices":[{"not_picked":["Body Slam","Twin Strike"],"picked":"Anger","floor":1.0},{"not_picked":["Cleave","jedi:controlledanger","Sword Boomerang"],"picked":"SKIP","floor":4.0},{"not_picked":["Wild Strike","Replay:Undeath\u0027s Touch"],"picked":"StuffTheSpire:Incineration","floor":5.0},{"not_picked":["StSpp:Succumb","StSpp:IntoTheAbyss"],"picked":"Shrug It Off","floor":6.0},{"not_picked":["Heavy Blade","Body Slam"],"picked":"Dropkick","floor":8.0},{"not_picked":["Havoc","Sword Boomerang"],"picked":"jedi:bloodyhammer","floor":10.0},{"not_picked":["Bloodletting","Perfected Strike"],"picked":"Thunderclap","floor":11.0},{"not_picked":["Flex","Cleave","Anger"],"picked":"SKIP","floor":14.0},{"not_picked":["Reaper","Berserk"],"picked":"jedi:harder","floor":16.0},{"not_picked":["jedi:collectorstrike+1","Armaments+1"],"picked":"Dropkick","floor":18.0},{"not_picked":["Rupture","Iron Wave"],"picked":"Replay:Undeath\u0027s Touch","floor":21.0},{"not_picked":["Evolve","Run Through+1"],"picked":"StuffTheSpire:Incineration","floor":23.0},{"not_picked":["StSpp:Sprint","Uppercut+1"],"picked":"Dark Embrace","floor":25.0},{"not_picked":["Sword Boomerang","conspire:ExplosiveBarrier+1","StSpp:CounterStrike"],"picked":"SKIP","floor":28.0},{"not_picked":["Perfected Strike","Iron Wave","Havoc"],"picked":"SKIP","floor":30.0},{"not_picked":["Anger","True Grit","Shrug It Off"],"picked":"SKIP","floor":31.0},{"not_picked":["Eclipse","jedi:bloodyhammer"],"picked":"Berserk","floor":33},{"not_picked":[],"picked":"wanderingMiniBosses:FinaleOfPromise","floor":35},{"not_picked":["Second Wind","Dual Wield"],"picked":"StSpp:Succumb","floor":35},{"not_picked":["Iron Wave","ReplayReversal"],"picked":"Pummel+1","floor":37},{"not_picked":["ReplayTheSpireMod:Strike From Hell","StuffTheSpire:Resist+1"],"picked":"Battle Trance+1","floor":39}],"player_experience":741849,"relics_obtained":[{"floor":6.0,"key":"Grinning Jar"},{"floor":9.0,"key":"ReplayTheSpireMod:Ninjato"},{"floor":15.0,"key":"Blood Vial"},{"floor":22.0,"key":"aspiration:StickyExplosives"},{"floor":23.0,"key":"Letter Opener"},{"floor":26.0,"key":"Garlic"},{"floor":27.0,"key":"StuffTheSpire:Wildfire"},{"floor":35,"key":"wanderingMiniBosses:Blackblade"},{"floor":39,"key":"Replay:Towering Pillar of Hats"}],"event_choices":[{"damage_healed":0.0,"max_hp_gain":0.0,"max_hp_loss":0.0,"gold_gain":0.0,"event_name":"Living Wall","player_choice":"Grow","floor":2.0,"gold_loss":0.0,"damage_taken":0.0,"cards_upgraded":["Anger"]},{"cards_removed":["Strike_R"],"damage_healed":0.0,"max_hp_gain":0.0,"max_hp_loss":0.0,"gold_gain":0.0,"event_name":"The Cleric","player_choice":"Card Removal","floor":3.0,"gold_loss":50.0,"damage_taken":0.0},{"damage_healed":0.0,"max_hp_gain":0.0,"max_hp_loss":0.0,"gold_gain":0.0,"event_name":"The Library","player_choice":"Read","floor":20.0,"gold_loss":0.0,"damage_taken":0.0,"cards_obtained":["SashWhip"]},{"damage_healed":0.0,"max_hp_gain":0.0,"max_hp_loss":0.0,"gold_gain":0.0,"event_name":"Wheel of Change","player_choice":"Relic","floor":22.0,"gold_loss":0.0,"damage_taken":0.0},{"damage_healed":0,"gold_gain":0,"player_choice":"Fight","damage_taken":0,"max_hp_gain":0,"max_hp_loss":0,"event_name":"Mysterious Sphere","floor":39,"gold_loss":0}],"is_beta":false,"boss_relics":[{"not_picked":["Busted Crown","ReplayTheSpireMod:SealedPack"],"picked":"Philosopher\u0027s Stone"},{"not_picked":["energizedSpire:TabascoSauce","reliquary:Craggleroot"],"picked":"conspire:RunicOctahedron"}],"items_purged_floors":[19,29,38],"is_endless":false,"potions_floor_spawned":[4,6,10,16,23,25,28,31,33],"killed_by":"Nightmare","ascension_level":4}}