{"host":"p7cjtxxrilhp4dw7","time":1612484113,"event":{"mods":["BaseMod","Block Reminder","Colored Map","Curses Come First","Highlight Path","Minty Spire (QoL Compilation)","Replay The Spire","StSLib","The Hierophant"],"gold_per_floor":[114,289,339,155,155,155,188,221,221,269,269,302,97,130,130,245,245,285,178,178,198,222,222,268,268,268,312,359,392,392,439,439,554,554,580,355,355,277,277,307,357,357,357,194,226,226,259,316,316,340],"floor_reached":51,"language":"ENG","playtime":5981,"items_purged":["Doubt","Doubt","Voices","Writhe","Injury"],"score":1288,"play_id":"4d4ba982-6936-415e-8d8b-4d2328628355","local_time":"20210204171513","is_ascension_mode":true,"campfire_choices":[{"data":"Armaments","floor":6,"key":"SMITH"},{"floor":11,"key":"REST"},{"data":"True Grit","floor":15,"key":"SMITH"},{"data":"Perfected Strike","floor":15,"key":"SMITH"},{"data":"ReplayTheSpireMod:Private Reserves","floor":23,"key":"SMITH"},{"data":"Bash","floor":23,"key":"SMITH"},{"data":"Perfected Strike","floor":25,"key":"SMITH"},{"data":"Infernal Blade","floor":25,"key":"SMITH"},{"data":"Infernal Blade","floor":30,"key":"SMITH"},{"data":"Flame Barrier","floor":30,"key":"SMITH"},{"data":"Pain","floor":32,"key":"PURGE"},{"data":"Clothesline","floor":42,"key":"SMITH"},{"data":"Madness","floor":42,"key":"SMITH"},{"floor":46,"key":"DIG"},{"floor":49,"key":"REST"}],"circlet_count":0,"master_deck":["AscendersBane","Strike_R","Strike_R+1","Strike_R","Strike_R","Strike_R","Defend_R","Defend_R","Defend_R","Bash+1","ReplayTheSpireMod:Private Reserves+1","Armaments+1","True Grit+1","Second Wind","Infernal Blade+1","Clothesline+1","Perfected Strike+1","Infernal Blade+1","Overencumbered","Immolate","AbeCurse","Iron Wave","Flame Barrier+1","ReplayTheSpireMod:Strike From Hell+1","Armaments+1","Shrug It Off+1","Perfected Strike+1","Defy Death+1","Shockwave","Madness","Madness+1","Pommel Strike","Hallucinations","Replay:Undeath\u0027s Touch+1","Impervious","Wild Strike"],"relics":["Burning Blood","Ring of Greed","Replay:Bandana","Membership Card","ReplayTheSpireMod:Shallot","FossilizedHelix","Odd Mushroom","Another Sword","Replay:Arrowhead","ReplayTheSpireMod:TigerMarble","Replay:Bottled Flurry","Matryoshka","Abe\u0027s Treasure","Mercury Hourglass","Boot","Dream Catcher","Red Mask","Replay:Multitool","Blood Vial","Busted Crown","Whetstone","Medical Kit","ReplayFunnel","Pen Nib","Replay:Wax Seal","Bronze Scales","Pear","Bag of Preparation"],"acts_visited":["Exordium","TheCity","TheBeyond"],"potions_floor_usage":[8,10,12,16,16,24,27,29,33,33,33,41,48,50],"damage_taken":[{"damage":8,"enemies":"2 Louse","floor":1,"turns":3},{"damage":28,"enemies":"The Mushroom Lair","floor":7,"turns":7},{"damage":35,"enemies":"Lagavulin","floor":8,"turns":10},{"damage":2,"enemies":"Gremlin Nob","floor":10,"turns":4},{"damage":2,"enemies":"Lagavulin","floor":12,"turns":7},{"damage":0,"enemies":"Jaw Worm","floor":14,"turns":1},{"damage":6,"enemies":"Hexaghost","floor":16,"turns":10},{"damage":1,"enemies":"3 Byrds","floor":18,"turns":6},{"damage":0,"enemies":"Shell Parasite","floor":21,"turns":4},{"damage":6,"enemies":"Snecko","floor":22,"turns":5},{"damage":3,"enemies":"Replay:Snechameleon","floor":24,"turns":7},{"damage":6,"enemies":"Masked Bandits","floor":27,"turns":3},{"damage":0,"enemies":"Slavers","floor":28,"turns":3},{"damage":5,"enemies":"3 Cultists","floor":29,"turns":4},{"damage":12,"enemies":"Book of Stabbing","floor":31,"turns":3},{"damage":55,"enemies":"Champ","floor":33,"turns":13},{"damage":0,"enemies":"3 Shapes","floor":35,"turns":3},{"damage":0,"enemies":"3 Darklings","floor":40,"turns":3},{"damage":14,"enemies":"Giant Head","floor":41,"turns":8},{"damage":2,"enemies":"4 Shapes","floor":45,"turns":4},{"damage":0,"enemies":"Transient","floor":47,"turns":5},{"damage":29,"enemies":"Reptomancer","floor":48,"turns":6},{"damage":84,"enemies":"Awakened One","floor":50,"turns":13}],"seed_played":"-6174657541197123725","potions_obtained":[{"floor":1,"key":"Regen Potion"},{"floor":7,"key":"GamblersBrew"},{"floor":10,"key":"EntropicBrew"},{"floor":18,"key":"SneckoOil"},{"floor":21,"key":"FearPotion"},{"floor":24,"key":"Dexterity Potion"},{"floor":28,"key":"FearPotion"},{"floor":31,"key":"GamblersBrew"},{"floor":33,"key":"SpeedPotion"},{"floor":35,"key":"SpeedPotion"},{"floor":40,"key":"Ancient Potion"},{"floor":45,"key":"Swift Potion"}],"is_trial":false,"path_per_floor":["M","?","?","$","T","R","?","E","T","E","R","E","$","M","R","B",null,"M","$","?","M","M","R","E","R","T","?","E","M","R","E","R","B",null,"M","$","?","$","?","M","E","R","T","$","M","R","M","E","R","B",null],"character_chosen":"IRONCLAD","items_purchased":["ReplayTheSpireMod:Shallot","True Grit","Matryoshka","Perfected Strike","Flame Barrier","ReplayTheSpireMod:Strike From Hell","Whetstone","Medical Kit","ReplayFunnel","Bronze Scales"],"campfire_rested":2,"item_purchase_floors":[4,4,13,13,19,19,36,36,38,44],"current_hp_per_floor":[70,70,70,70,70,70,48,34,34,38,62,66,66,72,72,76,79,80,80,90,90,90,90,90,90,90,90,90,90,90,84,84,37,77,85,85,74,74,74,82,76,76,76,76,82,92,100,77,100,22],"gold":340,"neow_bonus":"RANDOM_COLORLESS","is_daily":false,"chose_seed":false,"campfire_upgraded":11,"win_rate":0.0,"timestamp":1612484113,"path_taken":["M","?","?","$","?","R","?","E","T","E","R","E","$","M","R","BOSS","M","$","?","M","?","R","E","R","T","?","E","M","R","E","R","BOSS","M","$","?","$","?","M","E","R","T","?","M","R","?","E","R","BOSS"],"items_purchased_type":["Relic","Card","Relic","Card","Card","Card","Relic","Relic","Relic","Relic"],"build_version":"2020-12-22","purchased_purges":5,"victory":true,"max_hp_per_floor":[80,80,80,80,80,80,80,80,80,80,80,80,80,80,80,80,80,80,80,90,90,90,90,90,90,90,90,90,90,90,90,90,90,90,90,90,90,90,90,90,90,90,90,90,90,100,100,100,100,100],"card_choices":[{"not_picked":["Bandage Up","Finesse"],"picked":"ReplayTheSpireMod:Private Reserves","floor":0},{"not_picked":["Clash","Hemokinesis"],"picked":"Armaments","floor":1},{"not_picked":["Anger","Clash"],"picked":"Second Wind","floor":7},{"not_picked":["Searing Blow","Pommel Strike"],"picked":"Infernal Blade","floor":8},{"not_picked":["ReplayReversal","ReplayTheSpireMod:Limb From Limb"],"picked":"Clothesline","floor":10},{"not_picked":["Reckless Charge","Twin Strike"],"picked":"Reaper","floor":12},{"not_picked":["Shockwave","Fire Breathing"],"picked":"Infernal Blade","floor":14},{"not_picked":["Brutality","Barricade"],"picked":"Immolate","floor":16},{"not_picked":["Dark Embrace","Heavy Blade+1"],"picked":"Iron Wave","floor":18},{"not_picked":["Blood for Blood","Body Slam+1"],"picked":"Armaments+1","floor":21},{"not_picked":["Abandon","Flame Barrier"],"picked":"Shrug It Off+1","floor":22},{"not_picked":["ReplayTheSpireMod:Strike From Hell","Iron Wave"],"picked":"Perfected Strike","floor":24},{"not_picked":["Spot Weakness","Corruption"],"picked":"Defy Death+1","floor":28},{"not_picked":["Flex","ReplayTheSpireMod:Muscle Training","Anger"],"picked":"SKIP","floor":29},{"not_picked":["Second Wind","Havoc","ReplayTheSpireMod:Strike From Hell"],"picked":"SKIP","floor":31},{"not_picked":[],"picked":"Shockwave","floor":35},{"not_picked":["Flame Barrier"],"picked":"SKIP","floor":40},{"not_picked":[],"picked":"Pommel Strike","floor":41},{"not_picked":["Intimidate+1"],"picked":"SKIP","floor":45},{"not_picked":["Replay:Undeath\u0027s Touch+1"],"picked":"SKIP","floor":47},{"not_picked":[],"picked":"Replay:Undeath\u0027s Touch+1","floor":47},{"not_picked":[],"picked":"Impervious","floor":48},{"not_picked":[],"picked":"Wild Strike","floor":49}],"player_experience":634841,"relics_obtained":[{"floor":3,"key":"Ring of Greed"},{"floor":3,"key":"Replay:Bandana"},{"floor":3,"key":"Membership Card"},{"floor":5,"key":"FossilizedHelix"},{"floor":7,"key":"Odd Mushroom"},{"floor":8,"key":"Another Sword"},{"floor":9,"key":"Replay:Arrowhead"},{"floor":10,"key":"ReplayTheSpireMod:TigerMarble"},{"floor":12,"key":"Replay:Bottled Flurry"},{"floor":24,"key":"Mercury Hourglass"},{"floor":26,"key":"Boot"},{"floor":26,"key":"Dream Catcher"},{"floor":27,"key":"Red Mask"},{"floor":28,"key":"Replay:Multitool"},{"floor":31,"key":"Blood Vial"},{"floor":41,"key":"Pen Nib"},{"floor":43,"key":"Replay:Wax Seal"},{"floor":46,"key":"Pear"},{"floor":48,"key":"Bag of Preparation"}],"event_choices":[{"damage_healed":0,"gold_gain":175,"player_choice":"AGREE","damage_taken":0,"max_hp_gain":0,"max_hp_loss":0,"event_name":"Liars Game","floor":2,"gold_loss":0,"cards_obtained":["Doubt"]},{"damage_healed":0,"gold_gain":0,"player_choice":"Fought Mushrooms","damage_taken":0,"max_hp_gain":0,"max_hp_loss":0,"event_name":"Mushrooms","floor":7,"gold_loss":0},{"cards_removed":["Reaper"],"damage_healed":0,"gold_gain":0,"player_choice":"Offered Rare","damage_taken":0,"max_hp_gain":10,"max_hp_loss":0,"event_name":"Bonfire Elementals","floor":20,"gold_loss":0},{"damage_healed":0,"gold_gain":0,"player_choice":"Fought Bandits","damage_taken":0,"max_hp_gain":0,"max_hp_loss":0,"event_name":"Masked Bandits","floor":27,"gold_loss":0},{"damage_healed":0,"gold_gain":0,"player_choice":"Embrace Madness","damage_taken":11,"max_hp_gain":0,"max_hp_loss":0,"event_name":"Winding Halls","floor":37,"gold_loss":0,"cards_obtained":["Madness","Madness"]},{"cards_removed":["Defend_R"],"damage_healed":0,"gold_gain":0,"player_choice":"Removed Skill","damage_taken":0,"max_hp_gain":0,"max_hp_loss":0,"event_name":"Falling","floor":39,"gold_loss":0}],"is_beta":false,"boss_relics":[{"not_picked":["Ectoplasm","Astrolabe"],"picked":"Abe\u0027s Treasure"},{"not_picked":["Coffee Dripper","Cursed Key"],"picked":"Busted Crown"}],"items_purged_floors":[4,13,19,36,44],"is_endless":false,"potions_floor_spawned":[1,7,10,18,21,24,28,31,33,35,40,45,47],"ascension_level":10}}