{"host":"oiw60b5ins9fyx34","time":1612522564,"event":{"mods":["BaseMod","Colored Map","Colored Powertips","Minty Spire (QoL Compilation)","Permanent Neow","Quick Restart","Rare Cards Sparkle","Relic Stats","StSLib","The Cursed"],"gold_per_floor":[109,123,139,139,65,95,113,140,164,164,164],"floor_reached":10,"language":"JPN","playtime":378,"items_purged":[],"score":90,"play_id":"8f67b2ac-05d8-44fa-b4d0-4c77264cac21","local_time":"20210205195604","is_ascension_mode":true,"campfire_choices":[],"circlet_count":0,"master_deck":["Strike_R","Strike_R","Strike_R","Strike_R","Defend_R","Defend_R","Defend_R","Defend_R","Bash","Flex","Shrug It Off","Pommel Strike","Shrug It Off","Evolve","Fiend Fire","Clothesline","Headbutt"],"relics":["SacredBark","Charon\u0027s Ashes","Smiling Mask","Potion Belt"],"acts_visited":["Exordium"],"potions_floor_usage":[8,10],"damage_taken":[{"damage":1,"enemies":"Cultist","floor":1,"turns":4},{"damage":3,"enemies":"2 Louse","floor":2,"turns":2},{"damage":4,"enemies":"Jaw Worm","floor":3,"turns":2},{"damage":49,"enemies":"Gremlin Nob","floor":6,"turns":5},{"damage":6,"enemies":"Blue Slaver","floor":7,"turns":4},{"damage":3,"enemies":"3 Sentries","floor":8,"turns":5},{"damage":39,"enemies":"Gremlin Nob","floor":10,"turns":4}],"seed_played":"-7129358131226348395","potions_obtained":[{"floor":1,"key":"SpeedPotion"},{"floor":3,"key":"HeartOfIron"}],"is_trial":false,"path_per_floor":["M","M","M","?","$","E","M","E","T","E"],"character_chosen":"IRONCLAD","items_purchased":["Evolve"],"campfire_rested":0,"item_purchase_floors":[5],"current_hp_per_floor":[79,76,72,72,72,23,17,14,14,0,0],"gold":164,"neow_bonus":"BOSS_RELIC","is_daily":false,"chose_seed":false,"campfire_upgraded":0,"win_rate":0.0,"timestamp":1612522564,"path_taken":["M","M","?","?","$","E","M","E","T","E"],"items_purchased_type":["Card"],"build_version":"2020-12-22","purchased_purges":0,"victory":false,"max_hp_per_floor":[80,80,80,80,80,80,80,80,80,80,80],"relic_stats":{"counters":[7,26],"Charon\u0027s Ashes":[82],"Smiling Mask":0,"obtain_stats":[{"Potion Belt":9,"SacredBark":0,"Charon\u0027s Ashes":6,"Smiling Mask":8,"Burning Blood":0},{"Potion Belt":6,"SacredBark":0,"Charon\u0027s Ashes":4,"Smiling Mask":6,"Burning Blood":0},{"Potion Belt":22,"SacredBark":0,"Charon\u0027s Ashes":13,"Smiling Mask":22,"Burning Blood":0}]},"card_choices":[{"not_picked":["Ghostly Armor","Clash"],"picked":"Flex","floor":1},{"not_picked":["Blood for Blood","Reckless Charge"],"picked":"Shrug It Off","floor":2},{"not_picked":["Twin Strike","Sword Boomerang"],"picked":"Pommel Strike","floor":3},{"not_picked":["Burning Pact","Armaments"],"picked":"Fiend Fire","floor":6},{"not_picked":["Wild Strike","Clash"],"picked":"Clothesline","floor":7},{"not_picked":["Flex","Clash"],"picked":"Headbutt","floor":8}],"player_experience":695815,"relics_obtained":[{"floor":6,"key":"Charon\u0027s Ashes"},{"floor":8,"key":"Smiling Mask"},{"floor":9,"key":"Potion Belt"}],"event_choices":[{"damage_healed":0,"gold_gain":0,"cards_transformed":["Strike_R"],"player_choice":"Change","damage_taken":0,"max_hp_gain":0,"max_hp_loss":0,"event_name":"Living Wall","floor":4,"gold_loss":0,"cards_obtained":["Shrug It Off"]}],"is_beta":false,"boss_relics":[],"items_purged_floors":[],"is_endless":false,"potions_floor_spawned":[1,3],"killed_by":"Gremlin Nob","ascension_level":3}}