{"host":"qyjrmrr57odine7m","time":1612521197,"event":{"mods":["AchievementEnabler","BaseMod","Bestiary","Block Reminder","Card Forge","Highlight Path","Minty Spire (QoL Compilation)","Permanent Neow","Rare Cards Sparkle","StSLib"],"gold_per_floor":[111,111,111,125,140,140,181,181,181,215,240,279,298,316,316,442,442,460,460,474,518,518,557,577,577,623,648,671,684,723,738,738,863,863,877,891,1113,1131,1131,1174,1174,1218,1218,1259,1274,1274,1298,1342,1342,1342],"floor_reached":51,"language":"ENG","playtime":2920,"items_purged":[],"score":1525,"play_id":"91756fa3-f253-429d-ae1f-3287a293391e","local_time":"20210205103317","is_ascension_mode":true,"campfire_choices":[{"floor":6.0,"key":"REST"},{"floor":8.0,"key":"REST"},{"floor":15.0,"key":"REST"},{"floor":25.0,"key":"REST"},{"floor":32.0,"key":"REST"},{"floor":41,"key":"REST"},{"floor":46,"key":"REST"},{"floor":49,"key":"REST"}],"circlet_count":0,"master_deck":["AscendersBane","Defend_B+1","BootSequence+1","Machine Learning+1","Sweeping Beam+1","Redo+1","Loop+1","Loop+1","Undo+1","Redo+1","Redo+1","Redo+1","Loop+1","Undo+1","BootSequence+1"],"relics":["Hammer of Thor","Seething Fire","Anvil of the Gods","Sozu","Golden Idol","Mango","Emotion Chip","Symbiotic Virus","Pantograph","Cursed Key","Blue Candle","Red Mask","Boot","Bronze Scales","Lantern","Busted Crown","TungstenRod","Shuriken","Ginger","Peace Pipe","Unceasing Top"],"acts_visited":["Exordium","TheCity","TheBeyond"],"potions_floor_usage":[],"damage_taken":[{"damage":0.0,"enemies":"Cultist","floor":1.0,"turns":3.0},{"damage":0.0,"enemies":"2 Louse","floor":4.0,"turns":3.0},{"damage":0.0,"enemies":"Small Slimes","floor":5.0,"turns":3.0},{"damage":12.0,"enemies":"3 Sentries","floor":7.0,"turns":8.0},{"damage":10.0,"enemies":"Lagavulin","floor":10.0,"turns":8.0},{"damage":12.0,"enemies":"Gremlin Gang","floor":11.0,"turns":4.0},{"damage":16.0,"enemies":"Gremlin Nob","floor":12.0,"turns":3.0},{"damage":2.0,"enemies":"Lots of Slimes","floor":13.0,"turns":3.0},{"damage":0.0,"enemies":"Exordium Wildlife","floor":14.0,"turns":3.0},{"damage":38.0,"enemies":"Slime Boss","floor":16.0,"turns":8.0},{"damage":0.0,"enemies":"Chosen","floor":18.0,"turns":3.0},{"damage":1.0,"enemies":"Spheric Guardian","floor":20.0,"turns":4.0},{"damage":35.0,"enemies":"Masked Bandits","floor":21.0,"turns":5.0},{"damage":19.0,"enemies":"Gremlin Leader","floor":23.0,"turns":5.0},{"damage":5.0,"enemies":"Snake Plant","floor":24.0,"turns":4.0},{"damage":13.0,"enemies":"Snecko","floor":27.0,"turns":5.0},{"damage":0.0,"enemies":"Shelled Parasite and Fungi","floor":28.0,"turns":4.0},{"damage":0.0,"enemies":"Chosen and Byrds","floor":29.0,"turns":3.0},{"damage":0.0,"enemies":"Book of Stabbing","floor":30.0,"turns":4.0},{"damage":9.0,"enemies":"Centurion and Healer","floor":31.0,"turns":3.0},{"damage":0.0,"enemies":"Collector","floor":33.0,"turns":5.0},{"damage":0,"enemies":"Orb Walker","floor":35,"turns":4},{"damage":0,"enemies":"3 Shapes","floor":36,"turns":4},{"damage":8,"enemies":"Writhing Mass","floor":38,"turns":3},{"damage":18,"enemies":"Reptomancer","floor":40,"turns":4},{"damage":0,"enemies":"Giant Head","floor":42,"turns":4},{"damage":40,"enemies":"Reptomancer","floor":44,"turns":5},{"damage":0,"enemies":"Jaw Worm Horde","floor":45,"turns":3},{"damage":11,"enemies":"Maw","floor":47,"turns":4},{"damage":24,"enemies":"Nemesis","floor":48,"turns":5},{"damage":7,"enemies":"Time Eater","floor":50,"turns":6}],"seed_played":"2911699960824071647","potions_obtained":[],"is_trial":false,"path_per_floor":["M","?","?","M","M","R","E","R","T","E","M","E","M","M","R","B",null,"M","?","M","?","?","E","M","R","T","M","M","M","E","M","R","B",null,"M","M","?","M","?","E","R","E","T","E","M","R","M","E","R","B",null],"character_chosen":"DEFECT","items_purchased":[],"campfire_rested":8,"item_purchase_floors":[],"current_hp_per_floor":[68,68,68,68,68,75,77,89,89,79,67,51,49,49,75,51,80,80,80,79,44,44,25,20,46,46,33,33,33,33,24,50,75,86,86,86,86,78,78,60,86,86,86,46,46,72,61,37,63,81],"gold":1342,"neow_bonus":"BOSS_RELIC","is_daily":false,"chose_seed":false,"campfire_upgraded":0,"win_rate":0.0,"timestamp":1612521197,"path_taken":["M","?","?","M","M","R","E","R","T","E","M","E","M","M","R","BOSS","M","?","M","?","?","E","?","R","T","?","M","M","E","M","R","BOSS","M","?","?","M","?","E","R","E","T","E","?","R","M","E","R","BOSS"],"items_purchased_type":[],"build_version":"2020-12-22","purchased_purges":0,"victory":true,"max_hp_per_floor":[75,75,75,75,75,75,89,89,89,89,89,89,89,89,89,89,89,89,89,89,89,89,89,89,89,89,89,89,89,89,89,89,89,89,89,89,89,89,89,89,89,89,89,89,89,89,89,89,89,89],"card_choices":[{"not_picked":["Streamline","Gash"],"picked":"BootSequence","floor":1.0},{"not_picked":["FTL","Stack","Go for the Eyes"],"picked":"SKIP","floor":4.0},{"not_picked":["Compile Driver","Rebound","Tempest"],"picked":"SKIP","floor":5.0},{"not_picked":["Beam Cell","Compile Driver"],"picked":"Barrage","floor":7.0},{"not_picked":["Beam Cell","Core Surge"],"picked":"Doom and Gloom","floor":10.0},{"not_picked":["Ball Lightning","Beam Cell","Double Energy"],"picked":"SKIP","floor":11.0},{"not_picked":["Static Discharge","Recycle","Sweeping Beam"],"picked":"SKIP","floor":12.0},{"not_picked":["Rebound","Barrage","Streamline"],"picked":"SKIP","floor":13.0},{"not_picked":["Go for the Eyes","Skim","Hologram"],"picked":"SKIP","floor":14.0},{"not_picked":["Hyperbeam","Creative AI"],"picked":"Machine Learning","floor":16.0},{"not_picked":["Steam","Sweeping Beam","Genetic Algorithm"],"picked":"SKIP","floor":18.0},{"not_picked":["Steam","Genetic Algorithm"],"picked":"Sweeping Beam","floor":18.0},{"not_picked":["Hologram+1","Genetic Algorithm","Stack"],"picked":"SKIP","floor":20.0},{"not_picked":["Recycle","Rebound"],"picked":"Loop","floor":21.0},{"not_picked":["Ball Lightning","Go for the Eyes+1","Stack"],"picked":"SKIP","floor":23.0},{"not_picked":["Glacier","Blizzard","White Noise"],"picked":"SKIP","floor":24.0},{"not_picked":["Recycle","Go for the Eyes"],"picked":"Undo","floor":27.0},{"not_picked":["Static Discharge","Compile Driver"],"picked":"Redo","floor":28.0},{"not_picked":["Conserve Battery","Amplify"],"picked":"Redo","floor":29.0},{"not_picked":["Coolheaded","Chaos"],"picked":"Redo","floor":30.0},{"not_picked":["Ball Lightning","Double Energy"],"picked":"Loop","floor":31.0},{"not_picked":["Sunder+1"],"picked":"SKIP","floor":35},{"not_picked":["Recycle"],"picked":"SKIP","floor":36},{"not_picked":["Beam Cell"],"picked":"SKIP","floor":38},{"not_picked":["Scrape+1"],"picked":"SKIP","floor":40},{"not_picked":["Compile Driver"],"picked":"SKIP","floor":42},{"not_picked":["Barrage+1"],"picked":"SKIP","floor":44},{"not_picked":["Go for the Eyes"],"picked":"SKIP","floor":45},{"not_picked":[],"picked":"BootSequence","floor":47},{"not_picked":["Barrage"],"picked":"SKIP","floor":48}],"player_experience":1276359,"relics_obtained":[{"floor":7.0,"key":"Mango"},{"floor":9.0,"key":"Emotion Chip"},{"floor":10.0,"key":"Symbiotic Virus"},{"floor":12.0,"key":"Pantograph"},{"floor":21.0,"key":"Red Mask"},{"floor":23.0,"key":"Boot"},{"floor":26.0,"key":"Bronze Scales"},{"floor":30.0,"key":"Lantern"},{"floor":40,"key":"TungstenRod"},{"floor":42,"key":"Shuriken"},{"floor":43,"key":"Ginger"},{"floor":44,"key":"Peace Pipe"},{"floor":48,"key":"Unceasing Top"}],"event_choices":[{"damage_healed":0.0,"max_hp_gain":0.0,"max_hp_loss":0.0,"gold_gain":0.0,"event_name":"Golden Idol","player_choice":"Take Wound","floor":2.0,"gold_loss":0.0,"damage_taken":0.0,"relics_obtained":["Golden Idol"],"cards_obtained":["Injury"]},{"damage_healed":0.0,"max_hp_gain":0.0,"max_hp_loss":0.0,"gold_gain":0.0,"event_name":"Scrap Ooze","player_choice":"Fled","floor":3.0,"gold_loss":0.0,"damage_taken":0.0},{"damage_healed":0.0,"max_hp_gain":0.0,"max_hp_loss":0.0,"gold_gain":0.0,"event_name":"The Mausoleum","player_choice":"Opened","floor":19.0,"gold_loss":0.0,"damage_taken":0.0,"relics_obtained":["Blue Candle"]},{"damage_healed":0.0,"max_hp_gain":0.0,"max_hp_loss":0.0,"gold_gain":0.0,"event_name":"Masked Bandits","player_choice":"Fought Bandits","floor":21.0,"gold_loss":0.0,"damage_taken":0.0},{"damage_healed":0.0,"max_hp_gain":0.0,"max_hp_loss":0.0,"gold_gain":0.0,"event_name":"Duplicator","player_choice":"Copied","floor":22.0,"gold_loss":0.0,"damage_taken":0.0,"cards_obtained":["Loop"]},{"damage_healed":0,"gold_gain":222,"player_choice":"Wore Mask","damage_taken":0,"max_hp_gain":0,"max_hp_loss":0,"event_name":"Tomb of Lord Red Mask","floor":37,"gold_loss":0},{"damage_healed":0,"gold_gain":0,"player_choice":"Ignored","damage_taken":0,"max_hp_gain":0,"max_hp_loss":0,"event_name":"Upgrade Shrine","floor":39,"gold_loss":0}],"is_beta":false,"boss_relics":[{"not_picked":["SlaversCollar","Snecko Eye"],"picked":"Cursed Key"},{"not_picked":["Inserter","Philosopher\u0027s Stone"],"picked":"Busted Crown"}],"items_purged_floors":[],"is_endless":false,"potions_floor_spawned":[1,11,16,18,28,30,31,33,36,40,44,45],"ascension_level":12}}