{"host":"tpbmol9dayg75a5s","time":1612565211,"event":{"mods":["BaseMod","Bestiary","Block Reminder","Colored Powertips","Dark Map","Downfall","Minty Spire (QoL Compilation)","Quick Restart","Relic Stats","Reliquary","Spire Arcade","StSLib"],"gold_per_floor":[99,112,125,137,137,176,176,198,98,134,134,161,161,11,39,144,144,144,163,192,220,239,239,239,239,239,239],"floor_reached":25,"language":"ENG","playtime":1628,"items_purged":[],"score":333,"play_id":"46c2b7bc-5248-4e0e-981e-5f56a7f7fe05","local_time":"20210205194651","is_ascension_mode":true,"campfire_choices":[{"floor":1,"key":"RECALL"},{"data":"hexamod:PowerFromBeyond","floor":9,"key":"SMITH"},{"floor":13,"key":"REST"},{"data":"hexamod:Float","floor":18,"key":"SMITH"},{"floor":23,"key":"REST"}],"circlet_count":0,"master_deck":["AscendersBane","hexamod:Strike","hexamod:Strike","hexamod:Strike","hexamod:Strike","hexamod:Defend","hexamod:Defend","hexamod:Defend","hexamod:Defend","hexamod:Sear","hexamod:Float+1","Flash of Steel","hexamod:SpectersWail","hexamod:RecurringNightmare","hexamod:ShieldOfDarkness","hexamod:PowerFromBeyond+1","hexamod:FirstSeal","hexamod:HeatMetal","hexamod:SuperheatedStrike","hexamod:RainOfEmbers","hexamod:AdvancingGuard","hexamod:Toasty","hexamod:SuperheatedStrike","hexamod:FlamesFromBeyond","hexamod:FastForward","hexamod:NightmareGuise"],"relics":["hexamod:UnbrokenSoul","CeramicFish","Bag of Preparation","Meat on the Bone","downfall:HeartBlessingRed","Bottled Lightning","GremlinMask","HandDrill"],"acts_visited":["Exordium","TheCity"],"potions_floor_usage":[16,25],"damage_taken":[{"damage":2,"enemies":"Jaw Worm","floor":2,"turns":3},{"damage":2,"enemies":"Small Slimes","floor":3,"turns":2},{"damage":1,"enemies":"Cultist","floor":4,"turns":3},{"damage":15,"enemies":"3 Sentries","floor":6,"turns":8},{"damage":9,"enemies":"Red Slaver","floor":8,"turns":3},{"damage":16,"enemies":"Lagavulin","floor":10,"turns":5},{"damage":7,"enemies":"Gremlin Gang","floor":12,"turns":6},{"damage":0,"enemies":"downfall:FleeingMerchant","floor":14,"turns":4},{"damage":8,"enemies":"Large Slime","floor":15,"turns":3},{"damage":2,"enemies":"WA_ARCHETYPE_RETAIN","floor":16,"turns":4},{"damage":11,"enemies":"Shell Parasite","floor":19,"turns":3},{"damage":6,"enemies":"Snake Plant","floor":20,"turns":3},{"damage":19,"enemies":"Shelled Parasite and Fungi","floor":21,"turns":3},{"damage":28,"enemies":"Snecko","floor":22,"turns":4},{"damage":54,"enemies":"Slavers","floor":25,"turns":2}],"seed_played":"-8436304198035005716","potions_obtained":[{"floor":3,"key":"AttackPotion"},{"floor":6,"key":"Weak Potion"},{"floor":16,"key":"Strength Potion"}],"is_trial":false,"path_per_floor":["R","M","M","M","?","E","T","M","R","E","?","M","R","$","M","B",null,"R","M","M","M","M","R","T","E"],"character_chosen":"THE_SPIRIT","items_purchased":["HandDrill"],"campfire_rested":2,"item_purchase_floors":[14],"current_hp_per_floor":[63,61,59,58,58,43,43,46,46,49,49,49,70,70,69,70,70,70,66,67,48,32,53,53,0,0,0],"gold":239,"neow_bonus":"RANDOM_COLORLESS","is_daily":false,"chose_seed":false,"campfire_upgraded":2,"win_rate":0.0,"timestamp":1612565211,"path_taken":["R","M","M","M","?","E","T","M","R","E","?","?","R","?","M","BOSS","R","M","M","M","?","R","T","E"],"items_purchased_type":["Relic"],"build_version":"2020-12-22","purchased_purges":0,"victory":false,"max_hp_per_floor":[70,70,70,70,70,70,70,70,70,70,70,70,70,70,70,70,70,70,70,70,70,70,70,70,70,70,70],"relic_stats":{"counters":[15,56],"CeramicFish":99,"Bag of Preparation":[22],"HandDrill":[20],"obtain_stats":[{"downfall:HeartBlessingRed":9,"hexamod:UnbrokenSoul":17,"CeramicFish":5,"GremlinMask":11,"Bag of Preparation":6,"HandDrill":14,"Bottled Lightning":10,"hexamod:SpiritBrand":0,"Meat on the Bone":7},{"downfall:HeartBlessingRed":5,"hexamod:UnbrokenSoul":10,"CeramicFish":3,"GremlinMask":6,"Bag of Preparation":4,"HandDrill":8,"Bottled Lightning":6,"hexamod:SpiritBrand":0,"Meat on the Bone":4},{"downfall:HeartBlessingRed":19,"hexamod:UnbrokenSoul":41,"CeramicFish":8,"GremlinMask":24,"Bag of Preparation":16,"HandDrill":34,"Bottled Lightning":24,"hexamod:SpiritBrand":0,"Meat on the Bone":16}],"Meat on the Bone":36},"card_choices":[{"not_picked":["Deep Breath","Swift Strike"],"picked":"Flash of Steel","floor":0},{"not_picked":["hexamod:HeatCrush","hexamod:HeatMetal"],"picked":"hexamod:SpectersWail","floor":2},{"not_picked":["hexamod:Firestarter","hexamod:InspiringFlames"],"picked":"hexamod:RecurringNightmare","floor":3},{"not_picked":["hexamod:RadiantFlame","hexamod:InspiringFlames"],"picked":"hexamod:ShieldOfDarkness","floor":4},{"not_picked":["hexamod:HauntingEcho","hexamod:ChargedBarrage"],"picked":"hexamod:PowerFromBeyond","floor":6},{"not_picked":["hexamod:BurningTouch","hexamod:SwordOfDarkness"],"picked":"hexamod:FirstSeal","floor":8},{"not_picked":["hexamod:SwordOfDarkness","hexamod:RetreatToShadows"],"picked":"hexamod:HeatMetal","floor":10},{"not_picked":["hexamod:ExtraCrispy","hexamod:RainOfEmbers"],"picked":"hexamod:SuperheatedStrike","floor":12},{"not_picked":["hexamod:InspiringFlames","hexamod:ForkedFlame"],"picked":"hexamod:RainOfEmbers","floor":14},{"not_picked":["hexamod:BacktrackSmack","hexamod:FourthSeal"],"picked":"hexamod:AdvancingGuard","floor":15},{"not_picked":["hexamod:UnlimitedPower","hexamod:ApocalypseNow"],"picked":"hexamod:Toasty","floor":16},{"not_picked":["hexamod:Rewind","hexamod:NightmareStrike"],"picked":"hexamod:SuperheatedStrike","floor":19},{"not_picked":["hexamod:PhantomCloak","hexamod:SpectersWail"],"picked":"hexamod:FlamesFromBeyond","floor":20},{"not_picked":["hexamod:NightmareStrike+1","hexamod:SpectersWail+1"],"picked":"hexamod:FastForward","floor":21},{"not_picked":["hexamod:SpectersWail","hexamod:DynamicBlow"],"picked":"hexamod:NightmareGuise","floor":22}],"player_experience":1110039,"relics_obtained":[{"floor":5,"key":"CeramicFish"},{"floor":6,"key":"Bag of Preparation"},{"floor":7,"key":"Meat on the Bone"},{"floor":10,"key":"Bottled Lightning"}],"event_choices":[{"damage_healed":0,"gold_gain":0,"player_choice":"Trade","damage_taken":0,"relics_obtained":["GremlinMask"],"max_hp_gain":0,"max_hp_loss":0,"event_name":"FaceTrader","floor":11,"gold_loss":0}],"is_beta":false,"boss_relics":[{"not_picked":["Busted Crown","Philosopher\u0027s Stone"],"picked":"hexamod:UnbrokenSoul"}],"items_purged_floors":[],"is_endless":false,"potions_floor_spawned":[3,6,12,15,16,19,21],"killed_by":"Slavers","ascension_level":11}}