{"host":"1qhzi8r9ejho5yph","time":1612544454,"event":{"mods":["AchievementEnabler","BaseMod","Colored Map","Colored Powertips","Highlight Path","Minty Spire (QoL Compilation)","Permanent Neow","Quick Restart","Random Character Button","StSLib","SuperFastMode"],"gold_per_floor":[112,127,127,53,3,3,28,28,28,28,46,89,89,107,107,107,107],"floor_reached":16,"language":"ENG","playtime":832,"items_purged":[],"score":173,"play_id":"56225770-5d52-4367-9a2d-02af270e1aba","local_time":"20210206010054","is_ascension_mode":true,"campfire_choices":[{"data":"Eruption","floor":6,"key":"SMITH"},{"floor":10,"key":"REST"},{"data":"ConjureBlade","floor":13,"key":"SMITH"},{"data":"SashWhip","floor":15,"key":"SMITH"}],"circlet_count":0,"master_deck":["Strike_P","Strike_P","Strike_P","Strike_P","Defend_P","Defend_P","Defend_P","Eruption+1","Vigilance","ConjureBlade+1","Consecrate","SashWhip+1","Wireheading","FollowUp","Wireheading","LessonLearned","WindmillStrike"],"relics":["PureWater","Matryoshka","Golden Idol","Orichalcum","StrikeDummy","Question Card"],"acts_visited":["Exordium"],"potions_floor_usage":[],"damage_taken":[{"damage":0,"enemies":"Cultist","floor":1,"turns":4},{"damage":0,"enemies":"Jaw Worm","floor":2,"turns":3},{"damage":40,"enemies":"3 Sentries","floor":7,"turns":5},{"damage":1,"enemies":"2 Louse","floor":11,"turns":2},{"damage":0,"enemies":"Lagavulin","floor":12,"turns":4},{"damage":0,"enemies":"2 Fungi Beasts","floor":14,"turns":3},{"damage":30,"enemies":"The Guardian","floor":16,"turns":5}],"seed_played":"1770493834597980557","potions_obtained":[{"floor":2,"key":"SmokeBomb"},{"floor":7,"key":"SteroidPotion"},{"floor":12,"key":"Explosive Potion"}],"is_trial":false,"path_per_floor":["M","M","?","$","?","R","E","?","T","R","M","E","R","M","R","B"],"character_chosen":"WATCHER","items_purchased":["Wireheading"],"campfire_rested":1,"item_purchase_floors":[4],"current_hp_per_floor":[65,65,65,65,65,65,25,7,7,28,27,27,27,27,27,0,0],"gold":107,"neow_bonus":"ONE_RANDOM_RARE_CARD","is_daily":false,"chose_seed":false,"campfire_upgraded":3,"win_rate":0.0,"timestamp":1612544454,"path_taken":["M","?","?","$","?","R","E","?","T","R","M","E","R","M","R","BOSS"],"items_purchased_type":["Card"],"build_version":"2020-12-22","purchased_purges":0,"victory":false,"max_hp_per_floor":[72,72,72,72,72,72,72,72,72,72,72,72,72,72,72,72,72],"card_choices":[{"not_picked":["FollowUp","Prostrate"],"picked":"Consecrate","floor":1},{"not_picked":["BowlingBash","WheelKick"],"picked":"SashWhip","floor":2},{"not_picked":["Evaluate","BowlingBash"],"picked":"FollowUp","floor":7},{"not_picked":["Swivel","ForeignInfluence"],"picked":"Wireheading","floor":11},{"not_picked":["Collect","SashWhip"],"picked":"LessonLearned","floor":12},{"not_picked":["Halt","EmptyFist","EmptyBody"],"picked":"WindmillStrike","floor":14}],"player_experience":365860,"relics_obtained":[{"floor":7,"key":"Matryoshka"},{"floor":9,"key":"Orichalcum"},{"floor":9,"key":"StrikeDummy"},{"floor":12,"key":"Question Card"}],"event_choices":[{"damage_healed":0,"gold_gain":0,"player_choice":"Ignored","damage_taken":0,"max_hp_gain":0,"max_hp_loss":0,"event_name":"Liars Game","floor":3,"gold_loss":0},{"cards_removed":["Defend_P"],"damage_healed":0,"gold_gain":0,"player_choice":"Card Removal","damage_taken":0,"max_hp_gain":0,"max_hp_loss":0,"event_name":"The Cleric","floor":5,"gold_loss":50},{"damage_healed":0,"gold_gain":0,"player_choice":"Take Damage","damage_taken":18,"relics_obtained":["Golden Idol"],"max_hp_gain":0,"max_hp_loss":0,"event_name":"Golden Idol","floor":8,"gold_loss":0}],"is_beta":false,"boss_relics":[],"items_purged_floors":[],"is_endless":false,"potions_floor_spawned":[2,7,12],"killed_by":"The Guardian","ascension_level":6}}