{"host":"sc0o2qwpf9j16a4i","time":1612533759,"event":{"mods":["AchievementEnabler","BaseMod","BetterRewards","Block Reminder","Colored Map","Colored Powertips","Custom Start","Highlight Path","Minty Spire (QoL Compilation)","Relic Stats"],"gold_per_floor":[118,130,140,157,157,182,182,207,207,232,267,287,287,298,298,393,393,406,406,421,179,204,245,257,281,293,335,357,381,428,89,89,193,193,212,141,141,141,171,206,218,229,229,247,98,129,129,175,175,175],"floor_reached":51,"language":"ENG","playtime":1777,"items_purged":[],"score":1245,"play_id":"dfc33dfc-9a63-470d-b061-4437791c256e","local_time":"20210205160239","daily_mods":["Heirloom","Hoarder","DeadlyEvents"],"is_ascension_mode":false,"campfire_choices":[{"floor":7,"key":"DIG"},{"floor":13,"key":"DIG"},{"floor":15,"key":"DIG"},{"floor":24,"key":"DIG"},{"floor":32,"key":"DIG"},{"floor":47,"key":"DIG"},{"floor":49,"key":"DIG"}],"circlet_count":0,"master_deck":["Strike_R","Strike_R","Strike_R","Strike_R","Strike_R","Defend_R","Defend_R","Defend_R","Defend_R","Bash","Clothesline","Clothesline","Clothesline","Wild Strike","Wild Strike","Wild Strike","Combust","Combust","Combust","Perfected Strike","Perfected Strike","Perfected Strike","Reaper","Reaper","Reaper","Metallicize","Metallicize","Metallicize","Twin Strike","Twin Strike","Twin Strike","Inflame","Inflame","Inflame","Whirlwind","Whirlwind","Whirlwind","Armaments","Armaments","Armaments","Demon Form","Demon Form","CurseOfTheBell","CurseOfTheBell","CurseOfTheBell","Power Through+1","Power Through+1","Power Through+1","Feed","Feed","Feed","Seeing Red","Seeing Red","Seeing Red","Armaments+1","Armaments+1","Armaments+1","Perfected Strike","Perfected Strike","Perfected Strike","Disarm","Disarm","Disarm","Offering","Offering","Offering","Headbutt","Headbutt","Headbutt","Offering","Offering","Offering","Reaper","Reaper","Reaper","Dark Shackles","Dark Shackles","Dark Shackles","Inflame+1","Inflame+1","Inflame+1","Metallicize+1","Metallicize+1","Metallicize+1","Body Slam","Body Slam","Body Slam","Heavy Blade+1","Heavy Blade+1","Heavy Blade+1","Dual Wield+1","Dual Wield+1","Dual Wield+1"],"relics":["Burning Blood","Shovel","Torii","Toy Ornithopter","Matryoshka","Oddly Smooth Stone","PreservedInsect","MealTicket","Blood Vial","Pear","Akabeko","Calling Bell","Happy Flower","White Beast Statue","CaptainsWheel","Blue Candle","MawBank","Lantern","Mercury Hourglass","Ornamental Fan","Turnip","Ginger","Incense Burner","Orichalcum","Art of War","StoneCalendar","Fusion Hammer","Centennial Puzzle","Question Card","Anchor","Chemical X","Champion Belt","Eternal Feather","TungstenRod","Bag of Marbles"],"acts_visited":["Exordium","TheCity","TheBeyond"],"potions_floor_usage":[6,8,10,16,16,23,25,27,28,29,30,33,40,50,50],"damage_taken":[{"damage":2,"enemies":"Small Slimes","floor":1,"turns":4},{"damage":4,"enemies":"2 Louse","floor":2,"turns":3},{"damage":3,"enemies":"Jaw Worm","floor":3,"turns":3},{"damage":3,"enemies":"2 Fungi Beasts","floor":4,"turns":2},{"damage":20,"enemies":"3 Sentries","floor":6,"turns":5},{"damage":10,"enemies":"Gremlin Nob","floor":8,"turns":3},{"damage":0,"enemies":"3 Sentries","floor":10,"turns":4},{"damage":14,"enemies":"Gremlin Nob","floor":11,"turns":4},{"damage":10,"enemies":"Large Slime","floor":12,"turns":3},{"damage":15,"enemies":"Exordium Thugs","floor":14,"turns":4},{"damage":12,"enemies":"The Guardian","floor":16,"turns":13},{"damage":11,"enemies":"Shell Parasite","floor":18,"turns":8},{"damage":0,"enemies":"Chosen","floor":20,"turns":3},{"damage":14,"enemies":"Book of Stabbing","floor":22,"turns":4},{"damage":52,"enemies":"Gremlin Leader","floor":23,"turns":8},{"damage":8,"enemies":"Snake Plant","floor":25,"turns":3},{"damage":25,"enemies":"Book of Stabbing","floor":27,"turns":3},{"damage":18,"enemies":"Snecko","floor":28,"turns":3},{"damage":10,"enemies":"Sentry and Sphere","floor":29,"turns":4},{"damage":9,"enemies":"Slavers","floor":30,"turns":7},{"damage":13,"enemies":"Collector","floor":33,"turns":8},{"damage":19,"enemies":"3 Shapes","floor":35,"turns":5},{"damage":6,"enemies":"Giant Head","floor":39,"turns":6},{"damage":26,"enemies":"Nemesis","floor":40,"turns":5},{"damage":14,"enemies":"3 Darklings","floor":41,"turns":4},{"damage":0,"enemies":"Jaw Worm Horde","floor":42,"turns":1},{"damage":30,"enemies":"4 Shapes","floor":44,"turns":7},{"damage":12,"enemies":"Reptomancer","floor":46,"turns":1},{"damage":12,"enemies":"2 Orb Walkers","floor":48,"turns":2},{"damage":20,"enemies":"Time Eater","floor":50,"turns":16}],"seed_played":"-1307490604398758618","potions_obtained":[{"floor":1,"key":"FearPotion"},{"floor":5,"key":"Dexterity Potion"},{"floor":5,"key":"Fire Potion"},{"floor":6,"key":"PowerPotion"},{"floor":8,"key":"Dexterity Potion"},{"floor":10,"key":"HeartOfIron"},{"floor":14,"key":"SkillPotion"},{"floor":18,"key":"ElixirPotion"},{"floor":20,"key":"BloodPotion"},{"floor":23,"key":"DistilledChaos"},{"floor":25,"key":"GamblersBrew"},{"floor":27,"key":"LiquidBronze"},{"floor":28,"key":"FearPotion"},{"floor":29,"key":"Block Potion"},{"floor":30,"key":"Fire Potion"},{"floor":33,"key":"Block Potion"},{"floor":35,"key":"PowerPotion"},{"floor":40,"key":"Weak Potion"}],"is_trial":true,"path_per_floor":["M","M","M","M","?","E","R","E","T","E","E","M","R","M","R","B",null,"M","?","M","$","E","E","R","M","T","E","M","M","E","$","R","B",null,"M","$","?","?","E","E","M","M","T","M","$","E","R","?","R","B",null],"character_chosen":"IRONCLAD","items_purchased":["Blue Candle","Orichalcum","Art of War","Headbutt","Reaper","Chemical X"],"campfire_rested":0,"item_purchase_floors":[21,31,31,31,36,45],"current_hp_per_floor":[80,80,80,80,80,66,66,73,73,80,77,75,85,81,81,90,90,90,100,100,100,92,61,61,66,66,85,86,92,102,112,112,105,112,113,119,109,109,115,98,121,121,121,112,124,118,118,114,124,110],"gold":175,"neow_bonus":"","is_daily":false,"chose_seed":false,"campfire_upgraded":0,"win_rate":0.0,"timestamp":1612533759,"path_taken":["M","M","?","M","?","E","R","E","T","?","?","?","R","M","R","BOSS","M","?","M","$","?","E","R","M","T","E","M","M","E","$","R","BOSS","M","$","?","?","?","E","M","M","T","M","$","E","R","?","R","BOSS"],"items_purchased_type":["Relic","Relic","Relic","Card","Card","Relic"],"build_version":"2020-12-22","purchased_purges":0,"victory":true,"max_hp_per_floor":[80,80,80,80,80,80,80,80,80,80,80,80,90,90,90,90,90,90,100,100,100,100,100,100,100,100,103,103,106,112,112,112,112,112,119,119,119,113,117,117,121,121,121,124,124,124,124,124,124,124],"relic_stats":{"Torii":33,"StoneCalendar":[133],"Ginger":[10],"Burning Blood":138,"Blood Vial":26,"Centennial Puzzle":[18],"Shovel":5,"MealTicket":28,"Chemical X":[3],"Happy Flower":[32],"counters":[30,145],"Blue Candle":[0],"Eternal Feather":10,"PreservedInsect":446,"Orichalcum":[120],"MawBank":108,"Question Card":5,"Mercury Hourglass":[286],"Ornamental Fan":[32],"Turnip":[8],"Art of War":[21],"Champion Belt":[2],"obtain_stats":[{"Lantern":23,"Torii":6,"StoneCalendar":32,"Incense Burner":30,"Ginger":27,"Burning Blood":0,"Blood Vial":11,"Centennial Puzzle":39,"Shovel":0,"Matryoshka":8,"MealTicket":10,"Fusion Hammer":34,"Chemical X":45,"Pear":13,"Happy Flower":17,"Blue Candle":21,"Oddly Smooth Stone":9,"Eternal Feather":47,"PreservedInsect":9,"Orichalcum":31,"MawBank":22,"Question Card":40,"Akabeko":15,"White Beast Statue":17,"Mercury Hourglass":24,"Calling Bell":17,"CaptainsWheel":17,"Anchor":43,"Ornamental Fan":26,"Turnip":26,"Art of War":31,"Bag of Marbles":49,"Champion Belt":46,"Toy Ornithopter":7,"TungstenRod":48},{"Lantern":15,"Torii":5,"StoneCalendar":20,"Incense Burner":20,"Ginger":17,"Burning Blood":0,"Blood Vial":8,"Centennial Puzzle":23,"Shovel":0,"Matryoshka":6,"MealTicket":7,"Fusion Hammer":21,"Chemical X":27,"Pear":9,"Happy Flower":11,"Blue Candle":13,"Oddly Smooth Stone":6,"Eternal Feather":28,"PreservedInsect":6,"Orichalcum":20,"MawBank":14,"Question Card":24,"Akabeko":10,"White Beast Statue":11,"Mercury Hourglass":15,"Calling Bell":11,"CaptainsWheel":11,"Anchor":26,"Ornamental Fan":16,"Turnip":16,"Art of War":20,"Bag of Marbles":29,"Champion Belt":28,"Toy Ornithopter":5,"TungstenRod":29},{"Lantern":71,"Torii":17,"StoneCalendar":90,"Incense Burner":90,"Ginger":76,"Burning Blood":0,"Blood Vial":28,"Centennial Puzzle":109,"Shovel":0,"Matryoshka":20,"MealTicket":24,"Fusion Hammer":98,"Chemical X":126,"Pear":31,"Happy Flower":48,"Blue Candle":59,"Oddly Smooth Stone":20,"Eternal Feather":127,"PreservedInsect":20,"Orichalcum":90,"MawBank":63,"Question Card":114,"Akabeko":35,"White Beast Statue":48,"Mercury Hourglass":71,"Calling Bell":48,"CaptainsWheel":48,"Anchor":119,"Ornamental Fan":73,"Turnip":73,"Art of War":90,"Bag of Marbles":129,"Champion Belt":127,"Toy Ornithopter":17,"TungstenRod":129}],"Toy Ornithopter":49,"TungstenRod":4},"card_choices":[{"not_picked":["Armaments","Twin Strike"],"picked":"Clothesline","floor":1},{"not_picked":["Flex","Warcry"],"picked":"Wild Strike","floor":2},{"not_picked":["True Grit","Havoc"],"picked":"Combust","floor":3},{"not_picked":["Pommel Strike","Heavy Blade"],"picked":"Perfected Strike","floor":4},{"not_picked":["Ghostly Armor","Fire Breathing"],"picked":"Reaper","floor":6},{"not_picked":["Searing Blow","Shrug It Off"],"picked":"Metallicize","floor":8},{"not_picked":["Uppercut","Clash"],"picked":"Twin Strike","floor":10},{"not_picked":["Cleave","Wild Strike"],"picked":"Inflame","floor":11},{"not_picked":["Sever Soul","Cleave"],"picked":"Whirlwind","floor":12},{"not_picked":["Flex","Whirlwind"],"picked":"Armaments","floor":14},{"not_picked":["Double Tap","Brutality"],"picked":"Demon Form","floor":16},{"not_picked":["Warcry","Evolve"],"picked":"Power Through+1","floor":18},{"not_picked":["Anger","Entrench+1","Iron Wave+1"],"picked":"SKIP","floor":20},{"not_picked":["Flex","Inflame"],"picked":"Feed","floor":22},{"not_picked":["Metallicize","Dual Wield+1"],"picked":"Seeing Red","floor":23},{"not_picked":["Second Wind","Sword Boomerang"],"picked":"Armaments+1","floor":25},{"not_picked":["Whirlwind","Sentinel+1"],"picked":"Perfected Strike","floor":27},{"not_picked":["Havoc","Anger","Twin Strike"],"picked":"SKIP","floor":28},{"not_picked":["Thunderclap","Perfected Strike"],"picked":"Disarm","floor":29},{"not_picked":["Cleave","Wild Strike"],"picked":"Offering","floor":30},{"not_picked":["Brutality","Feed"],"picked":"Offering","floor":33},{"not_picked":["Sentinel","True Grit","Thunderclap+1"],"picked":"SKIP","floor":35},{"not_picked":["Enlightenment","Metamorphosis"],"picked":"Dark Shackles","floor":37},{"not_picked":["Spot Weakness","Twin Strike+1"],"picked":"Inflame+1","floor":39},{"not_picked":["Twin Strike+1","Juggernaut"],"picked":"Metallicize+1","floor":40},{"not_picked":["Clothesline","Fire Breathing","Wild Strike+1","Flex+1"],"picked":"SKIP","floor":41},{"not_picked":["Havoc+1","Headbutt+1","Pommel Strike","Flex+1"],"picked":"SKIP","floor":42},{"not_picked":["Clothesline+1","Blood for Blood","Sentinel"],"picked":"Body Slam","floor":44},{"not_picked":["Whirlwind","Power Through+1","Cleave+1"],"picked":"Heavy Blade+1","floor":46},{"not_picked":["Thunderclap","Cleave+1","Warcry"],"picked":"Dual Wield+1","floor":48}],"player_experience":1198965,"relics_obtained":[{"floor":6,"key":"Torii"},{"floor":7,"key":"Toy Ornithopter"},{"floor":8,"key":"Matryoshka"},{"floor":9,"key":"Oddly Smooth Stone"},{"floor":9,"key":"PreservedInsect"},{"floor":10,"key":"MealTicket"},{"floor":11,"key":"Blood Vial"},{"floor":13,"key":"Pear"},{"floor":15,"key":"Akabeko"},{"floor":17,"key":"Happy Flower"},{"floor":17,"key":"White Beast Statue"},{"floor":17,"key":"CaptainsWheel"},{"floor":22,"key":"MawBank"},{"floor":23,"key":"Lantern"},{"floor":24,"key":"Mercury Hourglass"},{"floor":26,"key":"Ornamental Fan"},{"floor":26,"key":"Turnip"},{"floor":27,"key":"Ginger"},{"floor":30,"key":"Incense Burner"},{"floor":32,"key":"StoneCalendar"},{"floor":39,"key":"Centennial Puzzle"},{"floor":40,"key":"Question Card"},{"floor":43,"key":"Anchor"},{"floor":46,"key":"Champion Belt"},{"floor":47,"key":"Eternal Feather"},{"floor":48,"key":"TungstenRod"},{"floor":49,"key":"Bag of Marbles"}],"event_choices":[{"damage_healed":0,"gold_gain":0,"player_choice":"Got Potions","damage_taken":0,"max_hp_gain":0,"max_hp_loss":0,"event_name":"Lab","floor":5,"gold_loss":0},{"cards_removed":["Demon Form"],"damage_healed":0,"gold_gain":0,"player_choice":"Offered Rare","damage_taken":0,"max_hp_gain":10,"max_hp_loss":0,"event_name":"Bonfire Elementals","floor":19,"gold_loss":0},{"damage_healed":0,"gold_gain":0,"player_choice":"Memory 3","damage_taken":10,"max_hp_gain":0,"max_hp_loss":0,"event_name":"SensoryStone","floor":37,"gold_loss":0},{"damage_healed":0,"gold_gain":0,"player_choice":"Max HP","damage_taken":0,"max_hp_gain":0,"max_hp_loss":6,"event_name":"Winding Halls","floor":38,"gold_loss":0},{"damage_healed":0,"gold_gain":0,"player_choice":"Fight","damage_taken":0,"max_hp_gain":0,"max_hp_loss":0,"event_name":"Mysterious Sphere","floor":48,"gold_loss":0}],"is_beta":false,"boss_relics":[{"not_picked":["SacredBark","SlaversCollar"],"picked":"Calling Bell"},{"not_picked":["Busted Crown","Black Star"],"picked":"Fusion Hammer"}],"items_purged_floors":[],"is_endless":false,"potions_floor_spawned":[1,6,8,10,14,18,20,22,23,25,27,28,29,30,33,35,39,40,41,42,44,46,48],"ascension_level":0}}