{"host":"yecadp3kwkksam5a","time":1612530239,"event":{"mods":["100% Spire Juice","Arknights","BaseMod","Minty Spire (QoL Compilation)","StSLib","SuperFastMode","The Cursed","WarShipGirlsR/??á´Ò³R mod"],"gold_per_floor":[109,119,169,185,199,225,225,237,237,250,273,273,283,314,314,389,389,406,456,40,40,40,40,81,81,154,197,247,247,256,265,265,348,348,377,392,392,333,362,362,383,383,410,444,103,120,120,26,26,26,26,26,1,33,33,33],"floor_reached":55,"language":"KOR","playtime":1471,"items_purged":["Strike_R"],"score":1182,"play_id":"c8e881b1-94dc-48ec-a4f8-46be4c4108d6","local_time":"20210205220359","is_ascension_mode":true,"campfire_choices":[{"data":"Perfected Strike","floor":7.0,"key":"SMITH"},{"data":"Bash","floor":12.0,"key":"SMITH"},{"data":"Pommel Strike","floor":15.0,"key":"SMITH"},{"data":"Disarm","floor":23.0,"key":"SMITH"},{"data":"Rage","floor":25.0,"key":"SMITH"},{"floor":32.0,"key":"REST"},{"floor":40.0,"key":"RECALL"},{"data":"Perfected Strike","floor":47.0,"key":"SMITH"},{"data":"Perfected Strike","floor":49.0,"key":"SMITH"},{"data":"Offering","floor":52.0,"key":"SMITH"}],"circlet_count":0,"master_deck":["AscendersBane","Strike_R+1","Strike_R+1","Strike_R+1","Strike_R+1","Defend_R+1","Defend_R+1","Defend_R+1","Bash+1","Rampage","Perfected Strike+1","Perfected Strike+1","Twin Strike","Disarm+1","Pommel Strike+1","Rage+1","Exhume","Necronomicurse","Perfected Strike+1","Offering+1","True Grit+1","Shockwave","Feel No Pain","Armaments+1","Pommel Strike+1","Perfected Strike+1","Impervious","Twin Strike"],"relics":["Burning Blood","War Paint","Whetstone","Odd Mushroom","CeramicFish","Velvet Choker","Membership Card","Juzu Bracelet","Mercury Hourglass","MutagenicStrength","Question Card","Self Forming Clay","Anchor","Necronomicon","Snecko Eye","StoneCalendar","ClockworkSouvenir","Red Skull","Pantograph","Vajra","Toy Ornithopter"],"acts_visited":["Exordium","TheCity","TheBeyond","TheEnding"],"potions_floor_usage":[55,55],"damage_taken":[{"damage":3.0,"enemies":"Small Slimes","floor":1.0,"turns":5.0},{"damage":6.0,"enemies":"Cultist","floor":2.0,"turns":3.0},{"damage":6.0,"enemies":"Jaw Worm","floor":4.0,"turns":4.0},{"damage":15.0,"enemies":"Large Slime","floor":5.0,"turns":8.0},{"damage":10.0,"enemies":"3 Sentries","floor":6.0,"turns":6.0},{"damage":9.0,"enemies":"Red Slaver","floor":8.0,"turns":2.0},{"damage":0.0,"enemies":"2 Fungi Beasts","floor":10.0,"turns":2.0},{"damage":16.0,"enemies":"The Mushroom Lair","floor":11.0,"turns":4.0},{"damage":10.0,"enemies":"Large Slime","floor":13.0,"turns":3.0},{"damage":8.0,"enemies":"Gremlin Nob","floor":14.0,"turns":3.0},{"damage":32.0,"enemies":"The Guardian","floor":16.0,"turns":10.0},{"damage":0.0,"enemies":"Chosen","floor":18.0,"turns":3.0},{"damage":22.0,"enemies":"Slavers","floor":24.0,"turns":4.0},{"damage":32.0,"enemies":"Book of Stabbing","floor":27.0,"turns":5.0},{"damage":49.0,"enemies":"Champ","floor":33.0,"turns":8.0},{"damage":18.0,"enemies":"3 Darklings","floor":35.0,"turns":3.0},{"damage":0.0,"enemies":"Orb Walker","floor":36.0,"turns":1.0},{"damage":0.0,"enemies":"Sphere and 2 Shapes","floor":39.0,"turns":3.0},{"damage":17.0,"enemies":"Transient","floor":41.0,"turns":5.0},{"damage":0.0,"enemies":"Mind Bloom Boss Battle","floor":44.0,"turns":5.0},{"damage":16.0,"enemies":"Spire Growth","floor":46.0,"turns":3.0},{"damage":40.0,"enemies":"Time Eater","floor":50.0,"turns":5.0},{"damage":27,"enemies":"Shield and Spear","floor":54,"turns":5},{"damage":88,"enemies":"The Heart","floor":55,"turns":8}],"seed_played":"-4160055933894855313","potions_obtained":[{"floor":2.0,"key":"Dexterity Potion"},{"floor":5.0,"key":"Fire Potion"},{"floor":8.0,"key":"LiquidBronze"},{"floor":10.0,"key":"BloodPotion"},{"floor":14.0,"key":"Swift Potion"},{"floor":24.0,"key":"BloodPotion"},{"floor":33.0,"key":"Swift Potion"},{"floor":46.0,"key":"DuplicationPotion"}],"is_trial":false,"path_per_floor":["M","M","?","M","M","E","R","M","T","M","?","R","M","E","R","B",null,"M","?","$","?","?","R","E","R","T","E","?","?","?","?","R","B",null,"M","M","?","$","M","R","M","?","T","?","$","M","R","$","R","B",null,"R","$","E","B"],"character_chosen":"IRONCLAD","items_purchased":["Membership Card","Juzu Bracelet","Mercury Hourglass","Fire Potion","Shockwave","Feel No Pain","ClockworkSouvenir","Impervious","Red Skull","Pantograph","Vajra","Twin Strike","SkillPotion"],"campfire_rested":1,"item_purchase_floors":[20,20,20,20,38,38,45,45,45,45,48,48,53],"current_hp_per_floor":[78,78,78,78,69,65,65,62,62,68,58,58,54,68,68,42,72,78,78,78,78,78,78,62,62,62,36,36,36,15,15,39,12,65,53,59,59,59,65,65,54,54,54,60,60,50,50,50,50,41,72,72,72,51,0,0],"gold":33,"neow_bonus":"TEN_PERCENT_HP_BONUS","is_daily":false,"chose_seed":false,"campfire_upgraded":8,"win_rate":0.0,"timestamp":1612530239,"path_taken":["M","M","?","M","M","E","R","M","T","?","?","R","M","E","R","BOSS","M","?","$","?","?","R","E","R","T","E","?","?","?","?","R","BOSS","M","M","?","$","M","R","M","?","T","?","$","M","R","?","R","BOSS","R","$","E","BOSS"],"items_purchased_type":["Relic","Relic","Relic","Potion","Card","Card","Relic","Card","Relic","Relic","Relic","Card","Potion"],"build_version":"2020-12-22","purchased_purges":1,"victory":false,"max_hp_per_floor":[82,82,82,82,82,82,82,82,82,82,82,82,82,82,82,82,82,82,82,82,82,82,82,82,82,82,82,82,82,82,82,82,82,82,82,82,82,82,82,82,82,82,82,82,82,82,82,82,82,82,82,82,82,82,82,82],"card_choices":[{"not_picked":["True Grit","Sword Boomerang"],"picked":"Rampage","floor":1.0},{"not_picked":["Warcry","Thunderclap"],"picked":"Perfected Strike","floor":2.0},{"not_picked":["Iron Wave","Sever Soul","Fire Breathing"],"picked":"SKIP","floor":4.0},{"not_picked":["Intimidate","Heavy Blade"],"picked":"Perfected Strike","floor":5.0},{"not_picked":["Brutality","Warcry"],"picked":"Twin Strike","floor":6.0},{"not_picked":["Warcry","Sword Boomerang","Searing Blow"],"picked":"SKIP","floor":8.0},{"not_picked":["Anger","Twin Strike","Warcry"],"picked":"SKIP","floor":10.0},{"not_picked":["Havoc","Wild Strike"],"picked":"Disarm","floor":11.0},{"not_picked":["Clash","Juggernaut"],"picked":"Pommel Strike","floor":13.0},{"not_picked":["Rampage","Rage","Sentinel"],"picked":"SKIP","floor":14.0},{"not_picked":["Thunderclap","Seeing Red","Warcry"],"picked":"SKIP","floor":18.0},{"not_picked":["Reckless Charge","Rupture"],"picked":"Rage","floor":24.0},{"not_picked":["Twin Strike","Heavy Blade","Hemokinesis"],"picked":"Exhume","floor":27.0},{"not_picked":["Barricade","Berserk","Brutality"],"picked":"Offering","floor":33.0},{"not_picked":["Whirlwind+1","Shrug It Off","Uppercut"],"picked":"True Grit+1","floor":35.0},{"not_picked":["Whirlwind+1","Heavy Blade+1","Flex","Thunderclap"],"picked":"SKIP","floor":36.0},{"not_picked":["Thunderclap","Perfected Strike","Heavy Blade"],"picked":"Armaments+1","floor":39.0},{"not_picked":["Bludgeon","Pommel Strike+1","True Grit","Flex+1"],"picked":"SKIP","floor":41.0},{"not_picked":["Bludgeon","True Grit","Flex+1"],"picked":"Pommel Strike+1","floor":41.0},{"not_picked":["Twin Strike","Dark Embrace","Seeing Red"],"picked":"Perfected Strike","floor":44.0},{"not_picked":["Warcry","True Grit","Clothesline+1","Clash"],"picked":"SKIP","floor":46.0},{"not_picked":["Offering","Battle Trance","Anger","Immolate"],"picked":"SKIP","floor":54}],"player_experience":598777,"relics_obtained":[{"floor":6.0,"key":"War Paint"},{"floor":9.0,"key":"Whetstone"},{"floor":11.0,"key":"Odd Mushroom"},{"floor":14.0,"key":"CeramicFish"},{"floor":24.0,"key":"Question Card"},{"floor":26.0,"key":"Self Forming Clay"},{"floor":27.0,"key":"Anchor"},{"floor":30.0,"key":"Necronomicon"},{"floor":44.0,"key":"StoneCalendar"},{"floor":54,"key":"Toy Ornithopter"}],"event_choices":[{"damage_healed":0.0,"max_hp_gain":0.0,"max_hp_loss":0.0,"gold_gain":50.0,"event_name":"Golden Shrine","player_choice":"Pray","floor":3.0,"gold_loss":0.0,"damage_taken":0.0},{"damage_healed":0.0,"max_hp_gain":0.0,"max_hp_loss":0.0,"gold_gain":0.0,"event_name":"Mushrooms","player_choice":"Fought Mushrooms","floor":11.0,"gold_loss":0.0,"damage_taken":0.0},{"damage_healed":0.0,"max_hp_gain":0.0,"max_hp_loss":0.0,"gold_gain":50.0,"event_name":"Golden Shrine","player_choice":"Pray","floor":19.0,"gold_loss":0.0,"damage_taken":0.0},{"damage_healed":0.0,"max_hp_gain":0.0,"max_hp_loss":0.0,"gold_gain":0.0,"event_name":"Drug Dealer","player_choice":"Inject Mutagens","floor":22.0,"gold_loss":0.0,"damage_taken":0.0,"relics_obtained":["MutagenicStrength"]},{"damage_healed":0.0,"max_hp_gain":0.0,"max_hp_loss":0.0,"gold_gain":50.0,"event_name":"Nest","player_choice":"Stole From Cult","floor":28.0,"gold_loss":0.0,"damage_taken":0.0},{"damage_healed":0.0,"max_hp_gain":0.0,"max_hp_loss":0.0,"gold_gain":0.0,"event_name":"Back to Basics","player_choice":"Simplicity","floor":29.0,"gold_loss":0.0,"damage_taken":0.0,"cards_upgraded":["Strike_R","Strike_R","Strike_R","Defend_R","Defend_R"]},{"damage_healed":0.0,"max_hp_gain":0.0,"max_hp_loss":0.0,"gold_gain":0.0,"event_name":"Cursed Tome","player_choice":"Obtained Book","floor":30.0,"gold_loss":0.0,"damage_taken":21.0},{"damage_healed":0.0,"max_hp_gain":0.0,"max_hp_loss":0.0,"gold_gain":0.0,"event_name":"The Library","player_choice":"Read","floor":31.0,"gold_loss":0.0,"damage_taken":0.0,"cards_obtained":["Perfected Strike"]},{"cards_removed":["Defend_R"],"damage_healed":0.0,"max_hp_gain":0.0,"max_hp_loss":0.0,"gold_gain":0.0,"event_name":"Falling","player_choice":"Removed Skill","floor":37.0,"gold_loss":0.0,"damage_taken":0.0},{"damage_healed":0.0,"max_hp_gain":0.0,"max_hp_loss":0.0,"gold_gain":0.0,"event_name":"Tomb of Lord Red Mask","player_choice":"Ignored","floor":42.0,"gold_loss":0.0,"damage_taken":0.0},{"damage_healed":0.0,"max_hp_gain":0.0,"max_hp_loss":0.0,"gold_gain":0.0,"event_name":"MindBloom","player_choice":"Fight","floor":44.0,"gold_loss":0.0,"damage_taken":0.0}],"is_beta":false,"boss_relics":[{"not_picked":["Busted Crown","Black Star"],"picked":"Velvet Choker"},{"not_picked":["Runic Dome","Runic Cube"],"picked":"Snecko Eye"}],"items_purged_floors":[20],"is_endless":false,"potions_floor_spawned":[2,5,8,10,11,14,18,24,33,36,46],"killed_by":"The Heart","ascension_level":15}}