{"host":"rolltorest","time":1612564794,"event":{"mods":["BaseMod","Minty Spire (QoL Compilation)","Relic Stats","Slay the Relics Exporter","StSLib"],"gold_per_floor":[109,128,278,203,223,250,250,250,250],"floor_reached":8,"language":"ENG","playtime":157,"items_purged":[],"score":112,"play_id":"154a377c-29d2-4602-8aa2-21d81fd27805","local_time":"20210205143954","is_ascension_mode":true,"campfire_choices":[{"floor":7,"key":"REST"}],"circlet_count":0,"master_deck":["AscendersBane","Strike_G","Strike_G","Strike_G","Strike_G","Strike_G","Defend_G","Defend_G","Defend_G","Defend_G","Defend_G","Survivor","Neutralize","Dash","Blade Dance","Masterful Stab"],"relics":["Ring of the Snake","NeowsBlessing","TungstenRod"],"acts_visited":["Exordium"],"potions_floor_usage":[6],"damage_taken":[{"damage":0,"enemies":"Small Slimes","floor":1,"turns":1},{"damage":0,"enemies":"Jaw Worm","floor":2,"turns":1},{"damage":0,"enemies":"2 Louse","floor":5,"turns":1},{"damage":39,"enemies":"Gremlin Nob","floor":6,"turns":6},{"damage":36,"enemies":"Lagavulin","floor":8,"turns":8}],"seed_played":"1226061657335958898","potions_obtained":[{"floor":2,"key":"Dexterity Potion"},{"floor":5,"key":"ColorlessPotion"}],"is_trial":false,"path_per_floor":["M","M","?","?","M","E","R","E"],"character_chosen":"THE_SILENT","items_purchased":[],"campfire_rested":1,"item_purchase_floors":[],"current_hp_per_floor":[59,59,59,59,59,20,39,3,3],"gold":250,"neow_bonus":"THREE_ENEMY_KILL","is_daily":false,"chose_seed":false,"campfire_upgraded":0,"win_rate":0.0,"timestamp":1612564794,"path_taken":["M","M","?","?","M","E","R","E"],"items_purchased_type":[],"build_version":"2020-12-18","purchased_purges":0,"victory":false,"max_hp_per_floor":[66,66,66,66,66,66,66,66,66],"relic_stats":{"counters":[5,17],"obtain_stats":[{"NeowsBlessing":0,"TungstenRod":6,"Ring of the Snake":0},{"NeowsBlessing":0,"TungstenRod":4,"Ring of the Snake":0},{"NeowsBlessing":0,"TungstenRod":9,"Ring of the Snake":0}],"TungstenRod":4,"Ring of the Snake":[10]},"card_choices":[{"not_picked":["Acrobatics","Catalyst"],"picked":"Dash","floor":1},{"not_picked":["Cloak And Dagger","Dagger Spray"],"picked":"Blade Dance","floor":2},{"not_picked":["Underhanded Strike","Endless Agony"],"picked":"Masterful Stab","floor":5},{"not_picked":["Distraction","Dodge and Roll","Masterful Stab"],"picked":"SKIP","floor":6}],"player_experience":1875400,"relics_obtained":[{"floor":6,"key":"TungstenRod"}],"event_choices":[{"damage_healed":0,"gold_gain":150,"player_choice":"AGREE","damage_taken":0,"max_hp_gain":0,"max_hp_loss":0,"event_name":"Liars Game","floor":3,"gold_loss":0,"cards_obtained":["Doubt"]},{"cards_removed":["Doubt"],"damage_healed":0,"gold_gain":0,"player_choice":"Card Removal","damage_taken":0,"max_hp_gain":0,"max_hp_loss":0,"event_name":"The Cleric","floor":4,"gold_loss":75}],"is_beta":true,"boss_relics":[],"items_purged_floors":[],"is_endless":false,"potions_floor_spawned":[2,5],"killed_by":"Lagavulin","ascension_level":20}}