{"host":"og6lam4kt3nibbw0","time":1612544673,"event":{"mods":["AchievementEnabler","BaseMod","Colored Map","DeckTracker","Highlight Path","Keyboard Shortcuts","Minty Spire (QoL Compilation)","Permanent Neow","Quick Restart","StSLib","SuperFastMode"],"gold_per_floor":[109,184,184,201,216,216,249,249,249,249,249,265,290,317,317,393,393,405,378,388,388,388,388],"floor_reached":22,"language":"KOR","playtime":595,"items_purged":[],"score":413,"play_id":"a37291a3-abf5-4fc0-b81b-f3f0e7f66622","local_time":"20210206020433","is_ascension_mode":true,"campfire_choices":[{"data":"Carnage","floor":6.0,"key":"SMITH"},{"floor":8.0,"key":"REST"},{"floor":11.0,"key":"REST"},{"floor":15.0,"key":"REST"}],"circlet_count":0,"master_deck":["AscendersBane","Defend_R","Defend_R","Defend_R","Defend_R+1","Bash","Headbutt","Carnage+1","Body Slam","Demon Form","Cleave+1","Ghostly Armor","Feed+1","True Grit","Body Slam+1","Bite+1","Bite+1","Bite+1","Bite+1","Bite+1"],"relics":["Burning Blood","The Courier","Molten Egg 2","Ice Cream","Regal Pillow","SlaversCollar"],"acts_visited":["Exordium","TheCity"],"potions_floor_usage":[20,20,22],"damage_taken":[{"damage":7.0,"enemies":"Jaw Worm","floor":1.0,"turns":3.0},{"damage":2.0,"enemies":"2 Louse","floor":4.0,"turns":2.0},{"damage":5.0,"enemies":"Small Slimes","floor":5.0,"turns":4.0},{"damage":15.0,"enemies":"3 Sentries","floor":7.0,"turns":9.0},{"damage":12.0,"enemies":"Looter","floor":12.0,"turns":3.0},{"damage":32.0,"enemies":"Lagavulin","floor":13.0,"turns":5.0},{"damage":27.0,"enemies":"Hexaghost","floor":16.0,"turns":7.0},{"damage":44.0,"enemies":"3 Byrds","floor":18.0,"turns":8.0},{"damage":24,"enemies":"2 Thieves","floor":19,"turns":4},{"damage":32,"enemies":"Snake Plant","floor":20,"turns":5},{"damage":61,"enemies":"Centurion and Healer","floor":22,"turns":7}],"seed_played":"-1850962115306072597","potions_obtained":[{"floor":5.0,"key":"DuplicationPotion"},{"floor":7.0,"key":"EntropicBrew"},{"floor":13.0,"key":"DuplicationPotion"},{"floor":18.0,"key":"FairyPotion"}],"is_trial":false,"path_per_floor":["M","?","?","M","M","R","E","R","T","?","R","M","E","T","R","B",null,"M","M","M","?","M"],"character_chosen":"IRONCLAD","items_purchased":[],"campfire_rested":3,"item_purchase_floors":[],"current_hp_per_floor":[49,38,15,19,20,20,11,33,33,26,48,42,16,16,53,32,64,30,16,15,15,0,0],"gold":388,"neow_bonus":"REMOVE_TWO","is_daily":false,"chose_seed":false,"campfire_upgraded":1,"win_rate":0.0,"timestamp":1612544673,"path_taken":["M","?","?","M","M","R","E","R","T","?","R","M","E","?","R","BOSS","M","M","M","?","M"],"items_purchased_type":[],"build_version":"2020-12-22","purchased_purges":0,"victory":false,"max_hp_per_floor":[75,75,75,75,75,75,75,75,75,75,75,75,75,75,75,75,75,79,83,83,58,58,58],"card_choices":[{"not_picked":["Clothesline","Thunderclap"],"picked":"Headbutt","floor":1.0},{"not_picked":["Sword Boomerang","Armaments"],"picked":"Carnage","floor":4.0},{"not_picked":["True Grit","Uppercut"],"picked":"Body Slam","floor":5.0},{"not_picked":["Brutality","Fiend Fire"],"picked":"Demon Form","floor":7.0},{"not_picked":["Havoc","Wild Strike+1"],"picked":"Cleave+1","floor":12.0},{"not_picked":["Perfected Strike+1","Impervious"],"picked":"Ghostly Armor","floor":13.0},{"not_picked":["Berserk","Fiend Fire+1"],"picked":"Feed+1","floor":16.0},{"not_picked":["Havoc","Clothesline+1"],"picked":"True Grit","floor":18.0},{"not_picked":["Seeing Red","True Grit","Rampage+1"],"picked":"SKIP","floor":19},{"not_picked":["Spot Weakness","Metallicize"],"picked":"Body Slam+1","floor":20}],"player_experience":979218,"relics_obtained":[{"floor":7.0,"key":"The Courier"},{"floor":9.0,"key":"Molten Egg 2"},{"floor":13.0,"key":"Ice Cream"},{"floor":14.0,"key":"Regal Pillow"}],"event_choices":[{"damage_healed":0.0,"max_hp_gain":0.0,"max_hp_loss":0.0,"gold_gain":75.0,"event_name":"World of Goop","player_choice":"Gather Gold","floor":2.0,"gold_loss":0.0,"damage_taken":11.0},{"damage_healed":0.0,"max_hp_gain":0.0,"max_hp_loss":0.0,"gold_gain":0.0,"event_name":"Shining Light","player_choice":"Entered Light","floor":3.0,"gold_loss":0.0,"damage_taken":23.0,"cards_upgraded":["Defend_R","Strike_R"]},{"cards_removed":["Strike_R"],"damage_healed":0.0,"max_hp_gain":0.0,"max_hp_loss":0.0,"gold_gain":0.0,"event_name":"Golden Wing","player_choice":"Card Removal","floor":10.0,"gold_loss":0.0,"damage_taken":7.0},{"damage_healed":0,"gold_gain":0,"player_choice":"Became a vampire","damage_taken":0,"max_hp_gain":0,"max_hp_loss":25,"event_name":"Vampires","floor":21,"gold_loss":0,"cards_obtained":["Bite","Bite","Bite","Bite","Bite"]}],"is_beta":false,"boss_relics":[{"not_picked":["Fusion Hammer","Runic Pyramid"],"picked":"SlaversCollar"}],"items_purged_floors":[],"is_endless":false,"potions_floor_spawned":[5,7,13,18],"killed_by":"Centurion and Healer","ascension_level":20}}