{"host":"uv5ws9rdk87e8i5k","time":1612487741,"event":{"mods":["AchievementEnabler","BaseMod","Colored Map","Minty Spire (QoL Compilation)","Permanent Neow","Quick Restart","StSLib","SuperFastMode","The Necromancer"],"gold_per_floor":[11,11,32,51,74,108,121,162,230,253,253,253,294,310,310,310,310],"floor_reached":16,"language":"ENG","playtime":300,"items_purged":[],"score":136,"play_id":"e64085df-2ff0-4a7e-abc4-1b540eb57627","local_time":"20210204191541","is_ascension_mode":true,"campfire_choices":[{"data":"Infernal Blade","floor":12,"key":"SMITH"},{"data":"Infernal Blade","floor":15,"key":"SMITH"}],"circlet_count":0,"master_deck":["Strike_R+1","Strike_R","Strike_R","Strike_R","Defend_R","Defend_R","Defend_R","Bash+1","Sword Boomerang","Clash","Battle Trance","Thunderclap","Warcry","Infernal Blade+1","Infernal Blade+1","Anger","Double Tap","Reaper","Spot Weakness"],"relics":["Burning Blood","Golden Idol","Whetstone","Gremlin Horn","Eternal Feather","Pear","Ice Cream"],"acts_visited":["Exordium"],"potions_floor_usage":[8,13,16],"damage_taken":[{"damage":10.0,"enemies":"2 Louse","floor":1.0,"turns":2.0},{"damage":2.0,"enemies":"Jaw Worm","floor":3.0,"turns":3.0},{"damage":2.0,"enemies":"Small Slimes","floor":4.0,"turns":3.0},{"damage":8.0,"enemies":"Blue Slaver","floor":5.0,"turns":2.0},{"damage":40.0,"enemies":"3 Sentries","floor":6.0,"turns":9.0},{"damage":7.0,"enemies":"Exordium Wildlife","floor":7.0,"turns":2.0},{"damage":19,"enemies":"Lagavulin","floor":8,"turns":4},{"damage":0,"enemies":"Looter","floor":10,"turns":1},{"damage":4,"enemies":"3 Sentries","floor":13,"turns":3},{"damage":8,"enemies":"Blue Slaver","floor":14,"turns":2},{"damage":0,"enemies":"The Guardian","floor":16,"turns":2}],"seed_played":"-98195511394809665","potions_obtained":[{"floor":1.0,"key":"Regen Potion"},{"floor":4.0,"key":"Block Potion"},{"floor":7.0,"key":"DuplicationPotion"},{"floor":10,"key":"AttackPotion"},{"floor":14,"key":"GamblersBrew"}],"is_trial":false,"path_per_floor":["M","?","M","M","M","E","M","E","T","M","T","R","E","M","R","B"],"character_chosen":"IRONCLAD","items_purchased":[],"campfire_rested":0,"item_purchase_floors":[],"current_hp_per_floor":[76,56,60,64,62,43,42,29,29,35,45,54,56,54,63,69,69],"gold":310,"neow_bonus":"TRANSFORM_TWO_CARDS","is_daily":false,"chose_seed":false,"campfire_upgraded":2,"win_rate":0.0,"timestamp":1612487741,"path_taken":["M","?","M","M","M","E","M","E","T","M","?","R","E","M","R","BOSS"],"items_purchased_type":[],"build_version":"2020-12-22","purchased_purges":0,"victory":false,"max_hp_per_floor":[80,80,80,80,80,80,80,80,80,80,90,90,90,90,90,90,90],"card_choices":[{"not_picked":["Infernal Blade","Iron Wave"],"picked":"Battle Trance","floor":1.0},{"not_picked":["Twin Strike","Shrug It Off"],"picked":"Thunderclap","floor":3.0},{"not_picked":["True Grit","Intimidate"],"picked":"Warcry","floor":4.0},{"not_picked":["Flex","Warcry"],"picked":"Infernal Blade","floor":5.0},{"not_picked":["Shockwave","Power Through"],"picked":"Infernal Blade","floor":6.0},{"not_picked":["Reckless Charge","Bloodletting"],"picked":"Anger","floor":7.0},{"not_picked":["Barricade","Headbutt"],"picked":"Double Tap","floor":8},{"not_picked":["Anger","Clothesline","Wild Strike"],"picked":"SKIP","floor":10},{"not_picked":["Intimidate","Clothesline"],"picked":"Reaper","floor":13},{"not_picked":["Armaments","Havoc"],"picked":"Spot Weakness","floor":14}],"player_experience":231551,"relics_obtained":[{"floor":6.0,"key":"Whetstone"},{"floor":8,"key":"Gremlin Horn"},{"floor":9,"key":"Eternal Feather"},{"floor":11,"key":"Pear"},{"floor":13,"key":"Ice Cream"}],"event_choices":[{"damage_healed":0.0,"max_hp_gain":0.0,"max_hp_loss":0.0,"gold_gain":0.0,"event_name":"Golden Idol","player_choice":"Take Damage","floor":2.0,"gold_loss":0.0,"damage_taken":20.0,"relics_obtained":["Golden Idol"]}],"is_beta":false,"boss_relics":[],"items_purged_floors":[],"is_endless":false,"potions_floor_spawned":[1,4,7,10,14],"killed_by":"The Guardian","ascension_level":2}}