{"host":"0hb9w7uizu7y13wj","time":1612545764,"event":{"mods":["Act Like it!","Aspiration","BaseMod","BetterRewards","Colored Map","Conspire","Downfall","Energized Spire","FTL Soundtrack","Friendly Minions","Halation","Hubris","Infinite Spire","Minty Spire (QoL Compilation)","Quick Restart","Replay The Spire","StSLib","Synergy Search","The Hierophant","The Jungle","The Poker Player","Trackpad","everything is the same but u backflip on backflip"],"gold_per_floor":[112,126,126,145,145,176,176,203,203,203,203,229,239,257,257,333,333,349,366,366,241,254,254,254,297,297,337,357,106,124,160,160,244,244,263,263,279,388,402,443,465,465,534,451,479,514,555,633,633,647,675,675,675,1006,1014,1014],"floor_reached":55,"language":"ENG","playtime":3287,"items_purged":["Strike_G","Injury"],"score":2364,"play_id":"9d3fd727-2a1f-4212-9aa7-d48adf9fdd27","local_time":"20210205172244","is_ascension_mode":true,"campfire_choices":[{"floor":7.0,"key":"REST"},{"floor":10.0,"key":"REST"},{"data":"conspire:PoisonWeapons","floor":15.0,"key":"SMITH"},{"floor":23.0,"key":"REST"},{"floor":32.0,"key":"REST"},{"floor":42.0,"key":"REST"},{"floor":49.0,"key":"RECALL"},{"data":"Footwork","floor":53,"key":"SMITH"}],"circlet_count":0,"master_deck":["AscendersBane","Strike_G","Strike_G","Strike_G","Strike_G","Defend_G","Defend_G","Defend_G+1","Defend_G","Defend_G","Survivor","conspire:PoisonWeapons+1","Predator","All Out Attack","Caltrops","Blind","Mayhem","Backstab","Terror+1","Infinite Blades","Backflip+1","ReplayTheSpireMod:Tripwire+1","Escape Plan+1","Blade Dance+1","Deadly Poison+1","ReplayTheSpireMod:Tripwire+1","Poison Darts+1","Replay:Poison Smokescreen+1","Footwork+1","Noxious Fumes","Crippling Poison+1","Blade Dance+1","Noxious Fumes","Poisoned Strike","Neutralize","Burst+1","Dodge and Roll+1","Bullet Time+1","Bouncing Flask+1","infinitespire:Collect+1","ReplayTheSpireMod:Speed Training+1","Replay:Sssssssssshield+1","Crippling Poison+1","conspire:DoublingDagger+1","Pot Of Greed+1","Pot Of Greed+1","Pot Of Greed+1","Pot Of Greed+1","Footwork","conspire:Banana+1","The Bomb+1"],"relics":["Ring of the Snake","halation:OrihimeAndHikoboshiSamaAndTears","aspiration:VileToxins","BargainBundle","Toxic Egg 2","Blue Candle","aspiration:TomeofQuesting","Replay:Ringing Soul","War Paint","energizedSpire:NeverEndingSparkler","conspire:SpecialSausage","trackpad:WeightlessShivs","Regal Pillow","CeramicFish","Pen Nib","ReplayTheSpireMod:TigerMarble","Snake Skull","Sozu","Replay:Wanted Poster","Replay:Bandana","Grinning Jar","hubris:NiceRug","Bronze Scales","Mercury Hourglass","Membership Card"],"acts_visited":["Exordium","TheCity","TheBeyond","TheEnding"],"potions_floor_usage":[51],"damage_taken":[{"damage":4.0,"enemies":"Small Slimes","floor":1.0,"turns":3.0},{"damage":3.0,"enemies":"2 Louse","floor":2.0,"turns":2.0},{"damage":1.0,"enemies":"Jaw Worm","floor":4.0,"turns":3.0},{"damage":13.0,"enemies":"Lagavulin","floor":6.0,"turns":6.0},{"damage":6.0,"enemies":"3 Sentries","floor":8.0,"turns":3.0},{"damage":3.0,"enemies":"Lagavulin","floor":12.0,"turns":3.0},{"damage":2.0,"enemies":"Red Slaver","floor":13.0,"turns":2.0},{"damage":0.0,"enemies":"2 Fungi Beasts","floor":14.0,"turns":3.0},{"damage":1.0,"enemies":"The Guardian","floor":16.0,"turns":6.0},{"damage":0.0,"enemies":"Spheric Guardian","floor":18.0,"turns":1.0},{"damage":21.0,"enemies":"Shell Parasite","floor":19.0,"turns":3.0},{"damage":30.0,"enemies":"Shelled Parasite and Fungi","floor":22.0,"turns":3.0},{"damage":0.0,"enemies":"Nightmare","floor":25.0,"turns":3.0},{"damage":22.0,"enemies":"conspire:Head Lice","floor":27.0,"turns":6.0},{"damage":0.0,"enemies":"Cultist and Chosen","floor":28.0,"turns":3.0},{"damage":32.0,"enemies":"Slavers","floor":31.0,"turns":4.0},{"damage":19.0,"enemies":"conspire:MysteriousRune","floor":33.0,"turns":7.0},{"damage":0.0,"enemies":"3 Shapes","floor":35.0,"turns":2.0},{"damage":4.0,"enemies":"3 Darklings","floor":37.0,"turns":3.0},{"damage":15.0,"enemies":"Transient","floor":39.0,"turns":6.0},{"damage":4.0,"enemies":"Reptomancer","floor":40.0,"turns":5.0},{"damage":25.0,"enemies":"Maw","floor":41.0,"turns":4.0},{"damage":1.0,"enemies":"Writhing Mass","floor":45.0,"turns":3.0},{"damage":3.0,"enemies":"3 Darklings","floor":46.0,"turns":3.0},{"damage":24.0,"enemies":"4 Shapes","floor":47.0,"turns":3.0},{"damage":17.0,"enemies":"R_Hoarder","floor":48.0,"turns":5.0},{"damage":9,"enemies":"Time Eater","floor":50,"turns":8},{"damage":0,"enemies":"hubris:GrandSnecko","floor":51,"turns":8},{"damage":14,"enemies":"hubris:Merchant","floor":54,"turns":7},{"damage":49,"enemies":"Shield and Spear","floor":55,"turns":5}],"seed_played":"-6695888765301790121","potions_obtained":[{"floor":1.0,"key":"Energy Potion"},{"floor":6.0,"key":"Explosive Potion"},{"floor":13.0,"key":"Swift Potion"},{"floor":18.0,"key":"Dexterity Potion"},{"floor":25.0,"key":"FearPotion"},{"floor":28.0,"key":"Death Potion"},{"floor":31.0,"key":"AttackPotion"}],"is_trial":false,"path_per_floor":["M","M","?","M","?","E","R","E","T","R","?","E","M","M","R","B",null,"M","M","AVR","?","M","R","?","NM","T","E","M","$","?","E","R","B",null,"M","HB","M","AVR","M","E","M","R","T","$","M","M","M","E","R","B","B",null,"R","$","E"],"character_chosen":"THE_SILENT","items_purchased":["conspire:PoisonWeapons","aspiration:VileToxins","BargainBundle","Predator","All Out Attack","Caltrops","Blind","BlessingOfTheForge","Mayhem","SteroidPotion","Noxious Fumes","Poisoned Strike","Replay:Sssssssssshield+1"],"campfire_rested":5,"item_purchase_floors":[0,0,0,0,0,0,0,0,0,0,29,29,44],"current_hp_per_floor":[24,21,21,20,20,7,26,20,20,39,42,42,43,46,46,48,73,76,55,55,55,28,69,69,72,72,53,56,59,62,33,79,63,97,100,56,52,55,40,43,18,51,51,54,53,53,32,18,18,9,9,58,58,47,0,0],"gold":1014,"neow_bonus":"","is_daily":false,"chose_seed":false,"campfire_upgraded":2,"win_rate":0.0,"timestamp":1612545764,"path_taken":["M","M","?","M","?","E","R","E","T","R","?","E","M","M","R","BOSS","M","M","AVR","?","?","R","?","NM","T","E","M","$","?","E","R","BOSS","M","HB","M","AVR","M","E","M","R","T","$","?","M","M","E","R","BOSS","BOSS","R","$","E"],"items_purchased_type":["Card","Relic","Relic","Card","Card","Card","Card","Potion","Card","Potion","Card","Card","Card"],"build_version":"2020-12-22","purchased_purges":2,"victory":false,"max_hp_per_floor":[66,66,66,66,66,66,66,66,66,66,69,72,75,78,78,81,81,84,84,84,84,87,87,87,90,90,93,96,99,102,105,105,108,108,111,56,56,59,59,62,62,62,62,65,65,68,71,74,74,74,74,74,74,77,79,79],"card_choices":[{"not_picked":["Prepared","ReplayTheSpireMod:Speed Training"],"picked":"Backstab","floor":1.0},{"not_picked":["Prepared","Underhanded Strike"],"picked":"Terror","floor":2.0},{"not_picked":["Flying Knee","Hidden Blade"],"picked":"Infinite Blades","floor":4.0},{"not_picked":["Slice","Accuracy"],"picked":"Backflip+1","floor":6.0},{"not_picked":["Replay:Poison Smokescreen+1","hubris:SlightOfHand+1"],"picked":"ReplayTheSpireMod:Tripwire+1","floor":8.0},{"not_picked":["Dash","Underhanded Strike"],"picked":"Blade Dance+1","floor":12.0},{"not_picked":["Quick Slash","Slice"],"picked":"Deadly Poison+1","floor":13.0},{"not_picked":["ReplayTheSpireMod:Exploit Weakness+1","Backflip+1"],"picked":"ReplayTheSpireMod:Tripwire+1","floor":14.0},{"not_picked":["ReplayTheSpireMod:Necrosis+1","A Thousand Cuts"],"picked":"Poison Darts+1","floor":16.0},{"not_picked":["Hidden Blade+1","ReplayTheSpireMod:Exploit Weakness+1"],"picked":"Replay:Poison Smokescreen+1","floor":18.0},{"not_picked":["Underhanded Strike+1","Backflip+1","Sucker Punch"],"picked":"SKIP","floor":19.0},{"not_picked":["Poisoned Stab","Prepared+1"],"picked":"Footwork","floor":22.0},{"not_picked":["Flying Knee","Atom Bomb"],"picked":"Noxious Fumes","floor":25.0},{"not_picked":["hubris:TrickCloak+1","Bane"],"picked":"Crippling Poison+1","floor":27.0},{"not_picked":["Sucker Punch+1","Caltrops"],"picked":"Blade Dance+1","floor":28.0},{"not_picked":["Bane","Prepared+1"],"picked":"Dodge and Roll+1","floor":31.0},{"not_picked":["Wraith Form v2","Grand Finale"],"picked":"Bullet Time+1","floor":33.0},{"not_picked":["hubris:SlightOfHand+1","hubris:Sniper+1"],"picked":"Bouncing Flask+1","floor":35.0},{"not_picked":["Deflect+1","Blade Dance+1","Dagger Spray"],"picked":"SKIP","floor":37.0},{"not_picked":["Backflip+1","Dagger Spray+1","Outmaneuver+1"],"picked":"SKIP","floor":39.0},{"not_picked":["Hidden Blade+1","Blade Dance+1"],"picked":"ReplayTheSpireMod:Speed Training+1","floor":40.0},{"not_picked":["ReplayTheSpireMod:The Works+1","Dagger Throw","Distraction+1"],"picked":"SKIP","floor":41.0},{"not_picked":["Backflip+1","Infinite Blades","Flechettes"],"picked":"SKIP","floor":45.0},{"not_picked":["Backflip+1","Infinite Blades","Flechettes"],"picked":"SKIP","floor":45.0},{"not_picked":["Poisoned Stab+1","hubris:TrickCloak+1"],"picked":"Crippling Poison+1","floor":46.0},{"not_picked":["Unload","ReplayTheSpireMod:Shiv Toss+1"],"picked":"conspire:DoublingDagger+1","floor":47.0},{"not_picked":["Deadly Poison+1","ReplayTheSpireMod:The Works+1","Envenom"],"picked":"SKIP","floor":48.0},{"not_picked":[],"picked":"Footwork","floor":54},{"not_picked":[],"picked":"conspire:Banana+1","floor":54},{"not_picked":[],"picked":"The Bomb+1","floor":54},{"not_picked":["Skewer"],"picked":"SKIP","floor":54},{"not_picked":["Dash"],"picked":"SKIP","floor":54},{"not_picked":["Cloak And Dagger+1"],"picked":"SKIP","floor":54},{"not_picked":["hubris:Sniper+1"],"picked":"SKIP","floor":54}],"player_experience":959788,"relics_obtained":[{"floor":6.0,"key":"Blue Candle"},{"floor":8.0,"key":"aspiration:TomeofQuesting"},{"floor":9.0,"key":"Replay:Ringing Soul"},{"floor":12.0,"key":"War Paint"},{"floor":25.0,"key":"CeramicFish"},{"floor":26.0,"key":"Pen Nib"},{"floor":27.0,"key":"ReplayTheSpireMod:TigerMarble"},{"floor":31.0,"key":"Snake Skull"},{"floor":40.0,"key":"Replay:Bandana"},{"floor":48.0,"key":"Grinning Jar"},{"floor":54,"key":"Bronze Scales"},{"floor":54,"key":"Mercury Hourglass"},{"floor":54,"key":"Membership Card"}],"event_choices":[{"damage_healed":0.0,"max_hp_gain":0.0,"max_hp_loss":0.0,"gold_gain":0.0,"event_name":"Scrap Ooze","player_choice":"Fled","floor":3.0,"gold_loss":0.0,"damage_taken":0.0},{"damage_healed":0.0,"max_hp_gain":0.0,"max_hp_loss":0.0,"gold_gain":0.0,"event_name":"WeMeetAgain","player_choice":"Paid Gold","floor":21.0,"gold_loss":125.0,"damage_taken":0.0,"relics_obtained":["Regal Pillow"]},{"damage_healed":0.0,"max_hp_gain":0.0,"max_hp_loss":0.0,"gold_gain":0.0,"event_name":"Match and Keep!","player_choice":"2 cards matched","floor":30.0,"gold_loss":0.0,"damage_taken":0.0,"cards_obtained":["Neutralize","Burst"]}],"is_beta":false,"boss_relics":[{"not_picked":["Snecko Eye","Ring of Chaos"],"picked":"energizedSpire:NeverEndingSparkler"},{"not_picked":["energizedSpire:PogoStick","halation:Risk"],"picked":"Sozu"}],"items_purged_floors":[0,20],"is_endless":false,"potions_floor_spawned":[1,2,6,13,18,25,28,31,45,46,48],"killed_by":"Shield and Spear","ascension_level":20}}