{"host":"3y33rrrkia6pkpow","time":1612528114,"event":{"mods":["2.2 Compatiblity","AchievementEnabler","Act Like it!","BaseMod","BetterRewards","Block Reminder","Colored Map","Colored Powertips","DeckTracker","Faster Ascension Climbing","Gensokyo","Highlight Path","Infinite Spire","Minty Spire (QoL Compilation)","Quick Restart","Rare Cards Sparkle","Replay The Spire","Shop Mod","Spicy Shops","StSLib","Synergy Search","The Animator","The Blue Laboratory","Unknown Chances"],"gold_per_floor":[113,124,39,39,4,39,39,55,104,104,145,174,188,213,213,312,312,322,322,237,254,16,34,34,64,110,121,1,46,57,90,90,187,187,204,222,346,361,372,401,401,432,485,485,445,445,456,471,471,471],"floor_reached":51,"language":"ENG","playtime":4494,"items_purged":[],"score":1641,"play_id":"d6764bf0-d2cc-4af7-8cd1-b6d78f8dbb6b","local_time":"20210205062834","is_ascension_mode":true,"campfire_choices":[{"data":"animator:Hibiki","floor":10,"key":"SMITH"},{"floor":15,"key":"DIG"},{"data":"animator:Hitei","floor":32,"key":"SMITH"},{"data":"animator:Biyorigo","floor":41,"key":"SMITH"},{"data":"animator:HinaKagiyama","floor":46,"key":"SMITH"},{"data":"animator:ToukaNishikujou","floor":49,"key":"SMITH"}],"circlet_count":0,"master_deck":["AscendersBane","animator:Strike_OwariNoSeraph","animator:Defend_OwariNoSeraph","animator:Shinoa","animator:Mikaela","animator:AyaShameimaru+1","animator:Emonzaemon","Writhe","animator:Hibiki+1","animator:Hibiki+1","animator:Shimakaze","animator:ToukaNishikujou+1","animator:Strike_HitsugiNoChaika","animator:Strike_Konosuba+1","animator:Defend_FullmetalAlchemist+1","animator:Defend_TenSura","animator:Defend_AngelBeats+1","animator:Emonzaemon","animator:ZankiKiguchi","animator:LizardPriest","animator:Shichika","animator:Shinku","animator:ZankiKiguchi","Voices","animator:Hibiki+1","animator:Kaijin+1","animator:Shichika","animator:ZankiKiguchi","animator:Emonzaemon","animator:Biyorigo","animator:Hitei+1","animator:Rimuru","animator:Biyorigo+1","animator:Kaijin","ReplayTheSpireMod:Splinters","animator:NiaHonjou+1","animator:Kaijin+1","animator:ToukaNishikujou+1","animator:HinaKagiyama+1","animator:Curse_Dizziness"],"relics":["animator:LivingPicture","animator:TheMissingPiece","animator:PurgingStone","Membership Card","Bag of Preparation","animator:WornHelmet","ReplayTheSpireMod:ShopPack","ReplayTheSpireMod:CursedCoin","Brimstone","animator:Hoodie","Gremlin Food","Boot","Replay:Baseball","Ice Cream","Black Star","Ring of Misfortune","Ring of Hypnosis","infinitespire:Lychee Nut","Gremlin Horn","ReplayTheSpireMod:Shallot","Dream Catcher","Replay:Bottled Eggs","Du-Vu Doll","infinitespire:Bottled Soul","infinitespire:CheckeredPen","Matryoshka","ReplayTheSpireMod:DimensionalGlitch","Replay:Bottled Snecko","ReplayFunnel","infinitespire:ShieldingShard","Potion Belt","CloakClasp","Anchor","Pet Ghost"],"acts_visited":["Exordium","TheCity","TheBeyond"],"potions_floor_usage":[],"damage_taken":[{"damage":0,"enemies":"infinitespire:Voidling","floor":1,"turns":3},{"damage":0,"enemies":"2 Louse","floor":2,"turns":3},{"damage":0,"enemies":"Replay:BlueRogue","floor":6,"turns":4},{"damage":0,"enemies":"Small Slimes","floor":8,"turns":2},{"damage":20,"enemies":"Lagavulin","floor":11,"turns":4},{"damage":0,"enemies":"3 Louse","floor":12,"turns":3},{"damage":0,"enemies":"Large Slime","floor":13,"turns":4},{"damage":40,"enemies":"Hexaghost","floor":16,"turns":6},{"damage":11,"enemies":"2 Thieves","floor":18,"turns":4},{"damage":0,"enemies":"Shell Parasite","floor":21,"turns":2},{"damage":0,"enemies":"3 Cultists","floor":23,"turns":2},{"damage":0,"enemies":"Replay:Snechameleon","floor":25,"turns":3},{"damage":0,"enemies":"Snecko","floor":27,"turns":3},{"damage":0,"enemies":"animator:HornedBat","floor":29,"turns":4},{"damage":0,"enemies":"Cultist and Chosen","floor":30,"turns":3},{"damage":0,"enemies":"Replay:Snechameleon","floor":31,"turns":2},{"damage":10,"enemies":"Collector","floor":33,"turns":5},{"damage":0,"enemies":"3 Darklings","floor":35,"turns":3},{"damage":0,"enemies":"Orb Walker","floor":36,"turns":2},{"damage":0,"enemies":"Sphere and 2 Shapes","floor":38,"turns":1},{"damage":7,"enemies":"4 Shapes","floor":39,"turns":2},{"damage":0,"enemies":"Reptomancer","floor":40,"turns":3},{"damage":0,"enemies":"R_Hoarder","floor":42,"turns":4},{"damage":0,"enemies":"Spire Growth","floor":47,"turns":3},{"damage":0,"enemies":"Writhing Mass","floor":48,"turns":2},{"damage":0,"enemies":"Awakened One","floor":50,"turns":7}],"seed_played":"-4014092336527630305","potions_obtained":[{"floor":1,"key":"blueLaboratory:RememoryPotion"},{"floor":2,"key":"Elixir"},{"floor":8,"key":"DistilledChaos"},{"floor":16,"key":"Block Potion"},{"floor":30,"key":"blueLaboratory:HummingbirdPotion"},{"floor":45,"key":"blueLaboratory:ExaltedPotion"},{"floor":45,"key":"blueLaboratory:ExaltedPotion"}],"is_trial":false,"path_per_floor":["M","M","?","?","?","E","?","M","T","R","E","M","M","T","R_BF","B",null,"M","?","?","M","$","M","?","E","T","M","$","E","M","E","R_BF","B",null,"M","M","?","M","M","E","R","E","T","?","?","R","M","M","R","B",null],"character_chosen":"THE_ANIMATOR","items_purchased":["Membership Card","animator:AyaShameimaru+1","animator:Emonzaemon","Bag of Preparation","animator:WornHelmet","ReplayTheSpireMod:ShopPack","ReplayTheSpireMod:CursedCoin","Brimstone","animator:ToukaNishikujou","animator:Hoodie","Gremlin Horn","animator:Hibiki","animator:Kaijin+1","Replay:Bottled Eggs"],"campfire_rested":0,"item_purchase_floors":[0,0,0,0,0,0,0,0,0,0,22,22,22,28],"current_hp_per_floor":[48,51,51,51,69,72,65,68,68,68,48,51,55,55,55,15,68,57,57,57,65,65,69,69,72,72,75,75,78,82,85,85,75,83,87,90,90,92,87,92,92,98,98,98,98,98,102,105,105,108],"gold":471,"neow_bonus":"","is_daily":false,"chose_seed":true,"campfire_upgraded":5,"win_rate":0.0,"timestamp":1612528114,"path_taken":["M","?","?","?","?","E","?","M","T","R","E","M","M","?","R_BF","BOSS","M","?","?","M","?","M","?","E","T","M","$","E","M","E","R_BF","BOSS","M","M","?","M","M","E","R","E","T","?","?","R","?","M","R","BOSS"],"items_purchased_type":["Relic","Card","Card","Relic","Relic","Relic","Relic","Relic","Card","Relic","Relic","Card","Card","Relic"],"build_version":"2020-12-22","purchased_purges":0,"victory":true,"max_hp_per_floor":[69,72,72,72,72,75,75,78,78,78,78,81,85,85,85,85,85,85,85,63,66,66,69,69,72,72,75,75,78,82,85,85,85,85,88,91,91,94,94,97,97,100,100,100,100,100,103,106,106,109],"card_choices":[{"not_picked":["animator:Patchouli","animator:NaoTomori"],"picked":"animator:Hibiki","floor":0},{"not_picked":["animator:Cirno","animator:ShuuOuma"],"picked":"animator:Hibiki","floor":0},{"not_picked":["animator:IchigoKurosaki","animator:LimeBell"],"picked":"animator:Shimakaze","floor":0},{"not_picked":["animator:TohkaYatogami","animator:MikuIzayoi","animator:Clownpiece"],"picked":"SKIP","floor":1},{"not_picked":["animator:Shuna","animator:ReimuHakurei","animator:LuciaKonohana"],"picked":"SKIP","floor":2},{"not_picked":["animator:SakuyaOhtori","animator:Natsumi","animator:Clownpiece"],"picked":"SKIP","floor":6},{"not_picked":["animator:SakuyaOhtori","animator:Natsumi","animator:Clownpiece"],"picked":"SKIP","floor":6},{"not_picked":["animator:Azekura","animator:Togame"],"picked":"animator:Emonzaemon","floor":8},{"not_picked":["animator:LizardPriest","animator:YuiTsuruno"],"picked":"animator:ZankiKiguchi","floor":11},{"not_picked":["animator:Souei","animator:Midou"],"picked":"animator:LizardPriest","floor":12},{"not_picked":["animator:UneriGinkaku","animator:SanaeKochiya"],"picked":"animator:Shichika","floor":13},{"not_picked":["animator:GoblinSlayer","animator:KoishiKomeiji"],"picked":"animator:Shinku","floor":16},{"not_picked":["animator:UneriGinkaku","animator:Konayuki"],"picked":"animator:ZankiKiguchi","floor":18},{"not_picked":["animator:Mitsuba","animator:MikuIzayoi","animator:Priestess+1"],"picked":"SKIP","floor":21},{"not_picked":["animator:YamaiSisters","animator:SougenEsaka+1"],"picked":"animator:Shichika","floor":23},{"not_picked":["animator:Enju","animator:MeguKakizaki"],"picked":"animator:ZankiKiguchi","floor":25},{"not_picked":["animator:Nanami","animator:Togame"],"picked":"animator:Emonzaemon","floor":27},{"not_picked":["animator:SuikaIbuki","animator:Nanami"],"picked":"animator:Biyorigo","floor":29},{"not_picked":["animator:Hakurou","animator:YamaiSisters"],"picked":"animator:Hitei","floor":30},{"not_picked":["animator:UneriGinkaku","animator:Suigintou","animator:Witch"],"picked":"SKIP","floor":31},{"not_picked":["animator:KurumiTokisaki","animator:KotoriItsuka"],"picked":"animator:Rimuru","floor":33},{"not_picked":["animator:Nanami","animator:Togame"],"picked":"animator:Biyorigo","floor":35},{"not_picked":["animator:Emonzaemon","animator:Suigintou"],"picked":"animator:Kaijin","floor":36},{"not_picked":["animator:Mitsuba","animator:Shizu"],"picked":"animator:NiaHonjou+1","floor":37},{"not_picked":["animator:TomoeKashiwaba","animator:Souseiseki"],"picked":"animator:Kaijin+1","floor":38},{"not_picked":["animator:LizardPriest","animator:MarisaKirisame","animator:AliceMargatroid+1"],"picked":"SKIP","floor":39},{"not_picked":["animator:TsurugaMeisai+1","animator:HigakiRinne"],"picked":"animator:ToukaNishikujou","floor":42},{"not_picked":["animator:KaguyaHouraisan","animator:YamaiSisters+1","animator:OrikoMikuni"],"picked":"SKIP","floor":47},{"not_picked":["animator:Vesta","animator:YamaiSisters","animator:YoshinoHaruhiko"],"picked":"SKIP","floor":48}],"player_experience":974767,"relics_obtained":[{"floor":6,"key":"Gremlin Food"},{"floor":9,"key":"Boot"},{"floor":14,"key":"Replay:Baseball"},{"floor":15,"key":"Ice Cream"},{"floor":19,"key":"Ring of Misfortune"},{"floor":19,"key":"Ring of Hypnosis"},{"floor":25,"key":"ReplayTheSpireMod:Shallot"},{"floor":25,"key":"Dream Catcher"},{"floor":29,"key":"Du-Vu Doll"},{"floor":29,"key":"infinitespire:Bottled Soul"},{"floor":31,"key":"infinitespire:CheckeredPen"},{"floor":31,"key":"Matryoshka"},{"floor":37,"key":"Replay:Bottled Snecko"},{"floor":40,"key":"ReplayFunnel"},{"floor":40,"key":"infinitespire:ShieldingShard"},{"floor":42,"key":"Potion Belt"},{"floor":42,"key":"CloakClasp"},{"floor":43,"key":"Anchor"},{"floor":43,"key":"Pet Ghost"}],"event_choices":[{"damage_healed":18,"gold_gain":0,"player_choice":"Healed","damage_taken":0,"max_hp_gain":0,"max_hp_loss":0,"event_name":"The Cleric","floor":5,"gold_loss":35},{"cards_removed":["ReplayTheSpireMod:Restless Dread"],"damage_healed":0,"gold_gain":0,"player_choice":"Card Removal","damage_taken":7,"max_hp_gain":0,"max_hp_loss":0,"event_name":"Golden Wing","floor":7,"gold_loss":0},{"damage_healed":0,"gold_gain":0,"player_choice":"Obtained Relic","damage_taken":0,"relics_obtained":["infinitespire:Lychee Nut"],"max_hp_gain":0,"max_hp_loss":0,"event_name":"Addict","floor":20,"gold_loss":85},{"cards_removed":["animator:Strike_LogHorizon"],"damage_healed":0,"gold_gain":0,"player_choice":"Offered Basic","damage_taken":0,"max_hp_gain":0,"max_hp_loss":0,"event_name":"Bonfire Elementals","floor":24,"gold_loss":0},{"damage_healed":0,"gold_gain":0,"player_choice":"Bought 3 Potions","damage_taken":0,"max_hp_gain":0,"max_hp_loss":0,"event_name":"The Woman in Blue","floor":45,"gold_loss":0}],"is_beta":false,"boss_relics":[{"not_picked":["Fusion Hammer","infinitespire:Cupcake"],"picked":"Black Star"},{"not_picked":["animator:RacePiece","animator:VividPicture"],"picked":"ReplayTheSpireMod:DimensionalGlitch"}],"items_purged_floors":[],"is_endless":false,"potions_floor_spawned":[1,2,8,16,23,25,30,31,36,38,39,48],"ascension_level":10}}