{"host":"c6u7e77myxvw4d0m","time":1612518499,"event":{"mods":["AchievementEnabler","BaseMod","Bestiary","Colored Map","Colored Powertips","Minty Spire (QoL Compilation)","Rare Cards Sparkle","Relic Stats","everything is the same but u backflip on backflip"],"gold_per_floor":[111,122,138,32,46,46,76,94,94,94,120,140,153,169,169,243,243,254,254,271,3,13,45,45,45,45,45,61,61,79,98,98,169,169,185,185,205,222,222,222,222,222],"floor_reached":41,"language":"ENG","playtime":3068,"items_purged":[],"score":863,"play_id":"d4b93330-5c36-4384-a380-b246b15904ee","local_time":"20210205114819","is_ascension_mode":true,"campfire_choices":[{"data":"Poisoned Stab","floor":6.0,"key":"SMITH"},{"data":"Footwork","floor":15.0,"key":"SMITH"},{"data":"Neutralize","floor":25,"key":"SMITH"},{"data":"Blade Dance","floor":27,"key":"SMITH"},{"data":"Blade Dance","floor":29,"key":"SMITH"},{"data":"Footwork","floor":32,"key":"SMITH"},{"data":"Wraith Form v2","floor":40,"key":"SMITH"}],"circlet_count":0,"master_deck":["AscendersBane","Defend_G","Defend_G","Defend_G","Defend_G","Defend_G","Survivor","Neutralize+1","Bane","Poisoned Stab+1","Backstab","Blade Dance+1","Footwork+1","Slice","Blade Dance+1","Finisher","Dodge and Roll","Deadly Poison","Venomology","Footwork+1","Bite","Bite","Bite","Bite","Bite","Expertise","Footwork+1","Backflip","PiercingWail","Wraith Form v2+1","Terror","Blur","Flash of Steel"],"relics":["Busted Crown","The Specimen","Eternal Feather","Odd Mushroom","SacredBark","Lantern","Boot","Incense Burner","Black Star"],"acts_visited":["Exordium","TheCity","TheBeyond"],"potions_floor_usage":[23,30,33,33,37,38,41,41],"damage_taken":[{"damage":2.0,"enemies":"Small Slimes","floor":1.0,"turns":4.0},{"damage":1.0,"enemies":"Cultist","floor":2.0,"turns":4.0},{"damage":0.0,"enemies":"2 Louse","floor":3.0,"turns":3.0},{"damage":4.0,"enemies":"2 Fungi Beasts","floor":5.0,"turns":3.0},{"damage":29.0,"enemies":"3 Sentries","floor":7.0,"turns":10.0},{"damage":15.0,"enemies":"Exordium Thugs","floor":8.0,"turns":4.0},{"damage":0.0,"enemies":"The Mushroom Lair","floor":11.0,"turns":2.0},{"damage":0.0,"enemies":"Red Slaver","floor":12.0,"turns":3.0},{"damage":0.0,"enemies":"2 Fungi Beasts","floor":13.0,"turns":1.0},{"damage":0.0,"enemies":"Blue Slaver","floor":14.0,"turns":4.0},{"damage":9.0,"enemies":"The Guardian","floor":16.0,"turns":10.0},{"damage":24.0,"enemies":"3 Byrds","floor":18.0,"turns":4.0},{"damage":3.0,"enemies":"2 Thieves","floor":20.0,"turns":2.0},{"damage":15.0,"enemies":"3 Cultists","floor":22.0,"turns":6.0},{"damage":53,"enemies":"Book of Stabbing","floor":23,"turns":4},{"damage":33,"enemies":"Snecko","floor":28,"turns":7},{"damage":0,"enemies":"Shelled Parasite and Fungi","floor":30,"turns":2},{"damage":10,"enemies":"3 Cultists","floor":31,"turns":6},{"damage":44,"enemies":"Champ","floor":33,"turns":17},{"damage":7,"enemies":"3 Shapes","floor":35,"turns":4},{"damage":40,"enemies":"3 Darklings","floor":37,"turns":9},{"damage":38,"enemies":"Jaw Worm Horde","floor":38,"turns":5},{"damage":52,"enemies":"Giant Head","floor":41,"turns":9}],"seed_played":"-7203940221678180257","potions_obtained":[{"floor":3.0,"key":"Regen Potion"},{"floor":11.0,"key":"Fire Potion"},{"floor":12.0,"key":"Fire Potion"},{"floor":16.0,"key":"SteroidPotion"},{"floor":20.0,"key":"CunningPotion"},{"floor":33,"key":"DuplicationPotion"},{"floor":38,"key":"LiquidBronze"}],"is_trial":false,"path_per_floor":["M","M","M","$","M","R","E","M","T","?","?","M","M","M","R","B",null,"M","?","M","$","M","E","?","R","T","R","M","R","M","M","R","B",null,"M","?","M","M","?","R","E"],"character_chosen":"THE_SILENT","items_purchased":["Blade Dance","Footwork","Footwork","Lantern","Backflip"],"campfire_rested":0,"item_purchase_floors":[4,4,21,21,21],"current_hp_per_floor":[57,56,56,56,52,52,38,23,23,23,23,23,23,23,35,26,56,32,32,31,31,34,16,16,31,31,46,21,39,41,37,46,29,42,43,43,20,29,24,42,0,0],"gold":222,"neow_bonus":"BOSS_RELIC","is_daily":false,"chose_seed":false,"campfire_upgraded":7,"win_rate":0.0,"timestamp":1612518499,"path_taken":["M","M","M","$","M","R","E","M","T","?","?","M","M","M","R","BOSS","M","?","M","$","M","E","?","R","T","R","M","R","M","M","R","BOSS","M","?","M","M","?","R","E"],"items_purchased_type":["Card","Card","Card","Relic","Card"],"build_version":"2020-12-22","purchased_purges":0,"victory":false,"max_hp_per_floor":[66,66,66,66,66,66,66,66,66,66,66,66,66,66,66,66,66,66,46,46,46,46,46,46,46,46,46,46,46,46,46,46,46,46,46,46,46,46,46,46,46,46],"relic_stats":{"Busted Crown":48,"counters":[23,123],"Eternal Feather":87,"Black Star":0,"Boot":[123],"obtain_stats":[{"Lantern":21,"Busted Crown":0,"The Specimen":7,"SacredBark":17,"Eternal Feather":9,"Incense Burner":26,"Black Star":34,"Odd Mushroom":11,"Boot":23,"Ring of the Snake":0},{"Lantern":13,"Busted Crown":0,"The Specimen":5,"SacredBark":11,"Eternal Feather":6,"Incense Burner":15,"Black Star":19,"Odd Mushroom":7,"Boot":15,"Ring of the Snake":0},{"Lantern":54,"Busted Crown":0,"The Specimen":24,"SacredBark":48,"Eternal Feather":28,"Incense Burner":64,"Black Star":96,"Odd Mushroom":30,"Boot":64,"Ring of the Snake":0}]},"card_choices":[{"not_picked":[],"picked":"Bane","floor":1.0},{"not_picked":[],"picked":"Poisoned Stab","floor":2.0},{"not_picked":[],"picked":"Backstab","floor":3.0},{"not_picked":[],"picked":"Slice","floor":5.0},{"not_picked":["Infinite Blades"],"picked":"SKIP","floor":7.0},{"not_picked":[],"picked":"Blade Dance","floor":8.0},{"not_picked":[],"picked":"Finisher","floor":12.0},{"not_picked":[],"picked":"Dodge and Roll","floor":13.0},{"not_picked":[],"picked":"Deadly Poison","floor":14.0},{"not_picked":[],"picked":"Venomology","floor":16.0},{"not_picked":[],"picked":"Footwork","floor":18.0},{"not_picked":[],"picked":"Expertise","floor":20.0},{"not_picked":["Flying Knee"],"picked":"SKIP","floor":22.0},{"not_picked":[],"picked":"PiercingWail","floor":23},{"not_picked":[],"picked":"Caltrops","floor":28},{"not_picked":["Noxious Fumes"],"picked":"SKIP","floor":30},{"not_picked":["Flechettes"],"picked":"SKIP","floor":31},{"not_picked":[],"picked":"Wraith Form v2","floor":33},{"not_picked":["Flying Knee"],"picked":"SKIP","floor":35},{"not_picked":[],"picked":"Terror","floor":37},{"not_picked":[],"picked":"Blur","floor":38},{"not_picked":[],"picked":"Flash of Steel","floor":39}],"player_experience":682041,"relics_obtained":[{"floor":7.0,"key":"The Specimen"},{"floor":9.0,"key":"Eternal Feather"},{"floor":11.0,"key":"Odd Mushroom"},{"floor":23,"key":"Boot"},{"floor":26,"key":"Incense Burner"}],"event_choices":[{"damage_healed":0.0,"max_hp_gain":0.0,"max_hp_loss":0.0,"gold_gain":0.0,"event_name":"Liars Game","player_choice":"Ignored","floor":10.0,"gold_loss":0.0,"damage_taken":0.0},{"damage_healed":0.0,"max_hp_gain":0.0,"max_hp_loss":0.0,"gold_gain":0.0,"event_name":"Mushrooms","player_choice":"Fought Mushrooms","floor":11.0,"gold_loss":0.0,"damage_taken":0.0},{"damage_healed":0.0,"max_hp_gain":0.0,"max_hp_loss":20.0,"gold_gain":0.0,"event_name":"Vampires","player_choice":"Became a vampire","floor":19.0,"gold_loss":0.0,"damage_taken":0.0,"cards_obtained":["Bite","Bite","Bite","Bite","Bite"]},{"damage_healed":0,"gold_gain":0,"player_choice":"Upgraded","damage_taken":0,"max_hp_gain":0,"max_hp_loss":0,"event_name":"Upgrade Shrine","floor":24,"gold_loss":0,"cards_upgraded":["Footwork"]},{"cards_removed":["Caltrops"],"damage_healed":0,"gold_gain":0,"player_choice":"Removed Power","damage_taken":0,"max_hp_gain":0,"max_hp_loss":0,"event_name":"Falling","floor":36,"gold_loss":0},{"damage_healed":0,"gold_gain":0,"player_choice":"Memory 2","damage_taken":5,"max_hp_gain":0,"max_hp_loss":0,"event_name":"SensoryStone","floor":39,"gold_loss":0}],"is_beta":false,"boss_relics":[{"not_picked":["Tiny House","SlaversCollar"],"picked":"SacredBark"},{"not_picked":["Runic Dome","Cursed Key"],"picked":"Black Star"}],"items_purged_floors":[],"is_endless":false,"potions_floor_spawned":[3,11,12,16,18,20,33,38],"killed_by":"Giant Head","ascension_level":20}}