{"host":"dscols65uipasqd2","time":1612496402,"event":{"mods":["2.2 Compatiblity","AchievementEnabler","Aspiration","BaseMod","Colored Powertips","Downfall","Energized Spire","GifTheSpireLib","Hermit","Hubris","Infinite Spire","JesterMod","Jorbs\u0027s Wanderer Trilogy","Marisa????????","Minty Spire (QoL Compilation)","Rare Cards Sparkle","Replay The Spire","StSLib","Stuff the Spire","The Cursed","The Disciple","The Hierophant","The Judge","The Jungle","The Runesmith","TheFirefly"],"gold_per_floor":[99,111,122,142,142,142,142,161,20,20,20,33,59,77,89,187,187,87,105,105,121,121,49,49,49,63,79,79,90,104,116,129,225,225,125,144,162,162,174,202,202,202,237,254,254,265,265,283,283,283,283],"floor_reached":49,"language":"ENG","playtime":3190,"items_purged":[],"score":638,"play_id":"5f1362a7-d498-48ce-9ab6-9d2da9cfc31a","local_time":"20210204224002","is_ascension_mode":true,"campfire_choices":[{"floor":1,"key":"DIG"},{"floor":6,"key":"DIG"},{"floor":18,"key":"RECALL"},{"floor":25,"key":"DIG"},{"floor":35,"key":"DIG"}],"circlet_count":0,"master_deck":["bronze:Strike","bronze:Strike","bronze:Strike","bronze:Defend","bronze:Defend","bronze:Defend","bronze:Defend","bronze:Replicate","bronze:Goto","bronze:Shield","bronze:FollowUp","bronze:Safeguard","bronze:Branch","bronze:Fortify+1","bronze:Optimize","bronze:Spike+1","bronze:DazingPulse+1","bronze:Explode","bronze:CloningBeam","bronze:Library","bronze:Flail+1","bronze:ChosenStrike","bronze:Repair","bronze:InfiniteLoop","bronze:Deprecate","bronze:Turbo","bronze:InfiniteBeams+1","bronze:DarkDash+1","bronze:Deprecate+1","bronze:ForceShield","bronze:ItsAFeature","bronze:Boost+1","bronze:BuggyMess+1","bronze:CleanCode","bronze:SpaghettiCode+1","bronze:Separator+1","bronze:OilSpill+1","bronze:BitShift","bronze:Overload+1","bronze:FineTuning","downfall:Bewildered","bronze:Verify","bronze:Invalidate+1","bronze:ChildClass+1","bronze:WildBeam+1"],"relics":["bronze:BronzeCore","Shovel","infinitespire:BottledMercury","aspiration:StickyExplosives_weak","Replay:Rubber Ducky","Honey Jar","downfall:HeartBlessingBlue","StuffTheSpire:Tea","StuffTheSpire:Rhapsscallions","hubris:Potato","ChewingGum","downfall:HeartBlessingRed","Ornamental Fan","Whetstone","Bag of Marbles","Bottled Flame"],"acts_visited":["Exordium","TheCity","TheBeyond"],"potions_floor_usage":[8,10,10,15,16,16,31,33,33,39,39,40,44,48,48],"damage_taken":[{"damage":0,"enemies":"Small Slimes","floor":2,"turns":3},{"damage":0,"enemies":"Jaw Worm","floor":3,"turns":6},{"damage":0,"enemies":"2 Louse","floor":4,"turns":4},{"damage":0,"enemies":"Gremlin Gang","floor":8,"turns":1},{"damage":2,"enemies":"downfall:FleeingMerchant","floor":9,"turns":4},{"damage":24,"enemies":"downfall:FleeingMerchant","floor":10,"turns":6},{"damage":3,"enemies":"Blue Slaver","floor":12,"turns":3},{"damage":9,"enemies":"3 Sentries","floor":13,"turns":6},{"damage":2,"enemies":"Exordium Wildlife","floor":14,"turns":3},{"damage":0,"enemies":"Lots of Slimes","floor":15,"turns":4},{"damage":0,"enemies":"IC_STATUS_ARCHETYPE","floor":16,"turns":11},{"damage":2,"enemies":"Spheric Guardian","floor":19,"turns":4},{"damage":8,"enemies":"3 Byrds","floor":21,"turns":3},{"damage":4,"enemies":"downfall:FleeingMerchant","floor":23,"turns":4},{"damage":31,"enemies":"Snake Plant","floor":26,"turns":5},{"damage":0,"enemies":"Snecko","floor":27,"turns":4},{"damage":6,"enemies":"Centurion and Healer","floor":29,"turns":5},{"damage":17,"enemies":"Shelled Parasite and Fungi","floor":30,"turns":5},{"damage":0,"enemies":"Chosen and Byrds","floor":31,"turns":6},{"damage":0,"enemies":"Snake Plant","floor":32,"turns":5},{"damage":9,"enemies":"SI_MIRROR_ARCHETYPE","floor":33,"turns":4},{"damage":0,"enemies":"Orb Walker","floor":36,"turns":3},{"damage":0,"enemies":"3 Shapes","floor":37,"turns":3},{"damage":0,"enemies":"3 Darklings","floor":39,"turns":2},{"damage":27,"enemies":"Reptomancer","floor":40,"turns":7},{"damage":22,"enemies":"Giant Head","floor":43,"turns":8},{"damage":23,"enemies":"Transient","floor":44,"turns":5},{"damage":13,"enemies":"Spire Growth","floor":46,"turns":3},{"damage":2,"enemies":"3 Darklings","floor":48,"turns":4},{"damage":12,"enemies":"Sphere and 2 Shapes","floor":49,"turns":3}],"seed_played":"1712610616952600716","potions_obtained":[{"floor":0,"key":"LiquidBronze"},{"floor":0,"key":"infinitespire:BlackPotion"},{"floor":0,"key":"Block Potion"},{"floor":4,"key":"LifebloodPotion"},{"floor":8,"key":"Strength Potion"},{"floor":13,"key":"LifebloodPotion"},{"floor":15,"key":"LifebloodPotion"},{"floor":19,"key":"champ:CounterPotion"},{"floor":26,"key":"Cursed Concoction"},{"floor":27,"key":"PowerPotion"},{"floor":30,"key":"Swift Potion"},{"floor":33,"key":"bronze:CleanCodePotion"},{"floor":36,"key":"GamblersBrew"},{"floor":37,"key":"Dexterity Potion"},{"floor":40,"key":"Languid Potion"},{"floor":43,"key":"Swift Potion"},{"floor":48,"key":"hexamod:SoulburnPotion"}],"is_trial":false,"path_per_floor":["R","M","M","M","?","R","T","M","$","?","?","M","E","M","M","B",null,"R","M","?","M","?","$","T","R","M","M","?","M","M","M","M","B",null,"R","M","M","?","M","E","T","?","E","M","?","M","?","M","M"],"character_chosen":"THE_AUTOMATON","items_purchased":["bronze:Fortify+1","bronze:Optimize","bronze:DarkDash+1"],"campfire_rested":0,"item_purchase_floors":[9,9,23],"current_hp_per_floor":[70,70,70,70,70,70,70,70,68,44,44,41,32,30,30,37,70,80,78,78,80,80,76,78,78,51,58,63,64,57,64,71,62,82,82,82,82,82,82,62,62,62,47,24,24,11,11,9,0,0,0],"gold":283,"neow_bonus":"THREE_SMALL_POTIONS","is_daily":false,"chose_seed":false,"campfire_upgraded":0,"win_rate":0.0,"timestamp":1612496402,"path_taken":["R","M","M","M","?","R","T","M","$","?","?","M","E","?","M","BOSS","R","M","?","M","?","$","T","R","M","M","?","M","M","?","M","BOSS","R","M","M","?","M","E","T","?","E","?","?","?","?","M","M"],"items_purchased_type":["Card","Card","Card"],"build_version":"2020-12-22","purchased_purges":0,"victory":false,"max_hp_per_floor":[70,70,70,70,70,70,70,70,70,70,70,70,70,70,70,70,70,80,80,80,80,80,80,82,82,82,82,82,82,82,82,82,82,82,82,82,82,82,82,82,82,82,82,82,82,82,82,82,82,82,82],"card_choices":[{"not_picked":["bronze:BronzeOrb","bronze:Return"],"picked":"bronze:Shield","floor":2},{"not_picked":["bronze:DigitalCarnage","bronze:ItsAFeature"],"picked":"bronze:FollowUp","floor":3},{"not_picked":["bronze:NullPointer","bronze:Refactor"],"picked":"bronze:Safeguard","floor":4},{"not_picked":["bronze:Philosophize","bronze:Shield"],"picked":"bronze:Overheat","floor":8},{"not_picked":["bronze:OilSpill","bronze:MaxOutput"],"picked":"bronze:Branch","floor":9},{"not_picked":[],"picked":"bronze:Spike","floor":10},{"not_picked":[],"picked":"bronze:DazingPulse","floor":10},{"not_picked":[],"picked":"bronze:Explode","floor":10},{"not_picked":["bronze:BuggyMess","bronze:Separator"],"picked":"bronze:CloningBeam","floor":10},{"not_picked":["bronze:WhirlingStrike","bronze:ChildClass"],"picked":"bronze:Library","floor":12},{"not_picked":["bronze:Overheat","bronze:WhirlingStrike"],"picked":"bronze:Flail","floor":13},{"not_picked":["bronze:Separator","bronze:Shield"],"picked":"bronze:ChosenStrike","floor":14},{"not_picked":["bronze:WhirlingStrike","bronze:DelayedSlice"],"picked":"bronze:Repair","floor":15},{"not_picked":["bronze:ThunderWave","bronze:ShipIt"],"picked":"bronze:InfiniteLoop","floor":16},{"not_picked":["bronze:CutThrough","bronze:Return","bronze:Separator"],"picked":"bronze:Deprecate","floor":19},{"not_picked":["bronze:DelayedSlice","bronze:Invalidate","bronze:DarkDash"],"picked":"bronze:Turbo","floor":21},{"not_picked":["bronze:Invalidate+1","bronze:ForLoop","bronze:CloningBeam"],"picked":"bronze:InfiniteBeams+1","floor":23},{"not_picked":["bronze:NullPointer","bronze:Iterate","bronze:Turbo+1"],"picked":"bronze:Deprecate+1","floor":26},{"not_picked":["bronze:DelayedGuard","bronze:OilSpill","bronze:Library"],"picked":"bronze:ForceShield","floor":27},{"not_picked":["bronze:Constructor","bronze:Deprecate","bronze:MaxOutput"],"picked":"bronze:ItsAFeature","floor":29},{"not_picked":["bronze:Constructor","bronze:Iterate","bronze:DigitalCarnage"],"picked":"bronze:Boost+1","floor":30},{"not_picked":["bronze:DigitalCarnage","bronze:BitShift","bronze:Frontload+1"],"picked":"bronze:BuggyMess+1","floor":31},{"not_picked":["bronze:Iterate","bronze:Deprecate","bronze:Separator+1"],"picked":"bronze:CleanCode","floor":32},{"not_picked":["bronze:RecursiveStrike","bronze:Library","bronze:HardenedForm"],"picked":"bronze:SpaghettiCode","floor":33},{"not_picked":["bronze:Deprecate+1","bronze:Frontload+1","bronze:DelayedGuard+1"],"picked":"bronze:Separator+1","floor":36},{"not_picked":["bronze:Return","bronze:Invalidate+1","bronze:BugBarrage"],"picked":"bronze:OilSpill+1","floor":37},{"not_picked":["bronze:Overheat","bronze:Safeguard","bronze:Flail"],"picked":"bronze:Overload+1","floor":39},{"not_picked":["bronze:Separator","bronze:BronzeArmor","bronze:Repulsor+1"],"picked":"bronze:FineTuning","floor":40},{"not_picked":["bronze:ItsAFeature","bronze:NullPointer","bronze:Overheat+1"],"picked":"bronze:Verify","floor":43},{"not_picked":["bronze:DelayedGuard","bronze:Deprecate+1","bronze:Repair+1"],"picked":"bronze:Invalidate+1","floor":44},{"not_picked":["bronze:Frontload+1","bronze:BitShift","bronze:DelayedSlice+1"],"picked":"bronze:ChildClass+1","floor":46},{"not_picked":["bronze:Overheat","bronze:BitShift","bronze:OilSpill+1"],"picked":"bronze:WildBeam+1","floor":48}],"player_experience":587016,"relics_obtained":[{"floor":1,"key":"Shovel"},{"floor":6,"key":"aspiration:StickyExplosives_weak"},{"floor":13,"key":"Replay:Rubber Ducky"},{"floor":24,"key":"StuffTheSpire:Rhapsscallions"},{"floor":25,"key":"hubris:Potato"},{"floor":35,"key":"Ornamental Fan"},{"floor":40,"key":"Whetstone"},{"floor":41,"key":"Bag of Marbles"},{"floor":43,"key":"Bottled Flame"}],"event_choices":[{"damage_healed":0,"gold_gain":0,"player_choice":"Box","damage_taken":0,"relics_obtained":["infinitespire:BottledMercury"],"max_hp_gain":0,"max_hp_loss":0,"event_name":"Big Fish","floor":5,"gold_loss":0,"cards_obtained":["Regret"]},{"cards_removed":["Regret"],"damage_healed":0,"gold_gain":0,"player_choice":"Card Removal","damage_taken":0,"max_hp_gain":0,"max_hp_loss":0,"event_name":"The Cleric","floor":11,"gold_loss":0},{"cards_removed":["bronze:Overheat"],"damage_healed":5,"gold_gain":0,"player_choice":"Offered Common","damage_taken":0,"max_hp_gain":0,"max_hp_loss":0,"event_name":"Bonfire Elementals","floor":28,"gold_loss":0},{"cards_removed":["bronze:Overheat"],"damage_healed":5,"gold_gain":0,"player_choice":"Offered Special","damage_taken":0,"max_hp_gain":0,"max_hp_loss":0,"event_name":"Bonfire Elementals","floor":28,"gold_loss":0}],"is_beta":false,"boss_relics":[{"not_picked":["energizedSpire:MagnifyingGlass","Runic Pyramid"],"picked":"Honey Jar"},{"not_picked":["Cursed Key","energizedSpire:OgreHead"],"picked":"ChewingGum"}],"items_purged_floors":[],"is_endless":false,"potions_floor_spawned":[4,8,13,15,19,26,27,30,33,36,37,40,43,48],"killed_by":"Sphere and 2 Shapes","ascension_level":2}}