{"host":"m7jrdcbl89w2s34c","time":1612563649,"event":{"mods":["AchievementEnabler","BaseMod","Bestiary","Block Reminder","Colored Map","Colored Powertips","Minty Spire (QoL Compilation)","Permanent Neow","Relic Stats","StSLib"],"gold_per_floor":[119,139,105,123,142,142,175,187,187,187,204,237,237,237,237,333,333,343,357,18,18,18,44,44,44,67,82,111,111,111,111,111],"floor_reached":31,"language":"ENG","playtime":1690,"items_purged":["Strike_B"],"score":396,"play_id":"7d1d5421-d91b-4801-8348-eae2e1338a42","local_time":"20210205232049","is_ascension_mode":true,"campfire_choices":[{"data":"Zap","floor":6,"key":"SMITH"},{"data":"Fission","floor":10,"key":"SMITH"},{"data":"Barrage","floor":13,"key":"SMITH"},{"data":"Capacitor","floor":15,"key":"SMITH"},{"data":"Biased Cognition","floor":24,"key":"SMITH"},{"data":"Auto Shields","floor":30,"key":"SMITH"}],"circlet_count":0,"master_deck":["Strike_B+1","Strike_B+1","Strike_B+1","Defend_B+1","Defend_B+1","Defend_B+1","Defend_B+1","Zap+1","Dualcast","Chill+1","Cold Snap","Doom and Gloom","Compile Driver","FTL","Fission+1","Capacitor+1","Auto Shields+1","Barrage+1","Biased Cognition+1","Sweeping Beam","Hologram","Conserve Battery+1","Conserve Battery+1","Coolheaded+1","Coolheaded+1"],"relics":["Cracked Core","Art of War","Matryoshka","Juzu Bracelet","Coffee Dripper","Toxic Egg 2","War Paint","Emotion Chip","Nilry\u0027s Codex","Dream Catcher","PreservedInsect","Orichalcum","Bronze Scales"],"acts_visited":["Exordium","TheCity"],"potions_floor_usage":[2,7,19,27,28],"damage_taken":[{"damage":0,"enemies":"Cultist","floor":1,"turns":4},{"damage":5,"enemies":"2 Louse","floor":2,"turns":3},{"damage":3,"enemies":"Jaw Worm","floor":4,"turns":4},{"damage":0,"enemies":"Lots of Slimes","floor":5,"turns":2},{"damage":11,"enemies":"Lagavulin","floor":7,"turns":6},{"damage":0,"enemies":"Large Slime","floor":8,"turns":4},{"damage":5,"enemies":"3 Louse","floor":11,"turns":2},{"damage":6,"enemies":"Gremlin Nob","floor":12,"turns":3},{"damage":34,"enemies":"Hexaghost","floor":16,"turns":11},{"damage":7,"enemies":"Shell Parasite","floor":18,"turns":3},{"damage":0,"enemies":"Chosen","floor":19,"turns":4},{"damage":23,"enemies":"Slavers","floor":23,"turns":5},{"damage":0,"enemies":"Shelled Parasite and Fungi","floor":27,"turns":7},{"damage":2,"enemies":"Book of Stabbing","floor":28,"turns":4},{"damage":10,"enemies":"Snake Plant","floor":31,"turns":1}],"seed_played":"3450653242543820350","potions_obtained":[{"floor":0,"key":"Weak Potion"},{"floor":0,"key":"Weak Potion"},{"floor":0,"key":"Regen Potion"},{"floor":2,"key":"SpeedPotion"},{"floor":5,"key":"Energy Potion"},{"floor":12,"key":"SpeedPotion"},{"floor":14,"key":"Fire Potion"}],"is_trial":false,"path_per_floor":["M","M","$","M","M","R","E","M","T","R","M","E","R","?","R","B",null,"M","M","$","T","?","E","R","?","T","M","E","?","R","M"],"character_chosen":"DEFECT","items_purchased":["Doom and Gloom","Toxic Egg 2","Conserve Battery+1"],"campfire_rested":0,"item_purchase_floors":[3,20,20],"current_hp_per_floor":[68,63,63,60,60,60,49,49,49,49,44,38,38,38,38,4,57,50,50,50,50,34,11,11,11,11,11,9,9,9,0,0],"gold":111,"neow_bonus":"THREE_SMALL_POTIONS","is_daily":false,"chose_seed":false,"campfire_upgraded":6,"win_rate":0.0,"timestamp":1612563649,"path_taken":["M","M","$","M","M","R","E","M","T","R","?","E","R","?","R","BOSS","M","M","$","?","?","E","R","?","T","M","E","?","R","M"],"items_purchased_type":["Card","Relic","Card"],"build_version":"2020-12-22","purchased_purges":1,"victory":false,"max_hp_per_floor":[75,75,75,75,75,75,75,75,75,75,75,75,75,75,75,75,75,75,75,75,75,75,75,75,75,75,75,75,75,75,75,75],"relic_stats":{"Emotion Chip":[9,2,6,1,0],"Dream Catcher":0,"counters":[15,63],"Bronze Scales":[6],"PreservedInsect":43,"Art of War":[1],"Juzu Bracelet":2,"War Paint":["Chill","Defend_B"],"Orichalcum":[12],"obtain_stats":[{"Nilry\u0027s Codex":22,"PreservedInsect":26,"Juzu Bracelet":12,"War Paint":21,"Orichalcum":26,"Emotion Chip":21,"Dream Catcher":23,"Matryoshka":9,"Bronze Scales":28,"Art of War":7,"Coffee Dripper":17,"Toxic Egg 2":20,"Cracked Core":0},{"Nilry\u0027s Codex":11,"PreservedInsect":12,"Juzu Bracelet":8,"War Paint":11,"Orichalcum":12,"Emotion Chip":11,"Dream Catcher":12,"Matryoshka":6,"Bronze Scales":14,"Art of War":5,"Coffee Dripper":9,"Toxic Egg 2":11,"Cracked Core":0},{"Nilry\u0027s Codex":46,"PreservedInsect":51,"Juzu Bracelet":28,"War Paint":46,"Orichalcum":51,"Emotion Chip":46,"Dream Catcher":51,"Matryoshka":23,"Bronze Scales":62,"Art of War":19,"Coffee Dripper":39,"Toxic Egg 2":46,"Cracked Core":0}]},"card_choices":[{"not_picked":["Ball Lightning","Conserve Battery"],"picked":"Chill","floor":1},{"not_picked":["Turbo","Recycle"],"picked":"Cold Snap","floor":2},{"not_picked":["Gash","Lockon"],"picked":"Compile Driver","floor":4},{"not_picked":["Turbo","Steam"],"picked":"FTL","floor":5},{"not_picked":["Conserve Battery","Scrape"],"picked":"Fission","floor":7},{"not_picked":["Redo","Barrage"],"picked":"Capacitor","floor":8},{"not_picked":["White Noise","Go for the Eyes"],"picked":"Auto Shields","floor":11},{"not_picked":["Scrape","Hyperbeam"],"picked":"Barrage","floor":12},{"not_picked":["Core Surge","Thunder Strike"],"picked":"Biased Cognition","floor":16},{"not_picked":["Hello World+1","Reprogram+1"],"picked":"Sweeping Beam","floor":18},{"not_picked":["Lockon","Double Energy"],"picked":"Hologram","floor":19},{"not_picked":["Fusion+1","Barrage+1"],"picked":"Conserve Battery+1","floor":23},{"not_picked":["Gash","Force Field+1"],"picked":"Coolheaded+1","floor":27},{"not_picked":["Force Field+1","Rebound"],"picked":"Coolheaded+1","floor":28}],"player_experience":215896,"relics_obtained":[{"floor":7,"key":"Art of War"},{"floor":9,"key":"Matryoshka"},{"floor":12,"key":"Juzu Bracelet"},{"floor":21,"key":"War Paint"},{"floor":21,"key":"Emotion Chip"},{"floor":22,"key":"Nilry\u0027s Codex"},{"floor":23,"key":"Dream Catcher"},{"floor":26,"key":"PreservedInsect"},{"floor":26,"key":"Orichalcum"},{"floor":28,"key":"Bronze Scales"}],"event_choices":[{"damage_healed":0,"gold_gain":0,"player_choice":"Got Potions","damage_taken":0,"max_hp_gain":0,"max_hp_loss":0,"event_name":"Lab","floor":14,"gold_loss":0},{"damage_healed":0,"gold_gain":0,"player_choice":"Obtained Book","damage_taken":16,"max_hp_gain":0,"max_hp_loss":0,"event_name":"Cursed Tome","floor":22,"gold_loss":0},{"damage_healed":0,"gold_gain":0,"player_choice":"Simplicity","damage_taken":0,"max_hp_gain":0,"max_hp_loss":0,"event_name":"Back to Basics","floor":25,"gold_loss":0,"cards_upgraded":["Strike_B","Strike_B","Strike_B","Defend_B","Defend_B","Defend_B"]},{"damage_healed":0,"gold_gain":0,"player_choice":"Ignored","damage_taken":0,"max_hp_gain":0,"max_hp_loss":0,"event_name":"N\u0027loth","floor":29,"gold_loss":0}],"is_beta":false,"boss_relics":[{"not_picked":["SlaversCollar","Tiny House"],"picked":"Coffee Dripper"}],"items_purged_floors":[20],"is_endless":false,"potions_floor_spawned":[2,4,5,12,18],"killed_by":"Snake Plant","ascension_level":8}}