{"host":"yml0ux6c8lqydjlc","time":1612489031,"event":{"mods":["BaseMod","Conspire","Downfall","Duelist Mod","GungeonMod","Hermit","Jedi Mod","Minty Spire (QoL Compilation)","StSLib"],"gold_per_floor":[109,129,19,32,32,61,73,85,85,85,103,138,138,138,138,233,233,243,254,353,369,369,402,402,418,441,460,473,473,473],"floor_reached":29,"language":"ENG","playtime":2972,"items_purged":[],"score":259,"play_id":"37fb41d3-d637-44cf-965c-8eece73bcffa","local_time":"20210204203711","is_ascension_mode":false,"campfire_choices":[{"data":"Perfected Strike","floor":10,"key":"SMITH"},{"floor":13,"key":"REST"},{"data":"Anger","floor":15,"key":"SMITH"},{"floor":24,"key":"REST"}],"circlet_count":0,"master_deck":["Strike_R","Strike_R","Strike_R+1","Strike_R+1","Strike_R","Defend_R","Defend_R","Defend_R","Defend_R","Bash","Perfected Strike+1","Anger+1","Seeing Red","Inflame","Pommel Strike+1","Burning Pact+1","Headbutt+1","conspire:ExplosiveBarrier","Shrug It Off+1","Searing Blow+1","jedi:bloodyhammer","Clothesline+1","Flame Barrier","Armaments","Flex+1","Second Wind","conspire:ExplosiveBarrier","Rage"],"relics":["Burning Blood","DemoMod:WhiteGuonStone","DemoMod:ClearGuonStone","Pantograph","conspire:SeveredTorchhead","Mercury Hourglass","DemoMod:LamentConfigurum"],"acts_visited":["Exordium","TheCity"],"potions_floor_usage":[8,16,27,28,28],"damage_taken":[{"damage":5,"enemies":"2 Louse","floor":1,"turns":3},{"damage":10,"enemies":"Cultist","floor":2,"turns":4},{"damage":0,"enemies":"Small Slimes","floor":4,"turns":2},{"damage":25,"enemies":"Lagavulin","floor":6,"turns":5},{"damage":3,"enemies":"Looter","floor":7,"turns":3},{"damage":15,"enemies":"Exordium Thugs","floor":8,"turns":4},{"damage":0,"enemies":"Blue Slaver","floor":11,"turns":3},{"damage":28,"enemies":"3 Sentries","floor":12,"turns":7},{"damage":44,"enemies":"The Guardian","floor":16,"turns":10},{"damage":26,"enemies":"Chosen","floor":18,"turns":5},{"damage":21,"enemies":"conspire:FuzzyDice","floor":19,"turns":5},{"damage":40,"enemies":"Shelled Parasite and Fungi","floor":21,"turns":7},{"damage":16,"enemies":"theDuelist:KaibaA2","floor":23,"turns":6},{"damage":12,"enemies":"Snake Plant","floor":25,"turns":4},{"damage":51,"enemies":"Sentry and Sphere","floor":27,"turns":6},{"damage":8,"enemies":"Centurion and Healer","floor":28,"turns":7},{"damage":24,"enemies":"Shelled Parasite and Fungi","floor":29,"turns":4}],"seed_played":"5009568488564404261","potions_obtained":[{"floor":2,"key":"PowerPotion"},{"floor":6,"key":"Fruit Juice"},{"floor":8,"key":"jedi:StrikingPotion"},{"floor":16,"key":"Swift Potion"},{"floor":18,"key":"hexamod:SoulburnPotion"},{"floor":27,"key":"jedi:StrikingPotion"}],"is_trial":false,"path_per_floor":["M","M","$","M","$","E","M","M","T","R","M","E","R","?","R","B",null,"M","M","?","M","?","E","R","M","T","M","M","M"],"character_chosen":"IRONCLAD","items_purchased":["Seeing Red","Inflame"],"campfire_rested":2,"item_purchase_floors":[3,3],"current_hp_per_floor":[88,84,84,88,88,69,72,63,63,63,69,47,73,73,73,55,93,73,58,58,24,55,45,72,66,66,21,19,0,0],"gold":473,"neow_bonus":"TEN_PERCENT_HP_BONUS","is_daily":false,"chose_seed":false,"campfire_upgraded":2,"win_rate":0.0,"timestamp":1612489031,"path_taken":["M","M","$","M","$","E","M","M","T","R","M","E","R","?","R","BOSS","M","?","?","M","?","E","R","M","T","M","M","?"],"items_purchased_type":["Card","Card"],"build_version":"2020-12-22","purchased_purges":0,"victory":false,"max_hp_per_floor":[88,88,88,88,88,88,88,88,88,88,88,88,88,88,88,93,93,93,93,93,93,93,93,93,93,93,93,93,93,93],"card_choices":[{"not_picked":["Warcry","Second Wind"],"picked":"Perfected Strike","floor":1},{"not_picked":["Flex","Power Through"],"picked":"Anger","floor":2},{"not_picked":["jedi:MakeshiftSword","Perfected Strike"],"picked":"Pommel Strike","floor":4},{"not_picked":["True Grit","Dark Embrace"],"picked":"Burning Pact","floor":6},{"not_picked":["True Grit","Metallicize"],"picked":"Headbutt","floor":7},{"not_picked":["Dropkick","True Grit"],"picked":"conspire:ExplosiveBarrier","floor":8},{"not_picked":["conspire:HitWhereItHurts","jedi:fear"],"picked":"Shrug It Off","floor":11},{"not_picked":["jedi:harder","Blood for Blood"],"picked":"Searing Blow","floor":12},{"not_picked":["jedi:strikingstrike","Berserk"],"picked":"jedi:bloodyhammer","floor":16},{"not_picked":["Sword Boomerang","Shrug It Off+1"],"picked":"Clothesline","floor":18},{"not_picked":["Sword Boomerang","Clash"],"picked":"Flame Barrier","floor":19},{"not_picked":["Clash","Shockwave"],"picked":"Armaments","floor":21},{"not_picked":["Perfected Strike+1","jedi:strikingstrike"],"picked":"Flex","floor":23},{"not_picked":["DemoMod:BlackBlade","jedi:fear"],"picked":"Second Wind","floor":25},{"not_picked":["Armaments","Burning Pact"],"picked":"conspire:ExplosiveBarrier","floor":27},{"not_picked":["Warcry","Headbutt+1"],"picked":"Rage","floor":28}],"player_experience":2024,"relics_obtained":[{"floor":6,"key":"DemoMod:WhiteGuonStone"},{"floor":9,"key":"DemoMod:ClearGuonStone"},{"floor":12,"key":"Pantograph"},{"floor":23,"key":"Mercury Hourglass"},{"floor":26,"key":"DemoMod:LamentConfigurum"}],"event_choices":[{"damage_healed":0,"gold_gain":0,"player_choice":"Forge","damage_taken":0,"max_hp_gain":0,"max_hp_loss":0,"event_name":"Accursed Blacksmith","floor":14,"gold_loss":0,"cards_upgraded":["Searing Blow"]},{"damage_healed":0,"gold_gain":99,"player_choice":"Stole From Cult","damage_taken":0,"max_hp_gain":0,"max_hp_loss":0,"event_name":"Nest","floor":20,"gold_loss":0},{"damage_healed":31,"gold_gain":0,"player_choice":"Heal","damage_taken":0,"max_hp_gain":0,"max_hp_loss":0,"event_name":"The Library","floor":22,"gold_loss":0}],"is_beta":false,"boss_relics":[{"not_picked":["Tiny House","bronze:MakeshiftBattery"],"picked":"conspire:SeveredTorchhead"}],"items_purged_floors":[],"is_endless":false,"potions_floor_spawned":[2,6,8,12,16,18,23,27],"killed_by":"Shelled Parasite and Fungi","ascension_level":0}}