{"host":"0s8kyghz8ihx2r41","time":1612487782,"event":{"mods":["2.2 Compatiblity","Act Like it!","Bard","BaseMod","CapriCore","Chen","Conspire","Downfall","Friendly Minions","GungeonMod","Hermit","HololiveMod","Hubris","Koishi","Lobotomy","LobotomyExtend","Marisa（霧雨　魔理沙）","Minty Spire (QoL Compilation)","Monster B Gone","Morshu Shopkeeper","Onozuka Komachi Mod","Prisma Mod","READ ME - Snecko Mod","Reimu（博??梦）","Reliquary","Replay The Spire","Spire Birthday Party","StSLib","The Administrix","The Alterego","The Clintock","The Construct","The Cursed","The Disciple","The Druid","The Edgeheg","The Gatherer","The Immortal","The Marked","The Mystic","The Servant 0.9.4","TheVacant","Waifu the Spire","Yakumo Yukari mod","Yuyuko","everything is the same but u backflip on backflip","slay the spire mod where everything is the same but ironclad has a cowboy hat"],"gold_per_floor":[115,115,192,192,224,224,224],"floor_reached":6,"language":"ENG","playtime":244,"items_purged":[],"score":32,"play_id":"2a9c9139-fb88-4e3a-8b6b-8b1b8254a6a1","local_time":"20210204201622","is_ascension_mode":false,"campfire_choices":[],"circlet_count":0,"master_deck":["Komachi:Strike","Komachi:Strike","Komachi:Strike","Komachi:Strike","Komachi:Defend","Komachi:Defend","Komachi:Defend","Komachi:Defend","Komachi:Bound","Komachi:ReaperScythe","Komachi:Behead","Komachi:UnseenSpirit"],"relics":["Komachi:Relic:FerryingBoat","LetterFromLob","Molten Egg 2","hubris:Towel","reliquary:TridentHead"],"acts_visited":["Exordium"],"potions_floor_usage":[],"damage_taken":[{"damage":0,"enemies":"Small Slimes","floor":1,"turns":3},{"damage":26,"enemies":"conspire:MimicChest","floor":5,"turns":6},{"damage":66,"enemies":"Lagavulin","floor":6,"turns":8}],"seed_played":"3695152978540653565","potions_obtained":[{"floor":5,"key":"EssenceOfSteel"}],"is_trial":false,"path_per_floor":["M","?","T","?","?","E"],"character_chosen":"KOMACHI_CLASS","items_purchased":[],"campfire_rested":0,"item_purchase_floors":[],"current_hp_per_floor":[80,81,81,81,55,0,0],"gold":224,"neow_bonus":"RANDOM_EVENT","is_daily":false,"chose_seed":false,"campfire_upgraded":0,"win_rate":0.0,"timestamp":1612487782,"path_taken":["M","?","?","?","?","E"],"items_purchased_type":[],"build_version":"2020-12-22","purchased_purges":0,"victory":false,"max_hp_per_floor":[80,81,81,81,81,81,81],"card_choices":[{"not_picked":["Komachi:YesterdayMoney","Komachi:CollectTip"],"picked":"Komachi:Behead","floor":1},{"not_picked":["Komachi:TasteDeath","Komachi:FlowRiver"],"picked":"Komachi:UnseenSpirit","floor":5}],"player_experience":348688,"relics_obtained":[{"floor":1,"key":"LetterFromLob"},{"floor":3,"key":"Molten Egg 2"},{"floor":5,"key":"reliquary:TridentHead"}],"event_choices":[{"damage_healed":0,"gold_gain":0,"player_choice":"Donut","damage_taken":0,"max_hp_gain":5,"max_hp_loss":0,"event_name":"Big Fish","floor":0,"gold_loss":0}],"is_beta":false,"boss_relics":[],"items_purged_floors":[],"is_endless":false,"potions_floor_spawned":[5],"killed_by":"Lagavulin","ascension_level":0}}