{"host":"fhyqvp7txwl2j5aw","time":1612512702,"event":{"mods":["AchievementEnabler","BaseMod","Better Altar","Better Match","Better Note","Better Sensory Stone","Better Skull","Better Third Choice","Card Forge","Colored Map","Colored Powertips","Highlight Path","Minty Spire (QoL Compilation)","Rare Cards Sparkle","StSLib","Transform Curses"],"gold_per_floor":[115,115,134,152,152,192,207,542,565,588,588,588,606,663,663,789,789,808,808,808,832,832,832,873,813,836,836,850,888,888,932,932,1052,1052,1073,1094,481,537,537,290,326,349,394,394,428,463,515,552,564,576],"floor_reached":51,"language":"JPN","playtime":2649,"items_purged":["Carnage+1"],"score":1305,"play_id":"ed176b14-c6ed-41ba-a37a-317030f55a0d","local_time":"20210205171142","is_ascension_mode":true,"campfire_choices":[{"floor":11.0,"key":"REST"},{"floor":15.0,"key":"REST"},{"floor":23,"key":"REST"},{"floor":27,"key":"REST"},{"floor":30,"key":"REST"},{"floor":32,"key":"REST"}],"circlet_count":0,"master_deck":["Flex+1","Pommel Strike+1","Offering+1","Feed+1","Bloodletting+1","Seeing Red+1","Ghostly+1","Pommel Strike+1","Flex+1","Offering+1","Seeing Red+1","Bloodletting+1","Rupture+1","Ghostly+1","Flex+1","Pommel Strike+1","Offering+1","Seeing Red+1","Bloodletting+1","Ghostly+1","Master of Strategy+1","Ghostly+1","Insight+1","Violence+1","Offering+1","Headbutt+1","Whirlwind+1","Heavy Blade+1","Spot Weakness+1"],"relics":["Burning Blood","Hammer of Thor","Seething Fire","Anvil of the Gods","NeowsBlessing","Champion Belt","Golden Idol","Ginger","Old Coin","Whetstone","Fusion Hammer","Red Skull","Nunchaku","Bronze Scales","Bag of Preparation","Coffee Dripper","Strawberry","Frozen Egg 2","Brimstone","Prayer Wheel","Toy Ornithopter","Question Card","Meat on the Bone","Blood Vial","MawBank","Lantern"],"acts_visited":["Exordium","TheCity","TheBeyond"],"potions_floor_usage":[24],"damage_taken":[{"damage":0.0,"enemies":"Cultist","floor":1.0,"turns":1.0},{"damage":0.0,"enemies":"2 Louse","floor":3.0,"turns":1.0},{"damage":0.0,"enemies":"Small Slimes","floor":4.0,"turns":1.0},{"damage":10.0,"enemies":"Gremlin Nob","floor":6.0,"turns":3.0},{"damage":4.0,"enemies":"Exordium Thugs","floor":7.0,"turns":4.0},{"damage":36.0,"enemies":"Lagavulin","floor":8.0,"turns":8.0},{"damage":5.0,"enemies":"Blue Slaver","floor":10.0,"turns":2.0},{"damage":4.0,"enemies":"Looter","floor":13.0,"turns":3.0},{"damage":10.0,"enemies":"Hexaghost","floor":16.0,"turns":3.0},{"damage":4,"enemies":"2 Thieves","floor":18,"turns":1},{"damage":4,"enemies":"3 Byrds","floor":21,"turns":1},{"damage":3,"enemies":"Cultist and Chosen","floor":22,"turns":1},{"damage":9,"enemies":"Book of Stabbing","floor":24,"turns":3},{"damage":3,"enemies":"Sentry and Sphere","floor":28,"turns":1},{"damage":4,"enemies":"Gremlin Leader","floor":29,"turns":1},{"damage":5,"enemies":"Book of Stabbing","floor":31,"turns":2},{"damage":4,"enemies":"Automaton","floor":33,"turns":2},{"damage":3,"enemies":"Orb Walker","floor":35,"turns":1},{"damage":2,"enemies":"3 Shapes","floor":36,"turns":1},{"damage":2,"enemies":"2 Orb Walkers","floor":38,"turns":1},{"damage":4,"enemies":"Reptomancer","floor":41,"turns":1},{"damage":5,"enemies":"Spire Growth","floor":42,"turns":1},{"damage":6,"enemies":"Nemesis","floor":45,"turns":1},{"damage":6,"enemies":"Maw","floor":46,"turns":1},{"damage":6,"enemies":"Giant Head","floor":47,"turns":1},{"damage":3,"enemies":"Sphere and 2 Shapes","floor":48,"turns":1},{"damage":14,"enemies":"Donu and Deca","floor":50,"turns":1}],"seed_played":"-3049104434593136427","potions_obtained":[{"floor":7.0,"key":"Regen Potion"},{"floor":8.0,"key":"Block Potion"},{"floor":10.0,"key":"Dexterity Potion"},{"floor":20,"key":"GamblersBrew"},{"floor":20,"key":"BloodPotion"},{"floor":29,"key":"GamblersBrew"}],"is_trial":false,"path_per_floor":["M","T","M","M","?","E","M","E","T","M","R","?","M","?","R","B",null,"M","?","?","M","M","R","E","?","T","R","M","E","R","E","R","B",null,"M","M","$","?","T","$","E","M","T","R","E","M","E","M","R","B",null],"character_chosen":"IRONCLAD","items_purchased":["Strawberry","Frozen Egg 2","Brimstone","Question Card"],"campfire_rested":6,"item_purchase_floors":[37,37,37,40],"current_hp_per_floor":[80,80,80,80,60,56,58,28,28,29,53,90,90,90,90,86,90,94,94,94,98,102,102,99,99,99,102,106,110,110,114,114,118,118,118,118,125,129,129,129,129,133,133,133,133,137,137,141,141,133],"gold":588,"neow_bonus":"THREE_ENEMY_KILL","is_daily":false,"chose_seed":false,"campfire_upgraded":0,"win_rate":0.0,"timestamp":1612512702,"path_taken":["M","?","M","?","?","E","M","E","T","M","R","?","?","?","R","BOSS","M","?","?","?","M","R","E","?","T","R","M","E","R","E","R","BOSS","M","?","$","?","?","?","E","M","T","R","E","M","E","?","R","BOSS"],"items_purchased_type":["Relic","Relic","Relic","Relic"],"build_version":"2020-12-22","purchased_purges":1,"victory":true,"max_hp_per_floor":[80,80,80,80,80,80,80,80,80,80,80,90,90,90,90,90,90,94,94,94,98,102,102,102,102,102,102,106,110,110,114,114,118,118,118,118,125,129,129,129,129,133,133,133,133,137,137,141,141,141],"card_choices":[{"not_picked":["Cleave","Dark Embrace"],"picked":"Shrug It Off","floor":1.0},{"not_picked":["Dual Wield","Anger"],"picked":"Headbutt","floor":3.0},{"not_picked":["Dark Embrace","Combust"],"picked":"Carnage","floor":4.0},{"not_picked":["Cleave","Second Wind"],"picked":"Double Tap","floor":6.0},{"not_picked":["Clash","Cleave"],"picked":"Headbutt","floor":7.0},{"not_picked":["Whirlwind","Blood for Blood"],"picked":"Dark Embrace","floor":8.0},{"not_picked":["Flex","Clash"],"picked":"Thunderclap","floor":10.0},{"not_picked":["Clothesline","Uppercut"],"picked":"Heavy Blade","floor":13.0},{"not_picked":["Reaper","Limit Break"],"picked":"Offering","floor":16.0},{"not_picked":["Searing Blow","Anger"],"picked":"Headbutt","floor":18},{"not_picked":["Armaments","Dropkick+1","Ghostly Armor"],"picked":"SKIP","floor":21},{"not_picked":["Perfected Strike","Fire Breathing+1","Bloodletting"],"picked":"SKIP","floor":22},{"not_picked":["Sword Boomerang","Thunderclap+1","Ghostly Armor+1"],"picked":"SKIP","floor":24},{"not_picked":["Thunderclap","Burning Pact","Flame Barrier"],"picked":"SKIP","floor":28},{"not_picked":["Intimidate","Whirlwind+1","Fire Breathing+1"],"picked":"SKIP","floor":29},{"not_picked":["True Grit+1","Rage","Inflame+1"],"picked":"SKIP","floor":31},{"not_picked":["Cleave+1","Clash+1","Dark Embrace"],"picked":"SKIP","floor":35},{"not_picked":["Carnage","Headbutt+1","Rampage"],"picked":"SKIP","floor":36},{"not_picked":["True Grit","Twin Strike"],"picked":"Heavy Blade+1","floor":38},{"not_picked":["Body Slam+1","Cleave+1","True Grit+1"],"picked":"Spot Weakness+1","floor":41},{"not_picked":["Clothesline+1","Anger","Impervious","Thunderclap+1"],"picked":"SKIP","floor":42},{"not_picked":["Metallicize+1","Warcry","Combust+1","Armaments"],"picked":"SKIP","floor":42},{"not_picked":["Clothesline+1","Armaments","Warcry","Dual Wield"],"picked":"SKIP","floor":45},{"not_picked":["Armaments","Clothesline+1","Headbutt+1","Dark Embrace+1"],"picked":"SKIP","floor":46},{"not_picked":["Ghostly Armor","Anger+1","Disarm+1","Searing Blow+1"],"picked":"SKIP","floor":46},{"not_picked":["Shockwave","Feel No Pain+1","Thunderclap+1","Headbutt"],"picked":"SKIP","floor":47},{"not_picked":["Pummel+1","Body Slam","Pommel Strike+1","Fiend Fire"],"picked":"SKIP","floor":48},{"not_picked":["True Grit","Power Through+1","Searing Blow+1","Heavy Blade"],"picked":"SKIP","floor":48}],"player_experience":4647,"relics_obtained":[{"floor":2.0,"key":"Champion Belt"},{"floor":6.0,"key":"Ginger"},{"floor":8.0,"key":"Old Coin"},{"floor":9.0,"key":"Whetstone"},{"floor":24,"key":"Red Skull"},{"floor":26,"key":"Nunchaku"},{"floor":29,"key":"Bronze Scales"},{"floor":31,"key":"Bag of Preparation"},{"floor":38,"key":"Prayer Wheel"},{"floor":39,"key":"Toy Ornithopter"},{"floor":41,"key":"Meat on the Bone"},{"floor":43,"key":"Blood Vial"},{"floor":45,"key":"MawBank"},{"floor":47,"key":"Lantern"}],"event_choices":[{"damage_healed":0.0,"max_hp_gain":0.0,"max_hp_loss":0.0,"gold_gain":0.0,"event_name":"Golden Idol","player_choice":"Take Damage","floor":5.0,"gold_loss":0.0,"damage_taken":20.0,"relics_obtained":["Golden Idol"]},{"cards_removed":["Double Tap"],"damage_healed":27.0,"max_hp_gain":10.0,"max_hp_loss":0.0,"gold_gain":0.0,"event_name":"Bonfire Elementals","player_choice":"Offered Rare","floor":12.0,"gold_loss":0.0,"damage_taken":0.0},{"damage_healed":0.0,"max_hp_gain":0.0,"max_hp_loss":0.0,"gold_gain":57.0,"event_name":"Golden Wing","player_choice":"Gained Gold","floor":14.0,"gold_loss":0.0,"damage_taken":0.0},{"damage_healed":0,"gold_gain":0,"player_choice":"Ignored","damage_taken":0,"max_hp_gain":0,"max_hp_loss":0,"event_name":"Beggar","floor":19,"gold_loss":0},{"damage_healed":0,"gold_gain":0,"player_choice":"Got Potions","damage_taken":0,"max_hp_gain":0,"max_hp_loss":0,"event_name":"Lab","floor":20,"gold_loss":0},{"cards_removed":["Dark Embrace"],"damage_healed":0,"gold_gain":0,"player_choice":"Single Remove","damage_taken":0,"max_hp_gain":0,"max_hp_loss":0,"event_name":"Designer","floor":25,"gold_loss":60},{"damage_healed":0,"gold_gain":0,"player_choice":"Fight","damage_taken":0,"max_hp_gain":0,"max_hp_loss":0,"event_name":"Mysterious Sphere","floor":38,"gold_loss":0}],"is_beta":false,"boss_relics":[{"not_picked":["Busted Crown","Sozu"],"picked":"Fusion Hammer"},{"not_picked":["Runic Dome","SlaversCollar"],"picked":"Coffee Dripper"}],"items_purged_floors":[37],"is_endless":false,"potions_floor_spawned":[7,8,10,13,16,18,21,29,31,38,42,46,48],"ascension_level":1}}