{"host":"ELF","time":1612505597,"event":{"mods":["BaseMod","Bestiary","Minty Spire (QoL Compilation)","Relic Stats","Slay the Relics Exporter"],"gold_per_floor":[14,14,14,33,49,49,90,108,108,123,123,137,137,137],"floor_reached":13,"language":"ENG","playtime":382,"items_purged":[],"score":174,"play_id":"556254de-8d93-4bb1-b313-92cee720d072","local_time":"20210205001317","is_ascension_mode":true,"campfire_choices":[{"data":"Rainbow","floor":6,"key":"SMITH"},{"floor":11,"key":"REST"}],"circlet_count":0,"master_deck":["AscendersBane","Strike_B","Strike_B","Defend_B","Defend_B+1","Defend_B","Defend_B","Zap+1","Dualcast","FTL","Go for the Eyes","Rainbow+1","Self Repair","Aggregate","Gash","Consume"],"relics":["Cracked Core","Golden Idol","FaceOfCleric","War Paint","Question Card"],"acts_visited":["Exordium"],"potions_floor_usage":[8,13],"damage_taken":[{"damage":3,"enemies":"Small Slimes","floor":1,"turns":4},{"damage":1,"enemies":"2 Louse","floor":4,"turns":3},{"damage":6,"enemies":"Cultist","floor":5,"turns":4},{"damage":13,"enemies":"Lagavulin","floor":7,"turns":6},{"damage":11,"enemies":"Gremlin Gang","floor":8,"turns":5},{"damage":0,"enemies":"3 Louse","floor":10,"turns":3},{"damage":12,"enemies":"Looter","floor":12,"turns":3},{"damage":45,"enemies":"Gremlin Nob","floor":13,"turns":3}],"seed_played":"8450547781820223061","potions_obtained":[{"floor":5,"key":"ColorlessPotion"},{"floor":10,"key":"Energy Potion"},{"floor":12,"key":"PowerPotion"}],"is_trial":false,"path_per_floor":["M","?","?","M","M","R","E","M","T","M","R","M","E"],"character_chosen":"DEFECT","items_purchased":[],"campfire_rested":1,"item_purchase_floors":[],"current_hp_per_floor":[61,37,37,37,32,32,20,17,17,18,40,36,0,0],"gold":137,"neow_bonus":"REMOVE_TWO","is_daily":false,"chose_seed":false,"campfire_upgraded":1,"win_rate":0.0,"timestamp":1612505597,"path_taken":["M","?","?","M","M","R","E","M","T","M","R","M","E"],"items_purchased_type":[],"build_version":"2020-12-18","purchased_purges":0,"victory":false,"max_hp_per_floor":[71,71,71,72,73,73,74,75,75,76,76,77,77,77],"relic_stats":{"FaceOfCleric":6,"counters":[8,31],"Golden Idol":25,"War Paint":["Defend_B","Zap"],"Question Card":2,"obtain_stats":[{"FaceOfCleric":3,"Golden Idol":2,"War Paint":7,"Cracked Core":0,"Question Card":9},{"FaceOfCleric":1,"Golden Idol":1,"War Paint":4,"Cracked Core":0,"Question Card":5},{"FaceOfCleric":4,"Golden Idol":4,"War Paint":17,"Cracked Core":0,"Question Card":22}]},"card_choices":[{"not_picked":["Turbo","Hologram"],"picked":"FTL","floor":1},{"not_picked":["Skim","Hologram"],"picked":"Go for the Eyes","floor":4},{"not_picked":["Compile Driver","Skim"],"picked":"Rainbow","floor":5},{"not_picked":["Steam","Conserve Battery"],"picked":"Self Repair","floor":7},{"not_picked":["Static Discharge","Force Field"],"picked":"Aggregate","floor":8},{"not_picked":["Leap","Undo","Rebound"],"picked":"Gash","floor":10},{"not_picked":["Hologram","Gash","Melter"],"picked":"Consume","floor":12}],"player_experience":3398001,"relics_obtained":[{"floor":7,"key":"War Paint"},{"floor":9,"key":"Question Card"}],"event_choices":[{"damage_healed":0,"gold_gain":0,"player_choice":"Take Damage","damage_taken":24,"relics_obtained":["Golden Idol"],"max_hp_gain":0,"max_hp_loss":0,"event_name":"Golden Idol","floor":2,"gold_loss":0},{"damage_healed":0,"gold_gain":0,"player_choice":"Trade","damage_taken":0,"relics_obtained":["FaceOfCleric"],"max_hp_gain":0,"max_hp_loss":0,"event_name":"FaceTrader","floor":3,"gold_loss":0}],"is_beta":true,"boss_relics":[],"items_purged_floors":[],"is_endless":false,"potions_floor_spawned":[5,10,12],"killed_by":"Gremlin Nob","ascension_level":20}}