{"host":"6g6g4l4iug0h9ff7","time":1612499141,"event":{"mods":["2.2 Compatiblity","AchievementEnabler","BaseMod","Bestiary","Better Altar","Better Match","Better Note","Better Sensory Stone","Better Skull","Better Third Choice","Colored Powertips","Filter the Spire","GifTheSpireLib","Minty Spire (QoL Compilation)","Permanent Neow","Quick Restart","Reliquary","Shade Mod","Spire Arcade","StSLib","Wandering Minibosses"],"gold_per_floor":[112,112,112,31,49,74,103,103,152,152,164,175,175,509,509,607,607,607,607],"floor_reached":18,"language":"ENG","playtime":625,"items_purged":[],"score":178,"play_id":"5b6cccf0-075f-4dc7-95db-236413c5d064","local_time":"20210204202541","is_ascension_mode":false,"campfire_choices":[{"floor":8,"key":"REST"},{"floor":10,"key":"REST"},{"data":"Noxious Fumes","floor":13,"key":"SMITH"},{"data":"Noxious Fumes","floor":15,"key":"SMITH"}],"circlet_count":0,"master_deck":["Strike_G","Strike_G","Strike_G","Strike_G","Strike_G","Defend_G","Defend_G","Defend_G","Defend_G","Defend_G","Survivor","Neutralize","Slice","Trip","Noxious Fumes+1","Noxious Fumes+1","Deadly Poison","Poisoned Stab","Envenom","CurseOfTheBell"],"relics":["Black Star","Bronze Scales","WingedGreaves","reliquary:HotPoker","reliquary:PorcupineQuills","reliquary:Stiletto","Calipers","Old Coin","Calling Bell","Centennial Puzzle","Molten Egg 2","reliquary:Pushpin"],"acts_visited":["Exordium","TheCity"],"potions_floor_usage":[7,14,18],"damage_taken":[{"damage":0,"enemies":"Jaw Worm","floor":1,"turns":7},{"damage":0,"enemies":"2 Louse","floor":5,"turns":3},{"damage":24,"enemies":"Lagavulin","floor":6,"turns":7},{"damage":46,"enemies":"Gremlin Nob","floor":7,"turns":5},{"damage":0,"enemies":"Small Slimes","floor":11,"turns":4},{"damage":2,"enemies":"2 Fungi Beasts","floor":12,"turns":3},{"damage":8,"enemies":"Lagavulin","floor":14,"turns":5},{"damage":28,"enemies":"Hexaghost","floor":16,"turns":8},{"damage":82,"enemies":"Spheric Guardian","floor":18,"turns":4}],"seed_played":"-5898079398607671740","potions_obtained":[{"floor":6,"key":"Regen Potion"},{"floor":7,"key":"Poison Potion"},{"floor":14,"key":"Swift Potion"},{"floor":16,"key":"Explosive Potion"}],"is_trial":false,"path_per_floor":["M","?","?","$","M","E","E","R","T","R","M","M","R","E","R","B",null,"M"],"character_chosen":"THE_SILENT","items_purchased":["Noxious Fumes"],"campfire_rested":2,"item_purchase_floors":[4],"current_hp_per_floor":[70,75,75,75,75,51,19,41,41,63,63,61,61,53,53,25,75,0,0],"gold":607,"neow_bonus":"BOSS_RELIC","is_daily":false,"chose_seed":false,"campfire_upgraded":2,"win_rate":0.0,"timestamp":1612499141,"path_taken":["M","?","?","$","M","E","E","R","T","R","M","M","R","E","R","BOSS","M"],"items_purchased_type":["Card"],"build_version":"2020-12-22","purchased_purges":0,"victory":false,"max_hp_per_floor":[70,75,75,75,75,75,75,75,75,75,75,75,75,75,75,75,75,75,75],"card_choices":[{"not_picked":["Backflip","Deadly Poison"],"picked":"Slice","floor":1},{"not_picked":["Impatience","Jack Of All Trades"],"picked":"Trip","floor":3},{"not_picked":["Dagger Spray","Prepared","Slice"],"picked":"SKIP","floor":5},{"not_picked":["Flying Knee","Terror"],"picked":"Noxious Fumes","floor":6},{"not_picked":["Dagger Throw","Tactician","Infinite Blades"],"picked":"SKIP","floor":7},{"not_picked":["Prepared","Reflex"],"picked":"Deadly Poison","floor":11},{"not_picked":["Prepared","Burst","Underhanded Strike"],"picked":"SKIP","floor":12},{"not_picked":["Masterful Stab","Riddle With Holes"],"picked":"Poisoned Stab","floor":14},{"not_picked":["Unload","Adrenaline"],"picked":"Envenom","floor":16}],"player_experience":207149,"relics_obtained":[{"floor":6,"key":"Bronze Scales"},{"floor":6,"key":"WingedGreaves"},{"floor":7,"key":"reliquary:HotPoker"},{"floor":7,"key":"reliquary:PorcupineQuills"},{"floor":9,"key":"reliquary:Stiletto"},{"floor":14,"key":"Calipers"},{"floor":14,"key":"Old Coin"},{"floor":17,"key":"Centennial Puzzle"},{"floor":17,"key":"Molten Egg 2"},{"floor":17,"key":"reliquary:Pushpin"}],"event_choices":[{"damage_healed":0,"gold_gain":0,"player_choice":"Donut","damage_taken":0,"max_hp_gain":5,"max_hp_loss":0,"event_name":"Big Fish","floor":2,"gold_loss":0},{"damage_healed":0,"gold_gain":1,"player_choice":"1","damage_taken":0,"max_hp_gain":0,"max_hp_loss":0,"event_name":"betterStone:BetterStone","floor":3,"gold_loss":0}],"is_beta":false,"boss_relics":[{"not_picked":["Tiny House","reliquary:RedPaperclip"],"picked":"Calling Bell"}],"items_purged_floors":[],"is_endless":false,"potions_floor_spawned":[6,7,14,16],"killed_by":"Spheric Guardian","ascension_level":0}}