{"host":"c3lc60y5x60jlt1y","time":1612487358,"event":{"mods":["AchievementEnabler","BaseMod","Bestiary","Colored Map","Minty Spire (QoL Compilation)","Quick Restart","StSLib","ojb\u0027s Info Mod"],"gold_per_floor":[109,28,40,40,115,142,142,176,176,186,186,215,226,226,226,226,226],"floor_reached":16,"language":"ENG","playtime":761,"items_purged":[],"score":290,"play_id":"f4bbe981-2c91-4a54-a6db-14e27131fa10","local_time":"20210205030918","is_ascension_mode":true,"campfire_choices":[{"data":"Eruption","floor":7.0,"key":"SMITH"},{"floor":15,"key":"REST"}],"circlet_count":0,"master_deck":["AscendersBane","Strike_P","Strike_P","Strike_P","Strike_P","Defend_P","Defend_P","Defend_P","Defend_P","Eruption+1","Vigilance","BowlingBash","Indignation","WaveOfTheHand","CutThroughFate","Meditate","Halt","SandsOfTime","FearNoEvil"],"relics":["PureWater","NeowsBlessing","Smiling Mask","Regal Pillow","Mummified Hand","StrikeDummy","Potion Belt"],"acts_visited":["Exordium"],"potions_floor_usage":[10,12,14,16],"damage_taken":[{"damage":0.0,"enemies":"Cultist","floor":1.0,"turns":1.0},{"damage":0.0,"enemies":"2 Louse","floor":3.0,"turns":1.0},{"damage":0.0,"enemies":"Lagavulin","floor":6.0,"turns":2.0},{"damage":16,"enemies":"Gremlin Nob","floor":8,"turns":3},{"damage":18,"enemies":"Jaw Worm","floor":10,"turns":4},{"damage":26,"enemies":"Lagavulin","floor":12,"turns":8},{"damage":5,"enemies":"Red Slaver","floor":13,"turns":3},{"damage":0,"enemies":"Gremlin Gang","floor":14,"turns":1},{"damage":38,"enemies":"The Guardian","floor":16,"turns":9}],"seed_played":"-7073106327905023234","potions_obtained":[{"floor":6.0,"key":"Regen Potion"},{"floor":8,"key":"SmokeBomb"},{"floor":10,"key":"ColorlessPotion"},{"floor":12,"key":"Swift Potion"}],"is_trial":false,"path_per_floor":["M","$","M","?","?","E","R","E","T","M","T","E","M","M","R","B"],"character_chosen":"WATCHER","items_purchased":["Indignation"],"campfire_rested":1,"item_purchase_floors":[2],"current_hp_per_floor":[61,61,61,66,55,55,55,39,39,33,33,7,2,2,38,0,0],"gold":226,"neow_bonus":"THREE_ENEMY_KILL","is_daily":false,"chose_seed":false,"campfire_upgraded":1,"win_rate":0.0,"timestamp":1612487358,"path_taken":["M","$","?","?","?","E","R","E","T","M","?","E","?","M","R","BOSS"],"items_purchased_type":["Card"],"build_version":"2020-12-22","purchased_purges":0,"victory":false,"max_hp_per_floor":[68,68,68,73,73,73,73,73,73,73,73,73,73,73,73,73,73],"card_choices":[{"not_picked":["CrushJoints","JustLucky"],"picked":"BowlingBash","floor":1.0},{"not_picked":["MasterReality","Fasting2"],"picked":"WaveOfTheHand","floor":3.0},{"not_picked":["FollowUp","Worship"],"picked":"CutThroughFate","floor":6.0},{"not_picked":["Crescendo","BowlingBash"],"picked":"Meditate","floor":8},{"not_picked":["Protect","WreathOfFlame"],"picked":"Halt","floor":10},{"not_picked":["Swivel","Wireheading"],"picked":"SandsOfTime","floor":12},{"not_picked":["CutThroughFate","CrushJoints"],"picked":"FearNoEvil","floor":13}],"player_experience":9094451,"relics_obtained":[{"floor":6.0,"key":"Smiling Mask"},{"floor":8,"key":"Regal Pillow"},{"floor":9,"key":"Mummified Hand"},{"floor":11,"key":"StrikeDummy"},{"floor":12,"key":"Potion Belt"}],"event_choices":[{"damage_healed":0.0,"max_hp_gain":5.0,"max_hp_loss":0.0,"gold_gain":0.0,"event_name":"Big Fish","player_choice":"Donut","floor":4.0,"gold_loss":0.0,"damage_taken":0.0},{"damage_healed":0.0,"max_hp_gain":0.0,"max_hp_loss":0.0,"gold_gain":75.0,"event_name":"World of Goop","player_choice":"Gather Gold","floor":5.0,"gold_loss":0.0,"damage_taken":11.0}],"is_beta":false,"boss_relics":[],"items_purged_floors":[],"is_endless":false,"potions_floor_spawned":[6,8,10,12],"killed_by":"The Guardian","ascension_level":20}}