{"host":"cijhj3091wf4aho3","time":1612546202,"event":{"mods":["BaseMod","Colored Map","Colored Powertips","Downfall","Friendly Minions","GifTheSpireLib","Highlight Path","Minty Spire (QoL Compilation)","Permanent Neow","Random Character Button","Relic Sorter","Relic Stats","StSLib","everything is the same but u backflip on backflip","slay the spire mod where everything is the same but ironclad has a cowboy hat"],"gold_per_floor":[99,111,127,127,140,40,94,107,107,18,34,63,63,76,90,186,186,186,197,197,197,216,216,216,126,157,168,53,67,67,79,97,198,248,48,60,74,8,91,120,143,170,170,170,184,184,197,222,234,234,234,265,119,119,119,119],"floor_reached":57,"language":"ENG","playtime":12758,"items_purged":["Guardian:Defend_Guardian","Guardian:Defend_Guardian","Guardian:CurlUp"],"score":1886,"play_id":"f4ae92c2-14ce-4d34-8399-a767004da6a2","local_time":"20210205093002","is_ascension_mode":true,"campfire_choices":[{"floor":1,"key":"RECALL"},{"data":"Guardian:MultiBeam","floor":6,"key":"SMITH"},{"data":"Guardian:BaubleBeam","floor":18,"key":"SMITH"},{"data":"Guardian:FuturePlans","floor":30,"key":"SMITH"},{"data":"Guardian:Orbwalk","floor":35,"key":"SMITH"},{"data":"Ghostly","floor":43,"key":"SMITH"},{"floor":54,"key":"REST"}],"circlet_count":0,"master_deck":["AscendersBane","Guardian:Defend_Guardian+1","Guardian:TwinSlam","Guardian:SphericShield","Guardian:ShieldSpikes+1","Guardian:PrismaticBeam","Guardian:MultiBeam+1","Guardian:FuturePlans+1","Guardian:Clone+1","Guardian:Orbwalk+1","Guardian:BaubleBeam+1","Ghostly+1","Ghostly","Ghostly","Ghostly","Ghostly","Guardian:EvasiveProtocol+1","Guardian:FloatingOrbs+1","Guardian:PolyBeam","Guardian:StasisField"],"relics":["Guardian:ModeShifter","downfall:HeartBlessingRed","Boot","Omamori","Guardian:PickAxe","Empty Cage","Lantern","Tiny House","downfall:HeartBlessingGreen","downfall:HeartBlessingBlue","Lee\u0027s Waffle","Incense Burner","Vajra","Blood Vial","downfall:ExtraCursedBell","War Paint","Pear","Lizard Tail","Bottled Lightning","StoneCalendar"],"acts_visited":["Exordium","TheCity","TheBeyond","TheEnding"],"potions_floor_usage":[14,22,55,56],"damage_taken":[{"damage":0,"enemies":"Small Slimes","floor":2,"turns":5},{"damage":0,"enemies":"2 Louse","floor":3,"turns":4},{"damage":7,"enemies":"Jaw Worm","floor":5,"turns":7},{"damage":0,"enemies":"2 Fungi Beasts","floor":8,"turns":4},{"damage":0,"enemies":"downfall:FleeingMerchant","floor":10,"turns":4},{"damage":8,"enemies":"Large Slime","floor":11,"turns":7},{"damage":10,"enemies":"3 Sentries","floor":12,"turns":5},{"damage":0,"enemies":"3 Sentries","floor":13,"turns":1},{"damage":0,"enemies":"Blue Slaver","floor":14,"turns":4},{"damage":9,"enemies":"3 Louse","floor":15,"turns":3},{"damage":18,"enemies":"SI_SHIV_ARCHETYPE","floor":16,"turns":13},{"damage":0,"enemies":"3 Byrds","floor":19,"turns":3},{"damage":11,"enemies":"Spheric Guardian","floor":22,"turns":4},{"damage":0,"enemies":"downfall:FleeingMerchant","floor":25,"turns":4},{"damage":3,"enemies":"Slavers","floor":26,"turns":6},{"damage":1,"enemies":"Centurion and Healer","floor":27,"turns":5},{"damage":0,"enemies":"downfall:FleeingMerchant","floor":28,"turns":4},{"damage":0,"enemies":"Snecko","floor":29,"turns":4},{"damage":0,"enemies":"3 Cultists","floor":31,"turns":5},{"damage":0,"enemies":"Snake Plant","floor":32,"turns":5},{"damage":13,"enemies":"WA_ARCHETYPE_CALM","floor":33,"turns":8},{"damage":4,"enemies":"3 Darklings","floor":36,"turns":4},{"damage":16,"enemies":"Orb Walker","floor":37,"turns":4},{"damage":0,"enemies":"downfall:FleeingMerchant","floor":38,"turns":4},{"damage":0,"enemies":"downfall:FleeingMerchant","floor":39,"turns":1},{"damage":0,"enemies":"Giant Head","floor":40,"turns":7},{"damage":19,"enemies":"Nemesis","floor":42,"turns":5},{"damage":2,"enemies":"Jaw Worm Horde","floor":45,"turns":3},{"damage":0,"enemies":"Spire Growth","floor":47,"turns":4},{"damage":0,"enemies":"Reptomancer","floor":48,"turns":5},{"damage":0,"enemies":"Sphere and 2 Shapes","floor":49,"turns":5},{"damage":12,"enemies":"DF_ARCHETYPE_ORBS","floor":50,"turns":7},{"damage":57,"enemies":"downfall:CharBossMerchant","floor":52,"turns":9},{"damage":0,"enemies":"downfall:NeowBoss","floor":55,"turns":11},{"damage":65,"enemies":"downfall:NeowBossFinal","floor":56,"turns":10}],"seed_played":"7446958207081122511","potions_obtained":[{"floor":3,"key":"Guardian:AcceleratePotion"},{"floor":5,"key":"Explosive Potion"},{"floor":16,"key":"GamblersBrew"},{"floor":19,"key":"SteroidPotion"},{"floor":26,"key":"Fire Potion"},{"floor":31,"key":"sneckomod:MuddlingPotion"},{"floor":33,"key":"Dexterity Potion"}],"is_trial":false,"path_per_floor":["R","M","M","?","M","R","T","M","?","$","M","E","?","M","M","B",null,"R","M","?","?","M","?","T","$","E","M","$","M","R","M","M","B",null,"R","M","M","?","$","E","T","E","R","?","M","?","M","E","M","B",null,"E","$","R","B","B",null],"character_chosen":"GUARDIAN","items_purchased":["Guardian:Gem_Fragmented","Strength Potion","Lee\u0027s Waffle","Guardian:StasisField"],"campfire_rested":1,"item_purchase_floors":[10,38,39,53],"current_hp_per_floor":[72,72,72,72,65,65,65,65,65,65,57,47,47,47,38,20,65,65,65,65,65,54,40,40,40,37,36,36,36,36,36,36,23,41,51,47,31,31,62,62,62,43,43,53,53,63,63,63,63,51,60,5,5,23,25,31],"gold":119,"neow_bonus":"ONE_RANDOM_RARE_CARD","is_daily":false,"chose_seed":false,"campfire_upgraded":5,"win_rate":0.0,"timestamp":1612546202,"path_taken":["R","M","M","?","M","R","T","M","?","$","M","E","?","?","M","BOSS","R","M","?","?","M","?","T","$","E","M","?","M","R","?","M","BOSS","R","M","M","?","$","E","T","E","R","?","M","?","M","E","M","BOSS","E","$","R","BOSS","BOSS"],"items_purchased_type":["Card","Potion","Relic","Card"],"build_version":"2020-12-22","purchased_purges":3,"victory":true,"max_hp_per_floor":[80,80,80,80,80,80,80,80,80,80,80,80,80,80,80,80,80,80,80,80,80,80,40,40,40,40,40,40,40,40,40,40,40,45,55,55,55,55,62,62,62,62,62,72,72,63,63,63,63,63,63,63,63,63,63,63],"relic_stats":{"Blood Vial":8,"Lee\u0027s Waffle":31,"Lizard Tail":31,"counters":[35,184],"StoneCalendar":[104],"War Paint":["Guardian:Clone","Guardian:Defend_Guardian"],"Boot":[217],"obtain_stats":[{"Lantern":26,"Lee\u0027s Waffle":39,"Tiny House":34,"Pear":44,"downfall:HeartBlessingRed":6,"Guardian:ModeShifter":0,"Vajra":41,"downfall:HeartBlessingGreen":35,"StoneCalendar":52,"Omamori":12,"Incense Burner":40,"War Paint":44,"Boot":7,"Empty Cage":17,"Guardian:PickAxe":13,"Blood Vial":42,"Lizard Tail":44,"downfall:HeartBlessingBlue":35,"Bottled Lightning":48,"downfall:ExtraCursedBell":44},{"Lantern":15,"Lee\u0027s Waffle":25,"Tiny House":21,"Pear":27,"downfall:HeartBlessingRed":3,"Guardian:ModeShifter":0,"Vajra":26,"downfall:HeartBlessingGreen":21,"StoneCalendar":33,"Omamori":7,"Incense Burner":26,"War Paint":27,"Boot":3,"Empty Cage":11,"Guardian:PickAxe":8,"Blood Vial":27,"Lizard Tail":27,"downfall:HeartBlessingBlue":21,"Bottled Lightning":30,"downfall:ExtraCursedBell":27},{"Lantern":74,"Lee\u0027s Waffle":118,"Tiny House":105,"Pear":130,"downfall:HeartBlessingRed":16,"Guardian:ModeShifter":0,"Vajra":125,"downfall:HeartBlessingGreen":105,"StoneCalendar":163,"Omamori":36,"Incense Burner":125,"War Paint":130,"Boot":16,"Empty Cage":57,"Guardian:PickAxe":37,"Blood Vial":130,"Lizard Tail":130,"downfall:HeartBlessingBlue":105,"Bottled Lightning":142,"downfall:ExtraCursedBell":130}]},"card_choices":[{"not_picked":["Guardian:ChargeCore","Guardian:Emergency"],"picked":"Guardian:ShieldSpikes","floor":2},{"not_picked":["Guardian:ChargeCore","Guardian:TemporalStrike"],"picked":"Guardian:PrismaticBeam","floor":3},{"not_picked":["Guardian:WalkerClaw","Guardian:CrystalBeam"],"picked":"Guardian:MultiBeam","floor":5},{"not_picked":["Guardian:WalkerClaw","Guardian:ExploitGems"],"picked":"Guardian:FuturePlans","floor":8},{"not_picked":["Guardian:DonusPower","Guardian:ChargeCore"],"picked":"Guardian:Clone","floor":10},{"not_picked":["Guardian:ShieldCharger","Guardian:WalkerClaw"],"picked":"Guardian:Gem_White","floor":11},{"not_picked":["Guardian:BodySlam","Guardian:RevengeProtocol"],"picked":"Guardian:Gem_Cyan","floor":12},{"not_picked":["Guardian:TemporalStrike","Guardian:Suspension","Guardian:Incinerate"],"picked":"SKIP","floor":14},{"not_picked":["Guardian:ArmoredProtocol","Guardian:DonusPower"],"picked":"Guardian:Orbwalk","floor":15},{"not_picked":["Guardian:FierceBash","Guardian:Gem_Orange"],"picked":"Guardian:BaubleBeam","floor":16},{"not_picked":["Guardian:TemporalShield","Guardian:Incinerate","Guardian:Gem_Crimson"],"picked":"SKIP","floor":19},{"not_picked":["Guardian:Gem_Lightblue","Guardian:VentSteam","Guardian:TemporalShield"],"picked":"SKIP","floor":22},{"not_picked":["Guardian:ShieldCharger","Guardian:GuardianWhirl"],"picked":"Guardian:EvasiveProtocol+1","floor":25},{"not_picked":["Guardian:ChargeCore","Guardian:Harden+1","Guardian:PrimingBeam"],"picked":"SKIP","floor":26},{"not_picked":["Guardian:Gem_Lightblue","Guardian:HyperBeam_Guardian","Guardian:Gem_Cyan"],"picked":"SKIP","floor":27},{"not_picked":["Guardian:Gem_Blue","Guardian:ArmoredProtocol+1"],"picked":"Guardian:FloatingOrbs+1","floor":28},{"not_picked":["Guardian:TemporalShield","Guardian:TemporalStrike","Guardian:Incinerate+1"],"picked":"SKIP","floor":29},{"not_picked":["Guardian:Gem_Fragmented","Guardian:ShieldCharger","Guardian:ChargeCore"],"picked":"SKIP","floor":31},{"not_picked":["Guardian:Emergency","Guardian:DonusPower","Guardian:ArmoredProtocol"],"picked":"SKIP","floor":32},{"not_picked":["Guardian:EvasiveProtocol","Guardian:ShieldCharger"],"picked":"Guardian:PolyBeam","floor":34},{"not_picked":["Guardian:EvasiveProtocol","Guardian:VentSteam","Guardian:Harden+1"],"picked":"SKIP","floor":36},{"not_picked":["Guardian:BodySlam","Guardian:SentryBeam","Guardian:WalkerClaw+1"],"picked":"SKIP","floor":37},{"not_picked":["Guardian:Incinerate","Guardian:TemporalStrike","Guardian:Gem_Green"],"picked":"SKIP","floor":38},{"not_picked":["Guardian:WalkerClaw","Guardian:ShieldCharger","Guardian:Gem_Cyan"],"picked":"SKIP","floor":39},{"not_picked":["Guardian:ChargeCore","Guardian:TemporalShield","Guardian:RollAttack+1"],"picked":"SKIP","floor":40},{"not_picked":["Guardian:Gem_Fragmented","Guardian:ExploitGems","Guardian:DonusPower"],"picked":"SKIP","floor":42},{"not_picked":["Guardian:CrystalBeam","Guardian:Incinerate","Guardian:PrismaticBeam"],"picked":"SKIP","floor":45},{"not_picked":["Guardian:Gem_Green","Guardian:PiercingHide","Guardian:ShieldCharger+1"],"picked":"SKIP","floor":47},{"not_picked":["Guardian:Gem_Green","Guardian:StasisEngine","Guardian:CompilePackage"],"picked":"SKIP","floor":48},{"not_picked":["Guardian:FloatingOrbs","Guardian:Gem_Yellow","Guardian:ShieldCharger"],"picked":"SKIP","floor":49},{"not_picked":["Guardian:Reroute","Guardian:Gem_Purple","Guardian:Gem_Crimson"],"picked":"SKIP","floor":52}],"player_experience":551286,"relics_obtained":[{"floor":7,"key":"Boot"},{"floor":12,"key":"Omamori"},{"floor":26,"key":"Lantern"},{"floor":40,"key":"Incense Burner"},{"floor":41,"key":"Vajra"},{"floor":42,"key":"Blood Vial"},{"floor":44,"key":"War Paint"},{"floor":44,"key":"Pear"},{"floor":44,"key":"Lizard Tail"},{"floor":48,"key":"Bottled Lightning"},{"floor":52,"key":"StoneCalendar"}],"event_choices":[{"damage_healed":0,"gold_gain":0,"player_choice":"Ignored","damage_taken":0,"max_hp_gain":0,"max_hp_loss":0,"event_name":"Vampires","floor":20,"gold_loss":0},{"damage_healed":0,"gold_gain":0,"player_choice":"Became a Ghost","damage_taken":0,"max_hp_gain":0,"max_hp_loss":40,"event_name":"Ghosts","floor":23,"gold_loss":0,"cards_obtained":["Ghostly","Ghostly","Ghostly","Ghostly","Ghostly"]}],"is_beta":false,"boss_relics":[{"not_picked":["SlaversCollar","Coffee Dripper"],"picked":"Empty Cage"},{"not_picked":["Astrolabe","Guardian:StasisSlotReductionRelic"],"picked":"Tiny House"}],"items_purged_floors":[25,28,39],"is_endless":false,"potions_floor_spawned":[3,5,12,13,16,19,26,27,31,32,33,36,45,47,49],"ascension_level":12}}