{"host":"640uue19m79c7wbt","time":1612488471,"event":{"mods":["BaseMod","Colored Map","Googly Eyes","Highlight Path","Minty Spire (QoL Compilation)","Quick Restart","StSLib"],"gold_per_floor":[15,15,15,29,44,44,76,76,128,21,21,21,21,40,40,40,40],"floor_reached":16,"language":"ENG","playtime":408,"items_purged":[],"score":186,"play_id":"4494f4e0-ac5a-46a9-ba06-51def20dfc02","local_time":"20210204202751","is_ascension_mode":true,"campfire_choices":[{"data":"Bullet Time","floor":6.0,"key":"SMITH"},{"floor":8.0,"key":"REST"},{"floor":13.0,"key":"REST"},{"data":"Setup","floor":15.0,"key":"SMITH"}],"circlet_count":0,"master_deck":["AscendersBane","Strike_G","Strike_G","Strike_G","Strike_G","Defend_G","Defend_G","Defend_G","Defend_G","Defend_G","Survivor","Neutralize","Bullet Time+1","Dagger Spray","Acrobatics","Distraction","Crippling Poison","Well Laid Plans","Acrobatics","A Thousand Cuts","Setup+1"],"relics":["Ring of the Snake","Anchor","Paper Crane","Toy Ornithopter"],"acts_visited":["Exordium"],"potions_floor_usage":[16],"damage_taken":[{"damage":1.0,"enemies":"Cultist","floor":1.0,"turns":4.0},{"damage":4.0,"enemies":"Small Slimes","floor":4.0,"turns":4.0},{"damage":9.0,"enemies":"Jaw Worm","floor":5.0,"turns":5.0},{"damage":39.0,"enemies":"Gremlin Nob","floor":7.0,"turns":4.0},{"damage":0.0,"enemies":"Large Slime","floor":14.0,"turns":4.0},{"damage":44,"enemies":"Slime Boss","floor":16,"turns":8}],"seed_played":"-7109184960425646114","potions_obtained":[{"floor":4.0,"key":"PowerPotion"},{"floor":7.0,"key":"BlessingOfTheForge"},{"floor":14.0,"key":"Dexterity Potion"}],"is_trial":false,"path_per_floor":["M","$","T","M","M","R","E","R","T","$","$","?","R","M","R","B"],"character_chosen":"THE_SILENT","items_purchased":["Well Laid Plans","Acrobatics"],"campfire_rested":2,"item_purchase_floors":[10,10],"current_hp_per_floor":[58,58,58,54,45,45,6,25,25,25,25,25,44,49,49,10,10],"gold":40,"neow_bonus":"THREE_RARE_CARDS","is_daily":false,"chose_seed":false,"campfire_upgraded":2,"win_rate":0.0,"timestamp":1612488471,"path_taken":["M","?","?","M","?","R","E","R","T","?","$","?","R","M","R","BOSS"],"items_purchased_type":["Card","Card"],"build_version":"2020-12-22","purchased_purges":0,"victory":false,"max_hp_per_floor":[66,66,66,66,66,66,66,66,66,66,66,66,66,66,66,66,66],"card_choices":[{"not_picked":["Tools of the Trade","Glass Knife"],"picked":"Bullet Time","floor":0.0},{"not_picked":["Bane","Poisoned Stab"],"picked":"Dagger Spray","floor":1.0},{"not_picked":["Flying Knee","Sucker Punch"],"picked":"Acrobatics","floor":4.0},{"not_picked":["Dodge and Roll","Bane"],"picked":"Distraction","floor":5.0},{"not_picked":["Footwork","Blur"],"picked":"Crippling Poison","floor":7.0},{"not_picked":["Endless Agony","Backflip"],"picked":"Setup","floor":14.0}],"player_experience":659194,"relics_obtained":[{"floor":3.0,"key":"Anchor"},{"floor":7.0,"key":"Paper Crane"},{"floor":9.0,"key":"Toy Ornithopter"}],"event_choices":[{"damage_healed":0.0,"max_hp_gain":0.0,"max_hp_loss":0.0,"gold_gain":0.0,"cards_transformed":["Strike_G"],"event_name":"Transmorgrifier","player_choice":"Transformed","floor":12.0,"gold_loss":0.0,"damage_taken":0.0,"cards_obtained":["A Thousand Cuts"]}],"is_beta":false,"boss_relics":[],"items_purged_floors":[],"is_endless":false,"potions_floor_spawned":[4,7,14],"killed_by":"Slime Boss","ascension_level":18}}