{"host":"jxmsv4d84jcvxth5","time":1612491929,"event":{"mods":["BaseMod","Colored Map","Minty Spire (QoL Compilation)","Relic Stats","StSLib"],"gold_per_floor":[110,110,125,136,148,175,175,202,202,202,217,217,237,257,257,333,333,344,355,270,270,289,289,289,320,347,347,347,347],"floor_reached":28,"language":"ENG","playtime":1489,"items_purged":[],"score":500,"play_id":"c66489bc-acd4-4241-87a1-feed006a4a35","local_time":"20210204212529","is_ascension_mode":true,"campfire_choices":[{"floor":7,"key":"REST"},{"data":"True Grit","floor":12,"key":"SMITH"},{"data":"Carnage","floor":15,"key":"SMITH"},{"data":"Demon Form","floor":23,"key":"SMITH"},{"floor":27,"key":"REST"}],"circlet_count":0,"master_deck":["AscendersBane","Strike_R","Strike_R","Strike_R","Defend_R","Defend_R","Defend_R","Defend_R","Bash","Anger","Shockwave","Clothesline","Hemokinesis","Armaments","Ghostly Armor","Carnage+1","True Grit+1","Shrug It Off","Demon Form+1","Disarm+1"],"relics":["Burning Blood","NeowsBlessing","Red Skull","Mummified Hand","Shuriken","Sozu","Singing Bowl","Toxic Egg 2","CeramicFish"],"acts_visited":["Exordium","TheCity"],"potions_floor_usage":[5,6,16,25,28],"damage_taken":[{"damage":0,"enemies":"2 Louse","floor":1,"turns":1},{"damage":0,"enemies":"Cultist","floor":3,"turns":1},{"damage":0,"enemies":"Small Slimes","floor":4,"turns":1},{"damage":45,"enemies":"Exordium Thugs","floor":5,"turns":9},{"damage":14,"enemies":"Lagavulin","floor":6,"turns":7},{"damage":34,"enemies":"Gremlin Nob","floor":8,"turns":4},{"damage":3,"enemies":"2 Fungi Beasts","floor":11,"turns":3},{"damage":6,"enemies":"Looter","floor":13,"turns":3},{"damage":1,"enemies":"Blue Slaver","floor":14,"turns":4},{"damage":16,"enemies":"The Guardian","floor":16,"turns":10},{"damage":17,"enemies":"Shell Parasite","floor":18,"turns":4},{"damage":27,"enemies":"Chosen","floor":19,"turns":7},{"damage":7,"enemies":"Snecko","floor":22,"turns":3},{"damage":24,"enemies":"Book of Stabbing","floor":25,"turns":6},{"damage":49,"enemies":"Shelled Parasite and Fungi","floor":28,"turns":4}],"seed_played":"68853817216568377","potions_obtained":[{"floor":1,"key":"SkillPotion"},{"floor":4,"key":"SteroidPotion"},{"floor":5,"key":"AttackPotion"},{"floor":13,"key":"Swift Potion"},{"floor":16,"key":"BlessingOfTheForge"}],"is_trial":false,"path_per_floor":["M","?","M","M","M","E","R","E","T","?","M","R","M","M","R","B",null,"M","M","?","?","M","R","?","E","T","R","M"],"character_chosen":"IRONCLAD","items_purchased":[],"campfire_rested":2,"item_purchase_floors":[],"current_hp_per_floor":[74,74,75,75,36,28,50,22,22,22,25,25,25,30,30,20,61,50,29,29,29,30,30,30,12,12,35,0,0],"gold":347,"neow_bonus":"THREE_ENEMY_KILL","is_daily":false,"chose_seed":false,"campfire_upgraded":3,"win_rate":0.0,"timestamp":1612491929,"path_taken":["M","?","M","?","M","E","R","E","T","?","M","R","?","M","R","BOSS","M","M","?","?","M","R","?","E","T","R","M"],"items_purchased_type":[],"build_version":"2020-12-22","purchased_purges":0,"victory":false,"max_hp_per_floor":[75,75,75,75,75,75,75,75,75,75,75,75,75,75,75,75,75,75,75,75,75,77,77,77,77,77,77,77,77],"relic_stats":{"Sozu":2,"Singing Bowl":2,"counters":[15,67],"Mummified Hand":[4],"Shuriken":[7],"CeramicFish":0,"obtain_stats":[{"Sozu":17,"NeowsBlessing":0,"Singing Bowl":20,"Mummified Hand":8,"Shuriken":9,"CeramicFish":26,"Toxic Egg 2":25,"Burning Blood":0,"Red Skull":6},{"Sozu":10,"NeowsBlessing":0,"Singing Bowl":12,"Mummified Hand":6,"Shuriken":6,"CeramicFish":14,"Toxic Egg 2":14,"Burning Blood":0,"Red Skull":5},{"Sozu":43,"NeowsBlessing":0,"Singing Bowl":54,"Mummified Hand":23,"Shuriken":23,"CeramicFish":63,"Toxic Egg 2":63,"Burning Blood":0,"Red Skull":19}],"Burning Blood":73},"card_choices":[{"not_picked":["Combust","Perfected Strike"],"picked":"Anger","floor":1},{"not_picked":["Perfected Strike","Rage"],"picked":"Shockwave","floor":3},{"not_picked":["Twin Strike","True Grit"],"picked":"Clothesline","floor":4},{"not_picked":["Burning Pact","Reckless Charge"],"picked":"Hemokinesis","floor":5},{"not_picked":["Second Wind","Entrench","Armaments"],"picked":"SKIP","floor":6},{"not_picked":["Second Wind","Entrench"],"picked":"Armaments","floor":6},{"not_picked":["Rage","Iron Wave"],"picked":"Ghostly Armor","floor":8},{"not_picked":["Shockwave","Wild Strike"],"picked":"True Grit","floor":11},{"not_picked":["Pommel Strike","Juggernaut"],"picked":"Shrug It Off","floor":13},{"not_picked":["Heavy Blade","Anger","Flex"],"picked":"SKIP","floor":14},{"not_picked":["Brutality","Double Tap"],"picked":"Demon Form","floor":16},{"not_picked":["Body Slam","Sentinel","Sword Boomerang"],"picked":"SKIP","floor":18},{"not_picked":["Havoc","Cleave","Evolve"],"picked":"SKIP","floor":19},{"not_picked":["Warcry+1","Perfected Strike","True Grit"],"picked":"Singing Bowl","floor":22},{"not_picked":["Perfected Strike","Combust"],"picked":"Disarm+1","floor":25}],"player_experience":1554647,"relics_obtained":[{"floor":6,"key":"Red Skull"},{"floor":8,"key":"Mummified Hand"},{"floor":9,"key":"Shuriken"},{"floor":25,"key":"Toxic Egg 2"},{"floor":26,"key":"CeramicFish"}],"event_choices":[{"cards_removed":["Strike_R"],"damage_healed":0,"gold_gain":0,"player_choice":"Offered Basic","damage_taken":0,"max_hp_gain":0,"max_hp_loss":0,"event_name":"Bonfire Elementals","floor":2,"gold_loss":0},{"damage_healed":0,"gold_gain":0,"cards_transformed":["Strike_R"],"player_choice":"Transformed","damage_taken":0,"max_hp_gain":0,"max_hp_loss":0,"event_name":"Transmorgrifier","floor":10,"gold_loss":0,"cards_obtained":["Carnage"]},{"damage_healed":0,"gold_gain":0,"player_choice":"Obtained Relic","damage_taken":0,"relics_obtained":["Singing Bowl"],"max_hp_gain":0,"max_hp_loss":0,"event_name":"Addict","floor":20,"gold_loss":85},{"damage_healed":0,"gold_gain":0,"player_choice":"Ignored","damage_taken":0,"max_hp_gain":0,"max_hp_loss":0,"event_name":"The Mausoleum","floor":21,"gold_loss":0},{"damage_healed":0,"gold_gain":0,"player_choice":"Ignored","damage_taken":0,"max_hp_gain":0,"max_hp_loss":0,"event_name":"Ghosts","floor":24,"gold_loss":0}],"is_beta":false,"boss_relics":[{"not_picked":["SlaversCollar","SacredBark"],"picked":"Sozu"}],"items_purged_floors":[],"is_endless":false,"potions_floor_spawned":[1,4,5,13,16,19,25],"killed_by":"Shelled Parasite and Fungi","ascension_level":20}}