{"host":"rolltorest","time":1612494041,"event":{"mods":["BaseMod","Minty Spire (QoL Compilation)","Relic Stats","Slay the Relics Exporter","StSLib"],"gold_per_floor":[117,135,3,18,30,30,47,82,109,121,152,152,168,194,194,265,265,280,180,200,211,211,211,211,211],"floor_reached":24,"language":"ENG","playtime":940,"items_purged":["Strike_B","Strike_B"],"score":440,"play_id":"1e6f22e9-009f-4626-9c42-0ef790f14557","local_time":"20210204190041","is_ascension_mode":true,"campfire_choices":[{"data":"Zap","floor":6,"key":"SMITH"},{"data":"Ball Lightning","floor":12,"key":"SMITH"},{"data":"Sweeping Beam","floor":15,"key":"SMITH"},{"floor":23,"key":"REST"}],"circlet_count":0,"master_deck":["AscendersBane","Strike_B","Strike_B","Defend_B","Defend_B","Defend_B","Defend_B","Zap+1","Dualcast","Leap","Ball Lightning","Self Repair","Ball Lightning+1","Aggregate","Glacier","FTL","Sweeping Beam+1","Compile Driver","Machine Learning","Coolheaded","Coolheaded","Compile Driver"],"relics":["Cracked Core","NeowsBlessing","Pantograph","Potion Belt","Orichalcum","Lantern","Inserter"],"acts_visited":["Exordium","TheCity"],"potions_floor_usage":[5,8,11,21,24,24,24],"damage_taken":[{"damage":0,"enemies":"Small Slimes","floor":1,"turns":1},{"damage":0,"enemies":"Jaw Worm","floor":2,"turns":1},{"damage":0,"enemies":"2 Louse","floor":4,"turns":1},{"damage":6,"enemies":"Exordium Thugs","floor":5,"turns":3},{"damage":16,"enemies":"Blue Slaver","floor":7,"turns":4},{"damage":37,"enemies":"3 Sentries","floor":8,"turns":7},{"damage":1,"enemies":"2 Fungi Beasts","floor":10,"turns":4},{"damage":10,"enemies":"Lagavulin","floor":11,"turns":6},{"damage":6,"enemies":"Large Slime","floor":13,"turns":5},{"damage":9,"enemies":"3 Sentries","floor":14,"turns":8},{"damage":34,"enemies":"Slime Boss","floor":16,"turns":10},{"damage":18,"enemies":"Chosen","floor":18,"turns":5},{"damage":32,"enemies":"3 Byrds","floor":20,"turns":5},{"damage":20,"enemies":"Shelled Parasite and Fungi","floor":21,"turns":8},{"damage":26,"enemies":"Book of Stabbing","floor":24,"turns":3}],"seed_played":"-7445318670273667075","potions_obtained":[{"floor":4,"key":"Swift Potion"},{"floor":5,"key":"FearPotion"},{"floor":8,"key":"Regen Potion"},{"floor":11,"key":"Weak Potion"},{"floor":16,"key":"SkillPotion"},{"floor":18,"key":"FearPotion"},{"floor":21,"key":"AttackPotion"}],"is_trial":false,"path_per_floor":["M","M","$","M","M","R","M","E","T","M","E","R","M","E","R","B",null,"M","$","M","M","?","R","E"],"character_chosen":"DEFECT","items_purchased":["Fire Potion"],"campfire_rested":1,"item_purchase_floors":[3],"current_hp_per_floor":[64,64,64,64,65,65,56,26,26,32,44,44,45,36,36,34,62,51,51,26,13,4,25,0,0],"gold":211,"neow_bonus":"THREE_ENEMY_KILL","is_daily":false,"chose_seed":false,"campfire_upgraded":3,"win_rate":0.0,"timestamp":1612494041,"path_taken":["M","M","$","M","M","R","M","E","T","M","E","R","M","E","R","BOSS","M","$","M","M","?","R","E"],"items_purchased_type":["Potion"],"build_version":"2020-12-18","purchased_purges":2,"victory":false,"max_hp_per_floor":[71,71,71,71,71,71,71,71,71,71,71,71,71,71,71,71,71,71,71,71,71,71,71,71,71],"relic_stats":{"Inserter":[10],"counters":[15,71],"Pantograph":25,"Orichalcum":[102],"obtain_stats":[{"Potion Belt":9,"Lantern":14,"Inserter":17,"NeowsBlessing":0,"Pantograph":8,"Orichalcum":11,"Cracked Core":0},{"Potion Belt":6,"Lantern":10,"Inserter":11,"NeowsBlessing":0,"Pantograph":6,"Orichalcum":8,"Cracked Core":0},{"Potion Belt":17,"Lantern":40,"Inserter":50,"NeowsBlessing":0,"Pantograph":17,"Orichalcum":27,"Cracked Core":0}]},"card_choices":[{"not_picked":["Turbo","Steam"],"picked":"Leap","floor":1},{"not_picked":["Go for the Eyes","Storm"],"picked":"Ball Lightning","floor":2},{"not_picked":["Redo","Go for the Eyes"],"picked":"Self Repair","floor":4},{"not_picked":["Heatsinks","Go for the Eyes"],"picked":"Ball Lightning","floor":5},{"not_picked":["Consume","Turbo"],"picked":"Aggregate","floor":7},{"not_picked":["Rebound","Coolheaded"],"picked":"Glacier","floor":8},{"not_picked":["Fusion","Conserve Battery","Multi-Cast"],"picked":"SKIP","floor":10},{"not_picked":["Ball Lightning","Thunder Strike"],"picked":"FTL","floor":11},{"not_picked":["Storm","Barrage"],"picked":"Sweeping Beam","floor":13},{"not_picked":["Ball Lightning","Heatsinks"],"picked":"Compile Driver","floor":14},{"not_picked":["Buffer","Fission"],"picked":"Machine Learning","floor":16},{"not_picked":["Blizzard+1","Skim"],"picked":"Coolheaded","floor":18},{"not_picked":["Turbo","Heatsinks"],"picked":"Coolheaded","floor":20},{"not_picked":["Streamline","Melter"],"picked":"Compile Driver","floor":21}],"player_experience":1845297,"relics_obtained":[{"floor":8,"key":"Pantograph"},{"floor":9,"key":"Potion Belt"},{"floor":11,"key":"Orichalcum"},{"floor":14,"key":"Lantern"}],"event_choices":[{"damage_healed":0,"gold_gain":0,"player_choice":"Stopped","damage_taken":9,"max_hp_gain":0,"max_hp_loss":0,"event_name":"Cursed Tome","floor":22,"gold_loss":0}],"is_beta":true,"boss_relics":[{"not_picked":["Calling Bell","Empty Cage"],"picked":"Inserter"}],"items_purged_floors":[3,19],"is_endless":false,"potions_floor_spawned":[4,5,8,11,16,18,21],"killed_by":"Book of Stabbing","ascension_level":20}}