{"host":"nnmmiiw4bez2c8ei","time":1612529935,"event":{"mods":["AchievementEnabler","BaseMod","Colored Map","Colored Powertips","Minty Spire (QoL Compilation)","Rare Cards Sparkle","StSLib"],"gold_per_floor":[369,0,0,15,34,34,50,50,50,70,85,96,96,46,46,151,151,164,134,144,155,55,55,55,55],"floor_reached":24,"language":"KOR","playtime":652,"items_purged":["Strike_R","Strike_R"],"score":247,"play_id":"dc4ad94f-ae9f-422f-92c5-a94255639e3e","local_time":"20210205215855","is_ascension_mode":true,"campfire_choices":[{"data":"Limit Break","floor":6.0,"key":"SMITH"},{"data":"Flex","floor":8.0,"key":"SMITH"},{"data":"Limit Break","floor":15.0,"key":"SMITH"},{"data":"Armaments","floor":23,"key":"SMITH"}],"circlet_count":0,"master_deck":["Strike_R","Strike_R","Defend_R","Defend_R","Defend_R","Defend_R","Bash","Pummel","Limit Break+1","Cleave","Armaments+1","Flex+1","Limit Break+1","Pummel","Headbutt","Berserk","Twin Strike","Second Wind+1"],"relics":["Burning Blood","Medical Kit","HornCleat","Orichalcum","Philosopher\u0027s Stone"],"acts_visited":["Exordium","TheCity"],"potions_floor_usage":[21],"damage_taken":[{"damage":6.0,"enemies":"Cultist","floor":1.0,"turns":3.0},{"damage":7.0,"enemies":"Jaw Worm","floor":4.0,"turns":3.0},{"damage":6.0,"enemies":"2 Louse","floor":5.0,"turns":3.0},{"damage":14.0,"enemies":"Exordium Thugs","floor":7.0,"turns":5.0},{"damage":12.0,"enemies":"3 Louse","floor":10.0,"turns":3.0},{"damage":2.0,"enemies":"Large Slime","floor":11.0,"turns":4.0},{"damage":19.0,"enemies":"Exordium Thugs","floor":12.0,"turns":4.0},{"damage":6.0,"enemies":"Slime Boss","floor":16.0,"turns":5.0},{"damage":8.0,"enemies":"Shell Parasite","floor":18.0,"turns":3.0},{"damage":0.0,"enemies":"Spheric Guardian","floor":20.0,"turns":1.0},{"damage":43,"enemies":"Cultist and Chosen","floor":21,"turns":7},{"damage":29,"enemies":"Slavers","floor":24,"turns":3}],"seed_played":"-4582164259456083241","potions_obtained":[{"floor":7.0,"key":"Swift Potion"},{"floor":11.0,"key":"Ancient Potion"},{"floor":12.0,"key":"PowerPotion"},{"floor":19.0,"key":"Ancient Potion"}],"is_trial":false,"path_per_floor":["M","$","?","M","M","R","M","R","T","M","M","M","?","?","R","B",null,"M","?","M","M","$","R","E"],"character_chosen":"IRONCLAD","items_purchased":["Limit Break","Medical Kit"],"campfire_rested":0,"item_purchase_floors":[2,2],"current_hp_per_floor":[72,72,72,71,71,71,63,63,63,57,61,48,48,48,48,48,66,64,64,70,33,33,33,4,4],"gold":55,"neow_bonus":"TWO_FIFTY_GOLD","is_daily":false,"chose_seed":false,"campfire_upgraded":4,"win_rate":0.0,"timestamp":1612529935,"path_taken":["M","$","?","M","M","R","M","R","T","M","M","M","?","?","R","BOSS","M","?","M","M","$","R","E"],"items_purchased_type":["Card","Relic"],"build_version":"2020-12-22","purchased_purges":2,"victory":false,"max_hp_per_floor":[72,72,72,72,72,72,72,72,72,72,72,72,72,72,72,72,72,72,72,72,72,72,72,72,72],"card_choices":[{"not_picked":["Body Slam","Searing Blow"],"picked":"Pummel","floor":1.0},{"not_picked":["Twin Strike","Clothesline"],"picked":"Cleave","floor":4.0},{"not_picked":["Warcry","Infernal Blade"],"picked":"Armaments","floor":5.0},{"not_picked":["Body Slam","Sword Boomerang"],"picked":"Flex","floor":7.0},{"not_picked":["Body Slam","Clothesline","Battle Trance"],"picked":"SKIP","floor":10.0},{"not_picked":["Uppercut","Carnage"],"picked":"Limit Break","floor":11.0},{"not_picked":["Iron Wave","Anger"],"picked":"Pummel","floor":12.0},{"not_picked":["Fiend Fire","Juggernaut"],"picked":"Berserk","floor":16.0},{"not_picked":["Rage+1","Perfected Strike+1","Dark Embrace"],"picked":"SKIP","floor":18.0},{"not_picked":["Clothesline","Wild Strike"],"picked":"Twin Strike","floor":20.0},{"not_picked":["Uppercut","Pommel Strike"],"picked":"Second Wind+1","floor":21}],"player_experience":513948,"relics_obtained":[{"floor":9.0,"key":"Orichalcum"}],"event_choices":[{"damage_healed":0.0,"max_hp_gain":0.0,"max_hp_loss":0.0,"gold_gain":0.0,"event_name":"Big Fish","player_choice":"Box","floor":3.0,"gold_loss":0.0,"damage_taken":0.0,"relics_obtained":["HornCleat"],"cards_obtained":["Regret"]},{"damage_healed":0.0,"max_hp_gain":0.0,"max_hp_loss":0.0,"gold_gain":0.0,"cards_transformed":["Strike_R"],"event_name":"Living Wall","player_choice":"Change","floor":13.0,"gold_loss":0.0,"damage_taken":0.0,"cards_obtained":["Headbutt"]},{"cards_removed":["Regret"],"damage_healed":0.0,"max_hp_gain":0.0,"max_hp_loss":0.0,"gold_gain":0.0,"event_name":"The Cleric","player_choice":"Card Removal","floor":14.0,"gold_loss":50.0,"damage_taken":0.0},{"damage_healed":0.0,"max_hp_gain":0.0,"max_hp_loss":0.0,"gold_gain":0.0,"event_name":"The Woman in Blue","player_choice":"Bought 2 Potions","floor":19.0,"gold_loss":0.0,"damage_taken":0.0}],"is_beta":false,"boss_relics":[{"not_picked":["Fusion Hammer","Snecko Eye"],"picked":"Philosopher\u0027s Stone"}],"items_purged_floors":[2,22],"is_endless":false,"potions_floor_spawned":[7,11,12,16,20],"killed_by":"Slavers","ascension_level":6}}