{"host":"2d0rd30cigwncx1y","time":1612556422,"event":{"mods":["BaseMod","Colored Map","Colored Powertips","Downfall","MarisaÅiñ∂âJÅ@ñÇóùçπÅj","Minty Spire (QoL Compilation)","Replay The Spire","StSLib","The Alterego","The Marked","The Servant 0.9.4"],"gold_per_floor":[99,118,118,138,8,37,61,61,61,61,61],"floor_reached":9,"language":"ENG","playtime":430,"items_purged":["Slimebound:Strike_Slimebound"],"score":59,"play_id":"1778f617-bff7-4efa-aeb7-6140a6388f63","local_time":"20210205212022","is_ascension_mode":false,"campfire_choices":[{"data":"Slimebound:Darklings","floor":1,"key":"SMITH"},{"data":"Slimebound:PressTheAttack","floor":8,"key":"SMITH"}],"circlet_count":0,"master_deck":["Slimebound:Strike_Slimebound","Slimebound:Strike_Slimebound","Slimebound:Tackle","Slimebound:Defend_Slimebound","Slimebound:Defend_Slimebound","Slimebound:Defend_Slimebound","Slimebound:Defend_Slimebound","Slimebound:Split","Slimebound:CorrosiveSpit","Slimebound:Darklings+1","Slimebound:AcidTongue+1","Slimebound:PressTheAttack+1","Slimebound:LivingWall+1","Slimebound:FirmFortitude"],"relics":["Slimebound:AbsorbEndCombat","Mango","Bronze Scales"],"acts_visited":["Exordium"],"potions_floor_usage":[9],"damage_taken":[{"damage":3,"enemies":"2 Louse","floor":2,"turns":3},{"damage":4,"enemies":"Cultist","floor":4,"turns":3},{"damage":13,"enemies":"downfall:FleeingMerchant","floor":5,"turns":4},{"damage":36,"enemies":"Gremlin Nob","floor":6,"turns":5},{"damage":39,"enemies":"3 Sentries","floor":9,"turns":4}],"seed_played":"-4742071684000596417","potions_obtained":[{"floor":4,"key":"Strength Potion"},{"floor":6,"key":"Toxic Potion"}],"is_trial":false,"path_per_floor":["R","M","?","M","$","E","T","R","E"],"character_chosen":"SLIMEBOUND","items_purchased":["Slimebound:LivingWall+1"],"campfire_rested":0,"item_purchase_floors":[5],"current_hp_per_floor":[65,62,62,60,51,33,33,33,0,0,0],"gold":61,"neow_bonus":"ONE_RANDOM_RARE_CARD","is_daily":false,"chose_seed":false,"campfire_upgraded":2,"win_rate":0.0,"timestamp":1612556422,"path_taken":["R","M","?","?","$","E","T","R","E"],"items_purchased_type":["Card"],"build_version":"2020-12-22","purchased_purges":1,"victory":false,"max_hp_per_floor":[65,65,65,65,65,79,79,79,79,79,79],"card_choices":[{"not_picked":["Slimebound:HauntingLick","Slimebound:Dissolve"],"picked":"Slimebound:AcidTongue","floor":2},{"not_picked":["Slimebound:ItLooksTasty","Slimebound:HauntingLick"],"picked":"Slimebound:PressTheAttack","floor":4},{"not_picked":["Slimebound:SplitLeeching","Slimebound:GoopTackle","Slimebound:DisruptingSlam"],"picked":"SKIP","floor":5},{"not_picked":["Slimebound:Schlurp","Slimebound:SplitLeeching"],"picked":"Slimebound:FirmFortitude","floor":6}],"player_experience":138021,"relics_obtained":[{"floor":6,"key":"Mango"},{"floor":7,"key":"Bronze Scales"}],"event_choices":[],"is_beta":false,"boss_relics":[],"items_purged_floors":[5],"is_endless":false,"potions_floor_spawned":[4,6],"killed_by":"3 Sentries","ascension_level":0}}