{"host":"vh33hu3wddwn6yt6","time":1612563397,"event":{"mods":["AchievementEnabler","Act Like it!","Aspiration","BaseMod","Better Altar","Better Match","Better Note","Better Sensory Stone","Better Skull","Better Third Choice","BetterRewards","Downfall","Hermit","Hubris","Infinite Spire","Minty Spire (QoL Compilation)","Permanent Neow","Replay The Spire","Shade Mod","Shop Mod","Spicy Shops","StSLib","SuperFastMode","The Blackbeard","The Necromancer","The Poker Player","The Runesmith","The Servant 0.9.4","TheBandit","Wandering Minibosses"],"gold_per_floor":[114,189,189,189,189,189,216,234,259,273,290,316,332,100,100,204,204,220,230,246,246,246,278,278,293,293,426,426,444,472,472,472,569,569,579,596,616,99,99,99,131,131,199,216,216,244,261,294,306,417,429,453,476,492,61,0,28,38,57,57,71,92,92,92,97,97,185,185,194,203,60,64,64,94,94,117,143,151,156,176,176,186,186,283,283,293,0,0,0,13,13,32,32,32,52,52,37,45,53,53,138,138,143,143,153,153,228,253,253,110,110,110,116,135,141,169,169,262,262,272,272,272,272,187,211,222,233,233,7,34,45,56,67,67,148,148,152,163,167,167,189,195,195,214,214,214,214,230,130,130,130,219,219,219,90,110,182],"floor_reached":158,"language":"DEU","playtime":3367,"items_purged":["Strike_S"],"score":4946,"play_id":"2dde2ac5-68fd-4847-bcde-c41710dc4120","local_time":"20210205231637","is_ascension_mode":true,"campfire_choices":[{"data":"Luminosity","floor":6,"key":"SMITH"},{"floor":15,"key":"REST"},{"data":"Spin","floor":24,"key":"SMITH"},{"floor":28,"key":"REST"},{"data":"InstantArmor","floor":32,"key":"SMITH"},{"data":"Mayhem","floor":40,"key":"SMITH"},{"data":"SoulSculpture","floor":42,"key":"SMITH"},{"data":"InstantArmor","floor":45,"key":"SMITH"},{"data":"Luminosity","floor":49,"key":"SMITH"},{"data":"MoonPhase","floor":63,"key":"SMITH"},{"floor":66,"key":"REST"},{"floor":81,"key":"DIG"},{"floor":83,"key":"DIG"},{"floor":91,"key":"DIG"},{"floor":100,"key":"DIG"},{"floor":109,"key":"DIG"},{"floor":112,"key":"DIG"},{"floor":117,"key":"DIG"},{"floor":134,"key":"DIG"},{"floor":143,"key":"DIG"},{"floor":146,"key":"DIG"},{"floor":151,"key":"DIG"},{"floor":154,"key":"DIG"}],"circlet_count":0,"master_deck":["Strike_S","Defend_S","Defend_S","KidneyShot","Exchange","Luminosity+1","Spin","DoubleEdge+1","DoubleEdge+1","Spin+1","Luminosity+1","Misdirection+1","DoubleEdge+1","Unruled+1","Spin+1","DoubleEdge+1","InstantArmor+1","SpecialFormula","DoubleEdge","InstantArmor+1","SoulSculpture+1","SpecialFormula","DoubleEdge","Mayhem+1","FlawlessForm","LightFlow","MoonPhase+1","Duplication","DoubleEdge+1","SoulSculpture+1","SoulSculpture+1","SoulSculpture+1","Mayhem","InstantArmor+1"],"relics":["SplendidAttire","Bronze Scales","hubris:SphereOfDissonance","Akabeko","Torii","hubris:TenFootPole","MysterySword","aspiration:RitualDagger","Nunchaku","hubris:Towel","Vajra","Matryoshka","Pear","aspiration:StickyExplosives_weak","Ring of Chaos","Replay:Rubber Ducky","infinitespire:WardingShard","Bag of Preparation","ReplayFunnel","Replay:Bottled Eggs","Ancient Tea Set","MawBank","SacredBark","Replay:Multitool","Lee\u0027s Waffle","War Paint","hubris:EmptyBottle","Question Card","Odd Mushroom","CeramicFish","aspiration:SeaSaltIceCream","aspiration:MobileForge","hubris:CuriousFeather","aspiration:PoetsPen_weak","Oddly Smooth Stone","Empty Cage","Membership Card","MutagenicStrength","hubris:TinFlute","aspiration:RitualStick","Shovel","Strawberry","Happy Flower","hubris:Metronome","Regal Pillow","aspiration:RunesmithSkillbook","Juzu Bracelet","aspiration:HatOfInfinitePower","Sling","Shuriken","Pen Nib","Letter Opener","Tiny Chest","aspiration:FrozenJewel","StoneMask","Lantern","hubris:OldNail","hubris:DisguiseKit","aspiration:Nostalgia","Guardian:ModeShifter","HornCleat","Singing Bowl","Replay:Baseball","Blue Doll","hubris:SlimyHat","Black Star","Bottled Tornado","Ice Cream","Omamori","Smiling Mask","ReplayTheSpireMod:Lightbulb","ReplayTheSpireMod:Shallot","Orichalcum","Molten Egg 2","hubris:Teleporter","Boot","Replay:Towering Pillar of Hats","aspiration:ChemicalBlood","RomanBracelet","aspiration:Lifesprig","hubris:Zylophone","Bag of Marbles","Runesmith:AutoHammer","Whetstone","infinitespire:Broken Mirror","Guardian:PocketSentry","hubris:Icosahedron","Ornamental Fan","Anchor","infinitespire:Eraser","Replay:Bottled Snecko","Chemical X","Eternal Feather","infinitespire:Satchel"],"acts_visited":["Exordium","TheCity","TheBeyond","Exordium","TheCity","TheBeyond","Exordium","TheCity","TheBeyond","TheEnding"],"potions_floor_usage":[12,12,16,18,19,29,29,30,41,41,50,50,61,61,76,76,76,76,152,156,156,157,157],"damage_taken":[{"damage":1,"enemies":"Jaw Worm","floor":1,"turns":3},{"damage":42,"enemies":"3 Sentries","floor":7,"turns":11},{"damage":0,"enemies":"2 Louse","floor":8,"turns":1},{"damage":0,"enemies":"Small Slimes","floor":10,"turns":2},{"damage":0,"enemies":"2 Fungi Beasts","floor":11,"turns":1},{"damage":0,"enemies":"Gremlin Nob","floor":12,"turns":2},{"damage":10,"enemies":"Gremlin Gang","floor":13,"turns":3},{"damage":1,"enemies":"Slime Boss","floor":16,"turns":7},{"damage":0,"enemies":"Shell Parasite","floor":18,"turns":2},{"damage":1,"enemies":"Spheric Guardian","floor":19,"turns":3},{"damage":20,"enemies":"Snecko","floor":20,"turns":5},{"damage":33,"enemies":"Gremlin Leader","floor":23,"turns":4},{"damage":36,"enemies":"Snake Plant","floor":25,"turns":2},{"damage":13,"enemies":"Centurion and Healer","floor":29,"turns":2},{"damage":27,"enemies":"Book of Stabbing","floor":30,"turns":3},{"damage":33,"enemies":"hubris:MusketHawk","floor":33,"turns":5},{"damage":18,"enemies":"3 Shapes","floor":35,"turns":3},{"damage":3,"enemies":"Orb Walker","floor":36,"turns":2},{"damage":15,"enemies":"Writhing Mass","floor":37,"turns":4},{"damage":27,"enemies":"Reptomancer","floor":41,"turns":5},{"damage":3,"enemies":"Maw","floor":44,"turns":3},{"damage":3,"enemies":"R_Hoarder","floor":46,"turns":5},{"damage":3,"enemies":"Transient","floor":47,"turns":5},{"damage":18,"enemies":"Nightmare","floor":48,"turns":5},{"damage":144,"enemies":"infinitespire:MassOfShapes","floor":50,"turns":12},{"damage":3,"enemies":"Small Slimes","floor":52,"turns":2},{"damage":3,"enemies":"Jaw Worm","floor":53,"turns":1},{"damage":3,"enemies":"2 Louse","floor":54,"turns":3},{"damage":21,"enemies":"Lagavulin","floor":57,"turns":3},{"damage":7,"enemies":"The Mushroom Lair","floor":58,"turns":2},{"damage":44,"enemies":"3 Sentries","floor":59,"turns":4},{"damage":50,"enemies":"Nightmare","floor":61,"turns":5},{"damage":3,"enemies":"Blue Slaver","floor":62,"turns":1},{"damage":3,"enemies":"3 Louse","floor":65,"turns":2},{"damage":9,"enemies":"Hexaghost","floor":67,"turns":3},{"damage":3,"enemies":"Spheric Guardian","floor":69,"turns":1},{"damage":3,"enemies":"Chosen","floor":70,"turns":1},{"damage":3,"enemies":"Snecko","floor":72,"turns":3},{"damage":3,"enemies":"Slavers","floor":74,"turns":1},{"damage":3,"enemies":"Book of Stabbing","floor":76,"turns":1},{"damage":3,"enemies":"Sentry and Sphere","floor":78,"turns":2},{"damage":3,"enemies":"Chosen and Byrds","floor":79,"turns":2},{"damage":22,"enemies":"Slavers","floor":80,"turns":2},{"damage":3,"enemies":"Snake Plant","floor":82,"turns":1},{"damage":3,"enemies":"Collector","floor":84,"turns":2},{"damage":6,"enemies":"3 Shapes","floor":86,"turns":1},{"damage":5,"enemies":"3 Darklings","floor":90,"turns":2},{"damage":16,"enemies":"R_Hoarder","floor":92,"turns":3},{"damage":3,"enemies":"Giant Head","floor":95,"turns":1},{"damage":3,"enemies":"Transient","floor":97,"turns":5},{"damage":3,"enemies":"4 Shapes","floor":98,"turns":1},{"damage":3,"enemies":"Sphere and 2 Shapes","floor":99,"turns":1},{"damage":56,"enemies":"Replay:Hell Engine","floor":101,"turns":3},{"damage":3,"enemies":"Jaw Worm","floor":103,"turns":1},{"damage":3,"enemies":"2 Louse","floor":105,"turns":1},{"damage":3,"enemies":"Lagavulin","floor":108,"turns":1},{"damage":3,"enemies":"Small Slimes","floor":113,"turns":1},{"damage":3,"enemies":"3 Sentries","floor":114,"turns":2},{"damage":3,"enemies":"Gremlin Gang","floor":115,"turns":1},{"damage":3,"enemies":"Nightmare","floor":116,"turns":1},{"damage":3,"enemies":"Slime Boss","floor":118,"turns":1},{"damage":3,"enemies":"Chosen","floor":120,"turns":1},{"damage":3,"enemies":"Slavers","floor":125,"turns":2},{"damage":3,"enemies":"2 Thieves","floor":126,"turns":1},{"damage":3,"enemies":"Snecko","floor":127,"turns":2},{"damage":3,"enemies":"Book of Stabbing","floor":130,"turns":1},{"damage":3,"enemies":"Shelled Parasite and Fungi","floor":131,"turns":1},{"damage":3,"enemies":"Slavers","floor":132,"turns":2},{"damage":3,"enemies":"3 Cultists","floor":133,"turns":2},{"damage":3,"enemies":"Automaton","floor":135,"turns":2},{"damage":3,"enemies":"3 Shapes","floor":137,"turns":2},{"damage":3,"enemies":"Orb Walker","floor":138,"turns":1},{"damage":3,"enemies":"3 Darklings","floor":139,"turns":1},{"damage":3,"enemies":"Spire Growth","floor":141,"turns":1},{"damage":3,"enemies":"Nightmare_Alpha","floor":142,"turns":4},{"damage":3,"enemies":"Giant Head","floor":144,"turns":2},{"damage":3,"enemies":"Nemesis","floor":148,"turns":2},{"damage":3,"enemies":"Transient","floor":150,"turns":2},{"damage":3,"enemies":"Time Eater","floor":152,"turns":1},{"damage":3,"enemies":"Shield and Spear","floor":156,"turns":2},{"damage":3,"enemies":"The Heart","floor":157,"turns":6}],"seed_played":"-2717399343334474635","potions_obtained":[{"floor":1,"key":"Flashbang"},{"floor":7,"key":"Fire Potion"},{"floor":10,"key":"AttackPotion"},{"floor":11,"key":"Regen Potion"},{"floor":16,"key":"Slimebound:ThreeZeroPotion"},{"floor":18,"key":"Weak Potion"},{"floor":23,"key":"Regen Potion"},{"floor":25,"key":"Death Potion"},{"floor":27,"key":"Weak Potion"},{"floor":37,"key":"Dexterity Potion"},{"floor":39,"key":"LiquidMemories"},{"floor":39,"key":"Venom Potion"},{"floor":41,"key":"FairyPotion"},{"floor":46,"key":"Death Potion"},{"floor":48,"key":"SkillPotion"},{"floor":52,"key":"Elixir"},{"floor":53,"key":"hexamod:SoulburnPotion"},{"floor":59,"key":"DistilledChaos"},{"floor":67,"key":"Dexterity Potion"},{"floor":69,"key":"EssenceOfSteel"},{"floor":76,"key":"Block Potion"},{"floor":82,"key":"Weak Potion"},{"floor":92,"key":"Adrenaline Potion"},{"floor":156,"key":"Strength Potion"}],"is_trial":false,"path_per_floor":["M","?","?","?","?","R","E","M","T","M","M","E","M","$","R","B",null,"M","M","M","AVR","?","E","R","M","T","?","R","M","E","?","R","B",null,"M","M","M","$","?","R","E","R","T","M","R","E","M","NM","R","B",null,"M","M","M","$","$","E","?","E","T","NM","M","R","AVR","M","R","B",null,"M","M","$","M","?","E","R","E","T","M","M","E","R","M","R","B",null,"M","$","?","?","M","R","E","?","T","E","$","M","M","M","R","B",null,"M","?","M","?","?","E","R","$","T","R","M","E","M","NM","R","B",null,"M","T","?","AVR","?","E","M","M","T","$","E","M","E","M","R","B",null,"M","M","M","AVR","M","NM","R","E","T","R","?","E","NS","M","R","B",null,"R","$","E","B",null],"character_chosen":"THE_SERVANT","items_purchased":["Luminosity","hubris:TenFootPole","Mayhem","Replay:Rubber Ducky","infinitespire:WardingShard","Replay:Multitool","Lee\u0027s Waffle","War Paint","hubris:EmptyBottle","Membership Card","Juzu Bracelet","aspiration:HatOfInfinitePower","Sling","hubris:DisguiseKit","aspiration:Nostalgia","Mayhem","Orichalcum","Molten Egg 2","Chemical X","Fruit Juice"],"campfire_rested":3,"item_purchase_floors":[14,14,38,38,38,55,55,55,56,71,87,87,87,110,110,129,129,129,155,155],"current_hp_per_floor":[64,53,53,53,53,53,11,11,11,11,11,16,6,6,25,24,65,65,64,44,44,44,11,11,45,45,42,64,71,60,60,60,63,75,64,74,72,72,72,72,73,73,73,75,75,75,75,67,67,30,75,75,75,75,82,82,72,82,49,49,36,43,43,43,49,73,82,82,82,82,82,82,82,82,74,82,89,89,89,80,80,89,89,89,89,89,89,89,89,89,89,79,82,82,86,86,86,86,86,86,49,86,87,87,89,80,78,90,90,90,90,90,94,99,105,108,108,111,111,114,114,114,114,114,119,123,126,126,126,129,133,138,143,143,146,146,151,154,157,157,158,163,163,166,166,166,166,169,169,172,172,175,175,175,175,199,202],"gold":182,"neow_bonus":"RANDOM_COMMON_RELIC","is_daily":false,"chose_seed":false,"campfire_upgraded":8,"win_rate":0.0,"timestamp":1612563397,"path_taken":["M","?","?","?","?","R","E","M","T","M","M","E","M","$","R","BOSS","M","?","M","AVR","?","E","R","M","T","?","R","?","E","?","R","BOSS","M","M","M","$","?","R","E","R","T","M","R","E","M","NM","R","BOSS","M","?","M","?","$","E","?","E","T","NM","M","R","AVR","M","R","BOSS","M","M","$","M","?","E","R","E","T","M","?","E","R","M","R","BOSS","M","?","?","?","M","R","E","?","T","E","$","M","M","M","R","BOSS","M","?","M","?","?","E","R","$","T","R","M","E","M","NM","R","BOSS","M","?","?","AVR","?","E","M","M","T","$","E","M","E","M","R","BOSS","M","M","M","AVR","M","NM","R","E","T","R","?","E","NS","M","R","BOSS","R","$","E","BOSS"],"items_purchased_type":["Card","Relic","Card","Relic","Relic","Relic","Relic","Relic","Relic","Relic","Relic","Relic","Relic","Relic","Relic","Card","Relic","Relic","Relic","Potion"],"build_version":"2020-12-22","purchased_purges":1,"victory":true,"max_hp_per_floor":[65,65,65,65,65,65,65,65,65,65,65,65,65,65,65,65,65,65,65,65,65,65,65,65,65,65,75,75,75,75,75,75,75,75,75,75,75,75,75,75,75,75,75,75,75,75,75,75,75,75,75,75,75,75,82,82,82,82,82,82,82,82,82,82,82,82,82,82,82,82,82,82,82,82,82,82,89,89,89,89,89,89,89,89,89,89,89,89,89,89,89,89,86,86,86,86,86,86,86,86,86,86,87,87,89,89,89,90,90,90,90,90,94,99,105,108,108,111,111,114,114,114,114,114,119,123,126,126,126,129,133,138,143,143,146,146,151,154,157,157,158,163,163,166,166,166,166,169,169,172,172,175,175,175,175,199,202],"card_choices":[{"not_picked":["Alleviate","Collapse"],"picked":"Luminosity","floor":1},{"not_picked":["Collapse","SoulSculpture"],"picked":"Spin","floor":7},{"not_picked":["Defy","Rewind"],"picked":"DoubleEdge","floor":8},{"not_picked":["SurpressingFire","Revamp","Sabotage"],"picked":"SKIP","floor":10},{"not_picked":["Manipulate","Alleviate"],"picked":"DoubleEdge","floor":11},{"not_picked":["Shuttle","Rewind","Solidify"],"picked":"SKIP","floor":12},{"not_picked":["Replace","Defy"],"picked":"Spin","floor":13},{"not_picked":["Orbit","RealityMarble"],"picked":"Misdirection","floor":18},{"not_picked":["FanOfKnives","FastForward"],"picked":"DoubleEdge+1","floor":19},{"not_picked":["FastForward","TimeWarp+1"],"picked":"Unruled+1","floor":20},{"not_picked":["FanOfKnives","PendulumOfEternity"],"picked":"Spin+1","floor":23},{"not_picked":["Snipe","TimeWarp"],"picked":"DoubleEdge","floor":25},{"not_picked":["ShatteredReality","Misdirection+1"],"picked":"InstantArmor","floor":27},{"not_picked":["Rearm","Defy"],"picked":"SpecialFormula","floor":27},{"not_picked":["Ricochet","Alleviate"],"picked":"DoubleEdge","floor":29},{"not_picked":["Alleviate+1","Desolation","ShatteredReality"],"picked":"SKIP","floor":30},{"not_picked":["Initiator","Duplication"],"picked":"SoulSculpture","floor":33},{"not_picked":["Spin","ShatteredReality+1"],"picked":"SpecialFormula","floor":35},{"not_picked":["Desolation+1","Shuttle+1","Ricochet+1"],"picked":"SKIP","floor":36},{"not_picked":["Revamp+1","Unruled+1"],"picked":"DoubleEdge","floor":37},{"not_picked":["DualDimension+1","Starlight","Moondial+1"],"picked":"SKIP","floor":41},{"not_picked":["TrueSight","Desolation+1","StarChef+1"],"picked":"SKIP","floor":44},{"not_picked":["BottledTime","Rewind+1","Starlight"],"picked":"SKIP","floor":46},{"not_picked":["FastForward","Foresight","Rewind+1"],"picked":"SKIP","floor":47},{"not_picked":["Rearm","Solidify","BestPractice"],"picked":"SKIP","floor":48},{"not_picked":["SilverMatrix","MurderousAura"],"picked":"FlawlessForm","floor":50},{"not_picked":["BottledTime","DancingSilver","DualDimension"],"picked":"SKIP","floor":52},{"not_picked":["BestPractice","Barrier","Moonlight"],"picked":"SKIP","floor":53},{"not_picked":["TimeWarp","Starlight"],"picked":"LightFlow","floor":54},{"not_picked":["Moondial","Rewind","Rearm"],"picked":"SKIP","floor":57},{"not_picked":["FlawlessForm","Collapse","Alleviate","Gouge"],"picked":"SKIP","floor":59},{"not_picked":["Revamp","BottledTime","DualDimension","TimeWarp"],"picked":"SKIP","floor":61},{"not_picked":["Replace","GearUp","BottledTime"],"picked":"MoonPhase","floor":62},{"not_picked":["Snipe","FastForward","Alleviate","DancingSilver"],"picked":"SKIP","floor":65},{"not_picked":["PendulumOfEternity","Sunlight","Deny"],"picked":"Duplication","floor":67},{"not_picked":["BottledTime","BestPractice","Reset+1","Defy"],"picked":"SKIP","floor":69},{"not_picked":["DualDimension","Replace","ShatteredReality","Unruled+1"],"picked":"SKIP","floor":70},{"not_picked":["ReturningBlade+1","Comet","Revamp","TimeWarp+1"],"picked":"SKIP","floor":72},{"not_picked":["Ricochet","Revamp","FanOfKnives"],"picked":"DoubleEdge+1","floor":74},{"not_picked":["LightFlow","Rewind","Starlight+1","Defy+1"],"picked":"SKIP","floor":76},{"not_picked":["Gouge","FastForward","Revamp"],"picked":"SoulSculpture","floor":78},{"not_picked":["FastForward","Spin","Potential","Unruled"],"picked":"SKIP","floor":79},{"not_picked":["Unruled","Alleviate","TimeWarp","FastForward"],"picked":"SKIP","floor":80},{"not_picked":["TimeWarp+1","DoubleEdge","Spin","GearUp+1"],"picked":"SKIP","floor":82},{"not_picked":["Dilation","LightFlow","Sunlight"],"picked":"SoulSculpture","floor":84},{"not_picked":["TimeWarp+1","Runesmith:RuneHurl+1","BottledTime","Runesmith:WhiteBalance","aspiration:UnbridledHammer+1"],"picked":"SKIP","floor":86},{"not_picked":["Runesmith:CraftProtectio+1","FastForward","Defy+1","Revamp","ShiftingGears"],"picked":"SKIP","floor":90},{"not_picked":["TimeWarp+1","Runesmith:ChiselStab","Runesmith:StaticCage","Runesmith:Permafrost","Runesmith:Firestorm+1"],"picked":"SKIP","floor":92},{"not_picked":["Replace+1","Manipulate","Ricochet+1","Runesmith:EnergizedChisel+1","Runesmith:Firewall+1"],"picked":"SKIP","floor":95},{"not_picked":["Runesmith:CraftReservo+1","Runesmith:FrozenChisel","Runesmith:Retool+1","Runesmith:ChiselStab","FanOfKnives+1"],"picked":"SKIP","floor":97},{"not_picked":["ReturningBlade","Comet+1","ShiftingGears+1","Starlight+1","Runesmith:Overpower+1"],"picked":"SKIP","floor":98},{"not_picked":["Ricochet","Moondial","Runesmith:MakeshiftArmor","Revamp","ShatteredReality"],"picked":"SKIP","floor":99},{"not_picked":["Sunlight","Initiator","Runesmith:DuctTape","SilverMatrix"],"picked":"SoulSculpture","floor":101},{"not_picked":["Runesmith:Accelerate","Runesmith:ShiftingStrike","Potential","Runesmith:EnergizedChisel","Runesmith:UnstableHammer"],"picked":"SKIP","floor":103},{"not_picked":["BottledTime","Runesmith:CraftProtectio","Runesmith:HammerAndChisel","SilverMatrix","Runesmith:CraftMagma"],"picked":"SKIP","floor":105},{"not_picked":["Sabotage","Runesmith:CraftMagma","Runesmith:HammerThrow","WasteNot","BottledTime"],"picked":"SKIP","floor":108},{"not_picked":["Potential","Runesmith:RuneHurl","Runesmith:FrozenChisel","Spin","Moonlight","Blood_Curse"],"picked":"Singing Bowl","floor":113},{"not_picked":["Runesmith:NanitesCloud","Runesmith:RunicBlueprint","Runesmith:CraftMedicinae","Runesmith:HammerThrow","Runesmith:StaticCage","Spectral_Walk"],"picked":"Singing Bowl","floor":114},{"not_picked":["Ricochet","Runesmith:CraftObretio","Runesmith:HeatedChisel","Runesmith:WhiteBalance","Runesmith:ElementalConversion","Negative_Energy_Javelin"],"picked":"Singing Bowl","floor":115},{"not_picked":["Barrier","Runesmith:BackupBattery","Runesmith:ChargedHammer","Runesmith:EnergizedChisel","Unruled","Toxic_Smoke_Screen"],"picked":"Singing Bowl","floor":116},{"not_picked":["Runesmith:MetallurgicalResearch","ForgedInTime","Runesmith:GenerateForcefield","Runesmith:LastStand","Runesmith:CraftIndustria","Reap_The_Weak"],"picked":"Singing Bowl","floor":118},{"not_picked":["Unruled+1","Runesmith:EarthShield","Moonlight","Snipe","Runesmith:HammerThrow+1","Shackles_Of_Pain"],"picked":"Singing Bowl","floor":120},{"not_picked":["Runesmith:CraftIncendium","Runesmith:CraftMagma+1","Runesmith:CraftObretio","Initiator","Revamp","Bone_Shift"],"picked":"Singing Bowl","floor":125},{"not_picked":["Runesmith:EnergizedChisel","WasteNot","Runesmith:ChiselStab","BottledTime+1","Desolation","Siphon_Strength"],"picked":"Singing Bowl","floor":126},{"not_picked":["Runesmith:Repurpose","Runesmith:CraftVitae","Runesmith:FissionHammer","Runesmith:Grindstone+1","Runesmith:Firestorm","Negative_Energy_Sphere"],"picked":"Singing Bowl","floor":127},{"not_picked":["aspiration:UnbridledHammer+1","Unruled+1","Runesmith:EnergizedChisel+1","Ricochet+1","Starlight+1","Scare"],"picked":"Singing Bowl","floor":130},{"not_picked":["KillingDoll+1","Replace","Runesmith:CraftProtectio+1","Runesmith:EnergizedChisel+1","TimeWarp+1","Bone_Spikes"],"picked":"Singing Bowl","floor":131},{"not_picked":["Runesmith:ChiselStab+1","Runesmith:Accelerate","Runesmith:Repurpose","Runesmith:CraftSpiculum","StarChef","Consume_Illness"],"picked":"Singing Bowl","floor":132},{"not_picked":["Contraction","Runesmith:HammerThrow+1","TimeTheft+1","Runesmith:Empowerment","Spin+1","Necromantic_Selection"],"picked":"Singing Bowl","floor":133},{"not_picked":["SilverMatrix","Runesmith:GrandSlam+1","LightFlow+1","FlawlessForm","Runesmith:FissionHammer+1","Blood_Wake"],"picked":"Singing Bowl","floor":135},{"not_picked":["Defy","Runesmith:UnstableHammer+1","DoubleEdge+1","Alleviate+1","Runesmith:Overpower+1","Negative_Energy_Shield"],"picked":"Singing Bowl","floor":137},{"not_picked":["Runesmith:BackupBattery+1","FastForward","Runesmith:Supernova","Runesmith:ChiselStab+1","Runesmith:MakeshiftArmor","Death_Coil"],"picked":"Singing Bowl","floor":138},{"not_picked":["Read","Runesmith:HammerThrow+1","Gouge+1","Runesmith:NegativeSpace+1","Moonlight+1","Bones_to_Steel"],"picked":"Singing Bowl","floor":139},{"not_picked":["Runesmith:Overpower+1","Runesmith:EarthShield","Runesmith:CraftProtectio","Replace+1","Bone_Spikes"],"picked":"InstantArmor+1","floor":141},{"not_picked":["ReplayTheSpireMod:Echoes of Time","infinitespire:Oblivion","infinitespire:Menacing"],"picked":"Singing Bowl","floor":142},{"not_picked":["Defy","Runesmith:BackupBattery","Runesmith:Overpower+1","Runesmith:ReplicatingBarrier","Runesmith:Repurpose","Summon_Lich"],"picked":"Singing Bowl","floor":142},{"not_picked":["Runesmith:HammerThrow+1","Defy","InstantArmor","Runesmith:NegativeSpace+1","Rewind","Scare"],"picked":"Singing Bowl","floor":144},{"not_picked":["Runesmith:LightningRod","Ricochet+1","Runesmith:Repurpose","Runesmith:EnergizedChisel+1","Starlight+1","Shackles_Of_Pain"],"picked":"Singing Bowl","floor":148},{"not_picked":["Runesmith:Repurpose","Moondial","ReturningBlade+1","Runesmith:HeatedChisel+1","Runesmith:UnstableHammer+1","Whirlwind_of_Bones"],"picked":"Singing Bowl","floor":150},{"not_picked":["ForgedInTime","LightFlow+1","FloweringNight","Duplication","Dilation","Blood_Magic"],"picked":"Singing Bowl","floor":152},{"not_picked":["Runesmith:HammerThrow+1","Runesmith:CraftPrismatica","Runesmith:ChiselStab+1","FastForward","Shuttle","Grasp_Heart"],"picked":"Singing Bowl","floor":156},{"not_picked":["Runesmith:LastStand","FlawlessForm","Sunlight+1","Deny","Runesmith:FissionHammer+1","Cloudkill"],"picked":"Singing Bowl","floor":157}],"player_experience":667261,"relics_obtained":[{"floor":7,"key":"hubris:SphereOfDissonance"},{"floor":9,"key":"Akabeko"},{"floor":12,"key":"Torii"},{"floor":23,"key":"Vajra"},{"floor":26,"key":"Matryoshka"},{"floor":27,"key":"Pear"},{"floor":30,"key":"aspiration:StickyExplosives_weak"},{"floor":41,"key":"Bag of Preparation"},{"floor":43,"key":"ReplayFunnel"},{"floor":43,"key":"Replay:Bottled Eggs"},{"floor":46,"key":"Ancient Tea Set"},{"floor":48,"key":"MawBank"},{"floor":57,"key":"Question Card"},{"floor":58,"key":"Odd Mushroom"},{"floor":59,"key":"CeramicFish"},{"floor":60,"key":"aspiration:SeaSaltIceCream"},{"floor":61,"key":"hubris:CuriousFeather"},{"floor":74,"key":"hubris:TinFlute"},{"floor":76,"key":"Shovel"},{"floor":77,"key":"Strawberry"},{"floor":80,"key":"Happy Flower"},{"floor":81,"key":"hubris:Metronome"},{"floor":83,"key":"Regal Pillow"},{"floor":91,"key":"Shuriken"},{"floor":92,"key":"Pen Nib"},{"floor":94,"key":"Letter Opener"},{"floor":95,"key":"Tiny Chest"},{"floor":100,"key":"aspiration:FrozenJewel"},{"floor":108,"key":"Lantern"},{"floor":109,"key":"hubris:OldNail"},{"floor":111,"key":"HornCleat"},{"floor":112,"key":"Singing Bowl"},{"floor":114,"key":"Replay:Baseball"},{"floor":116,"key":"Blue Doll"},{"floor":117,"key":"hubris:SlimyHat"},{"floor":121,"key":"Bottled Tornado"},{"floor":125,"key":"Smiling Mask"},{"floor":125,"key":"ReplayTheSpireMod:Lightbulb"},{"floor":128,"key":"ReplayTheSpireMod:Shallot"},{"floor":130,"key":"hubris:Teleporter"},{"floor":132,"key":"Boot"},{"floor":132,"key":"Replay:Towering Pillar of Hats"},{"floor":134,"key":"aspiration:ChemicalBlood"},{"floor":142,"key":"aspiration:Lifesprig"},{"floor":142,"key":"hubris:Zylophone"},{"floor":143,"key":"Bag of Marbles"},{"floor":144,"key":"Runesmith:AutoHammer"},{"floor":144,"key":"Whetstone"},{"floor":145,"key":"infinitespire:Broken Mirror"},{"floor":146,"key":"Guardian:PocketSentry"},{"floor":148,"key":"Ornamental Fan"},{"floor":148,"key":"Anchor"},{"floor":151,"key":"infinitespire:Eraser"},{"floor":154,"key":"Replay:Bottled Snecko"},{"floor":156,"key":"Eternal Feather"},{"floor":156,"key":"infinitespire:Satchel"}],"event_choices":[{"damage_healed":0,"gold_gain":75,"player_choice":"Gold","damage_taken":11,"max_hp_gain":0,"max_hp_loss":0,"event_name":"betterThird:BetterGoop","floor":2,"gold_loss":0},{"damage_healed":53,"gold_gain":0,"player_choice":"Leave","damage_taken":0,"max_hp_gain":0,"max_hp_loss":65,"event_name":"betterThird:BetterShining","floor":4,"gold_loss":0},{"damage_healed":0,"gold_gain":0,"player_choice":"Ignored","damage_taken":0,"max_hp_gain":0,"max_hp_loss":0,"event_name":"betterNote:BetterNote","floor":5,"gold_loss":0,"cards_obtained":["Defend_S"]},{"damage_healed":0,"gold_gain":0,"player_choice":"Read","damage_taken":0,"max_hp_gain":0,"max_hp_loss":0,"event_name":"The Library","floor":31,"gold_loss":0,"cards_obtained":["InstantArmor"]},{"damage_healed":0,"gold_gain":0,"player_choice":"Got Potions","damage_taken":0,"max_hp_gain":0,"max_hp_loss":0,"event_name":"Lab","floor":39,"gold_loss":0},{"damage_healed":0,"gold_gain":0,"player_choice":"Fought Mushrooms","damage_taken":0,"max_hp_gain":0,"max_hp_loss":0,"event_name":"Mushrooms","floor":58,"gold_loss":0},{"damage_healed":0,"gold_gain":0,"player_choice":"Inject Mutagens","damage_taken":0,"relics_obtained":["MutagenicStrength"],"max_hp_gain":0,"max_hp_loss":0,"event_name":"Drug Dealer","floor":73,"gold_loss":0},{"damage_healed":0,"gold_gain":6,"player_choice":"1","damage_taken":0,"max_hp_gain":0,"max_hp_loss":0,"event_name":"betterStone:BetterStone","floor":89,"gold_loss":0},{"cards_removed":["Writhe","Parasite"],"damage_healed":0,"gold_gain":0,"player_choice":"Removed Curses","damage_taken":0,"max_hp_gain":0,"max_hp_loss":0,"event_name":"Fountain of Cleansing","floor":93,"gold_loss":0},{"damage_healed":89,"gold_gain":0,"player_choice":"Upgrade","damage_taken":18,"max_hp_gain":0,"max_hp_loss":89,"event_name":"betterThird:BetterShining","floor":106,"gold_loss":0,"cards_upgraded":["Defend_S","DoubleEdge"]},{"damage_healed":0,"gold_gain":75,"player_choice":"Gold","damage_taken":11,"max_hp_gain":1,"max_hp_loss":0,"event_name":"betterThird:BetterGoop","floor":107,"gold_loss":0},{"damage_healed":0,"gold_gain":0,"player_choice":"Ignored","damage_taken":0,"max_hp_gain":0,"max_hp_loss":0,"event_name":"The Mausoleum","floor":122,"gold_loss":0},{"damage_healed":0,"gold_gain":0,"player_choice":"Obtained Relic","damage_taken":0,"relics_obtained":["Omamori"],"max_hp_gain":0,"max_hp_loss":0,"event_name":"Addict","floor":124,"gold_loss":85}],"is_beta":false,"boss_relics":[{"not_picked":["aspiration:FutureDiary","aspiration:DefectSkillbook"],"picked":"MysterySword"},{"not_picked":["hubris:HollowSoul","hubris:GrandSneckoEye"],"picked":"Ring of Chaos"},{"not_picked":["ReplayTheSpireMod:SealedPack","Astrolabe"],"picked":"SacredBark"},{"not_picked":["Kintsugi","Tiny House"],"picked":"Empty Cage"},{"not_picked":["hubris:HollowSoul","Replay:Bronze Core"],"picked":"aspiration:RunesmithSkillbook"},{"not_picked":["aspiration:RunicSpoon","Sozu"],"picked":"StoneMask"},{"not_picked":["Runic Dome","ReplayTheSpireMod:SealedPack"],"picked":"Black Star"},{"not_picked":["aspiration:FutureDiary","hubris:GrandSneckoEye"],"picked":"SplendidAttire"},{"not_picked":["ChewingGum","Sozu","hubris:CrackedHourglass"]}],"items_purged_floors":[21],"is_endless":true,"potions_floor_spawned":[1,7,10,11,16,18,23,25,37,41,46,48,52,53,59,67,69,76,82,86,92,97,98,105,116,118,125,127,130,132,141,144,148,150,152,156],"ascension_level":1}}