{"host":"oigynbtg272c19pw","time":1612544375,"event":{"mods":["BaseMod","Colored Map","Minty Spire (QoL Compilation)","Relic Stats","Slay the Relics Exporter","StSLib"],"gold_per_floor":[17,37,53,2,27,27,62,62,144,170,182,192,192,192,192,192,192],"floor_reached":16,"playtime":738,"items_purged":[],"score":220,"play_id":"417e8844-e3e3-48b6-a9ab-d9f03a85f2cb","local_time":"20210205175935","is_ascension_mode":true,"campfire_choices":[{"data":"Crippling Poison","floor":6.0,"key":"SMITH"},{"data":"Deadly Poison","floor":8.0,"key":"SMITH"},{"data":"Malaise","floor":13.0,"key":"SMITH"},{"data":"Bane","floor":15.0,"key":"SMITH"}],"circlet_count":0,"master_deck":["AscendersBane","Strike_G","Strike_G","Strike_G","Strike_G","Defend_G","Defend_G","Defend_G","Defend_G","Defend_G","Survivor","Neutralize","Deadly Poison+1","Crippling Poison+1","Deadly Poison","Dagger Spray","Deflect","Malaise+1","Outmaneuver","Bane+1"],"relics":["Ring of the Snake","The Specimen","Blood Vial","Question Card","InkBottle","Ornamental Fan"],"acts_visited":["Exordium"],"potions_floor_usage":[16],"damage_taken":[{"damage":4.0,"enemies":"Cultist","floor":1.0,"turns":5.0},{"damage":0.0,"enemies":"Jaw Worm","floor":2.0,"turns":5.0},{"damage":2.0,"enemies":"2 Louse","floor":3.0,"turns":3.0},{"damage":16.0,"enemies":"3 Sentries","floor":7.0,"turns":3.0},{"damage":10.0,"enemies":"Lagavulin","floor":10.0,"turns":6.0},{"damage":0.0,"enemies":"Exordium Thugs","floor":11.0,"turns":5.0},{"damage":0.0,"enemies":"2 Fungi Beasts","floor":12.0,"turns":3.0},{"damage":45,"enemies":"Slime Boss","floor":16,"turns":8}],"seed_played":"6038474482000725435","potions_obtained":[{"floor":2.0,"key":"Energy Potion"},{"floor":3.0,"key":"SkillPotion"},{"floor":10.0,"key":"Block Potion"},{"floor":12.0,"key":"Weak Potion"}],"is_trial":false,"path_per_floor":["M","M","M","$","T","R","E","R","T","E","M","M","R","?","R","B"],"character_chosen":"THE_SILENT","items_purchased":["Dagger Spray"],"campfire_rested":0,"item_purchase_floors":[4],"current_hp_per_floor":[55,55,53,53,53,53,39,39,39,31,33,35,35,35,35,0,0],"gold":192,"neow_bonus":"ONE_RARE_RELIC","is_daily":false,"chose_seed":false,"campfire_upgraded":4,"win_rate":0.0,"timestamp":1612544375,"path_taken":["M","M","M","?","?","R","E","R","T","E","?","M","R","?","R","BOSS"],"items_purchased_type":["Card"],"build_version":"2020-12-13","purchased_purges":0,"victory":false,"max_hp_per_floor":[66,66,66,66,66,66,66,66,66,66,66,66,66,66,66,66,66],"relic_stats":{"Blood Vial":10,"counters":[8,38],"Ornamental Fan":[4],"Question Card":3,"obtain_stats":[{"Blood Vial":5,"The Specimen":0,"Ornamental Fan":10,"Question Card":7,"InkBottle":9,"Ring of the Snake":0},{"Blood Vial":3,"The Specimen":0,"Ornamental Fan":5,"Question Card":4,"InkBottle":4,"Ring of the Snake":0},{"Blood Vial":13,"The Specimen":0,"Ornamental Fan":22,"Question Card":16,"InkBottle":16,"Ring of the Snake":0}],"InkBottle":[5],"Ring of the Snake":[16]},"card_choices":[{"not_picked":["Dagger Spray","Leg Sweep"],"picked":"Deadly Poison","floor":1.0},{"not_picked":["Outmaneuver","Setup"],"picked":"Crippling Poison","floor":2.0},{"not_picked":["Dagger Throw","Outmaneuver"],"picked":"Deadly Poison","floor":3.0},{"not_picked":["Choke","Flying Knee"],"picked":"Deflect","floor":7.0},{"not_picked":["Finisher","Deflect","Blade Dance"],"picked":"Malaise","floor":10.0},{"not_picked":["Underhanded Strike","Masterful Stab","Prepared"],"picked":"Outmaneuver","floor":11.0},{"not_picked":["Reflex","Outmaneuver","Slice"],"picked":"Bane","floor":12.0}],"player_experience":1544499,"relics_obtained":[{"floor":5.0,"key":"Blood Vial"},{"floor":7.0,"key":"Question Card"},{"floor":9.0,"key":"InkBottle"},{"floor":10.0,"key":"Ornamental Fan"}],"event_choices":[{"cards_removed":["Strike_G"],"damage_healed":0.0,"max_hp_gain":0.0,"max_hp_loss":0.0,"gold_gain":0.0,"event_name":"Bonfire Elementals","player_choice":"Offered Basic","floor":14.0,"gold_loss":0.0,"damage_taken":0.0}],"is_beta":false,"boss_relics":[],"items_purged_floors":[],"is_endless":false,"potions_floor_spawned":[2,3,10,12],"killed_by":"Slime Boss","ascension_level":20}}