{"host":"woo3p23qa69nkhpk","time":1612549029,"event":{"mods":["BaseMod","Colored Map","Curses Come First","Highlight Path","Minty Spire (QoL Compilation)","StSLib","SuperFastMode"],"gold_per_floor":[114,114,127,145,163,191,191,222,522,537,99,99,109,119,119,119,119],"floor_reached":16,"language":"ENG","playtime":515,"items_purged":["Strike_R"],"score":114,"play_id":"0fffa980-0c98-4ed8-8034-bce091033eca","local_time":"20210205161709","is_ascension_mode":false,"campfire_choices":[{"data":"Rampage","floor":7,"key":"SMITH"},{"data":"True Grit","floor":12,"key":"SMITH"},{"data":"Dark Embrace","floor":15,"key":"SMITH"}],"circlet_count":0,"master_deck":["Strike_R","Strike_R","Strike_R","Strike_R","Defend_R","Defend_R","Defend_R","Defend_R","Bash","Battle Trance","Rampage+1","Uppercut","Intimidate","Feed","Warcry","Burning Pact","True Grit+1","Dark Embrace+1","Shrug It Off"],"relics":["Burning Blood","NeowsBlessing","Toy Ornithopter","Anchor","Bag of Preparation","Old Coin","Shuriken"],"acts_visited":["Exordium"],"potions_floor_usage":[8,16,16,16],"damage_taken":[{"damage":0,"enemies":"Cultist","floor":1,"turns":1},{"damage":0,"enemies":"2 Louse","floor":3,"turns":1},{"damage":0,"enemies":"Jaw Worm","floor":4,"turns":1},{"damage":11,"enemies":"Large Slime","floor":5,"turns":5},{"damage":26,"enemies":"Lagavulin","floor":6,"turns":5},{"damage":23,"enemies":"3 Sentries","floor":8,"turns":8},{"damage":6,"enemies":"3 Louse","floor":10,"turns":3},{"damage":4,"enemies":"Blue Slaver","floor":13,"turns":4},{"damage":0,"enemies":"Looter","floor":14,"turns":4},{"damage":84,"enemies":"Hexaghost","floor":16,"turns":12}],"seed_played":"2926977918670510398","potions_obtained":[{"floor":1,"key":"PowerPotion"},{"floor":4,"key":"Explosive Potion"},{"floor":13,"key":"Fire Potion"},{"floor":14,"key":"PowerPotion"}],"is_trial":false,"path_per_floor":["M","T","M","M","M","E","R","E","T","M","$","R","M","M","R","B"],"character_chosen":"IRONCLAD","items_purchased":["Shuriken","True Grit","Dark Embrace"],"campfire_rested":0,"item_purchase_floors":[11,11,11],"current_hp_per_floor":[80,80,80,80,75,55,55,46,46,49,49,49,54,63,63,0,0],"gold":119,"neow_bonus":"THREE_ENEMY_KILL","is_daily":false,"chose_seed":false,"campfire_upgraded":3,"win_rate":0.0,"timestamp":1612549029,"path_taken":["M","?","?","M","M","E","R","E","T","M","$","R","M","?","R","BOSS"],"items_purchased_type":["Relic","Card","Card"],"build_version":"2020-12-22","purchased_purges":1,"victory":false,"max_hp_per_floor":[80,80,80,80,80,80,80,83,83,86,86,86,89,92,92,92,92],"card_choices":[{"not_picked":["Shrug It Off","Thunderclap"],"picked":"Battle Trance","floor":1},{"not_picked":["True Grit","Havoc"],"picked":"Rampage","floor":3},{"not_picked":["Thunderclap","Heavy Blade"],"picked":"Uppercut","floor":4},{"not_picked":["Body Slam","Iron Wave"],"picked":"Intimidate","floor":5},{"not_picked":["Hemokinesis","True Grit"],"picked":"Feed","floor":6},{"not_picked":["Havoc","Sentinel"],"picked":"Warcry","floor":8},{"not_picked":["Clash","Thunderclap"],"picked":"Burning Pact","floor":10},{"not_picked":["Cleave","Spot Weakness"],"picked":"Shrug It Off","floor":13},{"not_picked":["Pommel Strike","Clash","Infernal Blade"],"picked":"SKIP","floor":14}],"player_experience":488854,"relics_obtained":[{"floor":2,"key":"Toy Ornithopter"},{"floor":6,"key":"Anchor"},{"floor":8,"key":"Bag of Preparation"},{"floor":9,"key":"Old Coin"}],"event_choices":[],"is_beta":false,"boss_relics":[],"items_purged_floors":[11],"is_endless":false,"potions_floor_spawned":[1,4,13,14],"killed_by":"Hexaghost","ascension_level":0}}