{"host":"kn32u0f2pym5bozc","time":1612513447,"event":{"mods":["2.2 Compatiblity","BaseMod","Better Third Choice","Minty Spire (QoL Compilation)","Permanent Neow","Relic Stats","StSLib","The Animator"],"gold_per_floor":[117,117,127,127,127,161,161,187,235,256,289,289,322,353,353,448,448,348,91,91,91,91,91,91,91,91,91,91,91,91,91,91],"floor_reached":31,"language":"ENG","playtime":1846,"items_purged":["animator:Strike"],"score":536,"play_id":"28f6ad8f-01c7-457f-8a1a-ad1f3f95b895","local_time":"20210205032407","is_ascension_mode":true,"campfire_choices":[{"data":"animator:DwarfShaman","floor":7.0,"key":"SMITH"},{"floor":12.0,"key":"REST"},{"data":"animator:LizardPriest","floor":15.0,"key":"SMITH"},{"data":"animator:Kaijin","floor":23,"key":"SMITH"},{"floor":25,"key":"REST"},{"data":"animator:Eve","floor":27,"key":"SMITH"}],"circlet_count":0,"master_deck":["AscendersBane","animator:Strike_GoblinSlayer","animator:Defend_GoblinSlayer","animator:Strike+1","animator:Defend","animator:Defend","animator:LizardPriest+1","animator:DwarfShaman+1","animator:SayakaMiki","animator:Caster","animator:Witch","animator:OrikoMikuni","animator:ChlammyZell","animator:Gillette","animator:YuiTsuruno","animator:Eve+1","animator:DolaSchwi","animator:Tatsumaki","animator:Kaijin+1","animator:KrulTepes","animator:Sloth+1","animator:Shinoa","animator:Eve","animator:Caster","animator:GuildGirl"],"relics":["animator:LivingPicture","animator:TheMissingPiece","animator:PurgingStone","NeowsBlessing","Golden Idol","Mercury Hourglass","Happy Flower","Toy Ornithopter","Ectoplasm","Anchor","Nloth\u0027s Gift"],"acts_visited":["Exordium","TheCity"],"potions_floor_usage":[20,28,30],"damage_taken":[{"damage":0.0,"enemies":"2 Louse","floor":1.0,"turns":1.0},{"damage":0.0,"enemies":"Small Slimes","floor":3.0,"turns":1.0},{"damage":0.0,"enemies":"Gremlin Nob","floor":6.0,"turns":1.0},{"damage":1.0,"enemies":"Jaw Worm","floor":8.0,"turns":4.0},{"damage":10.0,"enemies":"Large Slime","floor":10.0,"turns":6.0},{"damage":10.0,"enemies":"3 Sentries","floor":11.0,"turns":5.0},{"damage":16.0,"enemies":"Gremlin Gang","floor":13.0,"turns":4.0},{"damage":4.0,"enemies":"Gremlin Nob","floor":14.0,"turns":3.0},{"damage":14.0,"enemies":"Hexaghost","floor":16.0,"turns":12.0},{"damage":17.0,"enemies":"2 Thieves","floor":18.0,"turns":4.0},{"damage":0,"enemies":"3 Byrds","floor":20,"turns":3},{"damage":13,"enemies":"3 Cultists","floor":21,"turns":4},{"damage":5,"enemies":"Snecko","floor":24,"turns":5},{"damage":35,"enemies":"Cultist and Chosen","floor":28,"turns":6},{"damage":0,"enemies":"Snake Plant","floor":30,"turns":3},{"damage":20,"enemies":"Shelled Parasite and Fungi","floor":31,"turns":3}],"seed_played":"550983554414724431","potions_obtained":[{"floor":6.0,"key":"LiquidBronze"},{"floor":8.0,"key":"Explosive Potion"},{"floor":11.0,"key":"FearPotion"},{"floor":20,"key":"Fruit Juice"},{"floor":28,"key":"Swift Potion"}],"is_trial":false,"path_per_floor":["M","?","M","?","?","E","R","M","T","M","E","R","M","E","R","B",null,"M","$","M","M","?","R","M","R","T","R","M","?","M","M"],"character_chosen":"THE_ANIMATOR","items_purchased":["animator:Tatsumaki","animator:Kaijin","animator:KrulTepes"],"campfire_rested":2,"item_purchase_floors":[19,19,19],"current_hp_per_floor":[54,54,54,54,47,47,47,46,46,36,26,42,26,22,22,13,44,27,27,32,19,19,19,14,30,30,30,6,6,11,0,0],"gold":91,"neow_bonus":"THREE_ENEMY_KILL","is_daily":false,"chose_seed":false,"campfire_upgraded":4,"win_rate":0.0,"timestamp":1612513447,"path_taken":["M","?","M","?","?","E","R","M","T","M","E","R","M","E","R","BOSS","M","$","M","M","?","R","M","R","T","R","M","?","?","M"],"items_purchased_type":["Card","Card","Card"],"build_version":"2020-12-22","purchased_purges":1,"victory":false,"max_hp_per_floor":[60,60,60,54,54,54,54,54,54,54,54,54,54,54,54,54,54,54,54,54,54,54,54,54,54,54,54,60,60,60,60,60],"relic_stats":{"Happy Flower":[19],"counters":[16,64],"Golden Idol":75,"Ectoplasm":229,"Nloth\u0027s Gift":1,"obtain_stats":[{"Potion Belt":11,"Anchor":26,"animator:PurgingStone":0,"NeowsBlessing":0,"Happy Flower":9,"Golden Idol":4,"animator:TheMissingPiece":0,"animator:LivingPicture":0,"Ectoplasm":17,"Nloth\u0027s Gift":29,"Toy Ornithopter":14,"Mercury Hourglass":6},{"Potion Belt":6,"Anchor":13,"animator:PurgingStone":0,"NeowsBlessing":0,"Happy Flower":4,"Golden Idol":2,"animator:TheMissingPiece":0,"animator:LivingPicture":0,"Ectoplasm":9,"Nloth\u0027s Gift":14,"Toy Ornithopter":8,"Mercury Hourglass":3},{"Potion Belt":17,"Anchor":52,"animator:PurgingStone":0,"NeowsBlessing":0,"Happy Flower":7,"Golden Idol":2,"animator:TheMissingPiece":0,"animator:LivingPicture":0,"Ectoplasm":36,"Nloth\u0027s Gift":58,"Toy Ornithopter":24,"Mercury Hourglass":3}],"Toy Ornithopter":20,"Mercury Hourglass":[271]},"card_choices":[{"not_picked":["animator:Verdia","animator:Viivi"],"picked":"animator:Souei","floor":1.0},{"not_picked":["animator:YachiyoNanami","animator:Aisha"],"picked":"animator:SayakaMiki","floor":3.0},{"not_picked":["animator:Sebas","animator:Guy"],"picked":"animator:Caster","floor":6.0},{"not_picked":["animator:CowGirl","animator:DwarfShaman"],"picked":"animator:Witch","floor":8.0},{"not_picked":["animator:Sonic","animator:GuildGirl"],"picked":"animator:OrikoMikuni","floor":10.0},{"not_picked":["animator:Tet","animator:Chung"],"picked":"animator:ChlammyZell","floor":11.0},{"not_picked":["animator:ZankiKiguchi","animator:Raven"],"picked":"animator:Gillette","floor":13.0},{"not_picked":["animator:HomuraAkemi","animator:OrikoMikuni"],"picked":"animator:YuiTsuruno","floor":14.0},{"not_picked":["animator:GoblinSlayer","animator:Eris"],"picked":"animator:Eve","floor":16.0},{"not_picked":["animator:Shinoa","animator:Archer"],"picked":"animator:DolaSchwi","floor":18.0},{"not_picked":["animator:Viivi","animator:Emonzaemon"],"picked":"animator:Sloth+1","floor":20},{"not_picked":["animator:Melzalgald","animator:Mikaela+1"],"picked":"animator:Shinoa","floor":21},{"not_picked":["animator:DolaSchwi","animator:Yuuichirou"],"picked":"animator:GuildGirl","floor":28},{"not_picked":["animator:Sloth","animator:Mitsurugi","animator:Shalltear+1"],"picked":"SKIP","floor":30}],"player_experience":906145,"relics_obtained":[{"floor":6.0,"key":"Mercury Hourglass"},{"floor":9.0,"key":"Happy Flower"},{"floor":11.0,"key":"Potion Belt"},{"floor":14.0,"key":"Toy Ornithopter"},{"floor":26,"key":"Anchor"}],"event_choices":[{"damage_healed":0.0,"max_hp_gain":0.0,"max_hp_loss":6.0,"gold_gain":0.0,"event_name":"Golden Idol","player_choice":"Lose Max HP","floor":4.0,"gold_loss":0.0,"damage_taken":0.0,"relics_obtained":["Golden Idol"]},{"cards_removed":["animator:Souei"],"damage_healed":0.0,"max_hp_gain":0.0,"max_hp_loss":0.0,"gold_gain":0.0,"event_name":"Golden Wing","player_choice":"Card Removal","floor":5.0,"gold_loss":0.0,"damage_taken":7.0},{"damage_healed":0,"gold_gain":0,"cards_transformed":["animator:Strike","animator:Defend"],"player_choice":"Became Test Subject","damage_taken":0,"max_hp_gain":0,"max_hp_loss":0,"event_name":"Drug Dealer","floor":22,"gold_loss":0,"cards_obtained":["animator:Eve","animator:Caster"]},{"damage_healed":0,"gold_gain":0,"player_choice":"Traded Relic","damage_taken":0,"relics_obtained":["Nloth\u0027s Gift"],"max_hp_gain":0,"max_hp_loss":0,"event_name":"N\u0027loth","floor":29,"relics_lost":["Potion Belt"],"gold_loss":0}],"is_beta":false,"boss_relics":[{"not_picked":["Calling Bell","Astrolabe"],"picked":"Ectoplasm"}],"items_purged_floors":[19],"is_endless":false,"potions_floor_spawned":[6,8,10,11,20,28],"killed_by":"Shelled Parasite and Fungi","ascension_level":18}}