{"host":"2l3i55whvwk76mom","time":1612498529,"event":{"mods":["BaseMod","Googly Eyes","Hermit","Hubris","Minty Spire (QoL Compilation)","Replay The Spire","StSLib","The Cursed","The Disciple","The Hierophant","The Jungle","The Necromancer"],"gold_per_floor":[111,111,126,51,51,51,79,79,127,127,127,127,155,175,175,270,270,284,15,25,39,39,71,71,71,71,105,105,105],"floor_reached":28,"language":"ENG","playtime":805,"items_purged":["Strike_G","Strike_G"],"score":374,"play_id":"b7cdd10c-6ed7-4d82-8ae8-caf415451f5b","local_time":"20210204201529","is_ascension_mode":true,"campfire_choices":[{"data":"Escape Plan","floor":6,"key":"SMITH"},{"data":"Bouncing Flask","floor":8,"key":"SMITH"},{"data":"Corpse Explosion","floor":10,"key":"SMITH"},{"floor":12,"key":"REST"},{"data":"Catalyst","floor":15,"key":"SMITH"},{"floor":24,"key":"REST"}],"circlet_count":0,"master_deck":["Strike_G","Strike_G","Strike_G","Defend_G","Defend_G","Defend_G","Defend_G","Defend_G","Survivor","Neutralize","Corpse Explosion+1","Slice","Escape Plan+1","Bouncing Flask+1","Hallucinations","Catalyst+1","Deadly Poison","Atom Bomb","Backstab+1","Apotheosis","Backflip","Deadly Poison+1","Backflip","Decay","Dodge and Roll"],"relics":["Ring of the Snake","Oddly Smooth Stone","Dream Catcher","Ring of Fury","hubris:CrystalStatue","hubris:TerracottaHorce","hubris:Metronome","Replay:Accelerometer","Omamori"],"acts_visited":["Exordium","TheCity"],"potions_floor_usage":[7,13,23,27,28],"damage_taken":[{"damage":0,"enemies":"Cultist","floor":1,"turns":5},{"damage":0,"enemies":"Small Slimes","floor":3,"turns":4},{"damage":16,"enemies":"Gremlin Nob","floor":7,"turns":4},{"damage":12,"enemies":"Replay:BlueRogue","floor":13,"turns":3},{"damage":0,"enemies":"2 Louse","floor":14,"turns":1},{"damage":0,"enemies":"Slime Boss","floor":16,"turns":3},{"damage":7,"enemies":"Shell Parasite","floor":18,"turns":4},{"damage":0,"enemies":"Chosen","floor":20,"turns":3},{"damage":0,"enemies":"Snake Plant","floor":21,"turns":3},{"damage":39,"enemies":"Slavers","floor":23,"turns":4},{"damage":21,"enemies":"Gremlin Leader","floor":27,"turns":5},{"damage":4,"enemies":"Cultist and Chosen","floor":28,"turns":5}],"seed_played":"-1868203142992101203","potions_obtained":[{"floor":3,"key":"Strength Potion"},{"floor":7,"key":"Weak Potion"},{"floor":20,"key":"CultistPotion"},{"floor":21,"key":"Explosive Potion"},{"floor":27,"key":"GamblersBrew"}],"is_trial":false,"path_per_floor":["M","$","M","$","?","R","E","R","T","R","?","R","E","M","R","B",null,"M","$","M","M","?","E","R","?","T","E","M"],"character_chosen":"THE_SILENT","items_purchased":["Apotheosis"],"campfire_rested":2,"item_purchase_floors":[19],"current_hp_per_floor":[70,70,70,70,75,75,59,59,59,59,59,75,63,63,63,63,72,65,65,65,65,51,12,36,36,36,15,11,11],"gold":105,"neow_bonus":"ONE_RANDOM_RARE_CARD","is_daily":false,"chose_seed":true,"campfire_upgraded":4,"win_rate":0.0,"timestamp":1612498529,"path_taken":["M","?","M","$","?","R","E","R","T","R","?","R","E","M","R","BOSS","M","$","M","M","?","E","R","?","T","E","M"],"items_purchased_type":["Card"],"build_version":"2020-12-22","purchased_purges":2,"victory":false,"max_hp_per_floor":[70,70,70,70,75,75,75,75,75,75,75,75,75,75,75,75,75,75,75,75,75,80,80,80,80,80,80,80,80],"card_choices":[{"not_picked":["ReplayTheSpireMod:Shiv Toss","hubris:Sniper"],"picked":"Slice","floor":1},{"not_picked":["ReplayTheSpireMod:Exploit Weakness","Calculated Gamble"],"picked":"Escape Plan","floor":3},{"not_picked":["ReplayTheSpireMod:Scrap Shanks","ReplayTheSpireMod:The Works"],"picked":"Bouncing Flask","floor":7},{"not_picked":["Distraction","hubris:SlightOfHand"],"picked":"Catalyst","floor":12},{"not_picked":["Bane","Flying Knee"],"picked":"Deadly Poison","floor":13},{"not_picked":["Sneak Up","Flying Knee","Underhanded Strike"],"picked":"SKIP","floor":14},{"not_picked":["Grand Finale","ReplayTheSpireMod:From All Sides"],"picked":"Atom Bomb","floor":16},{"not_picked":["Slice","ReplayTheSpireMod:Scrap Shanks"],"picked":"Backstab+1","floor":18},{"not_picked":["Acrobatics+1","hubris:TrickCloak"],"picked":"Backflip","floor":20},{"not_picked":["Sucker Punch","Flying Knee"],"picked":"Deadly Poison+1","floor":21},{"not_picked":["Reflex","Dagger Throw"],"picked":"Backflip","floor":23},{"not_picked":["Underhanded Strike","Outmaneuver"],"picked":"Dodge and Roll","floor":27}],"player_experience":352572,"relics_obtained":[{"floor":7,"key":"Oddly Smooth Stone"},{"floor":9,"key":"Dream Catcher"},{"floor":11,"key":"Ring of Fury"},{"floor":13,"key":"hubris:CrystalStatue"},{"floor":23,"key":"hubris:Metronome"},{"floor":26,"key":"Replay:Accelerometer"},{"floor":27,"key":"Omamori"}],"event_choices":[{"damage_healed":0,"gold_gain":0,"player_choice":"Donut","damage_taken":0,"max_hp_gain":5,"max_hp_loss":0,"event_name":"Big Fish","floor":5,"gold_loss":0},{"damage_healed":0,"gold_gain":0,"player_choice":"Shed Blood","damage_taken":19,"max_hp_gain":5,"max_hp_loss":0,"event_name":"Forgotten Altar","floor":22,"gold_loss":0},{"damage_healed":0,"gold_gain":0,"player_choice":"Cursed","damage_taken":0,"max_hp_gain":0,"max_hp_loss":0,"event_name":"Wheel of Change","floor":25,"gold_loss":0,"cards_obtained":["Decay"]}],"is_beta":false,"boss_relics":[{"not_picked":["Replay:Wanted Poster","Cursed Key"],"picked":"hubris:TerracottaHorce"}],"items_purged_floors":[4,19],"is_endless":false,"potions_floor_spawned":[3,7,20,21,27],"killed_by":"Cultist and Chosen","ascension_level":4}}