{"host":"8o45mh5p3pp1o2mi","time":1612487910,"event":{"mods":["BaseMod","Bestiary","Better Match","Better Third Choice","BetterRewards","Dark Map","Downfall","Fox Events","Minty Spire (QoL Compilation)","Rare Cards Sparkle","Relic Stats","Replay The Spire","Shop Mod","Spire Exporter","StSLib","everything is the same but u backflip on backflip"],"gold_per_floor":[117,117,134,152,152,184,184,217,217,217,228,256,272,290,290,387,387,403,24,24,44,57,88,88,115,115,147,165,165,100,111,111,208,208,222,222,240,260,278,313,324,350,350,379,379,379,410,425,425,425,425,425,76,101,101],"floor_reached":56,"language":"ENG","playtime":3838,"items_purged":["Defend_G"],"score":2061,"play_id":"74f04b5e-4d5d-466d-874c-31e47ad6da8e","local_time":"20210205011830","is_ascension_mode":true,"campfire_choices":[{"floor":7,"key":"RECALL"},{"data":"After Image","floor":10,"key":"SMITH"},{"data":"Survivor","floor":15,"key":"SMITH"},{"data":"Accuracy","floor":24,"key":"SMITH"},{"floor":29,"key":"REST"},{"data":"ReplayTheSpireMod:Necrogeddon","floor":32,"key":"SMITH"},{"data":"Finisher","floor":46,"key":"SMITH"},{"floor":49,"key":"DIG"},{"data":"Heel Hook","floor":52,"key":"SMITH"}],"circlet_count":0,"master_deck":["Strike_G","Strike_G+1","Strike_G","Strike_G+1","Defend_G","Defend_G","Defend_G","Defend_G","Survivor+1","Neutralize+1","Blade Dance+1","Backflip+1","Slice","Midas Touch+1","Infinite Blades+1","Crippling Poison+1","Hidden Blade+1","Terror+1","After Image+1","Blur+1","Blade Dance+1","Corpse Explosion+1","Cloak And Dagger+1","Accuracy+1","ReplayTheSpireMod:Necrogeddon+1","Finisher+1","Prepared+1","Tactician+1","Bullet Time+1","Looming Evil","Parasite","Heel Hook+1","Endless Agony+1","Expertise+1","Pain","Draining Mist+1","Sadistic Nature","ReplayTheSpireMod:The Works+1"],"relics":["Ring of the Snake","BargainBundle","Toxic Egg 2","Snack Pack","Du-Vu Doll","ClockworkSouvenir","Happy Flower","Durian","Regal Pillow","Snecko Scales","Whetstone","Darkstone Periapt","The Courier","ReplayTheSpireMod:Shallot","Bottled Lightning","Cursed Key","Ice Cream","MealTicket","Replay:Ringing Soul","Blue Candle","Bottled Flame","Lantern","Blood Vial","InkBottle","Dead Branch"],"acts_visited":["Exordium","TheCity","TheBeyond","TheEnding"],"potions_floor_usage":[16,18,18,33,40,44,47,50,50,55],"damage_taken":[{"damage":1,"enemies":"Small Slimes","floor":1,"turns":3},{"damage":0,"enemies":"Cultist","floor":3,"turns":3},{"damage":0,"enemies":"2 Louse","floor":4,"turns":2},{"damage":4,"enemies":"Lagavulin","floor":6,"turns":5},{"damage":0,"enemies":"Gremlin Nob","floor":8,"turns":2},{"damage":0,"enemies":"Red Slaver","floor":11,"turns":1},{"damage":0,"enemies":"Lagavulin","floor":12,"turns":5},{"damage":0,"enemies":"Blue Slaver","floor":13,"turns":3},{"damage":5,"enemies":"3 Louse","floor":14,"turns":2},{"damage":0,"enemies":"Slime Boss","floor":16,"turns":5},{"damage":13,"enemies":"2 Thieves","floor":18,"turns":2},{"damage":0,"enemies":"3 Byrds","floor":21,"turns":2},{"damage":4,"enemies":"Snake Plant","floor":22,"turns":3},{"damage":12,"enemies":"Replay:Snechameleon","floor":23,"turns":3},{"damage":26,"enemies":"Slavers","floor":25,"turns":3},{"damage":8,"enemies":"Book of Stabbing","floor":27,"turns":5},{"damage":0,"enemies":"3 Cultists","floor":28,"turns":3},{"damage":0,"enemies":"Centurion and Healer","floor":31,"turns":3},{"damage":0,"enemies":"Automaton","floor":33,"turns":6},{"damage":0,"enemies":"3 Shapes","floor":35,"turns":2},{"damage":0,"enemies":"3 Darklings","floor":37,"turns":2},{"damage":0,"enemies":"Spire Growth","floor":38,"turns":3},{"damage":2,"enemies":"Writhing Mass","floor":39,"turns":5},{"damage":6,"enemies":"Reptomancer","floor":40,"turns":3},{"damage":1,"enemies":"Maw","floor":41,"turns":4},{"damage":0,"enemies":"R_Hoarder","floor":42,"turns":4},{"damage":0,"enemies":"Reptomancer","floor":44,"turns":3},{"damage":13,"enemies":"Nemesis","floor":47,"turns":3},{"damage":3,"enemies":"4 Shapes","floor":48,"turns":4},{"damage":29,"enemies":"Time Eater","floor":50,"turns":4},{"damage":7,"enemies":"Shield and Spear","floor":54,"turns":3},{"damage":25,"enemies":"The Heart","floor":55,"turns":5}],"seed_played":"-6230487781122912503","potions_obtained":[{"floor":3,"key":"AttackPotion"},{"floor":5,"key":"Slimebound:ThreeZeroPotion"},{"floor":5,"key":"DistilledChaos"},{"floor":16,"key":"Weak Potion"},{"floor":18,"key":"BlessingOfTheForge"},{"floor":25,"key":"hexamod:SoulburnPotion"},{"floor":31,"key":"LiquidMemories"},{"floor":33,"key":"Regen Potion"},{"floor":41,"key":"ColorlessPotion"},{"floor":42,"key":"CunningPotion"},{"floor":44,"key":"DuplicationPotion"},{"floor":48,"key":"Toxic Potion"}],"is_trial":false,"path_per_floor":["M","?","M","M","?","E","R","E","T","R","M","E","M","M","R","B",null,"M","$","?","M","M","E","R","E","T","E","M","R","$","M","R","B",null,"M","T","M","M","M","E","M","E","T","E","?","R","E","M","R","B",null,"R","$","E","B",null],"character_chosen":"THE_SILENT","items_purchased":["BargainBundle","Toxic Egg 2","Snack Pack","Blade Dance+1","Backflip+1","Slice","Midas Touch+1","Infinite Blades+1","ClockworkSouvenir","Accuracy","ReplayTheSpireMod:Necrogeddon","Whetstone","Tactician+1","Sadistic Nature","InkBottle"],"campfire_rested":1,"item_purchase_floors":[0,0,0,0,0,0,0,0,0,19,19,19,30,53,53],"current_hp_per_floor":[68,68,70,70,70,70,70,75,75,75,75,75,75,70,70,75,75,64,64,64,68,74,66,66,42,42,38,42,75,75,75,75,75,75,75,81,81,81,85,85,87,87,96,96,96,96,93,99,99,80,94,94,102,102,85],"gold":101,"neow_bonus":"","is_daily":false,"chose_seed":false,"campfire_upgraded":6,"win_rate":0.0,"timestamp":1612487910,"path_taken":["M","?","M","?","?","E","R","E","T","R","M","E","?","M","R","BOSS","M","$","?","M","M","E","R","E","T","E","M","R","$","M","R","BOSS","M","?","M","M","M","E","M","E","T","E","?","R","E","M","R","BOSS","R","$","E","BOSS"],"items_purchased_type":["Relic","Relic","Relic","Card","Card","Card","Card","Card","Relic","Card","Card","Relic","Card","Card","Relic"],"build_version":"2020-12-22","purchased_purges":1,"victory":true,"max_hp_per_floor":[70,70,70,70,70,70,70,75,75,75,75,75,75,75,75,75,75,75,75,75,75,75,75,75,75,75,75,75,75,75,75,75,75,75,75,81,81,81,87,87,87,87,96,96,96,96,96,99,99,99,99,99,102,105,105],"relic_stats":{"Darkstone Periapt":18,"Regal Pillow":11,"Happy Flower":[31],"counters":[121,476],"Blue Candle":[0],"Dead Branch":[27],"Whetstone":["Strike_G","Strike_G"],"Cursed Key":2,"Blood Vial":26,"MealTicket":5,"obtain_stats":[{"TwistedFunnel":20,"Ice Cream":23,"Vajra":25,"Whetstone":12,"Old Coin":30,"Blood Vial":0,"Replay:Ringing Soul":42,"Sundial":0,"Strawberry":26,"Replay:Bronze Core":17,"Philosopher\u0027s Stone":34,"MealTicket":40,"Iron Hammer":23,"Kunai":32,"Toxic Egg 2":0,"MerchantsRug":0,"Girya":0,"Pear":29,"Happy Flower":6,"ReplayTheSpireMod:CursedCoin":4,"Dead Branch":0,"Astrolabe":34,"Blue Candle":43,"Oddly Smooth Stone":47,"Question Card":0,"Du-Vu Doll":0,"Replay:Baseball":9,"Bottled Flame":27,"Snecko Scales":17,"ReplayTheSpireMod:Shallot":26,"Onion Ring":26,"Simple Rune":43,"foxEvents:LuckyCharm":3,"Black Star":34,"Grinning Jar":8,"Unceasing Top":0,"ReplayFunnel":49,"Darkstone Periapt":23,"Lantern":48,"Regal Pillow":12,"bronze:BronzeCore":0,"Replay:PocketPolymizer":0,"Torii":3,"Singing Bowl":22,"Mango":6,"Painkiller Herb":17,"Snake Skull":9,"Juzu Bracelet":11,"Bag of Preparation":43,"Replay:Mystery Machine":0,"Cursed Key":34,"Replay:Rubber Ducky":20,"ClockworkSouvenir":0,"BranchBurnRelic":6,"SsserpentHead":13,"Nunchaku":41,"Tough Bandages":0,"Chameleon Ring":9,"Shovel":23,"Tiny Chest":11,"Red Mask":30,"Replay:Bottled Eggs":23,"InkBottle":42,"Ring of the Snake":7,"Gremlin Food":22,"BargainBundle":36,"Replay:Towering Pillar of Hats":0,"Guide Book":5,"The Courier":25,"Orichalcum":6,"White Beast Statue":10,"Calling Bell":0,"sneckomod:BabySnecko":20,"Anchor":4,"Busted Crown":17,"Ornamental Fan":40,"ChewingGum":17,"Art of War":4,"Snack Pack":0,"Durian":8,"Membership Card":0,"Bottled Lightning":27,"TungstenRod":0},{"TwistedFunnel":18,"Ice Cream":43,"Vajra":22,"Whetstone":38,"Old Coin":57,"Blood Vial":9,"Replay:Ringing Soul":115,"Sundial":45,"Strawberry":22,"Replay:Bronze Core":52,"Philosopher\u0027s Stone":26,"MealTicket":113,"Iron Hammer":20,"Kunai":80,"Toxic Egg 2":89,"MerchantsRug":9,"Girya":63,"Pear":24,"Happy Flower":93,"ReplayTheSpireMod:CursedCoin":46,"Dead Branch":32,"Astrolabe":81,"Blue Candle":115,"Oddly Smooth Stone":88,"Question Card":32,"Du-Vu Doll":89,"Replay:Baseball":68,"Bottled Flame":77,"Snecko Scales":99,"ReplayTheSpireMod:Shallot":104,"Onion Ring":56,"Simple Rune":86,"foxEvents:LuckyCharm":2,"Black Star":59,"Grinning Jar":50,"Unceasing Top":63,"ReplayFunnel":88,"Darkstone Periapt":103,"Lantern":88,"Regal Pillow":96,"bronze:BronzeCore":0,"Replay:PocketPolymizer":45,"Torii":34,"Singing Bowl":55,"Mango":12,"Painkiller Herb":16,"Snake Skull":13,"Juzu Bracelet":7,"Bag of Preparation":30,"Replay:Mystery Machine":45,"Cursed Key":108,"Replay:Rubber Ducky":74,"ClockworkSouvenir":89,"BranchBurnRelic":34,"SsserpentHead":38,"Nunchaku":29,"Tough Bandages":61,"Chameleon Ring":35,"Shovel":76,"Tiny Chest":51,"Red Mask":80,"Replay:Bottled Eggs":56,"InkBottle":30,"Ring of the Snake":12,"Gremlin Food":42,"BargainBundle":82,"Replay:Towering Pillar of Hats":9,"Guide Book":11,"The Courier":104,"Orichalcum":48,"White Beast Statue":36,"Calling Bell":45,"sneckomod:BabySnecko":41,"Anchor":11,"Busted Crown":40,"Ornamental Fan":85,"ChewingGum":72,"Art of War":46,"Snack Pack":89,"Durian":94,"Membership Card":9,"Bottled Lightning":105,"TungstenRod":9},{"TwistedFunnel":60,"Ice Cream":182,"Vajra":78,"Whetstone":158,"Old Coin":249,"Blood Vial":25,"Replay:Ringing Soul":454,"Sundial":191,"Strawberry":78,"Replay:Bronze Core":226,"Philosopher\u0027s Stone":99,"MealTicket":446,"Iron Hammer":69,"Kunai":338,"Toxic Egg 2":370,"MerchantsRug":25,"Girya":290,"Pear":87,"Happy Flower":383,"ReplayTheSpireMod:CursedCoin":196,"Dead Branch":132,"Astrolabe":342,"Blue Candle":454,"Oddly Smooth Stone":366,"Question Card":132,"Du-Vu Doll":370,"Replay:Baseball":309,"Bottled Flame":331,"Snecko Scales":401,"ReplayTheSpireMod:Shallot":414,"Onion Ring":246,"Simple Rune":357,"foxEvents:LuckyCharm":5,"Black Star":264,"Grinning Jar":213,"Unceasing Top":290,"ReplayFunnel":366,"Darkstone Periapt":411,"Lantern":366,"Regal Pillow":391,"bronze:BronzeCore":0,"Replay:PocketPolymizer":191,"Torii":143,"Singing Bowl":241,"Mango":34,"Painkiller Herb":52,"Snake Skull":36,"Juzu Bracelet":19,"Bag of Preparation":118,"Replay:Mystery Machine":191,"Cursed Key":431,"Replay:Rubber Ducky":321,"ClockworkSouvenir":370,"BranchBurnRelic":143,"SsserpentHead":158,"Nunchaku":109,"Tough Bandages":273,"Chameleon Ring":146,"Shovel":327,"Tiny Chest":218,"Red Mask":338,"Replay:Bottled Eggs":246,"InkBottle":118,"Ring of the Snake":34,"Gremlin Food":176,"BargainBundle":344,"Replay:Towering Pillar of Hats":25,"Guide Book":30,"The Courier":414,"Orichalcum":204,"White Beast Statue":151,"Calling Bell":191,"sneckomod:BabySnecko":173,"Anchor":30,"Busted Crown":168,"Ornamental Fan":351,"ChewingGum":317,"Art of War":196,"Snack Pack":370,"Durian":385,"Membership Card":25,"Bottled Lightning":419,"TungstenRod":25}],"InkBottle":[57],"Ring of the Snake":[114]},"card_choices":[{"not_picked":["Dagger Spray","Quick Slash"],"picked":"Crippling Poison+1","floor":1},{"not_picked":["Dagger Throw","Prepared+1"],"picked":"Hidden Blade+1","floor":3},{"not_picked":["Endless Agony","Poisoned Stab"],"picked":"Terror+1","floor":4},{"not_picked":["Crippling Poison+1","Bane"],"picked":"After Image","floor":6},{"not_picked":["Expertise+1","Escape Plan+1","Calculated Gamble+1"],"picked":"SKIP","floor":8},{"not_picked":["Deflect+1","Flying Knee"],"picked":"Blur+1","floor":11},{"not_picked":["Well Laid Plans","Bane","Concentrate+1"],"picked":"SKIP","floor":12},{"not_picked":["Dagger Spray","Skewer","Quick Slash"],"picked":"SKIP","floor":13},{"not_picked":["Sucker Punch","Deadly Poison+1"],"picked":"Blade Dance+1","floor":14},{"not_picked":["Night Terror+1","Tools of the Trade"],"picked":"Corpse Explosion+1","floor":16},{"not_picked":["Sneak Up+1","Well Laid Plans"],"picked":"Cloak And Dagger+1","floor":18},{"not_picked":["PiercingWail+1","Noxious Fumes+1","Deadly Poison+1"],"picked":"SKIP","floor":21},{"not_picked":["Backflip+1","Masterful Stab"],"picked":"Finisher","floor":22},{"not_picked":["Dash","Fluid Movement","Sucker Punch+1"],"picked":"SKIP","floor":23},{"not_picked":["Sucker Punch","Slice"],"picked":"Prepared+1","floor":25},{"not_picked":["Deadly Poison+1","Skewer","PiercingWail+1"],"picked":"SKIP","floor":27},{"not_picked":["Dagger Throw","Concentrate+1","Dagger Spray"],"picked":"SKIP","floor":28},{"not_picked":["Cloak And Dagger+1","Dodge and Roll+1","Caltrops+1"],"picked":"SKIP","floor":31},{"not_picked":["Malaise+1","Wraith Form v2"],"picked":"Bullet Time+1","floor":33},{"not_picked":["Poisoned Stab+1","ReplayTheSpireMod:Speed Training+1","PiercingWail+1"],"picked":"SKIP","floor":35},{"not_picked":["Bane+1","Distraction+1","Escape Plan+1"],"picked":"SKIP","floor":37},{"not_picked":["Setup+1","Cloak And Dagger+1","Flying Knee"],"picked":"SKIP","floor":38},{"not_picked":["Flying Knee+1","Bane+1"],"picked":"Heel Hook","floor":39},{"not_picked":["Prepared+1","Quick Slash+1"],"picked":"Endless Agony+1","floor":40},{"not_picked":["Noxious Fumes","Hidden Blade+1"],"picked":"Expertise+1","floor":41},{"not_picked":["Sucker Punch","ReplayTheSpireMod:Necrosis+1","Prepared+1"],"picked":"SKIP","floor":42},{"not_picked":["Cloak And Dagger+1","Sucker Punch","Bouncing Flask+1"],"picked":"SKIP","floor":44},{"not_picked":["PiercingWail+1","Setup+1","Caltrops"],"picked":"SKIP","floor":47},{"not_picked":["Underhanded Strike","Outmaneuver+1"],"picked":"Draining Mist+1","floor":48},{"not_picked":["Doppelganger+1","Malaise+1"],"picked":"ReplayTheSpireMod:The Works+1","floor":54}],"player_experience":167523,"relics_obtained":[{"floor":6,"key":"Happy Flower"},{"floor":8,"key":"Durian"},{"floor":12,"key":"Regal Pillow"},{"floor":23,"key":"Darkstone Periapt"},{"floor":25,"key":"The Courier"},{"floor":26,"key":"ReplayTheSpireMod:Shallot"},{"floor":27,"key":"Bottled Lightning"},{"floor":36,"key":"Ice Cream"},{"floor":40,"key":"MealTicket"},{"floor":42,"key":"Replay:Ringing Soul"},{"floor":43,"key":"Blue Candle"},{"floor":44,"key":"Bottled Flame"},{"floor":47,"key":"Lantern"},{"floor":49,"key":"Blood Vial"},{"floor":54,"key":"Dead Branch"}],"event_choices":[{"damage_healed":0,"gold_gain":0,"player_choice":"Forge","damage_taken":0,"max_hp_gain":0,"max_hp_loss":0,"event_name":"Accursed Blacksmith","floor":2,"gold_loss":0,"cards_upgraded":["Neutralize"]},{"damage_healed":0,"gold_gain":0,"player_choice":"Got Potions","damage_taken":0,"max_hp_gain":0,"max_hp_loss":0,"event_name":"Lab","floor":5,"gold_loss":0},{"cards_removed":["Strike_G"],"damage_healed":0,"gold_gain":0,"player_choice":"Offered Basic","damage_taken":0,"max_hp_gain":0,"max_hp_loss":0,"event_name":"Bonfire Elementals","floor":20,"gold_loss":0}],"is_beta":false,"boss_relics":[{"not_picked":["Replay:Grab Bag","Runic Dome"],"picked":"Snecko Scales"},{"not_picked":["Pandora\u0027s Box","bronze:MakeshiftBattery"],"picked":"Cursed Key"}],"items_purged_floors":[0],"is_endless":false,"potions_floor_spawned":[3,8,13,14,16,18,25,31,33,37,41,42,44,48],"ascension_level":7}}