{"host":"8i4doyxqctgl5qb0","time":1612484438,"event":{"mods":["AchievementEnabler","BaseMod","Block Reminder","Colored Powertips","Downfall","Minty Spire (QoL Compilation)","Permanent Neow","Potion Indicator Mod","Rare Cards Sparkle","StSLib","SuperFastMode","The Jungle"],"gold_per_floor":[119,129,57,110,7,7,37,57,108,143,143,163,163,182,182,182,182],"floor_reached":16,"language":"ZHS","playtime":399,"items_purged":[],"score":171,"play_id":"497593e1-f063-42fc-9f18-7e829be7c21f","local_time":"20210205082038","is_ascension_mode":true,"campfire_choices":[{"data":"Searing Blow","floor":6.0,"key":"SMITH"},{"floor":13.0,"key":"REST"},{"data":"Searing Blow+1","floor":15.0,"key":"SMITH"}],"circlet_count":0,"master_deck":["AscendersBane","Strike_R","Strike_R","Strike_R","Strike_R","Strike_R","Defend_R","Defend_R","Defend_R","Defend_R","Bash","Pummel","Searing Blow+2","Inflame","Flame Barrier","Body Slam","Feed"],"relics":["Burning Blood","Juzu Bracelet","Vajra","CeramicFish","Calipers","Pocketwatch"],"acts_visited":["Exordium"],"potions_floor_usage":[16],"damage_taken":[{"damage":11.0,"enemies":"Cultist","floor":1.0,"turns":4.0},{"damage":8.0,"enemies":"Jaw Worm","floor":2.0,"turns":5.0},{"damage":40.0,"enemies":"Gremlin Nob","floor":7.0,"turns":5.0},{"damage":6.0,"enemies":"Small Slimes","floor":8.0,"turns":2.0},{"damage":49.0,"enemies":"Lagavulin","floor":10.0,"turns":8.0},{"damage":9.0,"enemies":"Looter","floor":12.0,"turns":4.0},{"damage":7.0,"enemies":"3 Louse","floor":14.0,"turns":3.0},{"damage":53,"enemies":"Hexaghost","floor":16,"turns":11}],"seed_played":"3346511175168634987","potions_obtained":[{"floor":2.0,"key":"FairyPotion"},{"floor":7.0,"key":"Swift Potion"},{"floor":10.0,"key":"Weak Potion"},{"floor":12.0,"key":"SpeedPotion"}],"is_trial":false,"path_per_floor":["M","M","$","?","$","R","E","M","T","E","?","M","R","M","R","B"],"character_chosen":"IRONCLAD","items_purchased":["Searing Blow","Inflame","Flame Barrier"],"campfire_rested":1,"item_purchase_floors":[3,5,5],"current_hp_per_floor":[67,65,65,65,65,65,31,31,31,30,30,27,51,50,50,0,0],"gold":182,"neow_bonus":"RANDOM_COMMON_RELIC","is_daily":false,"chose_seed":false,"campfire_upgraded":2,"win_rate":0.0,"timestamp":1612484438,"path_taken":["M","M","?","?","$","R","E","M","T","E","?","M","R","M","R","BOSS"],"items_purchased_type":["Card","Card","Card"],"build_version":"2020-12-22","purchased_purges":0,"victory":false,"max_hp_per_floor":[80,80,80,80,80,80,80,80,80,80,80,80,80,80,80,80,80],"card_choices":[{"not_picked":["Clothesline","Heavy Blade","Warcry"],"picked":"SKIP","floor":1.0},{"not_picked":["Burning Pact","Fire Breathing"],"picked":"Pummel","floor":2.0},{"not_picked":["Blood for Blood","Uppercut"],"picked":"Body Slam","floor":7.0},{"not_picked":["Uppercut","True Grit","Headbutt"],"picked":"SKIP","floor":8.0},{"not_picked":["Clash","Iron Wave","Warcry"],"picked":"SKIP","floor":10.0},{"not_picked":["Anger","True Grit","Iron Wave"],"picked":"SKIP","floor":12.0},{"not_picked":["Heavy Blade","Power Through"],"picked":"Feed","floor":14.0}],"player_experience":276118,"relics_obtained":[{"floor":7.0,"key":"Vajra"},{"floor":9.0,"key":"CeramicFish"},{"floor":10.0,"key":"Calipers"}],"event_choices":[{"damage_healed":0.0,"max_hp_gain":0.0,"max_hp_loss":0.0,"gold_gain":53.0,"event_name":"Golden Wing","player_choice":"Gained Gold","floor":4.0,"gold_loss":0.0,"damage_taken":0.0},{"damage_healed":0.0,"max_hp_gain":0.0,"max_hp_loss":0.0,"gold_gain":0.0,"event_name":"WeMeetAgain","player_choice":"Gave Potion","floor":11.0,"gold_loss":0.0,"damage_taken":0.0,"relics_obtained":["Pocketwatch"]}],"is_beta":false,"boss_relics":[],"items_purged_floors":[],"is_endless":false,"potions_floor_spawned":[2,7,10,12],"killed_by":"Hexaghost","ascension_level":11}}