{"host":"ow66nzv2xecjoor3","time":1612491223,"event":{"mods":["BaseMod","Bestiary","Block Reminder","Colored Powertips","Curses Come First","Highlight Path","Keyboard Shortcuts","Minty Spire (QoL Compilation)","Permanent Neow","Relic Stats","StSLib","UnlockEverythingMod"],"gold_per_floor":[114,126,143,161,126,155,155,187,187,187,187],"floor_reached":10,"language":"ENG","playtime":413,"items_purged":[],"score":206,"play_id":"1ad250a8-c8eb-468b-b5ea-f546c78d3ca7","local_time":"20210204201343","is_ascension_mode":true,"campfire_choices":[],"circlet_count":0,"master_deck":["AscendersBane","Strike_R","Strike_R","Strike_R","Strike_R","Strike_R+1","Defend_R","Defend_R","Defend_R","Defend_R","Bash+1","CurseOfTheBell","Rampage","Battle Trance","Whirlwind","Burning Pact","Evolve","Reaper"],"relics":["Calling Bell","Pen Nib","White Beast Statue","Turnip","Whetstone","Lantern","Mummified Hand","Strawberry"],"acts_visited":["Exordium"],"potions_floor_usage":[8,10,10],"damage_taken":[{"damage":0.0,"enemies":"Small Slimes","floor":1.0,"turns":5.0},{"damage":8.0,"enemies":"2 Louse","floor":2.0,"turns":4.0},{"damage":2.0,"enemies":"Jaw Worm","floor":3.0,"turns":4.0},{"damage":15.0,"enemies":"Gremlin Gang","floor":4.0,"turns":6.0},{"damage":0.0,"enemies":"3 Sentries","floor":6.0,"turns":2.0},{"damage":32,"enemies":"Gremlin Nob","floor":8,"turns":4},{"damage":33,"enemies":"Lagavulin","floor":10,"turns":5}],"seed_played":"2565376212813221569","potions_obtained":[{"floor":1.0,"key":"Fire Potion"},{"floor":2.0,"key":"Energy Potion"},{"floor":6.0,"key":"Dexterity Potion"},{"floor":8,"key":"LiquidMemories"}],"is_trial":false,"path_per_floor":["M","M","M","M","?","E","?","E","T","E"],"character_chosen":"IRONCLAD","items_purchased":[],"campfire_rested":0,"item_purchase_floors":[],"current_hp_per_floor":[68,60,58,43,61,61,56,24,31,0,0],"gold":187,"neow_bonus":"BOSS_RELIC","is_daily":false,"chose_seed":false,"campfire_upgraded":0,"win_rate":0.0,"timestamp":1612491223,"path_taken":["M","M","M","M","?","E","?","E","T","E"],"items_purchased_type":[],"build_version":"2020-12-22","purchased_purges":0,"victory":false,"max_hp_per_floor":[75,75,75,75,75,75,75,75,82,82,82],"relic_stats":{"counters":[7,30],"Mummified Hand":[1],"Pen Nib":[5],"Turnip":[4],"Whetstone":["Bash","Strike_R"],"obtain_stats":[{"Calling Bell":0,"Lantern":7,"Mummified Hand":8,"Strawberry":9,"Pen Nib":0,"Turnip":0,"Whetstone":6,"Burning Blood":0,"White Beast Statue":0},{"Calling Bell":0,"Lantern":5,"Mummified Hand":6,"Strawberry":6,"Pen Nib":0,"Turnip":0,"Whetstone":5,"Burning Blood":0,"White Beast Statue":0},{"Calling Bell":0,"Lantern":21,"Mummified Hand":25,"Strawberry":25,"Pen Nib":0,"Turnip":0,"Whetstone":21,"Burning Blood":0,"White Beast Statue":0}]},"card_choices":[{"not_picked":["Anger","Flex"],"picked":"Rampage","floor":1.0},{"not_picked":["Seeing Red","Disarm"],"picked":"Battle Trance","floor":2.0},{"not_picked":["Body Slam","Sword Boomerang"],"picked":"Whirlwind","floor":3.0},{"not_picked":["Whirlwind","Body Slam"],"picked":"Burning Pact","floor":4.0},{"not_picked":["Second Wind","Combust"],"picked":"Evolve","floor":6.0},{"not_picked":["Clash","Infernal Blade"],"picked":"Reaper","floor":8}],"player_experience":2821105,"relics_obtained":[{"floor":0.0,"key":"Pen Nib"},{"floor":0.0,"key":"White Beast Statue"},{"floor":0.0,"key":"Turnip"},{"floor":6.0,"key":"Whetstone"},{"floor":8,"key":"Mummified Hand"},{"floor":9,"key":"Strawberry"}],"event_choices":[{"damage_healed":18.0,"max_hp_gain":0.0,"max_hp_loss":0.0,"gold_gain":0.0,"event_name":"The Cleric","player_choice":"Healed","floor":5.0,"gold_loss":35.0,"damage_taken":0.0},{"damage_healed":0.0,"max_hp_gain":0.0,"max_hp_loss":0.0,"gold_gain":0.0,"event_name":"Scrap Ooze","player_choice":"Success","floor":7.0,"gold_loss":0.0,"damage_taken":5.0,"relics_obtained":["Lantern"]}],"is_beta":false,"boss_relics":[],"items_purged_floors":[],"is_endless":false,"potions_floor_spawned":[1,2,3,4,6,8],"killed_by":"Lagavulin","ascension_level":20}}