{"host":"eedodlo27pfhzv3w","time":1612512233,"event":{"mods":["BaseMod","Colored Map","Downfall","Jedi Mod","Minty Spire (QoL Compilation)","StSLib","SuperFastMode","The Necromancer"],"gold_per_floor":[99,116,132,307,307,325,373,389,389,389,401,418,437,249,263,263,263,263],"floor_reached":16,"language":"ENG","playtime":578,"items_purged":[],"score":96,"play_id":"cb8fda47-5a61-4ff5-810f-701a5c19bccb","local_time":"20210205090353","is_ascension_mode":false,"campfire_choices":[{"data":"bronze:AlphaBuild","floor":1,"key":"SMITH"}],"circlet_count":0,"master_deck":["bronze:Strike","bronze:Strike","bronze:Strike","bronze:Strike","bronze:Defend","bronze:Defend","bronze:Defend","bronze:Defend","bronze:Replicate","bronze:Goto","Injury","bronze:AlphaBuild+1","bronze:ChildClass","bronze:ClassDefault","Doubt","bronze:MaxOutput","bronze:Deprecate","Parasite","bronze:CutThrough","bronze:Iterate","bronze:Constructor","bronze:FollowUp","bronze:FineTuning","bronze:Backtrace"],"relics":["bronze:BronzeCore","Happy Flower","downfall:BrokenWingStatue","Pen Nib"],"acts_visited":["Exordium"],"potions_floor_usage":[11,12,13],"damage_taken":[{"damage":6,"enemies":"Jaw Worm","floor":2,"turns":3},{"damage":3,"enemies":"Small Slimes","floor":3,"turns":2},{"damage":0,"enemies":"2 Louse","floor":6,"turns":2},{"damage":10,"enemies":"Exordium Thugs","floor":8,"turns":4},{"damage":0,"enemies":"2 Fungi Beasts","floor":11,"turns":5},{"damage":0,"enemies":"Large Slime","floor":12,"turns":1},{"damage":0,"enemies":"Exordium Thugs","floor":13,"turns":4},{"damage":5,"enemies":"downfall:FleeingMerchant","floor":14,"turns":4},{"damage":2,"enemies":"2 Fungi Beasts","floor":15,"turns":2},{"damage":40,"enemies":"IC_STATUS_ARCHETYPE","floor":16,"turns":8}],"seed_played":"-2899965842437069695","potions_obtained":[{"floor":2,"key":"Fire Potion"},{"floor":6,"key":"Regen Potion"},{"floor":11,"key":"Fire Potion"}],"is_trial":false,"path_per_floor":["R","M","M","?","?","M","T","M","?","?","M","M","M","$","M","B"],"character_chosen":"THE_AUTOMATON","items_purchased":["Pen Nib","bronze:FineTuning"],"campfire_rested":0,"item_purchase_floors":[14,14],"current_hp_per_floor":[70,64,61,61,28,28,28,18,18,35,47,47,47,42,40,0,0,0],"gold":263,"neow_bonus":"THREE_RARE_CARDS","is_daily":false,"chose_seed":false,"campfire_upgraded":1,"win_rate":0.0,"timestamp":1612512233,"path_taken":["R","M","M","?","?","M","T","?","?","?","M","M","?","$","M","BOSS"],"items_purchased_type":["Relic","Card"],"build_version":"2020-12-22","purchased_purges":0,"victory":false,"max_hp_per_floor":[70,70,70,70,70,70,70,70,70,70,70,70,70,70,70,70,70,70],"card_choices":[{"not_picked":["bronze:Virus","bronze:ShipIt"],"picked":"bronze:AlphaBuild","floor":0},{"not_picked":["bronze:Turbo","bronze:Refactor"],"picked":"bronze:ChildClass","floor":2},{"not_picked":["bronze:Frontload","bronze:DarkDash"],"picked":"bronze:ClassDefault","floor":3},{"not_picked":["bronze:ChildClass","bronze:BugBarrage"],"picked":"bronze:MaxOutput","floor":6},{"not_picked":["bronze:Turbo","bronze:Fortify"],"picked":"bronze:Deprecate","floor":8},{"not_picked":["bronze:Deprecate","bronze:Refactor"],"picked":"bronze:CutThrough","floor":11},{"not_picked":["bronze:ItsAFeature","bronze:FollowUp"],"picked":"bronze:Iterate","floor":12},{"not_picked":["bronze:GetLatest","bronze:Verify"],"picked":"bronze:Constructor","floor":13},{"not_picked":["bronze:DelayedGuard","bronze:OilSpill"],"picked":"bronze:FollowUp","floor":14},{"not_picked":["bronze:WildBeam","bronze:Turbo"],"picked":"bronze:Backtrace","floor":15}],"player_experience":203200,"relics_obtained":[],"event_choices":[{"damage_healed":0,"gold_gain":0,"player_choice":"Success","damage_taken":33,"relics_obtained":["Happy Flower"],"max_hp_gain":0,"max_hp_loss":0,"event_name":"Scrap Ooze","floor":5,"gold_loss":0},{"damage_healed":17,"gold_gain":0,"player_choice":"Healed and dodged fight","damage_taken":0,"max_hp_gain":0,"max_hp_loss":0,"event_name":"Mushrooms","floor":10,"gold_loss":0,"cards_obtained":["Parasite"]}],"is_beta":false,"boss_relics":[],"items_purged_floors":[],"is_endless":false,"potions_floor_spawned":[2,6,11],"killed_by":"IC_STATUS_ARCHETYPE","ascension_level":0}}