{"host":"j5shy70asow5koz5","time":1612500385,"event":{"mods":["2.2 Compatiblity","Arknights","BaseMod","Colored Map","Marisa£¨Ùöéë¡¡Øª×âÞÞ£©","Minty Spire (QoL Compilation)","Prisma Mod","StSLib","SuperFastMode","Td1madao Mod","The Disciple","The Gatherer","The Servant 0.9.4","Waifu the Spire"],"gold_per_floor":[118,134,134,148,148,148,167,199,247,262,262,86,98,128,128,229,229,241,241,253,178,178,178,203,221,221,255,255,16,16,16,16,16,16],"floor_reached":33,"language":"KOR","playtime":653,"items_purged":[],"score":283,"play_id":"4f1a1d03-6005-4506-921b-8cc7f8efaee0","local_time":"20210205134625","is_ascension_mode":false,"campfire_choices":[{"data":"Perfected Strike","floor":6.0,"key":"SMITH"},{"data":"Armaments","floor":11.0,"key":"SMITH"},{"data":"Bash","floor":15,"key":"SMITH"},{"data":"Dual Wield","floor":23,"key":"SMITH"},{"data":"Pommel Strike","floor":28,"key":"SMITH"},{"data":"Pommel Strike","floor":30,"key":"SMITH"},{"floor":32,"key":"REST"}],"circlet_count":0,"master_deck":["Strike_R","Strike_R","Strike_R","Strike_R","Strike_R","Defend_R","Defend_R","Defend_R","Defend_R","Bash+1","Pommel Strike+1","Cleave+1","Perfected Strike+1","Perfected Strike+1","Armaments+1","Dual Wield+1","Pommel Strike+1","Shrug It Off+1"],"relics":["Burning Blood","Mango","Frozen Egg 2","Blood Vial","Whetstone","Busted Crown","PreservedInsect","Champion Belt","Vajra","Shuriken"],"acts_visited":["Exordium","TheCity"],"potions_floor_usage":[24,24,27,33],"damage_taken":[{"damage":6.0,"enemies":"Cultist","floor":1.0,"turns":3.0},{"damage":13.0,"enemies":"Jaw Worm","floor":2.0,"turns":3.0},{"damage":12.0,"enemies":"Small Slimes","floor":4.0,"turns":3.0},{"damage":6.0,"enemies":"Exordium Wildlife","floor":7.0,"turns":3.0},{"damage":6.0,"enemies":"Gremlin Nob","floor":8.0,"turns":3.0},{"damage":0.0,"enemies":"Large Slime","floor":10.0,"turns":4.0},{"damage":0.0,"enemies":"2 Fungi Beasts","floor":13.0,"turns":2.0},{"damage":34,"enemies":"Slime Boss","floor":16,"turns":11},{"damage":5,"enemies":"Chosen","floor":18,"turns":3},{"damage":22,"enemies":"Shell Parasite","floor":20,"turns":4},{"damage":18,"enemies":"Book of Stabbing","floor":24,"turns":2},{"damage":19,"enemies":"Centurion and Healer","floor":25,"turns":5},{"damage":24,"enemies":"Slavers","floor":27,"turns":4},{"damage":69,"enemies":"Collector","floor":33,"turns":6}],"seed_played":"4690962793094984433","potions_obtained":[{"floor":4.0,"key":"SteroidPotion"},{"floor":8.0,"key":"SkillPotion"},{"floor":20,"key":"Strength Potion"},{"floor":27,"key":"SpeedPotion"}],"is_trial":false,"path_per_floor":["M","M","?","M","?","R","M","E","T","M","R","$","M","?","R","B",null,"M","?","M","?","?","R","E","M","T","E","R","$","R","$","R","B"],"character_chosen":"IRONCLAD","items_purchased":["Whetstone","Dual Wield","Shuriken"],"campfire_rested":1,"item_purchase_floors":[12,12,29],"current_hp_per_floor":[86,79,79,73,73,73,73,73,73,81,81,81,86,86,86,58,86,86,86,70,70,70,70,60,49,49,33,33,33,33,33,58,0,0],"gold":16,"neow_bonus":"ONE_RARE_RELIC","is_daily":false,"chose_seed":false,"campfire_upgraded":6,"win_rate":0.0,"timestamp":1612500385,"path_taken":["M","M","?","M","?","R","M","E","T","?","R","$","M","?","R","BOSS","M","?","M","?","?","R","E","?","T","E","R","$","R","$","R","BOSS"],"items_purchased_type":["Relic","Card","Relic"],"build_version":"2020-12-22","purchased_purges":0,"victory":false,"max_hp_per_floor":[86,86,86,86,86,86,86,86,86,86,86,86,86,86,86,86,86,86,86,86,86,86,86,86,86,86,86,86,86,86,86,86,86,86],"card_choices":[{"not_picked":["Warcry","Second Wind"],"picked":"Pommel Strike","floor":1.0},{"not_picked":["Inflame","Perfected Strike"],"picked":"Cleave","floor":2.0},{"not_picked":["Metallicize","Shrug It Off"],"picked":"Perfected Strike","floor":4.0},{"not_picked":["Twin Strike","Iron Wave"],"picked":"Perfected Strike","floor":7.0},{"not_picked":["Reaper","True Grit","Cleave"],"picked":"SKIP","floor":8.0},{"not_picked":["Blood for Blood","Body Slam"],"picked":"Armaments","floor":10.0},{"not_picked":["Rampage","Headbutt","Anger"],"picked":"SKIP","floor":13.0},{"not_picked":["Iron Wave"],"picked":"SKIP","floor":18},{"not_picked":[],"picked":"Pommel Strike","floor":20},{"not_picked":["Entrench"],"picked":"SKIP","floor":24},{"not_picked":[],"picked":"Shrug It Off+1","floor":25},{"not_picked":["Clash"],"picked":"SKIP","floor":27}],"player_experience":73613,"relics_obtained":[{"floor":8.0,"key":"Frozen Egg 2"},{"floor":9.0,"key":"Blood Vial"},{"floor":24,"key":"Champion Belt"},{"floor":27,"key":"Vajra"}],"event_choices":[{"damage_healed":0.0,"max_hp_gain":0.0,"max_hp_loss":0.0,"gold_gain":0.0,"event_name":"Liars Game","player_choice":"Ignored","floor":3.0,"gold_loss":0.0,"damage_taken":0.0},{"damage_healed":0.0,"max_hp_gain":0.0,"max_hp_loss":0.0,"gold_gain":0.0,"event_name":"FaceTrader","player_choice":"Leave","floor":5.0,"gold_loss":0.0,"damage_taken":0.0},{"damage_healed":0,"gold_gain":30,"player_choice":"Searched \u00271\u0027 times","damage_taken":0,"max_hp_gain":0,"max_hp_loss":0,"event_name":"Dead Adventurer","floor":14,"gold_loss":0},{"damage_healed":0,"gold_gain":0,"player_choice":"Opened","damage_taken":0,"relics_obtained":["PreservedInsect"],"max_hp_gain":0,"max_hp_loss":0,"event_name":"The Mausoleum","floor":19,"gold_loss":0,"cards_obtained":["Writhe"]},{"cards_removed":["Writhe"],"damage_healed":0,"gold_gain":0,"player_choice":"Gave Gold","damage_taken":0,"max_hp_gain":0,"max_hp_loss":0,"event_name":"Beggar","floor":21,"gold_loss":75},{"damage_healed":0,"gold_gain":0,"player_choice":"Ignored","damage_taken":0,"max_hp_gain":0,"max_hp_loss":0,"event_name":"Vampires","floor":22,"gold_loss":0}],"is_beta":false,"boss_relics":[{"not_picked":["Philosopher\u0027s Stone","Runic Dome"],"picked":"Busted Crown"}],"items_purged_floors":[],"is_endless":false,"potions_floor_spawned":[4,8,20,27],"killed_by":"Collector","ascension_level":0}}