{"host":"Doisman","time":1612484940,"event":{"mods":["AchievementEnabler","BaseMod","Better Note","Curses Come First","Minty Spire (QoL Compilation)","Permanent Neow","Relic Stats","Replay The Spire","StSLib"],"gold_per_floor":[114,166,181,131,111,141,141,171,196,196,196],"floor_reached":10,"language":"ENG","playtime":372,"items_purged":[],"score":99,"play_id":"d14ec326-ffa6-4b0b-acd2-c0ce742f827d","local_time":"20210204182900","daily_mods":["Specialized","ControlledChaos","Elite Swarm"],"is_ascension_mode":false,"campfire_choices":[{"data":"Nirvana","floor":7,"key":"SMITH"}],"circlet_count":0,"master_deck":["Strike_P","Strike_P","Strike_P","Defend_P","Defend_P","Defend_P","Defend_P","Eruption","Vigilance","Brilliance","Brilliance","Brilliance","Brilliance","Brilliance","Nirvana+1","CutThroughFate","TalkToTheHand","DevaForm","Vault","Scrawl"],"relics":["PureWater","Frozen Eye","ReplayFunnel","Damaru","Pen Nib","Lantern"],"acts_visited":["Exordium"],"potions_floor_usage":[6,6,10],"damage_taken":[{"damage":0,"enemies":"2 Louse","floor":1,"turns":1},{"damage":0,"enemies":"Small Slimes","floor":3,"turns":2},{"damage":18,"enemies":"3 Sentries","floor":6,"turns":6},{"damage":16,"enemies":"Replay:BlueRogue","floor":8,"turns":5},{"damage":24,"enemies":"Lagavulin","floor":10,"turns":3}],"seed_played":"-8643747277835071688","potions_obtained":[{"floor":1,"key":"PowerPotion"},{"floor":2,"key":"Reflective Coating"},{"floor":5,"key":"Weak Potion"},{"floor":6,"key":"Flashbang"}],"is_trial":false,"path_per_floor":["M","?","M","?","?","E","R","E","T","E"],"character_chosen":"WATCHER","items_purchased":[],"campfire_rested":0,"item_purchase_floors":[],"current_hp_per_floor":[72,54,54,54,54,36,36,20,20,0,0],"gold":196,"neow_bonus":"","is_daily":true,"chose_seed":false,"campfire_upgraded":1,"win_rate":0.0,"timestamp":1612484940,"path_taken":["M","?","?","?","?","E","R","E","T","E"],"items_purchased_type":[],"build_version":"2020-12-18","purchased_purges":0,"victory":false,"max_hp_per_floor":[72,72,72,72,72,72,72,72,72,72,72],"relic_stats":{"counters":[5,17],"Pen Nib":[0],"obtain_stats":[{"ReplayFunnel":2,"Frozen Eye":0,"Lantern":9,"Damaru":6,"Pen Nib":8,"PureWater":0},{"ReplayFunnel":1,"Frozen Eye":0,"Lantern":4,"Damaru":3,"Pen Nib":4,"PureWater":0},{"ReplayFunnel":1,"Frozen Eye":0,"Lantern":14,"Damaru":9,"Pen Nib":14,"PureWater":0}]},"card_choices":[{"not_picked":["BattleHymn","FollowUp"],"picked":"Nirvana","floor":1},{"not_picked":["CrushJoints","SashWhip"],"picked":"CutThroughFate","floor":2},{"not_picked":["Fasting2","CrushJoints"],"picked":"TalkToTheHand","floor":2},{"not_picked":["FlurryOfBlows","Replay:ManipulateFuture"],"picked":"DevaForm","floor":3},{"not_picked":["Ragnarok","Replay:LoomingThreat"],"picked":"Vault","floor":6},{"not_picked":["Judgement","Replay:AllIn"],"picked":"Scrawl","floor":8}],"player_experience":1081571,"relics_obtained":[{"floor":2,"key":"ReplayFunnel"},{"floor":6,"key":"Damaru"},{"floor":8,"key":"Pen Nib"},{"floor":9,"key":"Lantern"}],"event_choices":[{"cards_removed":["Strike_P"],"damage_healed":0,"gold_gain":0,"player_choice":"Card Removal","damage_taken":0,"max_hp_gain":0,"max_hp_loss":0,"event_name":"The Cleric","floor":4,"gold_loss":50},{"damage_healed":0,"gold_gain":0,"player_choice":"Bought 1 Potion","damage_taken":0,"max_hp_gain":0,"max_hp_loss":0,"event_name":"The Woman in Blue","floor":5,"gold_loss":0}],"is_beta":true,"boss_relics":[],"items_purged_floors":[],"is_endless":false,"potions_floor_spawned":[1,6],"killed_by":"Lagavulin","ascension_level":0}}