{"host":"4s6jd8d6qa9r574k","time":1612496904,"event":{"mods":["BaseMod","Colored Powertips","Curses Come First","Minty Spire (QoL Compilation)","Quick Restart","Reliquary","Robot Space Explorer","Shop Mod","StSLib","The Hierophant","The Marked"],"gold_per_floor":[111,111,123,133,133,133,133],"floor_reached":6,"language":"ENG","playtime":306,"items_purged":[],"score":36,"play_id":"f2889346-6285-4086-b3a1-891b759027cb","local_time":"20210204194824","is_ascension_mode":false,"campfire_choices":[],"circlet_count":0,"master_deck":["theMarked:Strike","theMarked:Strike","theMarked:Strike","theMarked:Strike","theMarked:Defend","theMarked:Defend","theMarked:Defend","theMarked:SoldierOfQuellstein","theMarked:MysticalArsenal","theMarked:SelfDefenseTraining","theMarked:Aftermath"],"relics":["theMarked:ArtifactOfAir","NeowsBlessing"],"acts_visited":["Exordium"],"potions_floor_usage":[],"damage_taken":[{"damage":0,"enemies":"Cultist","floor":1,"turns":1},{"damage":0,"enemies":"2 Louse","floor":3,"turns":1},{"damage":0,"enemies":"Small Slimes","floor":4,"turns":1},{"damage":26,"enemies":"Lagavulin","floor":6,"turns":7}],"seed_played":"1128868312965155813","potions_obtained":[{"floor":3,"key":"Fire Potion"}],"is_trial":false,"path_per_floor":["M","?","M","M","?","E"],"character_chosen":"THE_DEFAULT","items_purchased":[],"campfire_rested":0,"item_purchase_floors":[],"current_hp_per_floor":[70,70,70,70,63,37,37],"gold":133,"neow_bonus":"THREE_ENEMY_KILL","is_daily":false,"chose_seed":false,"campfire_upgraded":0,"win_rate":0.0,"timestamp":1612496904,"path_taken":["M","?","?","?","?","E"],"items_purchased_type":[],"build_version":"2020-12-22","purchased_purges":0,"victory":false,"max_hp_per_floor":[70,70,70,70,70,70,70],"card_choices":[{"not_picked":["theMarked:ChainLightning","theMarked:WastefulAttack"],"picked":"theMarked:MysticalArsenal","floor":1},{"not_picked":["theMarked:RogueSparks","theMarked:TakeCover"],"picked":"theMarked:SelfDefenseTraining","floor":3},{"not_picked":["theMarked:SwordAndMagic","theMarked:Memento"],"picked":"theMarked:Aftermath","floor":4}],"player_experience":294633,"relics_obtained":[],"event_choices":[{"cards_removed":["theMarked:Strike"],"damage_healed":0,"gold_gain":0,"player_choice":"Purged","damage_taken":0,"max_hp_gain":0,"max_hp_loss":0,"event_name":"Purifier","floor":2,"gold_loss":0},{"cards_removed":["theMarked:Defend"],"damage_healed":0,"gold_gain":0,"player_choice":"Card Removal","damage_taken":7,"max_hp_gain":0,"max_hp_loss":0,"event_name":"Golden Wing","floor":5,"gold_loss":0}],"is_beta":false,"boss_relics":[],"items_purged_floors":[],"is_endless":false,"potions_floor_spawned":[3],"killed_by":"Lagavulin","ascension_level":0}}