{"host":"49c2zf0lajbcs427","time":1612509979,"event":{"mods":["AchievementEnabler","BaseMod","Colored Map","Colored Powertips","Highlight Path","Key Reminder","Minty Spire (QoL Compilation)","Relic Stats","StSLib"],"gold_per_floor":[112,112,128,138,150,150,163,195,195,209,234,245,245,245,245,375,375,390,414,414,439,67,108,108,141,141,141,105,119,157,188,188,317,317,335,353,353,353,376,416,474,509,509,97,133,133,164,187,187,187,187,187,41,76,76],"floor_reached":56,"language":"ENG","playtime":4485,"items_purged":["Clumsy","Decay"],"score":1576,"play_id":"9cb39fb2-452d-4dc7-b38a-33bc105d3611","local_time":"20210205202619","is_ascension_mode":true,"campfire_choices":[{"data":"Scrawl","floor":6,"key":"SMITH"},{"data":"WaveOfTheHand","floor":13,"key":"SMITH"},{"data":"Scrawl","floor":15,"key":"SMITH"},{"data":"Vault","floor":24,"key":"SMITH"},{"data":"Meditate","floor":32,"key":"SMITH"},{"floor":49,"key":"RECALL"},{"data":"CrushJoints","floor":52,"key":"SMITH"}],"circlet_count":0,"master_deck":["Strike_P","Strike_P","Strike_P","Strike_P","Defend_P","Defend_P","Defend_P","Eruption","Vigilance","SandsOfTime","Scrawl+1","InnerPeace","CrushJoints+1","ClearTheMind","FlurryOfBlows","WaveOfTheHand+1","Scrawl+1","DevaForm","CutThroughFate","Wireheading+1","Vault+1","Meditate+1","LikeWater","Protect","Wallop","FearNoEvil","Scrawl","LikeWater+1","Fasting2+1","Tantrum+1","Wireheading+1","Tantrum+1","Pain","Adaptation+1","Protect+1","DevaForm+1"],"relics":["Cursed Key","Ginger","Pantograph","Letter Opener","Golden Idol","Sozu","Enchiridion","Blood Vial","Lee\u0027s Waffle","Potion Belt","Orichalcum","Red Mask","Question Card","Snecko Eye","Frozen Egg 2","Turnip","StrikeDummy","Gambling Chip","Mummified Hand","WarpedTongs","Blue Candle","Lantern","Akabeko"],"acts_visited":["Exordium","TheCity","TheBeyond","TheEnding"],"potions_floor_usage":[41,55],"damage_taken":[{"damage":0,"enemies":"Small Slimes","floor":1,"turns":2},{"damage":0,"enemies":"Cultist","floor":3,"turns":3},{"damage":0,"enemies":"2 Louse","floor":4,"turns":3},{"damage":0,"enemies":"Looter","floor":5,"turns":2},{"damage":0,"enemies":"Large Slime","floor":7,"turns":3},{"damage":8,"enemies":"Lagavulin","floor":8,"turns":7},{"damage":6,"enemies":"Blue Slaver","floor":10,"turns":3},{"damage":24,"enemies":"Gremlin Nob","floor":11,"turns":4},{"damage":0,"enemies":"2 Fungi Beasts","floor":12,"turns":2},{"damage":4,"enemies":"The Guardian","floor":16,"turns":11},{"damage":0,"enemies":"Chosen","floor":18,"turns":2},{"damage":11,"enemies":"2 Thieves","floor":19,"turns":3},{"damage":14,"enemies":"Snake Plant","floor":21,"turns":3},{"damage":13,"enemies":"Book of Stabbing","floor":23,"turns":5},{"damage":0,"enemies":"Gremlin Leader","floor":25,"turns":3},{"damage":4,"enemies":"Centurion and Healer","floor":29,"turns":3},{"damage":0,"enemies":"Masked Bandits","floor":30,"turns":3},{"damage":1,"enemies":"Slavers","floor":31,"turns":5},{"damage":8,"enemies":"Collector","floor":33,"turns":9},{"damage":0,"enemies":"3 Shapes","floor":35,"turns":3},{"damage":0,"enemies":"3 Darklings","floor":36,"turns":4},{"damage":0,"enemies":"Sphere and 2 Shapes","floor":39,"turns":4},{"damage":0,"enemies":"Giant Head","floor":40,"turns":6},{"damage":3,"enemies":"2 Orb Walkers","floor":41,"turns":4},{"damage":0,"enemies":"Reptomancer","floor":42,"turns":4},{"damage":0,"enemies":"Nemesis","floor":45,"turns":1},{"damage":4,"enemies":"Giant Head","floor":47,"turns":3},{"damage":1,"enemies":"Spire Growth","floor":48,"turns":3},{"damage":23,"enemies":"Time Eater","floor":50,"turns":8},{"damage":1,"enemies":"Shield and Spear","floor":54,"turns":2},{"damage":20,"enemies":"The Heart","floor":55,"turns":6}],"seed_played":"1610110305871220504","potions_obtained":[{"floor":1,"key":"FearPotion"},{"floor":3,"key":"BlessingOfTheForge"},{"floor":7,"key":"Ancient Potion"},{"floor":10,"key":"Weak Potion"},{"floor":12,"key":"LiquidMemories"}],"is_trial":false,"path_per_floor":["M","?","M","M","M","R","M","E","T","M","E","M","R","?","R","B",null,"M","M","?","M","$","E","R","E","T","?","$","M","?","E","R","B",null,"M","M","?","?","M","E","?","E","T","$","E","?","E","M","R","B",null,"R","$","E","B",null],"character_chosen":"WATCHER","items_purchased":["Blood Vial","Lee\u0027s Waffle","LikeWater","Gambling Chip","Lantern"],"campfire_rested":0,"item_purchase_floors":[22,22,28,44,53],"current_hp_per_floor":[72,72,72,72,72,72,72,64,64,58,34,34,34,16,16,37,72,72,61,45,31,79,66,66,68,68,68,68,66,68,69,69,71,79,79,79,79,69,71,73,72,74,74,74,76,76,74,75,75,56,79,79,79,78,59],"gold":76,"neow_bonus":"BOSS_RELIC","is_daily":false,"chose_seed":false,"campfire_upgraded":6,"win_rate":0.0,"timestamp":1612509979,"path_taken":["M","?","M","M","M","R","?","E","T","M","E","M","R","?","R","BOSS","M","M","?","M","$","E","R","E","T","?","$","?","?","E","R","BOSS","M","M","?","?","M","E","?","E","T","?","E","?","E","M","R","BOSS","R","$","E","BOSS"],"items_purchased_type":["Relic","Relic","Card","Relic","Relic"],"build_version":"2020-12-22","purchased_purges":2,"victory":true,"max_hp_per_floor":[72,72,72,72,72,72,72,72,72,72,72,72,72,72,72,72,72,72,72,72,72,79,79,79,79,79,79,79,79,79,79,79,79,79,79,79,79,79,79,79,79,79,79,79,79,79,79,79,79,79,79,79,79,79,79],"relic_stats":{"Lee\u0027s Waffle":48,"counters":[31,124],"Golden Idol":211,"Blue Candle":[2],"Ginger":[12],"Letter Opener":[231],"Orichalcum":[96],"Cursed Key":2,"Question Card":14,"WarpedTongs":[22],"Sozu":7,"Blood Vial":27,"Mummified Hand":[41],"Pantograph":35,"Gambling Chip":[23],"Snecko Eye":[128,127,125,131],"Turnip":[2],"obtain_stats":[{"Lantern":53,"Enchiridion":20,"Ginger":8,"Cursed Key":0,"Sozu":17,"Blood Vial":22,"Mummified Hand":45,"Pantograph":9,"Gambling Chip":44,"Red Mask":30,"Potion Belt":23,"Lee\u0027s Waffle":22,"Golden Idol":14,"Blue Candle":47,"Letter Opener":11,"Orichalcum":25,"Frozen Egg 2":40,"Question Card":31,"Akabeko":54,"WarpedTongs":46,"keyreminder:keyreminder":31,"Snecko Eye":34,"Turnip":41,"PureWater":0,"StrikeDummy":42},{"Lantern":29,"Enchiridion":12,"Ginger":6,"Cursed Key":0,"Sozu":10,"Blood Vial":13,"Mummified Hand":26,"Pantograph":6,"Gambling Chip":25,"Red Mask":17,"Potion Belt":14,"Lee\u0027s Waffle":13,"Golden Idol":9,"Blue Candle":27,"Letter Opener":8,"Orichalcum":15,"Frozen Egg 2":23,"Question Card":18,"Akabeko":30,"WarpedTongs":26,"keyreminder:keyreminder":18,"Snecko Eye":19,"Turnip":24,"PureWater":0,"StrikeDummy":25},{"Lantern":116,"Enchiridion":45,"Ginger":20,"Cursed Key":0,"Sozu":40,"Blood Vial":48,"Mummified Hand":102,"Pantograph":20,"Gambling Chip":101,"Red Mask":62,"Potion Belt":53,"Lee\u0027s Waffle":48,"Golden Idol":29,"Blue Candle":105,"Letter Opener":27,"Orichalcum":56,"Frozen Egg 2":93,"Question Card":67,"Akabeko":118,"WarpedTongs":102,"keyreminder:keyreminder":67,"Snecko Eye":76,"Turnip":97,"PureWater":0,"StrikeDummy":101}]},"card_choices":[{"not_picked":["Study","Indignation"],"picked":"SandsOfTime","floor":1},{"not_picked":["EmptyBody","FollowUp"],"picked":"CrushJoints","floor":3},{"not_picked":["Halt","BowlingBash","FlyingSleeves"],"picked":"SKIP","floor":4},{"not_picked":["EmptyFist","Consecrate","SashWhip"],"picked":"SKIP","floor":5},{"not_picked":["CarveReality","Evaluate"],"picked":"ClearTheMind","floor":7},{"not_picked":["ClearTheMind","Swivel"],"picked":"FlurryOfBlows","floor":8},{"not_picked":["Consecrate","FlyingSleeves"],"picked":"WaveOfTheHand","floor":10},{"not_picked":["Sanctity","Collect"],"picked":"Scrawl","floor":11},{"not_picked":["CutThroughFate","Conclude","Halt"],"picked":"SKIP","floor":12},{"not_picked":["Alpha","Brilliance"],"picked":"DevaForm","floor":16},{"not_picked":["ForeignInfluence","FlyingSleeves"],"picked":"CutThroughFate","floor":18},{"not_picked":["PathToVictory","SashWhip+1","Nirvana+1"],"picked":"SKIP","floor":19},{"not_picked":["Evaluate","Study"],"picked":"Wireheading+1","floor":21},{"not_picked":["Meditate","SignatureMove"],"picked":"Vault","floor":23},{"not_picked":["Nirvana","MasterReality"],"picked":"Meditate","floor":25},{"not_picked":["Halt","BowlingBash+1"],"picked":"Protect","floor":29},{"not_picked":["Protect","EmptyFist"],"picked":"Wallop","floor":30},{"not_picked":["Brilliance","DeusExMachina"],"picked":"FearNoEvil","floor":31},{"not_picked":["Ragnarok","SpiritShield","Establishment"],"picked":"Scrawl","floor":33},{"not_picked":["CutThroughFate+1","BowlingBash","WaveOfTheHand+1","EmptyFist"],"picked":"SKIP","floor":35},{"not_picked":["Crescendo+1","FlyingSleeves","SignatureMove+1"],"picked":"LikeWater+1","floor":36},{"not_picked":["EmptyBody+1","CutThroughFate+1","Meditate"],"picked":"Fasting2+1","floor":39},{"not_picked":["Protect+1","Crescendo+1","Halt"],"picked":"Tantrum+1","floor":40},{"not_picked":["JustLucky+1","Sanctity+1","LikeWater+1"],"picked":"Wireheading+1","floor":42},{"not_picked":["CarveReality+1","LessonLearned","EmptyBody+1"],"picked":"Tantrum+1","floor":45},{"not_picked":["Halt+1","WindmillStrike","FlurryOfBlows+1"],"picked":"Adaptation+1","floor":47},{"not_picked":["Crescendo","FlurryOfBlows","SandsOfTime"],"picked":"Protect+1","floor":48},{"not_picked":["ForeignInfluence+1","EmptyBody","Prostrate+1"],"picked":"DevaForm+1","floor":54}],"player_experience":2398600,"relics_obtained":[{"floor":8,"key":"Ginger"},{"floor":9,"key":"Pantograph"},{"floor":11,"key":"Letter Opener"},{"floor":20,"key":"Enchiridion"},{"floor":23,"key":"Potion Belt"},{"floor":25,"key":"Orichalcum"},{"floor":30,"key":"Red Mask"},{"floor":31,"key":"Question Card"},{"floor":40,"key":"Frozen Egg 2"},{"floor":41,"key":"Turnip"},{"floor":42,"key":"StrikeDummy"},{"floor":45,"key":"Mummified Hand"},{"floor":47,"key":"Blue Candle"},{"floor":54,"key":"Akabeko"}],"event_choices":[{"damage_healed":0,"gold_gain":0,"player_choice":"2 cards matched","damage_taken":0,"max_hp_gain":0,"max_hp_loss":0,"event_name":"Match and Keep!","floor":2,"gold_loss":0,"cards_obtained":["Scrawl","InnerPeace"]},{"damage_healed":0,"gold_gain":0,"player_choice":"Take Damage","damage_taken":18,"relics_obtained":["Golden Idol"],"max_hp_gain":0,"max_hp_loss":0,"event_name":"Golden Idol","floor":14,"gold_loss":0},{"damage_healed":0,"gold_gain":0,"player_choice":"Obtained Book","damage_taken":16,"max_hp_gain":0,"max_hp_loss":0,"event_name":"Cursed Tome","floor":20,"gold_loss":0},{"damage_healed":0,"gold_gain":0,"player_choice":"Bought 0 Potions","damage_taken":0,"max_hp_gain":0,"max_hp_loss":0,"event_name":"The Woman in Blue","floor":27,"gold_loss":0},{"damage_healed":0,"gold_gain":0,"player_choice":"Fought Bandits","damage_taken":0,"max_hp_gain":0,"max_hp_loss":0,"event_name":"Masked Bandits","floor":30,"gold_loss":0},{"cards_removed":["Defend_P"],"damage_healed":0,"gold_gain":0,"player_choice":"Removed Skill","damage_taken":0,"max_hp_gain":0,"max_hp_loss":0,"event_name":"Falling","floor":37,"gold_loss":0},{"damage_healed":0,"gold_gain":0,"player_choice":"Memory 3","damage_taken":10,"max_hp_gain":0,"max_hp_loss":0,"event_name":"SensoryStone","floor":38,"gold_loss":0},{"damage_healed":0,"gold_gain":0,"player_choice":"Fight","damage_taken":0,"max_hp_gain":0,"max_hp_loss":0,"event_name":"Mysterious Sphere","floor":41,"gold_loss":0},{"damage_healed":0,"gold_gain":0,"player_choice":"Rummage","damage_taken":0,"relics_obtained":["WarpedTongs"],"max_hp_gain":0,"max_hp_loss":0,"event_name":"Accursed Blacksmith","floor":46,"gold_loss":0,"cards_obtained":["Pain"]}],"is_beta":false,"boss_relics":[{"not_picked":["Ectoplasm","Runic Dome"],"picked":"Sozu"},{"not_picked":["SlaversCollar","SacredBark"],"picked":"Snecko Eye"}],"items_purged_floors":[22,44],"is_endless":false,"potions_floor_spawned":[1,3,7,10,12,19,29,30,40,41,42,48],"ascension_level":2}}