{"host":"545ma68kbj6ggddn","time":1612496389,"event":{"mods":["BaseMod","Colored Map","Colored Powertips","Downfall","Minty Spire (QoL Compilation)","Permanent Neow","Quick Restart","StSLib","The Death Knight","The Marked"],"gold_per_floor":[99,111,286,436,39,89,113,129,129,141,174,8,8,24,35,139,139,39,57,74,22,22,35,60,74,53,153,153,153,188,204,220,220,220],"floor_reached":33,"language":"ENG","playtime":1868,"items_purged":["Doubt","downfall:Icky","DeathKnight:Strike_DeathKnight"],"score":292,"play_id":"c9d55704-bc3f-4fff-b0fa-c8337f9f4cf4","local_time":"20210204213949","is_ascension_mode":false,"campfire_choices":[{"data":"DeathKnight:RunicDetonation","floor":1,"key":"SMITH"},{"floor":9,"key":"RECALL"},{"data":"DeathKnight:GargoyleSkin","floor":13,"key":"SMITH"},{"data":"DeathKnight:Defile","floor":18,"key":"SMITH"},{"floor":29,"key":"REST"}],"circlet_count":0,"master_deck":["DeathKnight:Strike_DeathKnight","DeathKnight:Strike_DeathKnight","DeathKnight:Strike_DeathKnight","DeathKnight:Strike_DeathKnight","DeathKnight:Defend_DeathKnight","DeathKnight:Defend_DeathKnight","DeathKnight:Defend_DeathKnight","DeathKnight:Defend_DeathKnight","DeathKnight:RuneTap","DeathKnight:RuneStrike","DeathKnight:RunicDetonation+1","DeathKnight:ThirstingStrike","DeathKnight:Razorice","DeathKnight:Pestilence+1","DeathKnight:GargoyleSkin+1","DeathKnight:Pestilence+1","DeathKnight:FesteringStrike+1","DeathKnight:DeathCoil+1","DeathKnight:Pestilence+1","DeathKnight:PlagueStrike+1","DeathKnight:Defile+1","DeathKnight:UnholyPresence+1","DeathKnight:UnholyFrenzy+1","DeathKnight:Runeguard","DeathKnight:DeathRune","DeathKnight:Lichborne+1","DeathKnight:DeathCoil+1","DeathKnight:GargoyleSkin","Flash of Steel","DeathKnight:AntiMagicShell+1","DeathKnight:DarkSuccor+1","DeathKnight:MutagenicPlague+1"],"relics":["DeathKnight:BrokenRuneblade","DeathKnight:TomeOfUnholySpecialization","PreservedInsect","Oddly Smooth Stone","DeathKnight:ScourgeInsignia","downfall:HeartBlessingRed","Art of War","Bag of Marbles","DeathKnight:AbominationHead","Darkstone Periapt","DeathKnight:PreciousRibbon","Regal Pillow"],"acts_visited":["Exordium","TheCity"],"potions_floor_usage":[19,21,27,30],"damage_taken":[{"damage":1,"enemies":"Jaw Worm","floor":2,"turns":4},{"damage":5,"enemies":"downfall:FleeingMerchant","floor":5,"turns":4},{"damage":1,"enemies":"Cultist","floor":8,"turns":3},{"damage":3,"enemies":"2 Louse","floor":10,"turns":3},{"damage":21,"enemies":"3 Sentries","floor":11,"turns":7},{"damage":9,"enemies":"downfall:FleeingMerchant","floor":12,"turns":4},{"damage":4,"enemies":"Exordium Wildlife","floor":14,"turns":4},{"damage":5,"enemies":"3 Louse","floor":15,"turns":2},{"damage":8,"enemies":"SI_SHIV_ARCHETYPE","floor":16,"turns":5},{"damage":2,"enemies":"Spheric Guardian","floor":19,"turns":3},{"damage":24,"enemies":"Snake Plant","floor":20,"turns":3},{"damage":5,"enemies":"downfall:FleeingMerchant","floor":21,"turns":4},{"damage":14,"enemies":"Centurion and Healer","floor":23,"turns":5},{"damage":12,"enemies":"Snecko","floor":25,"turns":4},{"damage":0,"enemies":"downfall:FleeingMerchant","floor":26,"turns":1},{"damage":2,"enemies":"WA_ARCHETYPE_RETAIN","floor":27,"turns":4},{"damage":7,"enemies":"Gremlin Leader","floor":30,"turns":5},{"damage":0,"enemies":"Snake Plant","floor":31,"turns":1},{"damage":4,"enemies":"Cultist and Chosen","floor":32,"turns":4},{"damage":28,"enemies":"DF_ARCHETYPE_CLAW","floor":33,"turns":3}],"seed_played":"8561164000975058318","potions_obtained":[{"floor":2,"key":"DuplicationPotion"},{"floor":14,"key":"Strength Potion"},{"floor":16,"key":"SkillPotion"},{"floor":19,"key":"sneckomod:MuddlingPotion"},{"floor":23,"key":"SpeedPotion"},{"floor":27,"key":"ColorlessPotion"}],"is_trial":false,"path_per_floor":["R","M","?","?","$","T","T","M","R","M","E","$","R","M","M","B",null,"R","M","M","$","?","M","T","M","$","?","T","R","E","M","M","B"],"character_chosen":"DEATH_KNIGHT","items_purchased":["DeathKnight:TomeOfUnholySpecialization","DeathKnight:Pestilence+1","DeathKnight:DeathCoil+1","DeathKnight:Runeguard","Flash of Steel","Bag of Marbles"],"campfire_rested":1,"item_purchase_floors":[5,5,12,21,26,26],"current_hp_per_floor":[75,74,74,74,69,69,69,68,68,65,44,35,35,31,26,18,75,75,73,49,44,44,30,30,18,18,16,16,38,31,31,27,0,0],"gold":220,"neow_bonus":"ONE_RANDOM_RARE_CARD","is_daily":false,"chose_seed":false,"campfire_upgraded":3,"win_rate":0.0,"timestamp":1612496389,"path_taken":["R","M","?","?","$","?","T","M","R","M","E","$","R","M","M","BOSS","R","M","M","$","?","?","T","M","$","?","?","R","E","M","M","BOSS"],"items_purchased_type":["Relic","Card","Card","Card","Card","Relic"],"build_version":"2020-12-22","purchased_purges":3,"victory":false,"max_hp_per_floor":[75,75,75,75,75,75,75,75,75,75,75,75,75,75,75,75,75,75,75,75,75,75,75,75,75,75,75,75,75,75,75,75,75,75],"card_choices":[{"not_picked":["DeathKnight:ChainsOfIce","DeathKnight:Lichborne"],"picked":"DeathKnight:ThirstingStrike","floor":2},{"not_picked":["DeathKnight:BoneSpear","DeathKnight:DeathStrike"],"picked":"DeathKnight:Razorice","floor":5},{"not_picked":["DeathKnight:ThirstingStrike","DeathKnight:Culling","DeathKnight:GargoyleSkin"],"picked":"SKIP","floor":8},{"not_picked":["DeathKnight:ChainsOfIce","DeathKnight:BloodTap"],"picked":"DeathKnight:GargoyleSkin","floor":10},{"not_picked":["DeathKnight:DancingRuneblade","DeathKnight:Lichborne"],"picked":"DeathKnight:Pestilence+1","floor":11},{"not_picked":["DeathKnight:WraithWalk+1","DeathKnight:BoneShield"],"picked":"DeathKnight:FesteringStrike+1","floor":12},{"not_picked":["DeathKnight:Contagion","DeathKnight:ChainsOfIce"],"picked":"DeathKnight:Pestilence+1","floor":14},{"not_picked":["DeathKnight:DeathCoil+1","DeathKnight:ArmyOfTheDead"],"picked":"DeathKnight:PlagueStrike+1","floor":15},{"not_picked":["DeathKnight:VampiricBlood","DeathKnight:SindragosasBreath"],"picked":"DeathKnight:Defile","floor":16},{"not_picked":["DeathKnight:GargoyleSkin","DeathKnight:Culling"],"picked":"DeathKnight:UnholyPresence+1","floor":19},{"not_picked":["DeathKnight:UnholyPresence","DeathKnight:DreadStrike+1"],"picked":"DeathKnight:UnholyFrenzy+1","floor":20},{"not_picked":["DeathKnight:HartStrike","DeathKnight:DeathStrike+1","DeathKnight:ChainsOfIce"],"picked":"SKIP","floor":21},{"not_picked":["DeathKnight:UnholyPresence","DeathKnight:ChainsOfIce"],"picked":"DeathKnight:Lichborne+1","floor":23},{"not_picked":["DeathKnight:UnholyPresence","DeathKnight:MindFreeze"],"picked":"DeathKnight:DeathCoil+1","floor":25},{"not_picked":["DeathKnight:DeathStrike+1","DeathKnight:ThirstingStrike+1"],"picked":"DeathKnight:GargoyleSkin","floor":26},{"not_picked":["DeathKnight:MindFreeze","DeathKnight:WraithWalk+1"],"picked":"DeathKnight:AntiMagicShell+1","floor":27},{"not_picked":["DeathKnight:PillarOfFrost+1","DeathKnight:Culling"],"picked":"DeathKnight:DarkSuccor+1","floor":30},{"not_picked":["DeathKnight:DreadStrike","DeathKnight:Defile"],"picked":"DeathKnight:MutagenicPlague+1","floor":31},{"not_picked":["DeathKnight:RunicCorruption","DeathKnight:DeathStrike","DeathKnight:PillarOfFrost"],"picked":"SKIP","floor":32}],"player_experience":231326,"relics_obtained":[{"floor":7,"key":"PreservedInsect"},{"floor":11,"key":"Oddly Smooth Stone"},{"floor":24,"key":"Art of War"},{"floor":27,"key":"DeathKnight:AbominationHead"},{"floor":27,"key":"Darkstone Periapt"},{"floor":28,"key":"DeathKnight:PreciousRibbon"},{"floor":30,"key":"Regal Pillow"}],"event_choices":[],"is_beta":false,"boss_relics":[{"not_picked":["Runic Dome","bronze:MakeshiftBattery"],"picked":"DeathKnight:ScourgeInsignia"}],"items_purged_floors":[5,12,26],"is_endless":false,"potions_floor_spawned":[2,14,16,19,23,25,27],"killed_by":"DF_ARCHETYPE_CLAW","ascension_level":0}}