{"host":"9rexl4trwadr43zo","time":1612493789,"event":{"mods":["BaseMod","Colored Map","Minty Spire (QoL Compilation)"],"gold_per_floor":[109,121,121,121,138,138,138,138,138,138,66,93,39,58,58,161,161,174,174,51,51,70,70,82,93,145,145,161,161,178,192,192,192,192],"floor_reached":33,"language":"ENG","playtime":1692,"items_purged":["Strike_R"],"score":321,"play_id":"2385eacb-98ae-4b85-994c-8c2f25c0368d","local_time":"20210205025629","is_ascension_mode":true,"campfire_choices":[{"data":"Clothesline","floor":6.0,"key":"SMITH"},{"data":"Bash","floor":8.0,"key":"SMITH"},{"floor":10.0,"key":"REST"},{"data":"Whirlwind","floor":15.0,"key":"SMITH"},{"floor":23.0,"key":"REST"},{"floor":27.0,"key":"REST"},{"floor":32.0,"key":"REST"}],"circlet_count":0,"master_deck":["Strike_R+1","Strike_R","Strike_R","Strike_R","Defend_R","Defend_R","Defend_R+1","Defend_R","Bash+1","Twin Strike","Clothesline+1","Body Slam","Whirlwind+1","Shrug It Off","Shrug It Off","Limit Break","Flex+1","Heavy Blade","Ghostly Armor+1","Spot Weakness","True Grit+1","Demon Form"],"relics":["Burning Blood","PreservedInsect","Dream Catcher","Self Forming Clay","Vajra","Runic Cube","Nilry\u0027s Codex","Omamori"],"acts_visited":["Exordium","TheCity"],"potions_floor_usage":[33,33],"damage_taken":[{"damage":14.0,"enemies":"Jaw Worm","floor":1.0,"turns":5.0},{"damage":1.0,"enemies":"2 Louse","floor":2.0,"turns":3.0},{"damage":5.0,"enemies":"Small Slimes","floor":5.0,"turns":4.0},{"damage":22.0,"enemies":"Gremlin Nob","floor":12.0,"turns":4.0},{"damage":1.0,"enemies":"Blue Slaver","floor":14.0,"turns":4.0},{"damage":21.0,"enemies":"Slime Boss","floor":16.0,"turns":8.0},{"damage":19.0,"enemies":"Shell Parasite","floor":18.0,"turns":12.0},{"damage":13.0,"enemies":"3 Byrds","floor":22.0,"turns":3.0},{"damage":20.0,"enemies":"Sentry and Sphere","floor":24.0,"turns":7.0},{"damage":32.0,"enemies":"Shelled Parasite and Fungi","floor":25.0,"turns":8.0},{"damage":32.0,"enemies":"Chosen and Byrds","floor":28.0,"turns":6.0},{"damage":11.0,"enemies":"Centurion and Healer","floor":30.0,"turns":9.0},{"damage":28.0,"enemies":"Snecko","floor":31.0,"turns":4.0},{"damage":64,"enemies":"Collector","floor":33,"turns":7}],"seed_played":"7600868231000441561","potions_obtained":[{"floor":12.0,"key":"BlessingOfTheForge"},{"floor":24.0,"key":"DistilledChaos"},{"floor":31.0,"key":"DistilledChaos"}],"is_trial":false,"path_per_floor":["M","M","?","?","M","R","?","R","T","R","$","E","$","M","R","B",null,"M","?","$","?","M","R","M","M","T","R","M","?","M","M","R","B"],"character_chosen":"IRONCLAD","items_purchased":["Whirlwind","Shrug It Off","SpeedPotion"],"campfire_rested":4,"item_purchase_floors":[11,13,20],"current_hp_per_floor":[64,69,66,50,51,51,51,51,51,75,75,59,59,64,64,49,72,59,59,59,43,36,60,46,20,20,44,18,44,39,17,41,0,0],"gold":192,"neow_bonus":"RANDOM_COMMON_RELIC","is_daily":false,"chose_seed":false,"campfire_upgraded":3,"win_rate":0.0,"timestamp":1612493789,"path_taken":["M","M","?","?","M","R","?","R","T","R","$","E","?","M","R","BOSS","M","?","$","?","M","R","M","M","T","R","M","?","M","M","R","BOSS"],"items_purchased_type":["Card","Card","Potion"],"build_version":"2020-12-22","purchased_purges":1,"victory":false,"max_hp_per_floor":[80,80,80,80,80,80,80,80,80,80,80,80,80,80,80,80,80,80,80,80,80,80,80,80,80,80,80,80,80,80,80,80,80,80],"card_choices":[{"not_picked":["Headbutt","Perfected Strike"],"picked":"Twin Strike","floor":1.0},{"not_picked":["Heavy Blade","Twin Strike","Fire Breathing"],"picked":"SKIP","floor":2.0},{"not_picked":["Sentinel","Rage"],"picked":"Clothesline","floor":5.0},{"not_picked":["Clash","Wild Strike"],"picked":"Body Slam","floor":10.0},{"not_picked":["Pummel","Armaments","Combust"],"picked":"SKIP","floor":12.0},{"not_picked":["Iron Wave","Perfected Strike"],"picked":"Shrug It Off","floor":14.0},{"not_picked":["Immolate","Exhume"],"picked":"Limit Break","floor":16.0},{"not_picked":["Dropkick","Clash"],"picked":"Flex+1","floor":18.0},{"not_picked":["Wild Strike","Armaments+1"],"picked":"Heavy Blade","floor":22.0},{"not_picked":["Headbutt+1","Combust"],"picked":"Ghostly Armor+1","floor":23.0},{"not_picked":["True Grit","Bludgeon"],"picked":"Spot Weakness","floor":24.0},{"not_picked":["Heavy Blade","Uppercut","Iron Wave"],"picked":"SKIP","floor":25.0},{"not_picked":["Clash","Hemokinesis"],"picked":"True Grit+1","floor":27.0},{"not_picked":["Metallicize","Perfected Strike","Shrug It Off"],"picked":"SKIP","floor":28.0},{"not_picked":["Rage","Sword Boomerang"],"picked":"Demon Form","floor":30.0},{"not_picked":["Perfected Strike","Clothesline","Headbutt"],"picked":"SKIP","floor":31.0}],"player_experience":312412,"relics_obtained":[{"floor":9.0,"key":"Self Forming Clay"},{"floor":12.0,"key":"Vajra"},{"floor":21.0,"key":"Nilry\u0027s Codex"},{"floor":26.0,"key":"Omamori"}],"event_choices":[{"damage_healed":0.0,"max_hp_gain":0.0,"max_hp_loss":0.0,"gold_gain":0.0,"event_name":"Scrap Ooze","player_choice":"Success","floor":3.0,"gold_loss":0.0,"damage_taken":3.0,"relics_obtained":["Dream Catcher"]},{"damage_healed":0.0,"max_hp_gain":0.0,"max_hp_loss":0.0,"gold_gain":0.0,"event_name":"Shining Light","player_choice":"Entered Light","floor":4.0,"gold_loss":0.0,"damage_taken":16.0,"cards_upgraded":["Defend_R","Strike_R"]},{"damage_healed":0.0,"max_hp_gain":0.0,"max_hp_loss":0.0,"gold_gain":0.0,"event_name":"Liars Game","player_choice":"Ignored","floor":7.0,"gold_loss":0.0,"damage_taken":0.0},{"damage_healed":0.0,"max_hp_gain":0.0,"max_hp_loss":0.0,"gold_gain":0.0,"event_name":"The Mausoleum","player_choice":"Ignored","floor":19.0,"gold_loss":0.0,"damage_taken":0.0},{"damage_healed":0.0,"max_hp_gain":0.0,"max_hp_loss":0.0,"gold_gain":0.0,"event_name":"Cursed Tome","player_choice":"Obtained Book","floor":21.0,"gold_loss":0.0,"damage_taken":16.0},{"damage_healed":26.0,"max_hp_gain":0.0,"max_hp_loss":0.0,"gold_gain":0.0,"event_name":"The Library","player_choice":"Heal","floor":29.0,"gold_loss":0.0,"damage_taken":0.0}],"is_beta":false,"boss_relics":[{"not_picked":["Snecko Eye","Astrolabe"],"picked":"Runic Cube"}],"items_purged_floors":[20],"is_endless":false,"potions_floor_spawned":[12,24,31],"killed_by":"Collector","ascension_level":6}}