{"host":"uu8qcv8llpcbwyus","time":1612507183,"event":{"mods":["100% Spire Juice","BaseMod","CapriCore","Conspire","Downfall","HololiveMod","Hubris","Marisa（霧雨　魔理沙）","Minty Spire (QoL Compilation)","Monster B Gone","Reimu（博??梦）","Remilia（蕾米莉?）","Replay The Spire","StSLib","The Administrix","The Animator","The Gatherer","The Immortal","The Servant 0.9.4","TheSwordswoman","WarShipGirlsR/??少女R mod","Yakumo Yukari mod"],"gold_per_floor":[116,76,87,279,242,242,93,103,103,103,138,138,157,183,183,281,281,294,148,98,111,124,152,152,112,139,171,187,187,206,223,223,328,328,347,362,378,393,11,11,11,11,11],"floor_reached":41,"language":"ENG","playtime":2235,"items_purged":[],"score":740,"play_id":"2fffad5b-14e4-4078-b6b3-002fd430e562","local_time":"20210204223943","is_ascension_mode":true,"campfire_choices":[{"data":"MokouMod:InfernalWave","floor":10,"key":"SMITH"},{"data":"MokouMod:DanceofFlames","floor":12,"key":"SMITH"},{"data":"MokouMod:Wildfire","floor":15,"key":"SMITH"},{"data":"MokouMod:Rekindle","floor":24,"key":"SMITH"},{"data":"MokouMod:IgnitionBarrier","floor":29,"key":"SMITH"},{"data":"MokouMod:TemporalFireSeal","floor":32,"key":"SMITH"},{"floor":40,"key":"REST"}],"circlet_count":0,"master_deck":["conspire:GhostlyStrike","conspire:GhostlyStrike","conspire:GhostlyStrike","conspire:GhostlyStrike","conspire:GhostlyStrike","conspire:GhostlyDefend","conspire:GhostlyDefend","conspire:GhostlyDefend","conspire:GhostlyDefend","MokouMod:HeatSpark","Impatience+1","MokouMod:Wildfire+1","MokouMod:GuidingSmoke","MokouMod:Sear+1","MokouMod:HeartofFire","MokouMod:HeatCyclone","MokouMod:FlareStarter","MokouMod:ScorchedEarth","MokouMod:FusionFlare","MokouMod:InfernalWave+1","MokouMod:IndiscriminateIgnition","MokouMod:DanceofFlames+1","MokouMod:IndiscriminateIgnition","MokouMod:Geothermal","MokouMod:Rekindle+1","MokouMod:TemporalFireSeal+1","MokouMod:IgnitionBarrier+1","MokouMod:TemporalFireSeal+1","MokouMod:FujiyamaVolcano+1","MokouMod:Burn+1","Parasite","MokouMod:IgneousBlow+1","MokouMod:TemporalFireSeal+1"],"relics":["MokouMod:PhoenixFeather","PaintedHorse:ReiMu","Orrery","Art of War","War Paint","hubris:AstralHammer","Busted Crown","ScarletDevilRocket","Blood Vial","Molten Egg 2","hubris:Backtick","hubris:Spice","Replay:Bottled Steam"],"acts_visited":["Exordium","TheCity","TheBeyond"],"potions_floor_usage":[27,27,31,33,36,41,41,41],"damage_taken":[{"damage":9,"enemies":"conspire:RoseBush","floor":1,"turns":4},{"damage":0,"enemies":"Small Slimes","floor":3,"turns":3},{"damage":7,"enemies":"Jaw Worm","floor":8,"turns":3},{"damage":12,"enemies":"Lagavulin","floor":11,"turns":4},{"damage":2,"enemies":"2 Fungi Beasts","floor":13,"turns":3},{"damage":12,"enemies":"Gremlin Nob","floor":14,"turns":3},{"damage":0,"enemies":"The Guardian","floor":16,"turns":5},{"damage":6,"enemies":"Shell Parasite","floor":18,"turns":3},{"damage":0,"enemies":"Chosen","floor":21,"turns":3},{"damage":10,"enemies":"Centurion and Healer","floor":22,"turns":4},{"damage":32,"enemies":"conspire:SneckoGhost","floor":23,"turns":5},{"damage":14,"enemies":"Slavers","floor":27,"turns":3},{"damage":9,"enemies":"Snecko","floor":28,"turns":3},{"damage":5,"enemies":"conspire:HollyBat","floor":30,"turns":7},{"damage":19,"enemies":"Centurion and Healer","floor":31,"turns":4},{"damage":13,"enemies":"Collector","floor":33,"turns":6},{"damage":0,"enemies":"Orb Walker","floor":35,"turns":2},{"damage":31,"enemies":"3 Darklings","floor":36,"turns":3},{"damage":0,"enemies":"Spire Growth","floor":37,"turns":3},{"damage":26,"enemies":"Writhing Mass","floor":38,"turns":5},{"damage":66,"enemies":"Awakened One","floor":41,"turns":3}],"seed_played":"-8491127483533025800","potions_obtained":[{"floor":13,"key":"Fire Potion"},{"floor":14,"key":"Strength Potion"},{"floor":23,"key":"AttackPotion"},{"floor":27,"key":"SpeedPotion"},{"floor":28,"key":"LiquidBronze"},{"floor":31,"key":"GamblersBrew"},{"floor":35,"key":"Slimebound:ThreeZeroPotion"}],"is_trial":false,"path_per_floor":["M","?","M","?","$","?","$","M","T","R","E","R","M","E","R","B",null,"M","$","?","M","M","E","R","$","T","E","M","R","M","M","R","B",null,"M","M","M","M","$","R","B"],"character_chosen":"MKU","items_purchased":["MokouMod:HeartofFire","Orrery","MokouMod:Rekindle","MokouMod:IgnitionBarrier","MokouMod:TemporalFireSeal+1","Replay:Bottled Steam","DuplicationPotion"],"campfire_rested":1,"item_purchase_floors":[5,7,19,25,39,39,39],"current_hp_per_floor":[59,59,59,41,41,41,41,34,34,34,22,22,20,8,8,8,58,52,52,52,52,42,10,10,10,10,18,11,11,8,18,18,7,66,68,39,41,17,17,41,0,0,0],"gold":11,"neow_bonus":"RANDOM_COLORLESS","is_daily":false,"chose_seed":false,"campfire_upgraded":6,"win_rate":0.0,"timestamp":1612507183,"path_taken":["M","?","M","?","$","?","?","M","T","R","E","R","M","E","R","BOSS","M","$","?","M","?","E","R","$","T","E","M","R","M","M","R","BOSS","M","M","M","M","$","R","BOSS"],"items_purchased_type":["Card","Relic","Card","Card","Card","Relic","Potion"],"build_version":"2020-12-22","purchased_purges":0,"victory":false,"max_hp_per_floor":[75,75,75,75,75,75,75,75,75,75,75,75,75,75,75,75,75,75,75,75,75,75,75,75,75,75,75,75,75,75,75,75,75,83,83,83,83,83,83,83,83,83,83],"card_choices":[{"not_picked":["Trip","Jack Of All Trades"],"picked":"Impatience","floor":0},{"not_picked":["MokouMod:TemporalFireSeal","MokouMod:RoaringFlare"],"picked":"MokouMod:Wildfire","floor":1},{"not_picked":["MokouMod:Firecracker","MokouMod:FlamingFireTalons"],"picked":"MokouMod:GuidingSmoke","floor":3},{"not_picked":["MokouMod:GuidingSmoke","MokouMod:Firecracker"],"picked":"MokouMod:Sear","floor":4},{"not_picked":["MokouMod:FlareStarter","MokouMod:PhoenixFeathers"],"picked":"MokouMod:HeatCyclone","floor":7},{"not_picked":["MokouMod:Singe","MokouMod:Afterburner"],"picked":"MokouMod:FlareStarter","floor":7},{"not_picked":["MokouMod:WarmUp","MokouMod:Rekindle"],"picked":"MokouMod:ScorchedEarth","floor":7},{"not_picked":["MokouMod:Sear","MokouMod:FlareStarter"],"picked":"MokouMod:FusionFlare","floor":7},{"not_picked":["MokouMod:SearingShot","MokouMod:FujiyamaVolcano"],"picked":"MokouMod:InfernalWave","floor":7},{"not_picked":["MokouMod:IgnitionBarrier","MokouMod:BlazingComet"],"picked":"MokouMod:IndiscriminateIgnition","floor":8},{"not_picked":["MokouMod:ResonanceReactor","MokouMod:ResoluteFlare"],"picked":"MokouMod:DanceofFlames","floor":11},{"not_picked":["MokouMod:Sear","MokouMod:ImperishableFlame"],"picked":"MokouMod:IndiscriminateIgnition","floor":13},{"not_picked":["MokouMod:Sear","MokouMod:Fireball","MokouMod:InfernalWave"],"picked":"SKIP","floor":14},{"not_picked":["MokouMod:ExplosiveFlame","MokouMod:HouraiForge"],"picked":"MokouMod:Geothermal","floor":16},{"not_picked":["MokouMod:SearingShot"],"picked":"SKIP","floor":18},{"not_picked":["MokouMod:Sear"],"picked":"SKIP","floor":21},{"not_picked":["MokouMod:Stoke"],"picked":"SKIP","floor":22},{"not_picked":[],"picked":"MokouMod:TemporalFireSeal","floor":23},{"not_picked":["MokouMod:IcarusDive+1"],"picked":"SKIP","floor":27},{"not_picked":["MokouMod:Combust+1"],"picked":"SKIP","floor":28},{"not_picked":[],"picked":"MokouMod:TemporalFireSeal+1","floor":30},{"not_picked":[],"picked":"MokouMod:FujiyamaVolcano+1","floor":31},{"not_picked":[],"picked":"MokouMod:Burn+1","floor":35},{"not_picked":["MokouMod:DanceofFlames"],"picked":"SKIP","floor":36},{"not_picked":["MokouMod:EternalBurstReactor+1"],"picked":"SKIP","floor":37},{"not_picked":[],"picked":"MokouMod:IgneousBlow+1","floor":38}],"player_experience":1170660,"relics_obtained":[{"floor":9,"key":"Art of War"},{"floor":11,"key":"War Paint"},{"floor":14,"key":"hubris:AstralHammer"},{"floor":23,"key":"ScarletDevilRocket"},{"floor":26,"key":"Blood Vial"},{"floor":27,"key":"Molten Egg 2"}],"event_choices":[{"damage_healed":0,"gold_gain":0,"player_choice":"Donate","damage_taken":0,"relics_obtained":["PaintedHorse:ReiMu"],"max_hp_gain":0,"max_hp_loss":0,"event_name":"yidonshenshe","floor":2,"gold_loss":40},{"damage_healed":0,"gold_gain":0,"player_choice":"Agree","damage_taken":0,"max_hp_gain":0,"max_hp_loss":0,"event_name":"conspire:LoneGhost","floor":6,"gold_loss":0},{"damage_healed":0,"gold_gain":0,"player_choice":"Bet on Owner","damage_taken":0,"max_hp_gain":0,"max_hp_loss":0,"event_name":"The Joust","floor":20,"gold_loss":50}],"is_beta":false,"boss_relics":[{"not_picked":["Astrolabe","Fusion Hammer"],"picked":"Busted Crown"},{"not_picked":["Black Star","Replay:Drink Me"],"picked":"hubris:Backtick"}],"items_purged_floors":[],"is_endless":false,"potions_floor_spawned":[13,14,23,27,28,31,35],"killed_by":"Awakened One","ascension_level":8}}