{"host":"v41r765ix9n0d8n3","time":1612548370,"event":{"mods":["BaseMod","Colored Powertips","Hermit","Minty Spire (QoL Compilation)","Shop Mod","StSLib","The Bug Knight","The Cursed","The Druid","The Wild Card"],"gold_per_floor":[118,128,128,38,49,80,92,92,172,172,192,192,211,229,229,355,355,375,375,386,399,413,413,0,0,0,0,16,16,116,116,116],"floor_reached":31,"language":"ENG","playtime":2645,"items_purged":[],"score":264,"play_id":"ec7eba3f-e0c9-4acd-96d7-9b8bb79324a8","local_time":"20210205190610","is_ascension_mode":false,"campfire_choices":[{"data":"Barricade","floor":8,"key":"SMITH"},{"data":"Inflame","floor":12,"key":"SMITH"},{"floor":15,"key":"RECALL"},{"floor":23,"key":"REST"},{"data":"Armaments","floor":27,"key":"SMITH"},{"data":"Heavy Blade","floor":29,"key":"SMITH"}],"circlet_count":0,"master_deck":["Strike_R","Strike_R","Strike_R","Strike_R","Defend_R","Defend_R","Defend_R","Defend_R","Bash","Iron Wave","Spot Weakness","Headbutt","Cleave","Twin Strike","Spot Weakness","Pommel Strike","Barricade+1","Second Wind","Sword Boomerang","Sword Boomerang","Injury","Inflame+1","Seeing Red","Armaments+1","Sentinel","Twin Strike","Warcry","Limit Break","CurseOfTheBell","Armaments","Thunderclap","Anger+1","Iron Wave","Body Slam","Bloodletting","Warcry","Iron Wave","True Grit","Heavy Blade+1","Power Through"],"relics":["Burning Blood","Prayer Wheel","Du-Vu Doll","Bloody Idol","Calling Bell","Potion Belt","HollowMod:LifeEnderRelic","Girya","Eternal Feather","Brimstone","Nunchaku","Calipers","Paper Frog"],"acts_visited":["Exordium","TheCity"],"potions_floor_usage":[6,11,14,16,30,30],"damage_taken":[{"damage":6,"enemies":"2 Louse","floor":1,"turns":3},{"damage":6,"enemies":"Cultist","floor":2,"turns":3},{"damage":0,"enemies":"Small Slimes","floor":5,"turns":3},{"damage":40,"enemies":"Lagavulin","floor":6,"turns":7},{"damage":0,"enemies":"Exordium Wildlife","floor":7,"turns":2},{"damage":0,"enemies":"Looter","floor":11,"turns":2},{"damage":0,"enemies":"2 Fungi Beasts","floor":13,"turns":2},{"damage":2,"enemies":"3 Louse","floor":14,"turns":2},{"damage":37,"enemies":"Hexaghost","floor":16,"turns":5},{"damage":29,"enemies":"Shell Parasite","floor":18,"turns":4},{"damage":11,"enemies":"Spheric Guardian","floor":20,"turns":4},{"damage":17,"enemies":"Cultist and Chosen","floor":21,"turns":5},{"damage":41,"enemies":"Shelled Parasite and Fungi","floor":22,"turns":6},{"damage":13,"enemies":"Centurion and Healer","floor":28,"turns":2},{"damage":46,"enemies":"Colosseum Slavers","floor":30,"turns":3},{"damage":4,"enemies":"Colosseum Nobs","floor":30,"turns":3},{"damage":42,"enemies":"Slavers","floor":31,"turns":3}],"seed_played":"3682543735844800967","potions_obtained":[{"floor":2,"key":"SpeedPotion"},{"floor":6,"key":"Block Potion"},{"floor":7,"key":"Energy Potion"},{"floor":11,"key":"AttackPotion"},{"floor":20,"key":"SpeedPotion"},{"floor":22,"key":"ElixirPotion"},{"floor":30,"key":"HeartOfIron"}],"is_trial":false,"path_per_floor":["M","M","?","$","M","E","M","R","T","?","M","R","M","M","R","B",null,"M","?","M","M","M","R","$","?","T","R","M","R","?","E"],"character_chosen":"IRONCLAD","items_purchased":["Twin Strike","Spot Weakness","Eternal Feather","Brimstone"],"campfire_rested":1,"item_purchase_floors":[4,4,24,24],"current_hp_per_floor":[72,72,72,72,72,38,44,44,44,44,50,50,56,60,60,29,72,49,49,49,43,13,34,34,58,58,72,70,72,39,0,0],"gold":116,"neow_bonus":"ONE_RARE_RELIC","is_daily":false,"chose_seed":false,"campfire_upgraded":4,"win_rate":0.0,"timestamp":1612548370,"path_taken":["M","M","?","?","M","E","M","R","T","?","M","R","?","M","R","BOSS","M","?","M","M","M","R","$","?","T","R","M","R","?","E"],"items_purchased_type":["Card","Card","Relic","Relic"],"build_version":"2020-12-22","purchased_purges":0,"victory":false,"max_hp_per_floor":[72,72,72,72,72,72,72,72,72,72,72,72,72,72,72,72,72,72,72,72,72,72,72,72,72,72,72,72,72,72,72,72],"card_choices":[{"not_picked":["Warcry","Infernal Blade"],"picked":"Iron Wave","floor":1},{"not_picked":["Thunderclap","Headbutt"],"picked":"Spot Weakness","floor":1},{"not_picked":["Whirlwind","Clash"],"picked":"Headbutt","floor":2},{"not_picked":["Clash","Clothesline"],"picked":"Cleave","floor":2},{"not_picked":["Thunderclap","Dropkick"],"picked":"Pommel Strike","floor":5},{"not_picked":["Intimidate","Infernal Blade"],"picked":"Barricade","floor":5},{"not_picked":["Feel No Pain","Thunderclap"],"picked":"Second Wind","floor":6},{"not_picked":["Disarm","Warcry"],"picked":"Sword Boomerang","floor":7},{"not_picked":["Clothesline","Cleave"],"picked":"Sword Boomerang","floor":7},{"not_picked":["Pummel","True Grit"],"picked":"Inflame","floor":11},{"not_picked":["Dark Embrace","Shockwave"],"picked":"Seeing Red","floor":11},{"not_picked":["Dual Wield","Evolve"],"picked":"Armaments","floor":13},{"not_picked":["Headbutt","Clothesline"],"picked":"Sentinel","floor":13},{"not_picked":["Uppercut","Havoc"],"picked":"Twin Strike","floor":14},{"not_picked":["Carnage","Disarm"],"picked":"Warcry","floor":14},{"not_picked":["Reaper","Berserk"],"picked":"Limit Break","floor":16},{"not_picked":["Uppercut","Clothesline"],"picked":"Armaments","floor":18},{"not_picked":["Entrench","Warcry"],"picked":"Thunderclap","floor":18},{"not_picked":["Clothesline","Evolve"],"picked":"Anger+1","floor":20},{"not_picked":["Twin Strike","Havoc+1"],"picked":"Iron Wave","floor":20},{"not_picked":["Fiend Fire","Sentinel"],"picked":"Body Slam","floor":21},{"not_picked":["Reckless Charge","Anger"],"picked":"Bloodletting","floor":21},{"not_picked":["Havoc+1","Thunderclap"],"picked":"Warcry","floor":22},{"not_picked":["Sever Soul","Fiend Fire"],"picked":"Iron Wave","floor":22},{"not_picked":["Fire Breathing","Sword Boomerang+1"],"picked":"True Grit","floor":28},{"not_picked":["Havoc","Intimidate"],"picked":"Heavy Blade","floor":28},{"not_picked":["Armaments","Evolve"],"picked":"Power Through","floor":30}],"player_experience":538454,"relics_obtained":[{"floor":6,"key":"Du-Vu Doll"},{"floor":17,"key":"Potion Belt"},{"floor":17,"key":"HollowMod:LifeEnderRelic"},{"floor":17,"key":"Girya"},{"floor":26,"key":"Nunchaku"},{"floor":30,"key":"Calipers"},{"floor":30,"key":"Paper Frog"}],"event_choices":[{"cards_removed":["Strike_R"],"damage_healed":0,"gold_gain":0,"player_choice":"Purged","damage_taken":0,"max_hp_gain":0,"max_hp_loss":0,"event_name":"Purifier","floor":3,"gold_loss":0},{"damage_healed":0,"gold_gain":0,"player_choice":"Take Wound","damage_taken":0,"relics_obtained":["Golden Idol"],"max_hp_gain":0,"max_hp_loss":0,"event_name":"Golden Idol","floor":10,"gold_loss":0,"cards_obtained":["Injury"]},{"damage_healed":0,"gold_gain":0,"player_choice":"Gave Idol","damage_taken":0,"relics_obtained":["Bloody Idol"],"max_hp_gain":0,"max_hp_loss":0,"event_name":"Forgotten Altar","floor":19,"relics_lost":["Golden Idol"],"gold_loss":0},{"damage_healed":24,"gold_gain":0,"player_choice":"Heal","damage_taken":0,"max_hp_gain":0,"max_hp_loss":0,"event_name":"The Library","floor":25,"gold_loss":0},{"damage_healed":0,"gold_gain":0,"player_choice":"Fight","damage_taken":0,"max_hp_gain":0,"max_hp_loss":0,"event_name":"Colosseum","floor":30,"gold_loss":0},{"damage_healed":0,"gold_gain":0,"player_choice":"Fought Nobs","damage_taken":0,"max_hp_gain":0,"max_hp_loss":0,"event_name":"Colosseum","floor":30,"gold_loss":0}],"is_beta":false,"boss_relics":[{"not_picked":["Runic Dome","Tiny House"],"picked":"Calling Bell"}],"items_purged_floors":[],"is_endless":false,"potions_floor_spawned":[2,6,7,11,20,22,30],"killed_by":"Slavers","ascension_level":0}}