{"host":"kdt6w7ix8lwe69i9","time":1612545534,"event":{"mods":["100% Spire Juice","BaseMod","ChefMod","Evolution","Minty Spire (QoL Compilation)","Poor People Problems","Reimu（博丽灵梦）","Robot Space Explorer","Shade Mod","StSLib","The Druid","The Gatherer","TheSurvivalist"],"gold_per_floor":[115,80,80,100,118,118,18,33,33,33,33,52,95,111,111,237,237,256,277,295,265,25,25,38,54,54,78,78,119,119,119],"floor_reached":30,"language":"ENG","playtime":3049,"items_purged":[],"score":277,"play_id":"41552c35-c124-47d7-8357-04cf26cb16f0","local_time":"20210205121854","is_ascension_mode":false,"campfire_choices":[{"data":"theDruid:Guidance","floor":6,"key":"SMITH"},{"data":"theDruid:FuriousSlash","floor":11,"key":"SMITH"},{"floor":15,"key":"REST"},{"data":"theDruid:FeralPlants","floor":23,"key":"SMITH"},{"floor":28,"key":"REST"}],"circlet_count":0,"master_deck":["theDruid:Strike_O","theDruid:Strike_O","theDruid:Strike_O","theDruid:Strike_O","theDruid:Defend_O","theDruid:Defend_O","theDruid:Defend_O","theDruid:Defend_O","theDruid:BriarArmor","theDruid:WildSlash","theDruid:ThornStrike","Injury","theDruid:FelineGrace","theDruid:Guidance+1","theDruid:FeralPlants+1","theDruid:FuriousSlash+1","theDruid:Gore","theDruid:TakeShelter","theDruid:Untamed","theDruid:FuriousSlash","theDruid:IronbarkArmor+1","CurseOfTheBell","theDruid:Stampede","theDruid:ThickHide","theDruid:Eclipse","theDruid:Guidance","theDruid:TwinStars+1","theDruid:BrambleLash"],"relics":["theDruid:CrownOfTheWilds","EVO:Axolotl","Golden Idol","Frozen Egg 2","GremlinMask","Bottled Lightning","Calling Bell","Strawberry","The Courier","Ginger","Bird Faced Urn","InkBottle","Potion Belt"],"acts_visited":["Exordium","TheCity"],"potions_floor_usage":[16,16,16,24,24,25,29],"damage_taken":[{"damage":0,"enemies":"2 Louse","floor":1,"turns":3},{"damage":6,"enemies":"Jaw Worm","floor":4,"turns":4},{"damage":0,"enemies":"Cultist","floor":5,"turns":3},{"damage":9,"enemies":"Looter","floor":8,"turns":3},{"damage":17,"enemies":"Red Slaver","floor":12,"turns":4},{"damage":25,"enemies":"3 Sentries","floor":13,"turns":11},{"damage":0,"enemies":"Exordium Thugs","floor":14,"turns":3},{"damage":32,"enemies":"The Guardian","floor":16,"turns":12},{"damage":5,"enemies":"Shell Parasite","floor":18,"turns":5},{"damage":8,"enemies":"Chosen","floor":19,"turns":6},{"damage":31,"enemies":"Snake Plant","floor":20,"turns":5},{"damage":28,"enemies":"3 Cultists","floor":24,"turns":5},{"damage":14,"enemies":"Centurion and Healer","floor":25,"turns":9},{"damage":62,"enemies":"Slavers","floor":29,"turns":6},{"damage":15,"enemies":"Colosseum Slavers","floor":30,"turns":1}],"seed_played":"-5934742205504612935","potions_obtained":[{"floor":4,"key":"SteroidPotion"},{"floor":12,"key":"Dexterity Potion"},{"floor":14,"key":"Weak Potion"},{"floor":19,"key":"ZuzhouPotion:ReiMu"},{"floor":20,"key":"Explosive Potion"},{"floor":21,"key":"LiquidMemories"},{"floor":21,"key":"Fire Potion"},{"floor":25,"key":"Strength Potion"}],"is_trial":false,"path_per_floor":["M","?","?","M","M","R","$","M","T","?","R","M","E","M","R","B",null,"M","M","M","?","$","R","M","M","T","T","R","E","?"],"character_chosen":"DRUID","items_purchased":["theDruid:FeralPlants","theDruid:FuriousSlash","Bird Faced Urn"],"campfire_rested":2,"item_purchase_floors":[7,7,22],"current_hp_per_floor":[71,92,92,86,86,86,86,77,77,77,77,60,38,38,65,33,99,94,86,55,55,55,55,31,27,27,27,56,1,0,0],"gold":119,"neow_bonus":"TWENTY_PERCENT_HP_BONUS","is_daily":false,"chose_seed":false,"campfire_upgraded":3,"win_rate":0.0,"timestamp":1612545534,"path_taken":["M","?","?","M","M","R","$","M","T","?","R","M","E","M","R","BOSS","M","?","M","?","$","R","?","M","T","?","R","E","?"],"items_purchased_type":["Card","Card","Relic"],"build_version":"2020-12-22","purchased_purges":0,"victory":false,"max_hp_per_floor":[92,92,92,92,92,92,92,92,92,92,92,92,92,92,92,92,99,99,99,99,99,99,99,99,99,99,99,99,99,99,99],"card_choices":[{"not_picked":["theDruid:BlessedStrike","theDruid:Guidance"],"picked":"theDruid:ThornStrike","floor":1},{"not_picked":["theDruid:Pathfinder","theDruid:TakeShelter"],"picked":"theDruid:FelineGrace","floor":4},{"not_picked":["theDruid:WildArmor","theDruid:BloodiedFur"],"picked":"theDruid:Guidance","floor":5},{"not_picked":["theDruid:BagofTricks","theDruid:Resourcefulness"],"picked":"theDruid:Gore","floor":8},{"not_picked":["theDruid:FuriousSlash","theDruid:WildFrenzy"],"picked":"theDruid:TakeShelter","floor":12},{"not_picked":["theDruid:Impale","theDruid:FelineGrace"],"picked":"theDruid:Untamed","floor":13},{"not_picked":["theDruid:Forage","theDruid:ThornStrike"],"picked":"theDruid:FuriousSlash","floor":14},{"not_picked":["theDruid:SpiritCall","theDruid:HailofThorns"],"picked":"theDruid:IronbarkArmor+1","floor":16},{"not_picked":["theDruid:Moonbeam","theDruid:TwilightsCall"],"picked":"theDruid:Stampede","floor":18},{"not_picked":["theDruid:Starfall","theDruid:Resupply"],"picked":"theDruid:ThickHide","floor":19},{"not_picked":["theDruid:FuriousSlash","theDruid:TakeShelter"],"picked":"theDruid:Eclipse","floor":20},{"not_picked":["theDruid:FelineGrace","theDruid:Resupply"],"picked":"theDruid:Guidance","floor":24},{"not_picked":["theDruid:Guidance+1","theDruid:IronClaw"],"picked":"theDruid:TwinStars+1","floor":25},{"not_picked":["theDruid:Thornburst","theDruid:BlessedStrike"],"picked":"theDruid:BrambleLash","floor":29}],"player_experience":1287321,"relics_obtained":[{"floor":9,"key":"Frozen Egg 2"},{"floor":13,"key":"Bottled Lightning"},{"floor":17,"key":"Strawberry"},{"floor":17,"key":"The Courier"},{"floor":17,"key":"Ginger"},{"floor":26,"key":"InkBottle"},{"floor":29,"key":"Potion Belt"}],"event_choices":[{"damage_healed":23,"gold_gain":0,"player_choice":"Healed","damage_taken":0,"max_hp_gain":0,"max_hp_loss":0,"event_name":"The Cleric","floor":2,"gold_loss":35},{"damage_healed":0,"gold_gain":0,"player_choice":"Take Wound","damage_taken":0,"relics_obtained":["Golden Idol"],"max_hp_gain":0,"max_hp_loss":0,"event_name":"Golden Idol","floor":3,"gold_loss":0,"cards_obtained":["Injury"]},{"damage_healed":0,"gold_gain":0,"player_choice":"Trade","damage_taken":0,"relics_obtained":["GremlinMask"],"max_hp_gain":0,"max_hp_loss":0,"event_name":"FaceTrader","floor":10,"gold_loss":0},{"damage_healed":0,"gold_gain":0,"player_choice":"Bought 2 Potions","damage_taken":0,"max_hp_gain":0,"max_hp_loss":0,"event_name":"The Woman in Blue","floor":21,"gold_loss":0},{"damage_healed":0,"gold_gain":0,"player_choice":"Fight","damage_taken":0,"max_hp_gain":0,"max_hp_loss":0,"event_name":"Colosseum","floor":30,"gold_loss":0}],"is_beta":false,"boss_relics":[{"not_picked":["Fusion Hammer","Busted Crown"],"picked":"Calling Bell"}],"items_purged_floors":[],"is_endless":false,"potions_floor_spawned":[4,12,14,16,19,20,25],"killed_by":"Colosseum Slavers","ascension_level":0}}