{"host":"usru02jcpe2a942d","time":1612511324,"event":{"mods":["ATMod(°¢èªMod)","Act Like it!","BaseMod","Better Note","Better Vampires","Challenge The Spire","Colored Powertips","Friendly Minions","GifTheSpireLib","Highlight Path","Hubris","Infinite Spire","Jedi Mod","Minty Spire (QoL Compilation)","MostiFishMod","Pale of the Ancients","Quick Restart","Relic Stats","RumiaBox-Â¶Ã×æ«µÄÉñÃØºÐ×Ó","StSLib","Warlord Emblem","[IsaacMod]ÒÔÈö¼âËþ","noobMod","¡¾ÒÅÎï¿¨ÅÆ¡¿REMEMod","óô»ðÖ¸ÄÏ"],"gold_per_floor":[225,245,245,16,27,27,62,62,62,92,105,119,119,19,19,115,115,132,152,152,167,167,196,206,206,206,232,232,232],"floor_reached":28,"language":"ZHS","playtime":1604,"items_purged":["WarlordEmblem:RuneStrike","WarlordEmblem:Defend_DK"],"score":316,"play_id":"6e0ac8da-af1d-460b-be67-95192068bdd0","local_time":"20210205154844","is_ascension_mode":false,"campfire_choices":[{"data":"AT_FamilyPortrait","floor":6.0,"key":"SMITH"},{"data":"WarlordEmblem:DeathGateway","floor":13.0,"key":"SMITH"},{"data":"WarlordEmblem:RuneInspire","floor":15.0,"key":"SMITH"}],"circlet_count":0,"master_deck":["WarlordEmblem:RuneStrike","WarlordEmblem:RuneStrike","WarlordEmblem:RuneStrike","WarlordEmblem:Defend_DK","WarlordEmblem:Defend_DK+1","WarlordEmblem:Defend_DK","WarlordEmblem:RuneDefend","WarlordEmblem:RuneHeavyStrike","AT_FamilyPortrait+1","WarlordEmblem:DeathGateway+1","WarlordEmblem:RuneRecover","WarlordEmblem:RuneRecast+1","WarlordEmblem:RuneInspire+1","WarlordEmblem:HungeringCold","WarlordEmblem:NoLightShield+1","WarlordEmblem:HungeringCold","WarlordEmblem:ForceDeflexion+1","infinitespire:FutureSight","Decay"],"relics":["WarlordEmblem:RuneSword","WarlordEmblem:BloodRealm","DaveBox","ice","REME_ComplimentaryCards","AT_ATBox","HushsDoor","ImprovedEquipment","AT_Kusabimaru","BloodBag","SynthV:TestCard","InkBottle","Nunchaku","Toolbox","infinitespire:BottledMercury","REME_LimitBreaker","AT_SunfireAegis","MagicMushroom","WarlordEmblem:DK_Ghoul","MealTicket","PillsDrop","MagicDraw3"],"acts_visited":["Exordium","TheCity"],"potions_floor_usage":[],"damage_taken":[{"damage":0.0,"enemies":"Jaw Worm","floor":1.0,"turns":3.0},{"damage":47.0,"enemies":"Hiden Room Battle","floor":2.0,"turns":5.0},{"damage":0.0,"enemies":"Cultist","floor":5.0,"turns":2.0},{"damage":9.0,"enemies":"Lagavulin","floor":7.0,"turns":7.0},{"damage":5.0,"enemies":"3 Sentries","floor":10.0,"turns":7.0},{"damage":0.0,"enemies":"2 Louse","floor":11.0,"turns":1.0},{"damage":0.0,"enemies":"Blue Slaver","floor":12.0,"turns":4.0},{"damage":6.0,"enemies":"Hexaghost","floor":16.0,"turns":7.0},{"damage":0.0,"enemies":"Spheric Guardian","floor":18.0,"turns":3.0},{"damage":0.0,"enemies":"Shell Parasite","floor":19.0,"turns":3.0},{"damage":12.0,"enemies":"Shelled Parasite and Fungi","floor":21.0,"turns":4.0},{"damage":0.0,"enemies":"Nightmare","floor":23.0,"turns":6.0},{"damage":0.0,"enemies":"Centurion and Healer","floor":24.0,"turns":3.0},{"damage":0.0,"enemies":"Slavers","floor":27.0,"turns":3.0},{"damage":0,"enemies":"3 Cultists","floor":28,"turns":1}],"seed_played":"-366027767061206644","potions_obtained":[{"floor":2.0,"key":"jedi:tentaclejuice"},{"floor":7.0,"key":"Explosive Potion"},{"floor":10.0,"key":"DuplicationPotion"},{"floor":12.0,"key":"AttackPotion"}],"is_trial":false,"path_per_floor":["M","?","?","$","M","R","E","?","T","E","M","M","R","$","R","B",null,"M","M","?","M","?","NM","M","?","T","E","M"],"character_chosen":"DeathKnight","items_purchased":["Toolbox"],"campfire_rested":0,"item_purchase_floors":[4],"current_hp_per_floor":[62,75,75,75,75,75,70,54,54,49,49,51,51,51,51,47,89,89,89,89,79,64,73,79,79,79,80,-999907,-999907],"gold":232,"neow_bonus":"ONE_RARE_RELIC","is_daily":false,"chose_seed":false,"campfire_upgraded":3,"win_rate":0.0,"timestamp":1612511324,"path_taken":["M","?","?","$","M","R","E","?","T","E","M","?","R","?","R","BOSS","M","M","?","M","?","NM","M","?","T","E","?"],"items_purchased_type":["Relic"],"build_version":"2020-12-22","purchased_purges":2,"victory":false,"max_hp_per_floor":[79,80,80,80,80,80,82,82,82,82,82,82,82,82,82,82,89,89,89,89,89,89,89,92,92,92,92,92,92],"relic_stats":{"Nunchaku":[7],"counters":[15,59],"MealTicket":0,"obtain_stats":[{"KeepersGift":0,"infinitespire:BottledMercury":7,"AT_ATBox":0,"DaveBox":0,"WarlordEmblem:RuneSword":0,"ImprovedEquipment":0,"ice":0,"REME_LimitBreaker":9,"BloodBag":0,"MagicDraw3":27,"WarlordEmblem:DK_Ghoul":22,"Nunchaku":2,"AT_Kusabimaru":0,"SynthV:TestCard":1,"PillsDrop":26,"Toolbox":4,"MagicMushroom":17,"MealTicket":23,"WarlordEmblem:BloodRealm":0,"AT_SunfireAegis":10,"HushsDoor":0,"InkBottle":2,"REME_ComplimentaryCards":0,"BloodDonationMachine":0},{"KeepersGift":0,"infinitespire:BottledMercury":4,"AT_ATBox":0,"DaveBox":0,"WarlordEmblem:RuneSword":0,"ImprovedEquipment":0,"ice":0,"REME_LimitBreaker":4,"BloodBag":0,"MagicDraw3":14,"WarlordEmblem:DK_Ghoul":11,"Nunchaku":2,"AT_Kusabimaru":0,"SynthV:TestCard":1,"PillsDrop":13,"Toolbox":2,"MagicMushroom":8,"MealTicket":12,"WarlordEmblem:BloodRealm":0,"AT_SunfireAegis":5,"HushsDoor":0,"InkBottle":2,"REME_ComplimentaryCards":0,"BloodDonationMachine":0},{"KeepersGift":0,"infinitespire:BottledMercury":17,"AT_ATBox":0,"DaveBox":0,"WarlordEmblem:RuneSword":0,"ImprovedEquipment":0,"ice":0,"REME_LimitBreaker":17,"BloodBag":0,"MagicDraw3":58,"WarlordEmblem:DK_Ghoul":46,"Nunchaku":8,"AT_Kusabimaru":0,"SynthV:TestCard":3,"PillsDrop":55,"Toolbox":8,"MagicMushroom":36,"MealTicket":52,"WarlordEmblem:BloodRealm":0,"AT_SunfireAegis":24,"HushsDoor":0,"InkBottle":8,"REME_ComplimentaryCards":0,"BloodDonationMachine":0}],"InkBottle":[25]},"card_choices":[{"not_picked":["WarlordEmblem:RuneDiffer","WarlordEmblem:RuneFocus"],"picked":"WarlordEmblem:DeathGateway","floor":1.0},{"not_picked":["WarlordEmblem:VoidStrike","WarlordEmblem:FrozenWill","WarlordEmblem:DeathCoil","WarlordEmblem:DiseaseCloud"],"picked":"Bomb","floor":2.0},{"not_picked":["WarlordEmblem:DeathGateway","WarlordEmblem:LichkingWraith","WarlordEmblem:Execute","WarlordEmblem:VoidStrike"],"picked":"WarlordEmblem:RuneRecover","floor":5.0},{"not_picked":["WarlordEmblem:WinterHorn","WarlordEmblem:EvilSee","WarlordEmblem:LichkingWraith","WarlordEmblem:SwordWave"],"picked":"WarlordEmblem:RuneRecast","floor":7.0},{"not_picked":["WarlordEmblem:DeathGateway","WarlordEmblem:RuneRecover","WarlordEmblem:DeathWither","WarlordEmblem:Annihilation","WarlordEmblem:EvilPower"],"picked":"SKIP","floor":10.0},{"not_picked":["WarlordEmblem:RuneRegen","WarlordEmblem:DeathCoil","WarlordEmblem:VoidStrike","WarlordEmblem:FrostbiteStrike","WarlordEmblem:EvilSee"],"picked":"SKIP","floor":11.0},{"not_picked":["WarlordEmblem:Infect","WarlordEmblem:DeathStrike","WarlordEmblem:BodyStrike","WarlordEmblem:WindStrike"],"picked":"WarlordEmblem:RuneInspire","floor":12.0},{"not_picked":["WarlordEmblem:BloodBoiling","WarlordEmblem:RealmRider","WarlordEmblem:GhostStrike","WarlordEmblem:Hanging"],"picked":"WarlordEmblem:HungeringCold","floor":16.0},{"not_picked":["WarlordEmblem:RuneRecover+1","WarlordEmblem:HeartStrike","WarlordEmblem:DeathCoil","WarlordEmblem:Execute"],"picked":"WarlordEmblem:NoLightShield+1","floor":18.0},{"not_picked":["WarlordEmblem:Execute","WarlordEmblem:RuneInspire","WarlordEmblem:BodyStrike","WarlordEmblem:Withstand","WarlordEmblem:Potential+1"],"picked":"SKIP","floor":19.0},{"not_picked":["WarlordEmblem:FrozenDeath","WarlordEmblem:FrostbiteStrike","WarlordEmblem:Withstand","WarlordEmblem:Annihilation"],"picked":"WarlordEmblem:ForceDeflexion+1","floor":21.0},{"not_picked":["infinitespire:Gouge","infinitespire:FinalStrike"],"picked":"infinitespire:FutureSight","floor":23.0},{"not_picked":["WarlordEmblem:Potential","WarlordEmblem:CurseBlade","WarlordEmblem:RuneDiffer","WarlordEmblem:Execute","WarlordEmblem:VoidStrike+1"],"picked":"SKIP","floor":23.0},{"not_picked":["WarlordEmblem:RuneIndex","WarlordEmblem:FrostbiteStrike+1","WarlordEmblem:RuneFocus","WarlordEmblem:BlackCommand","WarlordEmblem:EvilPower"],"picked":"SKIP","floor":24.0},{"not_picked":["WarlordEmblem:RuneExplode+1","WarlordEmblem:RuneIndex","WarlordEmblem:FrozenDeath","WarlordEmblem:BodyStrike+1","WarlordEmblem:Infect"],"picked":"SKIP","floor":27.0}],"player_experience":243291,"relics_obtained":[{"floor":1.0,"key":"SynthV:TestCard"},{"floor":2.0,"key":"InkBottle"},{"floor":2.0,"key":"Nunchaku"},{"floor":7.0,"key":"infinitespire:BottledMercury"},{"floor":9.0,"key":"REME_LimitBreaker"},{"floor":10.0,"key":"AT_SunfireAegis"},{"floor":23.0,"key":"MealTicket"},{"floor":26.0,"key":"PillsDrop"},{"floor":27.0,"key":"MagicDraw3"}],"event_choices":[{"damage_healed":0.0,"max_hp_gain":0.0,"max_hp_loss":0.0,"gold_gain":0.0,"event_name":"HidenRoomEvent","player_choice":"Fight","floor":2.0,"gold_loss":0.0,"damage_taken":0.0},{"damage_healed":0.0,"max_hp_gain":0.0,"max_hp_loss":0.0,"gold_gain":0.0,"event_name":"Shining Light","player_choice":"Entered Light","floor":8.0,"gold_loss":0.0,"damage_taken":16.0,"cards_upgraded":["WarlordEmblem:RuneRecast","WarlordEmblem:Defend_DK"]},{"damage_healed":0.0,"max_hp_gain":0.0,"max_hp_loss":0.0,"gold_gain":0.0,"event_name":"Wheel of Change","player_choice":"Cursed","floor":25.0,"gold_loss":0.0,"damage_taken":0.0,"cards_obtained":["Decay"]}],"is_beta":false,"boss_relics":[{"not_picked":["EE1DDrone","Runic Pyramid"],"picked":"MagicMushroom"},{"not_picked":[]}],"items_purged_floors":[4,14],"is_endless":false,"potions_floor_spawned":[2,7,10,12,16,19,27],"killed_by":"3 Cultists","ascension_level":0}}