{"host":"ftf7rwqr5w72pdsx","time":1612493270,"event":{"mods":["BaseMod","Bestiary","Minty Spire (QoL Compilation)","Relic Stats","Slay the Relics Exporter"],"gold_per_floor":[115,115,290,290,290,321,333,333,333,353,353,56,73,102,102,202,202,217,102,115,126,126,126,126],"floor_reached":23,"language":"ENG","playtime":701,"items_purged":["Doubt"],"score":372,"play_id":"909e5a59-f3c3-4a55-ad23-293a3eb1d7c8","local_time":"20210204204750","is_ascension_mode":true,"campfire_choices":[{"data":"Inflame","floor":8,"key":"SMITH"},{"data":"Armaments","floor":11,"key":"SMITH"},{"data":"Berserk","floor":15,"key":"SMITH"}],"circlet_count":0,"master_deck":["AscendersBane","Strike_R","Strike_R","Strike_R","Strike_R","Strike_R","Defend_R","Defend_R","Defend_R+1","Defend_R","Bash+1","Wild Strike+1","Rampage","Reckless Charge","Inflame+1","Fiend Fire","Armaments+1","Metallicize","Feel No Pain","Berserk+1","Ghostly Armor","Reaper","True Grit","Barricade","Whirlwind","True Grit+1","Entrench","Body Slam","Iron Wave","Flame Barrier","Fire Breathing+1","Fiend Fire","Fire Breathing+1","Shrug It Off+1","Second Wind"],"relics":["Burning Blood","NeowsBlessing","The Courier","Prayer Wheel","Mummified Hand","Blue Candle","Sozu","Orrery"],"acts_visited":["Exordium","TheCity"],"potions_floor_usage":[],"damage_taken":[{"damage":0,"enemies":"Cultist","floor":1,"turns":1},{"damage":0,"enemies":"3 Sentries","floor":6,"turns":2},{"damage":0,"enemies":"Small Slimes","floor":7,"turns":1},{"damage":7,"enemies":"Jaw Worm","floor":10,"turns":3},{"damage":6,"enemies":"Looter","floor":13,"turns":2},{"damage":23,"enemies":"Gremlin Nob","floor":14,"turns":4},{"damage":31,"enemies":"Hexaghost","floor":16,"turns":11},{"damage":16,"enemies":"Chosen","floor":18,"turns":7},{"damage":25,"enemies":"Spheric Guardian","floor":20,"turns":6},{"damage":17,"enemies":"Snecko","floor":21,"turns":6},{"damage":18,"enemies":"Book of Stabbing","floor":23,"turns":3}],"seed_played":"7904852509985467067","potions_obtained":[{"floor":13,"key":"ElixirPotion"},{"floor":14,"key":"SpeedPotion"},{"floor":16,"key":"SkillPotion"}],"is_trial":false,"path_per_floor":["M","?","?","?","T","E","M","R","T","M","R","$","M","E","R","B",null,"M","$","M","M","?","E"],"character_chosen":"IRONCLAD","items_purchased":["Metallicize","Feel No Pain","Berserk","Orrery"],"campfire_rested":0,"item_purchase_floors":[12,12,12,19],"current_hp_per_floor":[78,78,78,62,62,68,74,74,74,73,73,73,73,56,56,41,70,60,60,41,30,15,0,0],"gold":126,"neow_bonus":"THREE_ENEMY_KILL","is_daily":false,"chose_seed":false,"campfire_upgraded":3,"win_rate":0.0,"timestamp":1612493270,"path_taken":["M","?","?","?","?","E","M","R","T","M","R","$","M","E","R","BOSS","M","$","M","M","?","E"],"items_purchased_type":["Card","Card","Card","Relic"],"build_version":"2020-12-22","purchased_purges":1,"victory":false,"max_hp_per_floor":[80,80,80,80,80,80,80,80,80,80,80,80,80,80,80,80,80,80,80,80,80,85,85,85],"relic_stats":{"Sozu":1,"counters":[11,46],"Mummified Hand":[36],"Blue Candle":[0],"Prayer Wheel":6,"obtain_stats":[{"Sozu":17,"NeowsBlessing":0,"Mummified Hand":9,"Blue Candle":14,"Orrery":19,"Prayer Wheel":6,"The Courier":5,"Burning Blood":0},{"Sozu":7,"NeowsBlessing":0,"Mummified Hand":3,"Blue Candle":6,"Orrery":8,"Prayer Wheel":2,"The Courier":1,"Burning Blood":0},{"Sozu":24,"NeowsBlessing":0,"Mummified Hand":4,"Blue Candle":13,"Orrery":31,"Prayer Wheel":3,"The Courier":1,"Burning Blood":0}],"Burning Blood":60},"card_choices":[{"not_picked":["Thunderclap","Entrench"],"picked":"Wild Strike","floor":1},{"not_picked":["Dual Wield","Armaments"],"picked":"Rampage","floor":6},{"not_picked":["Flex","Dropkick"],"picked":"Reckless Charge","floor":7},{"not_picked":["Reckless Charge","Dual Wield"],"picked":"Inflame","floor":7},{"not_picked":["Iron Wave","Flex"],"picked":"Fiend Fire","floor":10},{"not_picked":["Rage","Havoc"],"picked":"Armaments","floor":10},{"not_picked":["Iron Wave","Heavy Blade"],"picked":"Ghostly Armor","floor":13},{"not_picked":["Armaments","Pommel Strike"],"picked":"Reaper","floor":13},{"not_picked":["Clothesline","Heavy Blade"],"picked":"True Grit","floor":14},{"not_picked":["Juggernaut","Fiend Fire"],"picked":"Barricade","floor":16},{"not_picked":["Heavy Blade+1","Havoc"],"picked":"Whirlwind","floor":18},{"not_picked":["Cleave","Pummel+1"],"picked":"True Grit+1","floor":18},{"not_picked":["Body Slam","Whirlwind"],"picked":"Entrench","floor":19},{"not_picked":["Headbutt","Pummel"],"picked":"Body Slam","floor":19},{"not_picked":["Flex+1","Anger"],"picked":"Iron Wave","floor":19},{"not_picked":["Combust","Carnage"],"picked":"Flame Barrier","floor":19},{"not_picked":["Hemokinesis","Havoc+1"],"picked":"Fire Breathing+1","floor":19},{"not_picked":["Whirlwind+1","Iron Wave+1"],"picked":"Fiend Fire","floor":20},{"not_picked":["Searing Blow","True Grit"],"picked":"Fire Breathing+1","floor":20},{"not_picked":["Warcry","Heavy Blade"],"picked":"Shrug It Off+1","floor":21},{"not_picked":["Heavy Blade","True Grit"],"picked":"Second Wind","floor":21}],"player_experience":803543,"relics_obtained":[{"floor":5,"key":"The Courier"},{"floor":6,"key":"Prayer Wheel"},{"floor":9,"key":"Mummified Hand"},{"floor":14,"key":"Blue Candle"}],"event_choices":[{"damage_healed":0,"gold_gain":0,"player_choice":"Grow","damage_taken":0,"max_hp_gain":0,"max_hp_loss":0,"event_name":"Living Wall","floor":2,"gold_loss":0,"cards_upgraded":["Wild Strike"]},{"damage_healed":0,"gold_gain":175,"player_choice":"AGREE","damage_taken":0,"max_hp_gain":0,"max_hp_loss":0,"event_name":"Liars Game","floor":3,"gold_loss":0,"cards_obtained":["Doubt"]},{"damage_healed":0,"gold_gain":0,"player_choice":"Entered Light","damage_taken":16,"max_hp_gain":0,"max_hp_loss":0,"event_name":"Shining Light","floor":4,"gold_loss":0,"cards_upgraded":["Bash","Defend_R"]},{"damage_healed":0,"gold_gain":0,"player_choice":"Shed Blood","damage_taken":20,"max_hp_gain":5,"max_hp_loss":0,"event_name":"Forgotten Altar","floor":22,"gold_loss":0}],"is_beta":false,"boss_relics":[{"not_picked":["Ectoplasm","Calling Bell"],"picked":"Sozu"}],"items_purged_floors":[12],"is_endless":false,"potions_floor_spawned":[13,14,16,18,20],"killed_by":"Book of Stabbing","ascension_level":11}}