{"host":"8i4doyxqctgl5qb0","time":1612483818,"event":{"mods":["AchievementEnabler","BaseMod","Block Reminder","Colored Powertips","Downfall","Minty Spire (QoL Compilation)","Permanent Neow","Potion Indicator Mod","Rare Cards Sparkle","StSLib","SuperFastMode","The Jungle"],"gold_per_floor":[118,118,118,133,146,146,180,180,206,206,206,222,222,222,222,326,326,339,69,84,84,102,129,129,228,228,241,241,261,261,261,261,364,364,381,397,397,9,29,29,48,48,48,75,75,0,19,119,119,119],"floor_reached":51,"language":"ZHS","playtime":1689,"items_purged":["Writhe"],"score":1047,"play_id":"c5e12219-526b-4acb-971c-f630334c47c2","local_time":"20210205081018","is_ascension_mode":true,"campfire_choices":[{"data":"Backflip","floor":6.0,"key":"SMITH"},{"floor":8.0,"key":"REST"},{"data":"Envenom","floor":10.0,"key":"SMITH"},{"data":"Survivor","floor":13.0,"key":"SMITH"},{"data":"Caltrops","floor":15.0,"key":"SMITH"},{"floor":24.0,"key":"REST"},{"data":"Adrenaline","floor":28.0,"key":"SMITH"},{"data":"Deflect","floor":30.0,"key":"SMITH"},{"data":"Leg Sweep","floor":32.0,"key":"SMITH"},{"data":"Bullet Time","floor":40.0,"key":"SMITH"},{"data":"Bullet Time","floor":45,"key":"SMITH"},{"data":"Backflip","floor":49,"key":"SMITH"}],"circlet_count":0,"master_deck":["AscendersBane","Strike_G","Strike_G","Strike_G","Defend_G","Defend_G","Defend_G","Defend_G","Survivor+1","Neutralize+1","Poisoned Stab","Backflip+1","Envenom+1","Caltrops+1","Adrenaline+1","Dagger Spray+1","Deadly Poison","Poisoned Stab+1","Leg Sweep+1","Deflect+1","Deadly Poison","Envenom","Footwork+1","Backflip+1","Envenom","Bullet Time+1","Crippling Poison","Deflect+1","Bullet Time+1","Footwork+1"],"relics":["Ring of the Serpent","Centennial Puzzle","Orichalcum","Pen Nib","Question Card","SacredBark","Eternal Feather","Pear","Unceasing Top","Ninja Scroll","OrangePellets","Incense Burner","Bottled Tornado","Red Mask"],"acts_visited":["Exordium","TheCity","TheBeyond"],"potions_floor_usage":[44,44,47],"damage_taken":[{"damage":6.0,"enemies":"2 Louse","floor":1.0,"turns":3.0},{"damage":0.0,"enemies":"Small Slimes","floor":4.0,"turns":6.0},{"damage":0.0,"enemies":"Cultist","floor":5.0,"turns":3.0},{"damage":18.0,"enemies":"3 Sentries","floor":7.0,"turns":13.0},{"damage":0.0,"enemies":"2 Fungi Beasts","floor":12.0,"turns":4.0},{"damage":23.0,"enemies":"The Guardian","floor":16.0,"turns":10.0},{"damage":13.0,"enemies":"Spheric Guardian","floor":18.0,"turns":6.0},{"damage":1.0,"enemies":"3 Byrds","floor":20.0,"turns":3.0},{"damage":5.0,"enemies":"Snake Plant","floor":22.0,"turns":4.0},{"damage":29.0,"enemies":"Gremlin Leader","floor":23.0,"turns":6.0},{"damage":14.0,"enemies":"Chosen and Byrds","floor":27.0,"turns":6.0},{"damage":3.0,"enemies":"Centurion and Healer","floor":29.0,"turns":6.0},{"damage":64.0,"enemies":"Collector","floor":33.0,"turns":11.0},{"damage":19.0,"enemies":"3 Shapes","floor":35.0,"turns":7.0},{"damage":0.0,"enemies":"Orb Walker","floor":36.0,"turns":3.0},{"damage":4.0,"enemies":"3 Darklings","floor":39.0,"turns":6.0},{"damage":23.0,"enemies":"Spire Growth","floor":41.0,"turns":6.0},{"damage":41,"enemies":"Giant Head","floor":44,"turns":11},{"damage":8,"enemies":"Jaw Worm Horde","floor":47,"turns":4},{"damage":67,"enemies":"Time Eater","floor":50,"turns":17}],"seed_played":"9002075277044511423","potions_obtained":[{"floor":1.0,"key":"Swift Potion"},{"floor":4.0,"key":"Poison Potion"},{"floor":16.0,"key":"GamblersBrew"},{"floor":22.0,"key":"LiquidBronze"},{"floor":29.0,"key":"SkillPotion"},{"floor":35.0,"key":"Strength Potion"},{"floor":36.0,"key":"FearPotion"},{"floor":41.0,"key":"Regen Potion"},{"floor":44,"key":"SpeedPotion"}],"is_trial":false,"path_per_floor":["M","?","?","M","M","R","E","R","T","R","?","M","R","T","R","B",null,"M","$","M","?","M","E","R","?","T","M","R","M","R","?","R","B",null,"M","M","?","$","M","R","M","$","T","E","R","?","M","?","R","B",null],"character_chosen":"THE_SILENT","items_purchased":["Eternal Feather","Deadly Poison","OrangePellets","Bullet Time"],"campfire_rested":2,"item_purchase_floors":[19,19,38,38],"current_hp_per_floor":[57,50,50,50,50,50,32,53,53,53,53,53,53,53,53,30,60,47,47,46,56,51,22,58,58,58,44,56,53,65,65,77,13,63,44,44,44,44,40,55,32,32,32,46,61,61,53,53,71,4],"gold":119,"neow_bonus":"RANDOM_COMMON_RELIC","is_daily":false,"chose_seed":false,"campfire_upgraded":10,"win_rate":0.0,"timestamp":1612483818,"path_taken":["M","?","?","M","?","R","E","R","T","R","?","M","R","?","R","BOSS","M","$","M","?","M","E","R","?","T","M","R","M","R","?","R","BOSS","M","M","?","?","M","R","M","$","T","E","R","?","?","?","R","BOSS"],"items_purchased_type":["Relic","Card","Relic","Card"],"build_version":"2020-12-22","purchased_purges":1,"victory":true,"max_hp_per_floor":[70,70,70,70,70,70,70,70,70,70,70,70,70,70,70,70,70,70,70,70,80,80,80,80,80,80,80,80,80,80,80,80,80,80,80,80,80,80,80,80,80,80,80,80,80,80,80,80,80,80],"card_choices":[{"not_picked":["Reflex","Accuracy","All Out Attack"],"picked":"SKIP","floor":1.0},{"not_picked":["Outmaneuver","Slice"],"picked":"Poisoned Stab","floor":4.0},{"not_picked":["Underhanded Strike","Deflect"],"picked":"Backflip","floor":5.0},{"not_picked":["Underhanded Strike","Cloak And Dagger"],"picked":"Envenom","floor":7.0},{"not_picked":["Dagger Throw","Accuracy"],"picked":"Caltrops","floor":12.0},{"not_picked":["Envenom","Unload","Phantasmal Killer"],"picked":"Adrenaline","floor":16.0},{"not_picked":["Riddle With Holes","Poisoned Stab","All Out Attack"],"picked":"Dagger Spray+1","floor":18.0},{"not_picked":["Backstab","Quick Slash","Slice"],"picked":"Poisoned Stab+1","floor":20.0},{"not_picked":["Crippling Poison","Heel Hook+1","Deflect"],"picked":"Leg Sweep","floor":22.0},{"not_picked":["Blade Dance+1","Terror","Acrobatics"],"picked":"Deflect","floor":23.0},{"not_picked":["Flying Knee","Backstab","Prepared","Outmaneuver+1"],"picked":"SKIP","floor":27.0},{"not_picked":["Blade Dance","Prepared","Choke+1"],"picked":"Deadly Poison","floor":29.0},{"not_picked":["Die Die Die","Storm of Steel","Glass Knife"],"picked":"Envenom","floor":33.0},{"not_picked":["Outmaneuver","Backflip+1","Riddle With Holes"],"picked":"Footwork+1","floor":35.0},{"not_picked":["Cloak And Dagger+1","Quick Slash+1","Calculated Gamble+1"],"picked":"Backflip","floor":36.0},{"not_picked":["Backflip","Blade Dance+1","Expertise"],"picked":"Crippling Poison","floor":39.0},{"not_picked":["Riddle With Holes+1","Bane","Prepared+1"],"picked":"Deflect+1","floor":41.0},{"not_picked":["Dodge and Roll+1","Deflect","Noxious Fumes"],"picked":"Bullet Time","floor":44},{"not_picked":["PiercingWail","Deflect","Eviscerate+1"],"picked":"Footwork+1","floor":47}],"player_experience":274429,"relics_obtained":[{"floor":7.0,"key":"Orichalcum"},{"floor":9.0,"key":"Pen Nib"},{"floor":14.0,"key":"Question Card"},{"floor":23.0,"key":"Unceasing Top"},{"floor":26.0,"key":"Ninja Scroll"},{"floor":43.0,"key":"Incense Burner"},{"floor":44,"key":"Bottled Tornado"}],"event_choices":[{"cards_removed":["Strike_G"],"damage_healed":0.0,"max_hp_gain":0.0,"max_hp_loss":0.0,"gold_gain":0.0,"event_name":"Golden Wing","player_choice":"Card Removal","floor":2.0,"gold_loss":0.0,"damage_taken":7.0},{"cards_removed":["Defend_G"],"damage_healed":0.0,"max_hp_gain":0.0,"max_hp_loss":0.0,"gold_gain":0.0,"event_name":"Purifier","player_choice":"Purged","floor":3.0,"gold_loss":0.0,"damage_taken":0.0},{"damage_healed":0.0,"max_hp_gain":0.0,"max_hp_loss":0.0,"gold_gain":0.0,"event_name":"Living Wall","player_choice":"Grow","floor":11.0,"gold_loss":0.0,"damage_taken":0.0,"cards_upgraded":["Neutralize"]},{"damage_healed":0.0,"max_hp_gain":0.0,"max_hp_loss":0.0,"gold_gain":0.0,"event_name":"The Mausoleum","player_choice":"Opened","floor":21.0,"gold_loss":0.0,"damage_taken":0.0,"relics_obtained":["Pear"],"cards_obtained":["Writhe"]},{"damage_healed":0.0,"max_hp_gain":0.0,"max_hp_loss":0.0,"gold_gain":99.0,"event_name":"Nest","player_choice":"Stole From Cult","floor":25.0,"gold_loss":0.0,"damage_taken":0.0},{"damage_healed":0.0,"max_hp_gain":0.0,"max_hp_loss":0.0,"gold_gain":0.0,"event_name":"Cursed Tome","player_choice":"Ignored","floor":31.0,"gold_loss":0.0,"damage_taken":0.0},{"damage_healed":0.0,"max_hp_gain":0.0,"max_hp_loss":0.0,"gold_gain":0.0,"cards_transformed":["Strike_G"],"event_name":"Transmorgrifier","player_choice":"Transformed","floor":37.0,"gold_loss":0.0,"damage_taken":0.0,"cards_obtained":["Envenom"]},{"damage_healed":0,"gold_gain":0,"player_choice":"Paid","damage_taken":0,"relics_obtained":["Red Mask"],"max_hp_gain":0,"max_hp_loss":0,"event_name":"Tomb of Lord Red Mask","floor":46,"gold_loss":75},{"damage_healed":0,"gold_gain":100,"player_choice":"Pray","damage_taken":0,"max_hp_gain":0,"max_hp_loss":0,"event_name":"Golden Shrine","floor":48,"gold_loss":0}],"is_beta":false,"boss_relics":[{"not_picked":["Busted Crown","SlaversCollar"],"picked":"SacredBark"},{"not_picked":["HoveringKite","Sozu"],"picked":"Ring of the Serpent"}],"items_purged_floors":[38],"is_endless":false,"potions_floor_spawned":[1,4,16,18,22,29,35,36,41,44],"ascension_level":11}}