{"host":"ke6y67jksn1m64jb","time":1612537011,"event":{"mods":["BaseMod","Downfall","Lobotomy","LobotomyExtend","Minty Spire (QoL Compilation)","Replay The Spire","StSLib"],"gold_per_floor":[99,112,112,131,151,51,51,84,101,112,194,94,94,109,120,120,120,120],"floor_reached":16,"language":"ZHS","playtime":1058,"items_purged":[],"score":104,"play_id":"4b28fdf0-9517-4c35-9df2-93426fa585f4","local_time":"20210205225651","is_ascension_mode":false,"campfire_choices":[{"floor":1,"key":"RECALL"},{"data":"hexamod:ExtraCrispy","floor":6,"key":"SMITH"},{"data":"hexamod:SpectersWail","floor":12,"key":"SMITH"}],"circlet_count":0,"master_deck":["hexamod:Strike","hexamod:Strike","hexamod:Strike","hexamod:Defend","hexamod:Defend","hexamod:Defend","hexamod:Defend","hexamod:Sear","hexamod:Float","hexamod:SpectersWail","Pain","hexamod:NightmareGuise","hexamod:ExtraCrispy+1","hexamod:SpectersWail+1","hexamod:GhostflameBarrier","hexamod:BurningTouch","hexamod:NightmareStrike"],"relics":["hexamod:SpiritBrand","LetterFromLob","WarpedTongs","downfall:HeartBlessingRed","Replay:Wax Seal","Bottled Flame","BranchBurnRelic","downfall:HeartBlessingGreen"],"acts_visited":["Exordium"],"potions_floor_usage":[16],"damage_taken":[{"damage":0,"enemies":"Cultist","floor":2,"turns":3},{"damage":6,"enemies":"Small Slimes","floor":4,"turns":3},{"damage":4,"enemies":"Jaw Worm","floor":5,"turns":6},{"damage":19,"enemies":"3 Sentries","floor":8,"turns":9},{"damage":1,"enemies":"2 Fungi Beasts","floor":9,"turns":2},{"damage":8,"enemies":"Gremlin Gang","floor":10,"turns":3},{"damage":3,"enemies":"Blue Slaver","floor":14,"turns":5},{"damage":9,"enemies":"Large Slime","floor":15,"turns":6},{"damage":48,"enemies":"downfall:NeowBossFinal","floor":16,"turns":5}],"seed_played":"-2775945701062044211","potions_obtained":[{"floor":2,"key":"Fire Potion"},{"floor":4,"key":"Milkshake"},{"floor":9,"key":"Fire Potion"}],"is_trial":false,"path_per_floor":["R","M","?","M","M","R","T","E","M","M","T","R","?","M","M","B"],"character_chosen":"THE_SPIRIT","items_purchased":[],"campfire_rested":0,"item_purchase_floors":[],"current_hp_per_floor":[77,77,77,71,67,67,67,48,47,39,39,39,39,51,42,0,0,0],"gold":120,"neow_bonus":"TEN_PERCENT_HP_BONUS","is_daily":false,"chose_seed":false,"campfire_upgraded":2,"win_rate":0.0,"timestamp":1612537011,"path_taken":["R","M","?","M","?","R","T","E","M","M","?","R","?","?","M","BOSS"],"items_purchased_type":[],"build_version":"2020-12-22","purchased_purges":0,"victory":false,"max_hp_per_floor":[77,77,77,77,77,77,77,77,77,77,77,77,77,77,77,77,77,77],"card_choices":[{"not_picked":["hexamod:PhantomCloak","hexamod:BurningTouch"],"picked":"hexamod:SpectersWail","floor":2},{"not_picked":["hexamod:RainOfEmbers","hexamod:NightmareStrike"],"picked":"hexamod:NightmareGuise","floor":4},{"not_picked":["hexamod:SkipABeat","hexamod:GhostLash"],"picked":"hexamod:ExtraCrispy","floor":5},{"not_picked":["hexamod:InspiringFlames","hexamod:NecessarySacrifice"],"picked":"hexamod:SpectersWail","floor":8},{"not_picked":["hexamod:SpectersWail","hexamod:BacktrackSmack"],"picked":"hexamod:GhostflameBarrier","floor":9},{"not_picked":["hexamod:SpectersWail","hexamod:SkipABeat"],"picked":"hexamod:BurningTouch","floor":10},{"not_picked":["hexamod:GhostOfSpirePast","hexamod:PhantomCloak","hexamod:SecondSeal"],"picked":"SKIP","floor":14},{"not_picked":["hexamod:HauntingEcho","hexamod:CatchUp"],"picked":"hexamod:NightmareStrike","floor":15}],"player_experience":263549,"relics_obtained":[{"floor":2,"key":"LetterFromLob"},{"floor":7,"key":"Replay:Wax Seal"},{"floor":8,"key":"Dead Branch"},{"floor":11,"key":"Bottled Flame"}],"event_choices":[{"damage_healed":0,"gold_gain":0,"player_choice":"Rummage","damage_taken":0,"relics_obtained":["WarpedTongs"],"max_hp_gain":0,"max_hp_loss":0,"event_name":"Accursed Blacksmith","floor":3,"gold_loss":0,"cards_obtained":["Pain"]}],"is_beta":false,"boss_relics":[],"items_purged_floors":[],"is_endless":false,"potions_floor_spawned":[2,4,9],"killed_by":"downfall:NeowBossFinal","ascension_level":0}}