{"host":"v9ordiuf4xzdpttp","time":1612501662,"event":{"mods":["AchievementEnabler","Act Like it!","Aspiration","BaseMod","Better Third Choice","Better Vampires","BetterRewards","CCEM2","Colored Map","Gold Saver","Halation","Hubris","Infinite Spire","Jedi Mod","Marked Mod","Minty Spire (QoL Compilation)","Reliquary","Remove Card Discount Mod","Replay The Spire","Shop Mod","Spicy Shops","StSLib"],"gold_per_floor":[334,351,451,466,265,265,276,39,39,51,51,67,67,85,156,156,156],"floor_reached":16,"language":"ENG","playtime":730,"items_purged":[],"score":94,"play_id":"cf8e20e6-2aa8-4af0-a9da-5f0b6dcea24c","local_time":"20210205000742","is_ascension_mode":false,"campfire_choices":[{"floor":11,"key":"REST"},{"floor":13,"key":"REST"}],"circlet_count":0,"master_deck":["infinitespire:Starlight+1","Strike_R","Strike_R","Strike_R","Strike_R","Strike_R","Defend_R","Defend_R","Defend_R","Defend_R","Replay:Undeath\u0027s Touch","Armaments","ReplayTheSpireMod:Muscle Training","Combust","Discovery","jedi:fear","Perfected Strike","Combust","Uppercut","ReplayTheSpireMod:Corrosion Curse","Pommel Strike","ReplayTheSpireMod:LeadingStrike","Rupture","Intimidate","Anger"],"relics":["Burning Blood"],"acts_visited":["Exordium"],"potions_floor_usage":[12,12,16],"damage_taken":[{"damage":10,"enemies":"Small Slimes","floor":1,"turns":5},{"damage":1,"enemies":"Cultist","floor":2,"turns":3},{"damage":1,"enemies":"2 Louse","floor":4,"turns":4},{"damage":15,"enemies":"2 Fungi Beasts","floor":7,"turns":3},{"damage":49,"enemies":"Exordium Thugs","floor":10,"turns":5},{"damage":11,"enemies":"Large Slime","floor":12,"turns":5},{"damage":20,"enemies":"Lots of Slimes","floor":14,"turns":3},{"damage":86,"enemies":"Slime Boss","floor":16,"turns":6}],"seed_played":"-1235897997589283677","potions_obtained":[{"floor":1,"key":"FearPotion"},{"floor":10,"key":"SkillPotion"},{"floor":12,"key":"jedi:hoardpotion"}],"is_trial":false,"path_per_floor":["M","M","?","M","$","?","M","$","T","M","R","M","R","M","R_BF","B"],"character_chosen":"IRONCLAD","items_purchased":["Combust","Discovery","jedi:fear","Combust","Uppercut","ReplayTheSpireMod:Corrosion Curse"],"campfire_rested":2,"item_purchase_floors":[5,5,5,8,8,8],"current_hp_per_floor":[80,80,80,80,80,80,71,71,71,28,52,62,80,66,66,0,0],"gold":156,"neow_bonus":"REMOVE_CARD","is_daily":false,"chose_seed":false,"campfire_upgraded":0,"win_rate":0.0,"timestamp":1612501662,"path_taken":["M","M","?","?","$","?","M","$","T","M","R","M","R","M","R_BF","BOSS"],"items_purchased_type":["Card","Card","Card","Card","Card","Card"],"build_version":"2020-12-22","purchased_purges":0,"victory":false,"max_hp_per_floor":[80,80,80,80,80,80,80,80,80,80,80,80,80,80,80,80,80],"card_choices":[{"not_picked":["Headbutt","Blood for Blood"],"picked":"Replay:Undeath\u0027s Touch","floor":1},{"not_picked":["Second Wind","Body Slam"],"picked":"Armaments","floor":2},{"not_picked":["Headbutt","Body Slam"],"picked":"ReplayTheSpireMod:Muscle Training","floor":4},{"not_picked":["Evolve","hubris:CleavingFinish"],"picked":"Perfected Strike","floor":7},{"not_picked":["Perfected Strike","Flex"],"picked":"Pommel Strike","floor":10},{"not_picked":["Headbutt","True Grit"],"picked":"Anger","floor":14}],"player_experience":267126,"relics_obtained":[],"event_choices":[{"damage_healed":0,"gold_gain":100,"player_choice":"Pray","damage_taken":0,"max_hp_gain":0,"max_hp_loss":0,"event_name":"Golden Shrine","floor":3,"gold_loss":0}],"is_beta":false,"boss_relics":[],"items_purged_floors":[],"is_endless":false,"potions_floor_spawned":[1,10,12],"killed_by":"Slime Boss","ascension_level":0}}