{"host":"7f01flv6y0vhl3vt","time":1612543477,"event":{"mods":["Act Like it!","BaseMod","Downfall","Minty Spire (QoL Compilation)","StSLib"],"gold_per_floor":[99,99,99,99,99,115,115,134,147,166,166,179,192,192,207,207,207,207],"floor_reached":16,"language":"ENG","playtime":2311,"items_purged":[],"score":99,"play_id":"93e0c458-16c4-4fc8-8b79-9d1698a5b3ce","local_time":"20210205114437","is_ascension_mode":true,"campfire_choices":[{"floor":1,"key":"RECALL"}],"circlet_count":0,"master_deck":["Guardian:Strike_Guardian","Guardian:Strike_Guardian","Guardian:Strike_Guardian","Guardian:Strike_Guardian+1","Guardian:Defend_Guardian+1","Guardian:Defend_Guardian","Guardian:Defend_Guardian","Guardian:CurlUp+1","Guardian:TwinSlam+1","Guardian:Gem_Crimson","Guardian:Recover","Guardian:Gem_Lightblue","Guardian:StasisStrike","Guardian:Gem_Blue","Guardian:Repulse","Guardian:DecasProtection","Guardian:DecasProtection","Guardian:Gem_Lightblue","downfall:Malfunctioning","Guardian:Emergency"],"relics":["Guardian:ModeShifter","downfall:HeartsMalice"],"acts_visited":["Exordium"],"potions_floor_usage":[10,12,13,13],"damage_taken":[{"damage":0,"enemies":"Small Slimes","floor":2,"turns":1},{"damage":0,"enemies":"Cultist","floor":3,"turns":1},{"damage":0,"enemies":"Jaw Worm","floor":5,"turns":1},{"damage":8,"enemies":"Lots of Slimes","floor":6,"turns":4},{"damage":6,"enemies":"2 Fungi Beasts","floor":8,"turns":4},{"damage":9,"enemies":"Blue Slaver","floor":9,"turns":4},{"damage":0,"enemies":"Exordium Wildlife","floor":10,"turns":4},{"damage":26,"enemies":"Exordium Thugs","floor":12,"turns":7},{"damage":12,"enemies":"Large Slime","floor":13,"turns":9},{"damage":16,"enemies":"Blue Slaver","floor":15,"turns":4},{"damage":29,"enemies":"IC_STATUS_ARCHETYPE","floor":16,"turns":4}],"seed_played":"8437128364721878116","potions_obtained":[{"floor":6,"key":"FearPotion"},{"floor":8,"key":"SkillPotion"},{"floor":9,"key":"Regen Potion"},{"floor":12,"key":"EssenceOfSteel"}],"is_trial":false,"path_per_floor":["R","M","M","?","M","M","T","M","M","M","?","M","M","?","M","B"],"character_chosen":"GUARDIAN","items_purchased":[],"campfire_rested":0,"item_purchase_floors":[],"current_hp_per_floor":[80,80,80,80,80,72,72,66,57,57,57,31,34,34,18,0,0,0],"gold":207,"neow_bonus":"THREE_ENEMY_KILL","is_daily":false,"chose_seed":false,"campfire_upgraded":0,"win_rate":0.0,"timestamp":1612543477,"path_taken":["R","M","M","?","M","M","T","M","?","M","?","M","?","?","M","BOSS"],"items_purchased_type":[],"build_version":"2020-12-22","purchased_purges":0,"victory":false,"max_hp_per_floor":[80,80,80,80,80,80,80,80,80,80,80,80,80,80,80,80,80,80],"card_choices":[{"not_picked":["Guardian:Gem_Green","Guardian:Suspension"],"picked":"Guardian:Gem_Crimson","floor":2},{"not_picked":["Guardian:PrimingBeam","Guardian:TemporalShield"],"picked":"Guardian:Recover","floor":3},{"not_picked":["Guardian:ShieldCharger","Guardian:Gem_Cyan"],"picked":"Guardian:Gem_Lightblue","floor":5},{"not_picked":["Guardian:Recover","Guardian:ShieldCharger"],"picked":"Guardian:StasisStrike","floor":6},{"not_picked":["Guardian:Gem_Green","Guardian:Reroute"],"picked":"Guardian:Gem_Blue","floor":8},{"not_picked":["Guardian:GuardianWhirl","Guardian:ChargeCore"],"picked":"Guardian:Repulse","floor":9},{"not_picked":["Guardian:RollAttack","Guardian:Planning"],"picked":"Guardian:DecasProtection","floor":10},{"not_picked":["Guardian:Gem_Yellow","Guardian:Gem_Green"],"picked":"Guardian:DecasProtection","floor":12},{"not_picked":["Guardian:PiercingHide","Guardian:CrystalBeam"],"picked":"Guardian:Gem_Lightblue","floor":13},{"not_picked":["Guardian:Gem_Green","Guardian:ChargeCore"],"picked":"Guardian:Emergency","floor":15}],"player_experience":1623648,"relics_obtained":[],"event_choices":[],"is_beta":false,"boss_relics":[],"items_purged_floors":[],"is_endless":false,"potions_floor_spawned":[6,8,9,12],"killed_by":"IC_STATUS_ARCHETYPE","ascension_level":1}}