{"host":"7rmsgc3rayi00cdt","time":1612546889,"event":{"mods":["BaseMod","Minty Spire (QoL Compilation)"],"gold_per_floor":[211,227,227,227,238,238,268,268,291,326,326,337,364,377,377,475,475,487,505,505,437,454,454,454],"floor_reached":23,"language":"ENG","playtime":981,"items_purged":[],"score":264,"play_id":"f3057a3d-fb10-4630-9c41-0ec52f5e938e","local_time":"20210205174129","is_ascension_mode":true,"campfire_choices":[{"data":"Metallicize","floor":6,"key":"SMITH"},{"floor":8,"key":"REST"},{"data":"Shrug It Off","floor":15,"key":"SMITH"}],"circlet_count":0,"master_deck":["Strike_R+1","Strike_R","Strike_R","Strike_R","Strike_R","Defend_R","Defend_R","Defend_R","Defend_R+1","Bash","Metallicize+1","Wild Strike+1","Burning Pact","Shrug It Off+1","Spot Weakness","Warcry","Reaper","Rampage","Fire Breathing"],"relics":["Burning Blood","Pen Nib","PreservedInsect","Bottled Lightning","Vajra","Regal Pillow","Runic Cube"],"acts_visited":["Exordium","TheCity"],"potions_floor_usage":[7,16,18,19,22,23,23],"damage_taken":[{"damage":1,"enemies":"Cultist","floor":1,"turns":3},{"damage":0,"enemies":"Small Slimes","floor":2,"turns":3},{"damage":4,"enemies":"2 Louse","floor":5,"turns":3},{"damage":31,"enemies":"Lagavulin","floor":7,"turns":5},{"damage":10,"enemies":"Gremlin Nob","floor":10,"turns":3},{"damage":1,"enemies":"Blue Slaver","floor":12,"turns":3},{"damage":27,"enemies":"Lagavulin","floor":13,"turns":5},{"damage":13,"enemies":"Lots of Slimes","floor":14,"turns":4},{"damage":18,"enemies":"The Guardian","floor":16,"turns":14},{"damage":20,"enemies":"Chosen","floor":18,"turns":8},{"damage":25,"enemies":"3 Byrds","floor":19,"turns":6},{"damage":40,"enemies":"Sentry and Sphere","floor":22,"turns":7},{"damage":39,"enemies":"Slavers","floor":23,"turns":3}],"seed_played":"-6173002331000349409","potions_obtained":[{"floor":2,"key":"CultistPotion"},{"floor":5,"key":"AttackPotion"},{"floor":10,"key":"Regen Potion"},{"floor":12,"key":"ElixirPotion"},{"floor":16,"key":"Energy Potion"},{"floor":19,"key":"HeartOfIron"},{"floor":20,"key":"Fruit Juice"},{"floor":22,"key":"PowerPotion"}],"is_trial":false,"path_per_floor":["M","M","?","?","M","R","E","R","T","E","T","M","E","M","R","B",null,"M","M","?","$","M","E"],"character_chosen":"IRONCLAD","items_purchased":["Fire Breathing"],"campfire_rested":1,"item_purchase_floors":[21],"current_hp_per_floor":[80,80,80,64,66,66,41,65,65,61,61,66,45,38,38,41,70,61,54,54,54,30,0,0],"gold":454,"neow_bonus":"HUNDRED_GOLD","is_daily":false,"chose_seed":false,"campfire_upgraded":2,"win_rate":0.0,"timestamp":1612546889,"path_taken":["M","?","?","?","M","R","E","R","T","E","?","M","E","M","R","BOSS","M","?","?","$","?","E"],"items_purchased_type":["Card"],"build_version":"2020-12-22","purchased_purges":0,"victory":false,"max_hp_per_floor":[80,80,80,80,80,80,80,80,80,80,80,80,80,80,80,80,80,80,80,80,80,85,85,85],"card_choices":[{"not_picked":["Sword Boomerang","Clothesline"],"picked":"Metallicize","floor":1},{"not_picked":["Infernal Blade","Uppercut"],"picked":"Wild Strike","floor":2},{"not_picked":["Ghostly Armor","Wild Strike"],"picked":"Burning Pact","floor":5},{"not_picked":["Clash","Sentinel"],"picked":"Shrug It Off","floor":7},{"not_picked":["Perfected Strike","Armaments"],"picked":"Spot Weakness","floor":10},{"not_picked":["Carnage","Iron Wave","Flex"],"picked":"SKIP","floor":12},{"not_picked":["Barricade","Shrug It Off"],"picked":"Warcry","floor":13},{"not_picked":["Entrench","Heavy Blade","Rage"],"picked":"SKIP","floor":14},{"not_picked":["Juggernaut","Bludgeon"],"picked":"Reaper","floor":16},{"not_picked":["Shrug It Off","Body Slam"],"picked":"Rampage","floor":18},{"not_picked":["Cleave","Uppercut","Flex+1"],"picked":"SKIP","floor":19},{"not_picked":["Clash","Havoc","Armaments"],"picked":"SKIP","floor":22}],"player_experience":801113,"relics_obtained":[{"floor":7,"key":"Pen Nib"},{"floor":9,"key":"PreservedInsect"},{"floor":10,"key":"Bottled Lightning"},{"floor":11,"key":"Vajra"},{"floor":13,"key":"Regal Pillow"}],"event_choices":[{"damage_healed":0,"gold_gain":0,"player_choice":"Grow","damage_taken":0,"max_hp_gain":0,"max_hp_loss":0,"event_name":"Living Wall","floor":3,"gold_loss":0,"cards_upgraded":["Wild Strike"]},{"damage_healed":0,"gold_gain":0,"player_choice":"Entered Light","damage_taken":16,"max_hp_gain":0,"max_hp_loss":0,"event_name":"Shining Light","floor":4,"gold_loss":0,"cards_upgraded":["Defend_R","Strike_R"]},{"damage_healed":0,"gold_gain":0,"player_choice":"Got Potions","damage_taken":0,"max_hp_gain":0,"max_hp_loss":0,"event_name":"Lab","floor":20,"gold_loss":0}],"is_beta":false,"boss_relics":[{"not_picked":["Sozu","Pandora\u0027s Box"],"picked":"Runic Cube"}],"items_purged_floors":[],"is_endless":false,"potions_floor_spawned":[2,5,10,12,16,19,22],"killed_by":"Slavers","ascension_level":5}}