{"host":"q5twaoo3ngmfp14g","time":1612568591,"event":{"mods":["AchievementEnabler","BaseMod","Minty Spire (QoL Compilation)","Relic Stats","StSLib"],"gold_per_floor":[213,227,244,12,27,27,37,37,87,99,113,388,422,433,433,506,506,516,37,237,249,275,316,344,344,370,401,463,475,514,541,553,565,565],"floor_reached":33,"language":"ENG","playtime":4061,"items_purged":["Strike_B","Regret"],"score":557,"play_id":"91b5f67d-bc37-4924-9a05-73fc23c13014","local_time":"20210206004311","is_ascension_mode":true,"campfire_choices":[{"data":"Ball Lightning","floor":6.0,"key":"SMITH"},{"floor":8.0,"key":"REST"},{"data":"Doom and Gloom","floor":15.0,"key":"SMITH"},{"data":"Echo Form","floor":25.0,"key":"SMITH"},{"data":"Defragment","floor":29,"key":"SMITH"},{"data":"Reinforced Body","floor":32,"key":"SMITH"}],"circlet_count":0,"master_deck":["AscendersBane","Strike_B","Strike_B","Strike_B","Defend_B","Defend_B","Defend_B","Defend_B","Zap","Dualcast","Ball Lightning","Leap","Ball Lightning+1","Genetic Algorithm","Electrodynamics","Auto Shields","Reinforced Body+1","Static Discharge","Doom and Gloom+1","Echo Form+1","CurseOfTheBell","Defragment+1","Cold Snap","Coolheaded","Cold Snap","Turbo"],"relics":["Cracked Core","PreservedInsect","Toy Ornithopter","Eternal Feather","Calling Bell","Smiling Mask","Meat on the Bone","Gambling Chip","FossilizedHelix","Bag of Marbles","CeramicFish","MawBank"],"acts_visited":["Exordium","TheCity"],"potions_floor_usage":[27],"damage_taken":[{"damage":1.0,"enemies":"Cultist","floor":1.0,"turns":4.0},{"damage":7.0,"enemies":"2 Louse","floor":2.0,"turns":2.0},{"damage":7.0,"enemies":"Jaw Worm","floor":3.0,"turns":2.0},{"damage":13.0,"enemies":"Blue Slaver","floor":5.0,"turns":3.0},{"damage":14.0,"enemies":"Gremlin Gang","floor":7.0,"turns":5.0},{"damage":3.0,"enemies":"3 Louse","floor":10.0,"turns":2.0},{"damage":1.0,"enemies":"Exordium Wildlife","floor":11.0,"turns":3.0},{"damage":12.0,"enemies":"Lagavulin","floor":13.0,"turns":5.0},{"damage":2.0,"enemies":"Blue Slaver","floor":14.0,"turns":3.0},{"damage":41.0,"enemies":"Slime Boss","floor":16.0,"turns":7.0},{"damage":23.0,"enemies":"Chosen","floor":18.0,"turns":6.0},{"damage":11.0,"enemies":"2 Thieves","floor":21.0,"turns":2.0},{"damage":21.0,"enemies":"Slavers","floor":23.0,"turns":3.0},{"damage":16.0,"enemies":"Snake Plant","floor":24.0,"turns":5.0},{"damage":0,"enemies":"Cultist and Chosen","floor":27,"turns":4},{"damage":4,"enemies":"Chosen and Byrds","floor":30,"turns":4},{"damage":0,"enemies":"Snecko","floor":31,"turns":7},{"damage":103,"enemies":"Champ","floor":33,"turns":16}],"seed_played":"1355600033001456072","potions_obtained":[{"floor":2.0,"key":"SteroidPotion"},{"floor":7.0,"key":"BlessingOfTheForge"},{"floor":11.0,"key":"FocusPotion"},{"floor":13.0,"key":"PowerPotion"},{"floor":16.0,"key":"AttackPotion"},{"floor":23.0,"key":"SneckoOil"},{"floor":30,"key":"EssenceOfDarkness"}],"is_trial":false,"path_per_floor":["M","M","M","$","M","R","M","R","T","M","M","?","E","M","R","B",null,"M","$","?","M","T","E","M","R","T","M","?","R","M","M","R","B"],"character_chosen":"DEFECT","items_purchased":["PreservedInsect","FossilizedHelix","Defragment"],"campfire_rested":1,"item_purchase_floors":[4,19,19],"current_hp_per_floor":[63,56,49,49,36,36,22,43,43,40,39,39,27,25,37,1,54,43,43,43,37,37,33,29,41,41,46,46,61,57,57,71,0,0],"gold":565,"neow_bonus":"HUNDRED_GOLD","is_daily":false,"chose_seed":false,"campfire_upgraded":5,"win_rate":0.0,"timestamp":1612568591,"path_taken":["M","M","M","$","M","R","M","R","T","M","M","?","E","?","R","BOSS","M","$","?","?","?","E","M","R","T","M","?","R","?","M","R","BOSS"],"items_purchased_type":["Relic","Relic","Card"],"build_version":"2020-12-22","purchased_purges":2,"victory":false,"max_hp_per_floor":[71,71,71,71,71,71,71,71,71,71,71,71,71,71,71,71,71,71,71,71,71,71,71,71,71,71,71,71,71,71,71,71,71,71],"relic_stats":{"counters":[18,83],"Gambling Chip":[25],"CeramicFish":36,"Eternal Feather":53,"PreservedInsect":69,"Smiling Mask":50,"MawBank":84,"obtain_stats":[{"Calling Bell":17,"Gambling Chip":17,"CeramicFish":23,"Eternal Feather":13,"PreservedInsect":4,"Bag of Marbles":22,"Cracked Core":0,"Smiling Mask":17,"MawBank":26,"Toy Ornithopter":9,"FossilizedHelix":19,"Meat on the Bone":17},{"Calling Bell":10,"Gambling Chip":10,"CeramicFish":13,"Eternal Feather":8,"PreservedInsect":3,"Bag of Marbles":12,"Cracked Core":0,"Smiling Mask":10,"MawBank":14,"Toy Ornithopter":5,"FossilizedHelix":11,"Meat on the Bone":10},{"Calling Bell":36,"Gambling Chip":36,"CeramicFish":47,"Eternal Feather":26,"PreservedInsect":8,"Bag of Marbles":44,"Cracked Core":0,"Smiling Mask":36,"MawBank":52,"Toy Ornithopter":16,"FossilizedHelix":42,"Meat on the Bone":36}],"Toy Ornithopter":20,"Meat on the Bone":36},"card_choices":[{"not_picked":["Cold Snap","Redo"],"picked":"Ball Lightning","floor":1.0},{"not_picked":["Aggregate","Storm"],"picked":"Leap","floor":2.0},{"not_picked":["Conserve Battery","Sweeping Beam"],"picked":"Ball Lightning","floor":3.0},{"not_picked":["Hello World","Turbo"],"picked":"Genetic Algorithm","floor":5.0},{"not_picked":["Redo","Reprogram"],"picked":"Electrodynamics","floor":7.0},{"not_picked":["Hello World","Compile Driver"],"picked":"Auto Shields","floor":10.0},{"not_picked":["Static Discharge","Double Energy"],"picked":"Reinforced Body","floor":11.0},{"not_picked":["Amplify","Auto Shields"],"picked":"Static Discharge","floor":13.0},{"not_picked":["Barrage","Redo"],"picked":"Doom and Gloom","floor":14.0},{"not_picked":["Multi-Cast","Electrodynamics"],"picked":"Echo Form","floor":16.0},{"not_picked":["Gash","Hologram","Scrape"],"picked":"SKIP","floor":18.0},{"not_picked":["Streamline","FTL","Redo"],"picked":"SKIP","floor":21.0},{"not_picked":["Steam","Rebound"],"picked":"Cold Snap","floor":23.0},{"not_picked":["Hyperbeam","Steam"],"picked":"Coolheaded","floor":24.0},{"not_picked":["Stack+1","Darkness"],"picked":"Cold Snap","floor":27},{"not_picked":["Rip and Tear","Barrage"],"picked":"Turbo","floor":30},{"not_picked":["Rebound+1","Cold Snap","Heatsinks"],"picked":"SKIP","floor":31}],"player_experience":806930,"relics_obtained":[{"floor":9.0,"key":"Toy Ornithopter"},{"floor":13.0,"key":"Eternal Feather"},{"floor":17.0,"key":"Smiling Mask"},{"floor":17.0,"key":"Meat on the Bone"},{"floor":17.0,"key":"Gambling Chip"},{"floor":22.0,"key":"Bag of Marbles"},{"floor":23.0,"key":"CeramicFish"},{"floor":26.0,"key":"MawBank"}],"event_choices":[{"damage_healed":0.0,"max_hp_gain":0.0,"max_hp_loss":0.0,"gold_gain":275.0,"event_name":"Golden Shrine","player_choice":"Desecrate","floor":12.0,"gold_loss":0.0,"damage_taken":0.0,"cards_obtained":["Regret"]},{"damage_healed":0.0,"max_hp_gain":0.0,"max_hp_loss":0.0,"gold_gain":200.0,"event_name":"Wheel of Change","player_choice":"Gold","floor":20.0,"gold_loss":0.0,"damage_taken":0.0},{"damage_healed":0,"gold_gain":50,"player_choice":"Stole From Cult","damage_taken":0,"max_hp_gain":0,"max_hp_loss":0,"event_name":"Nest","floor":28,"gold_loss":0}],"is_beta":false,"boss_relics":[{"not_picked":["Velvet Choker","Runic Pyramid"],"picked":"Calling Bell"}],"items_purged_floors":[4,19],"is_endless":false,"potions_floor_spawned":[2,7,11,13,16,18,23,30],"killed_by":"Champ","ascension_level":19}}