{"host":"1qtz69m1v1299zsn","time":1612539903,"event":{"mods":["BaseMod","Colored Powertips","Downfall","Infinite Spire","Minty Spire (QoL Compilation)","Replay The Spire","StSLib"],"gold_per_floor":[111,45,65,78,95,95,108,108,155,174,192,210,227,227,227,332,332,352,370,88,104,120,120,120],"floor_reached":23,"language":"ENG","playtime":1084,"items_purged":["Strike_G"],"score":191,"play_id":"308f5898-e703-4eef-a75d-1e41e7842b9b","local_time":"20210205154503","is_ascension_mode":false,"campfire_choices":[{"data":"Poisoned Stab","floor":6,"key":"SMITH"},{"data":"Replay:Bag of Tricks","floor":8,"key":"SMITH"},{"data":"Deadly Poison","floor":15,"key":"SMITH"}],"circlet_count":0,"master_deck":["Strike_G+1","Strike_G+1","Strike_G","Strike_G","Defend_G","Defend_G","Defend_G","Defend_G","Defend_G","Survivor","Neutralize","Poisoned Stab+1","Slice","Replay:Bag of Tricks+1","Deadly Poison+1","Infinite Blades+1","Corpse Explosion","Flechettes+1","Slice","Dash","Outmaneuver","Jack Of All Trades","Catalyst","Bane"],"relics":["Ring of the Snake","Bag of Preparation","Replay:Accelerometer","Simple Rune","Snecko Scales"],"acts_visited":["Exordium","TheCity"],"potions_floor_usage":[12,16,16],"damage_taken":[{"damage":5,"enemies":"Jaw Worm","floor":1,"turns":7},{"damage":0,"enemies":"Cultist","floor":3,"turns":3},{"damage":0,"enemies":"Small Slimes","floor":4,"turns":2},{"damage":2,"enemies":"Blue Slaver","floor":5,"turns":4},{"damage":10,"enemies":"Exordium Thugs","floor":7,"turns":5},{"damage":5,"enemies":"Gremlin Gang","floor":10,"turns":3},{"damage":9,"enemies":"2 Fungi Beasts","floor":11,"turns":3},{"damage":1,"enemies":"Red Slaver","floor":12,"turns":2},{"damage":2,"enemies":"Blue Slaver","floor":13,"turns":3},{"damage":18,"enemies":"Hexaghost","floor":16,"turns":7},{"damage":14,"enemies":"2 Thieves","floor":18,"turns":3},{"damage":14,"enemies":"Spheric Guardian","floor":19,"turns":4},{"damage":14,"enemies":"Snake Plant","floor":21,"turns":4},{"damage":6,"enemies":"Snecko","floor":22,"turns":4},{"damage":0,"enemies":"Slavers","floor":23,"turns":1}],"seed_played":"-5395139056491953957","potions_obtained":[{"floor":5,"key":"DistilledChaos"},{"floor":10,"key":"SkillPotion"},{"floor":11,"key":"SneckoOil"},{"floor":12,"key":"GamblersBrew"},{"floor":18,"key":"SpeedPotion"}],"is_trial":false,"path_per_floor":["M","?","M","M","M","R","M","R","T","M","M","M","M","?","R","B",null,"M","M","$","M","M","E"],"character_chosen":"THE_SILENT","items_purchased":["Dash","Outmaneuver","Jack Of All Trades"],"campfire_rested":0,"item_purchase_floors":[20,20,20],"current_hp_per_floor":[65,65,65,65,63,63,53,53,53,48,39,38,36,36,36,18,70,56,42,42,28,22,22,22],"gold":120,"neow_bonus":"RANDOM_COMMON_RELIC","is_daily":false,"chose_seed":false,"campfire_upgraded":3,"win_rate":0.0,"timestamp":1612539903,"path_taken":["M","?","M","M","M","R","M","R","T","M","?","M","M","?","R","BOSS","M","?","$","M","?","E"],"items_purchased_type":["Card","Card","Card"],"build_version":"2020-12-22","purchased_purges":1,"victory":false,"max_hp_per_floor":[70,70,70,70,70,70,70,70,70,70,70,70,70,70,70,70,70,70,70,70,70,70,70,70],"card_choices":[{"not_picked":["Prepared","Dagger Throw"],"picked":"Poisoned Stab","floor":1},{"not_picked":["Quick Slash","Dagger Throw","Deflect"],"picked":"SKIP","floor":3},{"not_picked":["Deflect","Leg Sweep"],"picked":"Slice","floor":4},{"not_picked":["Underhanded Strike","Outmaneuver"],"picked":"Replay:Bag of Tricks","floor":5},{"not_picked":["Flying Knee","Prepared","Dagger Spray"],"picked":"SKIP","floor":7},{"not_picked":["Fluid Movement","Deflect"],"picked":"Deadly Poison","floor":10},{"not_picked":["Dodge and Roll","Flying Knee"],"picked":"Infinite Blades","floor":11},{"not_picked":["Bouncing Flask","Underhanded Strike","Dagger Throw"],"picked":"SKIP","floor":12},{"not_picked":["Infinite Blades","Draining Mist","Doppelganger"],"picked":"SKIP","floor":13},{"not_picked":["Storm of Steel","ReplayTheSpireMod:From All Sides"],"picked":"Corpse Explosion","floor":16},{"not_picked":["Prepared+1","PiercingWail"],"picked":"Flechettes+1","floor":18},{"not_picked":["Flying Knee","Dagger Throw+1"],"picked":"Slice","floor":19},{"not_picked":["Flying Knee","Distraction"],"picked":"Catalyst","floor":21},{"not_picked":["All Out Attack+1","Sucker Punch"],"picked":"Bane","floor":22}],"player_experience":60144,"relics_obtained":[{"floor":9,"key":"Simple Rune"}],"event_choices":[{"damage_healed":0,"gold_gain":0,"player_choice":"Paid Gold","damage_taken":0,"relics_obtained":["Replay:Accelerometer"],"max_hp_gain":0,"max_hp_loss":0,"event_name":"WeMeetAgain","floor":2,"gold_loss":66},{"damage_healed":0,"gold_gain":0,"player_choice":"Upgraded","damage_taken":0,"max_hp_gain":0,"max_hp_loss":0,"event_name":"Upgrade Shrine","floor":14,"gold_loss":0,"cards_upgraded":["Infinite Blades"]}],"is_beta":false,"boss_relics":[{"not_picked":["HoveringKite","Replay:Ancient Bell"],"picked":"Snecko Scales"}],"items_purged_floors":[20],"is_endless":false,"potions_floor_spawned":[5,10,11,12,18],"killed_by":"Slavers","ascension_level":0}}