{"host":"p9vmbvw2hh2n16dn","time":1612547502,"event":{"mods":["AchievementEnabler","BaseMod","Block Reminder","Minty Spire (QoL Compilation)","Relic Stats","SuperFastMode"],"gold_per_floor":[109,120,138,158,82,110,110,110,110,145,163,178,178,203,203,299,299,318,318,11,11,22,22,36,62,62,91,91,108,208,228,228,228,228],"floor_reached":33,"language":"ENG","playtime":1439,"items_purged":[],"score":640,"play_id":"011cfc7e-a0e2-449f-9d0a-8e66129a0d42","local_time":"20210205185142","is_ascension_mode":true,"campfire_choices":[{"floor":7.0,"key":"REST"},{"floor":13.0,"key":"REST"},{"data":"White Noise","floor":15.0,"key":"SMITH"},{"data":"Amplify","floor":28.0,"key":"SMITH"},{"data":"Capacitor","floor":32.0,"key":"SMITH"}],"circlet_count":0,"master_deck":["Strike_B","Strike_B","Defend_B","Defend_B","Defend_B","Defend_B","Zap","Dualcast","Hologram","White Noise+1","Leap","Core Surge","Ball Lightning","Ball Lightning","Cold Snap","Amplify+1","Conserve Battery","Biased Cognition","Capacitor+1","Rip and Tear","Consume+1"],"relics":["FrozenCore","Strawberry","Regal Pillow","Ornamental Fan","Incense Burner","Pen Nib","TungstenRod","Singing Bowl","Mummified Hand","Eternal Feather","StoneCalendar","Pear"],"acts_visited":["Exordium","TheCity"],"potions_floor_usage":[],"damage_taken":[{"damage":11.0,"enemies":"2 Louse","floor":1.0,"turns":3.0},{"damage":6.0,"enemies":"Cultist","floor":2.0,"turns":4.0},{"damage":11.0,"enemies":"Jaw Worm","floor":3.0,"turns":4.0},{"damage":8.0,"enemies":"Blue Slaver","floor":4.0,"turns":3.0},{"damage":27.0,"enemies":"Lagavulin","floor":6.0,"turns":8.0},{"damage":12.0,"enemies":"Gremlin Nob","floor":10.0,"turns":3.0},{"damage":16.0,"enemies":"Gremlin Gang","floor":11.0,"turns":5.0},{"damage":2.0,"enemies":"3 Louse","floor":12.0,"turns":3.0},{"damage":17.0,"enemies":"3 Sentries","floor":14.0,"turns":5.0},{"damage":41.0,"enemies":"Hexaghost","floor":16.0,"turns":12.0},{"damage":0.0,"enemies":"Spheric Guardian","floor":18.0,"turns":5.0},{"damage":4.0,"enemies":"Chosen","floor":22.0,"turns":5.0},{"damage":1.0,"enemies":"Shelled Parasite and Fungi","floor":24.0,"turns":5.0},{"damage":22.0,"enemies":"Slavers","floor":25.0,"turns":9.0},{"damage":25.0,"enemies":"Book of Stabbing","floor":27.0,"turns":8.0},{"damage":6.0,"enemies":"Snake Plant","floor":29.0,"turns":4.0},{"damage":19.0,"enemies":"Colosseum Slavers","floor":30.0,"turns":6.0},{"damage":6.0,"enemies":"Colosseum Nobs","floor":30.0,"turns":5.0},{"damage":5.0,"enemies":"Centurion and Healer","floor":31.0,"turns":7.0},{"damage":88,"enemies":"Collector","floor":33,"turns":7}],"seed_played":"-678295616598011968","potions_obtained":[{"floor":4.0,"key":"Swift Potion"},{"floor":8.0,"key":"CultistPotion"},{"floor":8.0,"key":"BlessingOfTheForge"},{"floor":10.0,"key":"SpeedPotion"},{"floor":11.0,"key":"Strength Potion"},{"floor":14.0,"key":"SkillPotion"},{"floor":22.0,"key":"FairyPotion"},{"floor":24.0,"key":"SmokeBomb"},{"floor":25.0,"key":"Regen Potion"},{"floor":29.0,"key":"Fruit Juice"},{"floor":31.0,"key":"Energy Potion"}],"is_trial":false,"path_per_floor":["M","M","M","M","$","E","R","?","T","E","M","M","R","E","R","B",null,"M","?","$","?","M","$","M","E","T","E","R","M","?","M","R","B"],"character_chosen":"DEFECT","items_purchased":["Core Surge","TungstenRod"],"campfire_rested":2,"item_purchase_floors":[5,20],"current_hp_per_floor":[64,58,47,39,39,12,51,51,51,39,23,21,60,43,43,2,62,62,62,62,62,58,58,57,35,35,27,39,40,27,24,36,0,0],"gold":228,"neow_bonus":"RANDOM_COMMON_RELIC","is_daily":false,"chose_seed":false,"campfire_upgraded":3,"win_rate":0.0,"timestamp":1612547502,"path_taken":["M","M","M","M","$","E","R","?","T","E","?","M","R","E","R","BOSS","M","?","$","?","M","$","M","E","T","E","R","M","?","M","R","BOSS"],"items_purchased_type":["Card","Relic"],"build_version":"2020-12-22","purchased_purges":0,"victory":false,"max_hp_per_floor":[82,82,82,82,82,82,82,82,82,82,82,82,82,82,82,82,82,82,82,82,82,82,82,82,82,82,84,84,91,103,105,105,105,105],"relic_stats":{"Regal Pillow":30,"Singing Bowl":8,"counters":[20,111],"Ornamental Fan":[56],"Mummified Hand":[20],"Eternal Feather":24,"StoneCalendar":[76],"Pen Nib":[10],"obtain_stats":[{"Regal Pillow":6,"Pear":30,"Singing Bowl":25,"Eternal Feather":27,"StoneCalendar":30,"Pen Nib":14,"Incense Burner":10,"FrozenCore":17,"Ornamental Fan":9,"Mummified Hand":26,"Strawberry":0,"Cracked Core":0,"TungstenRod":20},{"Regal Pillow":5,"Pear":18,"Singing Bowl":14,"Eternal Feather":15,"StoneCalendar":18,"Pen Nib":9,"Incense Burner":6,"FrozenCore":10,"Ornamental Fan":5,"Mummified Hand":14,"Strawberry":0,"Cracked Core":0,"TungstenRod":11},{"Regal Pillow":22,"Pear":97,"Singing Bowl":74,"Eternal Feather":82,"StoneCalendar":97,"Pen Nib":38,"Incense Burner":25,"FrozenCore":50,"Ornamental Fan":22,"Mummified Hand":74,"Strawberry":0,"Cracked Core":0,"TungstenRod":55}],"TungstenRod":25,"FrozenCore":[32]},"card_choices":[{"not_picked":["Gash","Double Energy"],"picked":"Hologram","floor":1.0},{"not_picked":["Redo","Compile Driver"],"picked":"White Noise","floor":2.0},{"not_picked":["Hello World","Recycle","Genetic Algorithm"],"picked":"SKIP","floor":3.0},{"not_picked":["Beam Cell","Static Discharge"],"picked":"Leap","floor":4.0},{"not_picked":["Redo","Barrage"],"picked":"Ball Lightning","floor":6.0},{"not_picked":["Reprogram","Hello World"],"picked":"Ball Lightning","floor":10.0},{"not_picked":["Ball Lightning","FTL"],"picked":"Cold Snap","floor":11.0},{"not_picked":["Sweeping Beam","Chaos"],"picked":"Amplify","floor":12.0},{"not_picked":["Streamline","Turbo"],"picked":"Conserve Battery","floor":14.0},{"not_picked":["All For One","Machine Learning"],"picked":"Biased Cognition","floor":16.0},{"not_picked":["Coolheaded","Aggregate","Darkness"],"picked":"SKIP","floor":18.0},{"not_picked":["Ball Lightning","Streamline","Darkness"],"picked":"SKIP","floor":22.0},{"not_picked":["Glacier","Beam Cell+1","Skim"],"picked":"SKIP","floor":24.0},{"not_picked":["Rainbow","Rip and Tear"],"picked":"Consume+1","floor":25.0},{"not_picked":["Cold Snap","Sweeping Beam","Leap+1"],"picked":"Singing Bowl","floor":27.0},{"not_picked":["Redo","Turbo+1","Beam Cell"],"picked":"Singing Bowl","floor":29.0},{"not_picked":["Aggregate","Gash+1","Turbo+1"],"picked":"Singing Bowl","floor":30.0},{"not_picked":["Go for the Eyes","Redo","Leap"],"picked":"Singing Bowl","floor":31.0}],"player_experience":306287,"relics_obtained":[{"floor":6.0,"key":"Regal Pillow"},{"floor":9.0,"key":"Ornamental Fan"},{"floor":10.0,"key":"Incense Burner"},{"floor":14.0,"key":"Pen Nib"},{"floor":25.0,"key":"Singing Bowl"},{"floor":26.0,"key":"Mummified Hand"},{"floor":27.0,"key":"Eternal Feather"},{"floor":30.0,"key":"StoneCalendar"},{"floor":30.0,"key":"Pear"}],"event_choices":[{"damage_healed":0.0,"max_hp_gain":0.0,"max_hp_loss":0.0,"gold_gain":0.0,"event_name":"Lab","player_choice":"Got Potions","floor":8.0,"gold_loss":0.0,"damage_taken":0.0},{"damage_healed":0.0,"max_hp_gain":0.0,"max_hp_loss":0.0,"gold_gain":0.0,"cards_transformed":["Strike_B","Strike_B"],"event_name":"Drug Dealer","player_choice":"Became Test Subject","floor":19.0,"gold_loss":0.0,"damage_taken":0.0,"cards_obtained":["Capacitor","Rip and Tear"]},{"damage_healed":0.0,"max_hp_gain":0.0,"max_hp_loss":0.0,"gold_gain":0.0,"event_name":"Ghosts","player_choice":"Ignored","floor":21.0,"gold_loss":0.0,"damage_taken":0.0},{"damage_healed":0.0,"max_hp_gain":0.0,"max_hp_loss":0.0,"gold_gain":0.0,"event_name":"Colosseum","player_choice":"Fight","floor":30.0,"gold_loss":0.0,"damage_taken":0.0},{"damage_healed":0.0,"max_hp_gain":0.0,"max_hp_loss":0.0,"gold_gain":0.0,"event_name":"Colosseum","player_choice":"Fought Nobs","floor":30.0,"gold_loss":0.0,"damage_taken":0.0}],"is_beta":false,"boss_relics":[{"not_picked":["Philosopher\u0027s Stone","Runic Pyramid"],"picked":"FrozenCore"}],"items_purged_floors":[],"is_endless":false,"potions_floor_spawned":[4,10,11,14,22,24,25,29,31],"killed_by":"Collector","ascension_level":9}}