{"host":"8o45mh5p3pp1o2mi","time":1612484034,"event":{"mods":["BaseMod","Bestiary","Better Match","Better Third Choice","BetterRewards","Dark Map","Downfall","Fox Events","Minty Spire (QoL Compilation)","Rare Cards Sparkle","Relic Stats","Replay The Spire","Shop Mod","Spire Exporter","StSLib","everything is the same but u backflip on backflip"],"gold_per_floor":[99,99,99,99,24,49,49,49,84,100,132,132,40,40,50,146,146,146,157,257,274,338,351,351,378,398,410,437,487,514,555,557,557,557],"floor_reached":32,"language":"ENG","playtime":2015,"items_purged":["downfall:Malfunctioning"],"score":377,"play_id":"d7af855c-236d-4ac9-8893-69ca95a34952","local_time":"20210205001354","is_ascension_mode":true,"campfire_choices":[{"data":"Slimebound:Gluttony","floor":8,"key":"SMITH"},{"data":"Slimebound:DouseInSlime","floor":12,"key":"SMITH"},{"floor":18,"key":"RECALL"}],"circlet_count":0,"master_deck":["Slimebound:Strike_Slimebound+1","Slimebound:Strike_Slimebound","Slimebound:Strike_Slimebound+1","Slimebound:Tackle","Slimebound:Defend_Slimebound","Slimebound:Defend_Slimebound+1","Slimebound:Split+1","Slimebound:CorrosiveSpit","Slimebound:Equalize","Slimebound:Gluttony+1","Slimebound:SplitMire","Slimebound:GoopSpray","Slimebound:DouseInSlime+1","Slimebound:RainOfGoop+1","Slimebound:MinionMaster+1","Slimebound:RollThrough","Slimebound:PressTheAttack","Slimebound:SlimeSlap","Slimebound:LeadByExample+1","Slimebound:Repurpose","Slimebound:ItLooksTasty+1","Slimebound:OozeBath","Slimebound:LeechingTouch","Slimebound:MassFeed"],"relics":["Slimebound:AbsorbEndCombat","downfall:HeartsMalice","Slimebound:AggressiveSlimeRelic","Frozen Egg 2","Bag of Preparation","HornCleat","Replay:Wax Seal","Painkiller Herb","downfall:CloakOfManyFaces","CultistMask","FaceOfCleric","NlothsMask","GremlinMask","SsserpentHead","Kunai","Replay:Bandana","War Paint"],"acts_visited":["Exordium","TheCity"],"potions_floor_usage":[9,13,13,16,22,25,26,31],"damage_taken":[{"damage":0,"enemies":"Jaw Worm","floor":3,"turns":1},{"damage":0,"enemies":"downfall:FleeingMerchant","floor":5,"turns":1},{"damage":0,"enemies":"Lagavulin","floor":6,"turns":1},{"damage":17,"enemies":"3 Sentries","floor":9,"turns":4},{"damage":0,"enemies":"Cultist","floor":10,"turns":3},{"damage":1,"enemies":"Replay:BlueRogue","floor":11,"turns":4},{"damage":0,"enemies":"downfall:FleeingMerchant","floor":13,"turns":4},{"damage":0,"enemies":"Small Slimes","floor":15,"turns":2},{"damage":4,"enemies":"IC_STATUS_ARCHETYPE","floor":16,"turns":4},{"damage":4,"enemies":"3 Byrds","floor":19,"turns":4},{"damage":12,"enemies":"downfall:FaceTrader","floor":20,"turns":5},{"damage":0,"enemies":"Snecko","floor":21,"turns":3},{"damage":16,"enemies":"Sentry and Sphere","floor":22,"turns":4},{"damage":3,"enemies":"Chosen and Byrds","floor":23,"turns":5},{"damage":28,"enemies":"Gremlin Leader","floor":25,"turns":4},{"damage":16,"enemies":"Centurion and Healer","floor":26,"turns":4},{"damage":16,"enemies":"Sentry and Sphere","floor":27,"turns":4},{"damage":20,"enemies":"Replay:Snechameleon","floor":28,"turns":4},{"damage":29,"enemies":"Shelled Parasite and Fungi","floor":30,"turns":4},{"damage":26,"enemies":"Gremlin Leader","floor":31,"turns":4},{"damage":26,"enemies":"Centurion and Healer","floor":32,"turns":1}],"seed_played":"2070121948914630138","potions_obtained":[{"floor":1,"key":"SkillPotion"},{"floor":1,"key":"Energy Potion"},{"floor":6,"key":"SkillPotion"},{"floor":9,"key":"Fire Potion"},{"floor":15,"key":"AttackPotion"},{"floor":16,"key":"Slimebound:SlimedPotion"},{"floor":19,"key":"FearPotion"},{"floor":28,"key":"Slimebound:ThreeZeroPotion"},{"floor":30,"key":"Elixir"}],"is_trial":false,"path_per_floor":["R","?","M","?","$","E","T","R","E","M","E","R","$","?","M","B",null,"T","?","?","?","?","?","T","E","?","?","E","?","?","E","?"],"character_chosen":"SLIMEBOUND","items_purchased":["Replay:Wax Seal"],"campfire_rested":0,"item_purchase_floors":[13],"current_hp_per_floor":[65,65,65,65,65,65,65,65,62,64,65,65,65,65,65,65,65,65,61,57,66,53,67,67,50,47,40,37,37,25,16,0,0,0],"gold":557,"neow_bonus":"THREE_ENEMY_KILL","is_daily":false,"chose_seed":false,"campfire_upgraded":2,"win_rate":0.0,"timestamp":1612484034,"path_taken":["R","?","?","?","?","E","T","R","E","?","E","R","$","?","M","BOSS","T","?","?","?","?","?","T","E","?","?","E","?","?","E","?"],"items_purchased_type":["Relic"],"build_version":"2020-12-22","purchased_purges":1,"victory":false,"max_hp_per_floor":[65,65,65,65,65,65,65,65,65,65,65,65,65,65,65,65,65,65,65,65,66,67,68,68,69,70,71,72,72,73,74,74,74,74],"relic_stats":{"SsserpentHead":100,"FaceOfCleric":9,"counters":[21,66],"Bag of Preparation":[34],"Kunai":[1],"War Paint":["Slimebound:RainOfGoop","Slimebound:Split"],"obtain_stats":[{"Slimebound:AggressiveSlimeRelic":6,"downfall:HeartsMalice":0,"Painkiller Herb":17,"GremlinMask":20,"Bag of Preparation":9,"Frozen Egg 2":7,"War Paint":31,"SsserpentHead":20,"Replay:Bandana":28,"HornCleat":11,"FaceOfCleric":20,"CultistMask":20,"Slimebound:AbsorbEndCombat":0,"downfall:CloakOfManyFaces":20,"Kunai":25,"Replay:Wax Seal":13,"NlothsMask":20},{"Slimebound:AggressiveSlimeRelic":3,"downfall:HeartsMalice":0,"Painkiller Herb":9,"GremlinMask":11,"Bag of Preparation":4,"Frozen Egg 2":3,"War Paint":20,"SsserpentHead":11,"Replay:Bandana":18,"HornCleat":6,"FaceOfCleric":11,"CultistMask":11,"Slimebound:AbsorbEndCombat":0,"downfall:CloakOfManyFaces":11,"Kunai":15,"Replay:Wax Seal":7,"NlothsMask":11},{"Slimebound:AggressiveSlimeRelic":0,"downfall:HeartsMalice":0,"Painkiller Herb":21,"GremlinMask":30,"Bag of Preparation":4,"Frozen Egg 2":0,"War Paint":65,"SsserpentHead":30,"Replay:Bandana":57,"HornCleat":11,"FaceOfCleric":30,"CultistMask":30,"Slimebound:AbsorbEndCombat":0,"downfall:CloakOfManyFaces":30,"Kunai":45,"Replay:Wax Seal":15,"NlothsMask":30}]},"card_choices":[{"not_picked":["Slimebound:LeechingTouch","Slimebound:FormOfPuddle"],"picked":"Slimebound:Gluttony","floor":3},{"not_picked":["Slimebound:ComboTackle","Slimebound:ViciousTackle"],"picked":"Slimebound:SplitMire","floor":5},{"not_picked":["Slimebound:Schlurp","Slimebound:SplitLeeching"],"picked":"Slimebound:GoopSpray","floor":6},{"not_picked":["Slimebound:SplitAcid","Slimebound:PressTheAttack"],"picked":"Slimebound:DouseInSlime","floor":9},{"not_picked":["Slimebound:Chomp","Slimebound:SamplingLick"],"picked":"Slimebound:RainOfGoop","floor":10},{"not_picked":["Slimebound:GoopTackle","Slimebound:PressTheAttack"],"picked":"Slimebound:MinionMaster+1","floor":11},{"not_picked":["Slimebound:BestDefense+1","Slimebound:SlimeBrawl"],"picked":"Slimebound:RollThrough","floor":13},{"not_picked":["Slimebound:Equalize","Slimebound:SlimeSpikes"],"picked":"Slimebound:PressTheAttack","floor":15},{"not_picked":["Slimebound:Darklings","Slimebound:Overexert+1"],"picked":"Slimebound:SlimeSlap","floor":16},{"not_picked":["Slimebound:DisruptingSlam","Slimebound:GoopSpray"],"picked":"Slimebound:LeadByExample+1","floor":19},{"not_picked":["Slimebound:SplitLeeching+1","Slimebound:Equalize+1"],"picked":"Slimebound:Repurpose","floor":20},{"not_picked":["Slimebound:DivideAndConquer","Slimebound:SamplingLick","Slimebound:SlimeBrawl"],"picked":"SKIP","floor":21},{"not_picked":["Slimebound:PressTheAttack","Slimebound:SplitSpecialist","Slimebound:GoopSpray"],"picked":"SKIP","floor":22},{"not_picked":["Slimebound:FinishingTackle","Slimebound:ForwardTackle"],"picked":"Slimebound:ItLooksTasty+1","floor":23},{"not_picked":["Slimebound:Chomp+1","Slimebound:SplitSpecialist","Slimebound:GoopTackle+1"],"picked":"SKIP","floor":25},{"not_picked":["Slimebound:GrowthPunch","Slimebound:SplitMire","Slimebound:Equalize+1"],"picked":"SKIP","floor":26},{"not_picked":["Slimebound:SplitLeeching","Slimebound:ComboTackle","Slimebound:RollThrough"],"picked":"SKIP","floor":27},{"not_picked":["Slimebound:GrowthPunch","Slimebound:AcidTongue+1"],"picked":"Slimebound:OozeBath","floor":28},{"not_picked":["Slimebound:Replication","Slimebound:MegaLick"],"picked":"Slimebound:LeechingTouch","floor":30},{"not_picked":["Slimebound:SplitBruiser","Slimebound:FlameTackle"],"picked":"Slimebound:MassFeed","floor":31}],"player_experience":165508,"relics_obtained":[{"floor":6,"key":"Slimebound:AggressiveSlimeRelic"},{"floor":7,"key":"Frozen Egg 2"},{"floor":9,"key":"Bag of Preparation"},{"floor":11,"key":"HornCleat"},{"floor":20,"key":"downfall:CloakOfManyFaces"},{"floor":25,"key":"Kunai"},{"floor":28,"key":"Replay:Bandana"},{"floor":31,"key":"War Paint"}],"event_choices":[{"cards_removed":["Slimebound:Defend_Slimebound"],"damage_healed":0,"gold_gain":0,"player_choice":"Card Removal","damage_taken":0,"max_hp_gain":0,"max_hp_loss":0,"event_name":"The Cleric","floor":14,"gold_loss":0}],"is_beta":false,"boss_relics":[{"not_picked":["Kintsugi","Replay:Drink Me"],"picked":"Painkiller Herb"}],"items_purged_floors":[5],"is_endless":false,"potions_floor_spawned":[6,9,15,16,19,20,28,30],"killed_by":"Centurion and Healer","ascension_level":2}}