{"host":"vumwfieg2b2mnrfl","time":1612487909,"event":{"mods":["AchievementEnabler","BaseMod","Minty Spire (QoL Compilation)","Rare Cards Sparkle","Relic Stats"],"gold_per_floor":[114,134,134,134,154,188,188,201,201,201,220,60,60,86,86,161,161,176,101,101,111,111,111,111],"floor_reached":23,"language":"ENG","playtime":597,"items_purged":["Strike_R"],"score":398,"play_id":"07468db3-a352-4044-b998-72f9cd8e1387","local_time":"20210204191829","is_ascension_mode":true,"campfire_choices":[{"data":"Bash","floor":7,"key":"SMITH"},{"data":"Flame Barrier","floor":10,"key":"SMITH"},{"data":"Spot Weakness","floor":15,"key":"SMITH"}],"circlet_count":0,"master_deck":["AscendersBane","Strike_R","Strike_R","Strike_R+1","Strike_R","Defend_R+1","Defend_R","Defend_R","Defend_R","Bash+1","Whirlwind","Fire Breathing","Anger","Flame Barrier+1","Spot Weakness+1","Shrug It Off","Double Tap","Limit Break","Sword Boomerang","Entrench"],"relics":["Burning Blood","NeowsBlessing","Shuriken","Eternal Feather","Ornamental Fan","Cursed Key","Nloth\u0027s Gift"],"acts_visited":["Exordium","TheCity"],"potions_floor_usage":[6,8,16,23,23],"damage_taken":[{"damage":0,"enemies":"Cultist","floor":1,"turns":1},{"damage":0,"enemies":"Jaw Worm","floor":2,"turns":1},{"damage":0,"enemies":"Small Slimes","floor":5,"turns":1},{"damage":16,"enemies":"3 Sentries","floor":6,"turns":6},{"damage":8,"enemies":"Blue Slaver","floor":8,"turns":3},{"damage":0,"enemies":"3 Louse","floor":11,"turns":3},{"damage":33,"enemies":"Lagavulin","floor":14,"turns":6},{"damage":29,"enemies":"Hexaghost","floor":16,"turns":9},{"damage":11,"enemies":"3 Byrds","floor":18,"turns":7},{"damage":15,"enemies":"Chosen","floor":21,"turns":6},{"damage":29,"enemies":"Book of Stabbing","floor":23,"turns":4}],"seed_played":"5621281004184712345","potions_obtained":[{"floor":1,"key":"Weak Potion"},{"floor":5,"key":"EssenceOfSteel"},{"floor":6,"key":"AttackPotion"},{"floor":14,"key":"PowerPotion"},{"floor":21,"key":"GamblersBrew"}],"is_trial":false,"path_per_floor":["M","M","?","?","M","E","R","M","T","R","M","$","?","E","R","B",null,"M","$","?","M","?","E"],"character_chosen":"IRONCLAD","items_purchased":["Orrery"],"campfire_rested":0,"item_purchase_floors":[12],"current_hp_per_floor":[74,75,52,52,58,48,48,46,46,55,61,61,61,34,43,20,61,56,56,35,26,26,0,0],"gold":111,"neow_bonus":"THREE_ENEMY_KILL","is_daily":false,"chose_seed":false,"campfire_upgraded":3,"win_rate":0.0,"timestamp":1612487909,"path_taken":["M","?","?","?","M","E","R","M","T","R","M","$","?","E","R","BOSS","M","$","?","M","?","E"],"items_purchased_type":["Relic"],"build_version":"2020-12-22","purchased_purges":1,"victory":false,"max_hp_per_floor":[75,75,75,75,75,75,75,75,75,75,75,75,75,75,75,75,75,75,75,80,80,80,80,80],"relic_stats":{"counters":[11,47],"Shuriken":[5],"Ornamental Fan":[8],"Eternal Feather":18,"Nloth\u0027s Gift":0,"Cursed Key":0,"obtain_stats":[{"NeowsBlessing":0,"Shuriken":6,"Ornamental Fan":14,"Orrery":12,"Eternal Feather":9,"Nloth\u0027s Gift":22,"Cursed Key":17,"Burning Blood":0},{"NeowsBlessing":0,"Shuriken":4,"Ornamental Fan":7,"Orrery":6,"Eternal Feather":5,"Nloth\u0027s Gift":10,"Cursed Key":8,"Burning Blood":0},{"NeowsBlessing":0,"Shuriken":9,"Ornamental Fan":21,"Orrery":15,"Eternal Feather":12,"Nloth\u0027s Gift":43,"Cursed Key":30,"Burning Blood":0}],"Burning Blood":55},"card_choices":[{"not_picked":["Clothesline","Rupture"],"picked":"Whirlwind","floor":1},{"not_picked":["Heavy Blade","Body Slam"],"picked":"Fire Breathing","floor":2},{"not_picked":["Thunderclap","Anger","Intimidate"],"picked":"SKIP","floor":5},{"not_picked":["Thunderclap","Intimidate"],"picked":"Anger","floor":5},{"not_picked":["Combust","Rampage"],"picked":"Flame Barrier","floor":6},{"not_picked":["Wild Strike","Heavy Blade","Havoc"],"picked":"SKIP","floor":8},{"not_picked":["Heavy Blade","Anger"],"picked":"Spot Weakness","floor":11},{"not_picked":["Pommel Strike","Dual Wield"],"picked":"Shrug It Off","floor":12},{"not_picked":["Sword Boomerang","Second Wind"],"picked":"Double Tap","floor":12},{"not_picked":["Brutality","Dark Embrace","Bludgeon"],"picked":"SKIP","floor":14},{"not_picked":["Reaper","Double Tap"],"picked":"Limit Break","floor":16},{"not_picked":["Searing Blow","Warcry"],"picked":"Sword Boomerang","floor":18},{"not_picked":["Clash","Warcry"],"picked":"Entrench","floor":21}],"player_experience":526672,"relics_obtained":[{"floor":6,"key":"Shuriken"},{"floor":9,"key":"Eternal Feather"},{"floor":14,"key":"Ornamental Fan"}],"event_choices":[{"damage_healed":0,"gold_gain":0,"player_choice":"Entered Light","damage_taken":23,"max_hp_gain":0,"max_hp_loss":0,"event_name":"Shining Light","floor":3,"gold_loss":0,"cards_upgraded":["Strike_R","Defend_R"]},{"damage_healed":0,"gold_gain":0,"player_choice":"Ignored","damage_taken":0,"max_hp_gain":0,"max_hp_loss":0,"event_name":"Liars Game","floor":4,"gold_loss":0},{"damage_healed":0,"gold_gain":0,"player_choice":"Leave","damage_taken":0,"max_hp_gain":0,"max_hp_loss":0,"event_name":"The Cleric","floor":13,"gold_loss":0},{"damage_healed":0,"gold_gain":0,"player_choice":"Shed Blood","damage_taken":26,"max_hp_gain":5,"max_hp_loss":0,"event_name":"Forgotten Altar","floor":20,"gold_loss":0},{"damage_healed":0,"gold_gain":0,"player_choice":"Traded Relic","damage_taken":0,"relics_obtained":["Nloth\u0027s Gift"],"max_hp_gain":0,"max_hp_loss":0,"event_name":"N\u0027loth","floor":22,"relics_lost":["Orrery"],"gold_loss":0}],"is_beta":false,"boss_relics":[{"not_picked":["Runic Cube","Pandora\u0027s Box"],"picked":"Cursed Key"}],"items_purged_floors":[19],"is_endless":false,"potions_floor_spawned":[1,5,6,14,21],"killed_by":"Book of Stabbing","ascension_level":20}}