{"host":"j49z5jz0n7e8vjox","time":1612539562,"event":{"mods":["AchievementEnabler","BaseMod","Bestiary","Colored Map","Colored Powertips","DeckTracker","Minty Spire (QoL Compilation)","Permanent Neow","UnlockEverythingMod"],"gold_per_floor":[367,385,404,456,471,471,72,72,72,109,34,73,91,91,91,91,91],"floor_reached":16,"language":"ENG","playtime":4487,"items_purged":["Strike_R"],"score":220,"play_id":"cade6110-d8d8-4ee1-b427-f5b23e21ff04","local_time":"20210205093922","is_ascension_mode":true,"campfire_choices":[{"data":"True Grit","floor":6,"key":"SMITH"},{"floor":15,"key":"REST"}],"circlet_count":0,"master_deck":["AscendersBane","Strike_R","Strike_R","Strike_R","Strike_R","Defend_R","Defend_R","Defend_R","Bash","Uppercut","Shrug It Off","True Grit+1","Evolve","Shrug It Off","Metallicize"],"relics":["Burning Blood","Incense Burner","Pear","CeramicFish","Mummified Hand"],"acts_visited":["Exordium"],"potions_floor_usage":[10,12,13,16],"damage_taken":[{"damage":1,"enemies":"2 Louse","floor":1,"turns":3},{"damage":8,"enemies":"Jaw Worm","floor":2,"turns":6},{"damage":4,"enemies":"Small Slimes","floor":3,"turns":3},{"damage":10,"enemies":"Blue Slaver","floor":5,"turns":6},{"damage":31,"enemies":"3 Sentries","floor":10,"turns":12},{"damage":46,"enemies":"Gremlin Nob","floor":12,"turns":6},{"damage":0,"enemies":"2 Fungi Beasts","floor":13,"turns":4},{"damage":35,"enemies":"Slime Boss","floor":16,"turns":12}],"seed_played":"1923426491979337052","potions_obtained":[{"floor":1,"key":"Swift Potion"},{"floor":5,"key":"LiquidBronze"},{"floor":12,"key":"Explosive Potion"},{"floor":13,"key":"Swift Potion"}],"is_trial":false,"path_per_floor":["M","M","M","?","M","R","$","?","T","E","$","E","M","?","R","B"],"character_chosen":"IRONCLAD","items_purchased":["Incense Burner","Evolve"],"campfire_rested":1,"item_purchase_floors":[7,7],"current_hp_per_floor":[68,66,68,68,64,64,64,69,79,54,54,14,20,20,44,9,9],"gold":91,"neow_bonus":"TWO_FIFTY_GOLD","is_daily":false,"chose_seed":false,"campfire_upgraded":1,"win_rate":0.0,"timestamp":1612539562,"path_taken":["M","M","M","?","M","R","$","?","T","E","?","E","M","?","R","BOSS"],"items_purchased_type":["Relic","Card"],"build_version":"2020-12-22","purchased_purges":1,"victory":false,"max_hp_per_floor":[68,68,68,68,68,68,68,73,83,83,83,83,83,83,83,83,83],"card_choices":[{"not_picked":["Pommel Strike","Flex"],"picked":"Uppercut","floor":1},{"not_picked":["Heavy Blade","Entrench"],"picked":"Shrug It Off","floor":2},{"not_picked":["Clash","Sever Soul","Headbutt"],"picked":"SKIP","floor":3},{"not_picked":["Second Wind","Rampage"],"picked":"True Grit","floor":5},{"not_picked":["Bloodletting","Body Slam"],"picked":"Shrug It Off","floor":10},{"not_picked":["Wild Strike","Heavy Blade"],"picked":"Metallicize","floor":12},{"not_picked":["Warcry","Havoc","Wild Strike"],"picked":"SKIP","floor":13}],"player_experience":821199,"relics_obtained":[{"floor":9,"key":"Pear"},{"floor":10,"key":"CeramicFish"},{"floor":12,"key":"Mummified Hand"}],"event_choices":[{"damage_healed":0,"gold_gain":52,"player_choice":"Gained Gold","damage_taken":0,"max_hp_gain":0,"max_hp_loss":0,"event_name":"Golden Wing","floor":4,"gold_loss":0},{"damage_healed":0,"gold_gain":0,"player_choice":"Donut","damage_taken":0,"max_hp_gain":5,"max_hp_loss":0,"event_name":"Big Fish","floor":8,"gold_loss":0},{"cards_removed":["Defend_R"],"damage_healed":0,"gold_gain":0,"player_choice":"Offered Basic","damage_taken":0,"max_hp_gain":0,"max_hp_loss":0,"event_name":"Bonfire Elementals","floor":14,"gold_loss":0}],"is_beta":false,"boss_relics":[],"items_purged_floors":[11],"is_endless":false,"potions_floor_spawned":[1,5,12,13],"killed_by":"Slime Boss","ascension_level":20}}