{"host":"p1xsuo25udtrkbq2","time":1612507919,"event":{"mods":["BaseMod","Colored Map","Googly Eyes","Highlight Path","Minty Spire (QoL Compilation)","Quick Restart","Rare Cards Sparkle","Relic Stats","Slay the Relics Exporter","StSLib","everything is the same but u backflip on backflip"],"gold_per_floor":[114,128,128,139,9,36,36,51,104,254,282,297,297,297,297,297,297],"floor_reached":16,"language":"ENG","playtime":1228,"items_purged":["Strike_G"],"score":257,"play_id":"e963ca8c-f8c9-47f7-a1cd-14d46770a8fd","local_time":"20210205015159","is_ascension_mode":true,"campfire_choices":[{"floor":7.0,"key":"REST"},{"floor":13,"key":"REST"},{"data":"Dagger Spray","floor":15,"key":"SMITH"}],"circlet_count":0,"master_deck":["AscendersBane","Strike_G+1","Strike_G","Strike_G","Defend_G","Defend_G","Defend_G","Defend_G+1","Defend_G","Survivor","Neutralize","Bouncing Flask","Cloak And Dagger","Dagger Spray+1","Sucker Punch","Infinite Blades","Backflip","Prepared","Unload"],"relics":["Ring of the Snake","NeowsBlessing","Ninja Scroll","Omamori","Nunchaku"],"acts_visited":["Exordium"],"potions_floor_usage":[11,16],"damage_taken":[{"damage":0.0,"enemies":"2 Louse","floor":1.0,"turns":1.0},{"damage":0.0,"enemies":"Small Slimes","floor":2.0,"turns":1.0},{"damage":0.0,"enemies":"Cultist","floor":4.0,"turns":1.0},{"damage":24.0,"enemies":"3 Sentries","floor":6.0,"turns":11.0},{"damage":15.0,"enemies":"Large Slime","floor":8.0,"turns":7.0},{"damage":0,"enemies":"Gremlin Nob","floor":11,"turns":3},{"damage":8,"enemies":"3 Louse","floor":12,"turns":2},{"damage":32,"enemies":"Slime Boss","floor":16,"turns":8}],"seed_played":"-7135894015082076225","potions_obtained":[{"floor":4.0,"key":"EssenceOfSteel"},{"floor":6.0,"key":"GamblersBrew"}],"is_trial":false,"path_per_floor":["M","M","?","M","$","E","R","M","T","?","E","M","R","?","R","B"],"character_chosen":"THE_SILENT","items_purchased":["Energy Potion"],"campfire_rested":2,"item_purchase_floors":[5],"current_hp_per_floor":[59,59,39,39,39,15,34,19,19,19,19,11,30,30,30,0,0],"gold":297,"neow_bonus":"THREE_ENEMY_KILL","is_daily":false,"chose_seed":false,"campfire_upgraded":1,"win_rate":0.0,"timestamp":1612507919,"path_taken":["M","M","?","M","$","E","R","M","T","?","E","M","R","?","R","BOSS"],"items_purchased_type":["Potion"],"build_version":"2020-12-22","purchased_purges":1,"victory":false,"max_hp_per_floor":[66,66,66,66,66,66,66,66,66,66,66,66,66,66,66,66,66],"relic_stats":{"Nunchaku":[3],"counters":[8,34],"obtain_stats":[{"Nunchaku":11,"NeowsBlessing":0,"Ninja Scroll":6,"Omamori":9,"Ring of the Snake":0},{"Nunchaku":6,"NeowsBlessing":0,"Ninja Scroll":4,"Omamori":5,"Ring of the Snake":0},{"Nunchaku":24,"NeowsBlessing":0,"Ninja Scroll":14,"Omamori":21,"Ring of the Snake":0}],"Ring of the Snake":[16]},"card_choices":[{"not_picked":["Cloak And Dagger","Dodge and Roll"],"picked":"Bouncing Flask","floor":1.0},{"not_picked":["Terror","All Out Attack"],"picked":"Cloak And Dagger","floor":2.0},{"not_picked":["Underhanded Strike","Prepared"],"picked":"Dagger Spray","floor":4.0},{"not_picked":["Dagger Spray","Deadly Poison"],"picked":"Sucker Punch","floor":6.0},{"not_picked":["Bullet Time","Dagger Spray"],"picked":"Infinite Blades","floor":8.0},{"not_picked":["Deadly Poison","Deflect"],"picked":"Backflip","floor":11},{"not_picked":["Sucker Punch","Outmaneuver"],"picked":"Prepared","floor":12}],"player_experience":993707,"relics_obtained":[{"floor":6.0,"key":"Ninja Scroll"},{"floor":9.0,"key":"Omamori"},{"floor":11,"key":"Nunchaku"}],"event_choices":[{"damage_healed":0.0,"max_hp_gain":0.0,"max_hp_loss":0.0,"gold_gain":0.0,"event_name":"Shining Light","player_choice":"Entered Light","floor":3.0,"gold_loss":0.0,"damage_taken":20.0,"cards_upgraded":["Defend_G","Strike_G"]},{"damage_healed":0.0,"max_hp_gain":0.0,"max_hp_loss":0.0,"gold_gain":150.0,"event_name":"Liars Game","player_choice":"AGREE","floor":10.0,"gold_loss":0.0,"damage_taken":0.0,"cards_obtained":["Doubt"]},{"damage_healed":0,"gold_gain":0,"cards_transformed":["Strike_G"],"player_choice":"Change","damage_taken":0,"max_hp_gain":0,"max_hp_loss":0,"event_name":"Living Wall","floor":14,"gold_loss":0,"cards_obtained":["Unload"]}],"is_beta":false,"boss_relics":[],"items_purged_floors":[5],"is_endless":false,"potions_floor_spawned":[4,6],"killed_by":"Slime Boss","ascension_level":18}}