{"host":"33wh7cigx3w9wmym","time":1612488753,"event":{"mods":["AchievementEnabler","Act Like it!","BaseMod","Colored Map","Colored Powertips","Downfall","Friendly Minions","GifTheSpireLib","Minty Spire (QoL Compilation)","StSLib"],"gold_per_floor":[99,117,54,54,70,104,128,163,180,208,225,257,271,271,288,383,383,383,403,403,416,428,428,452,452,478,478,496,516,544,494,506,609,609,609,620,637,637,637,665,691,708,138,150,150,182,82,99,117,117],"floor_reached":51,"language":"ENG","playtime":3193,"items_purged":["bronze:Strike"],"score":819,"play_id":"b88695f8-2821-4ade-9caa-2cb916ef571b","local_time":"20210204233233","is_ascension_mode":true,"campfire_choices":[{"data":"bronze:Overload","floor":1.0,"key":"SMITH"},{"data":"bronze:Repulsor","floor":18.0,"key":"SMITH"},{"data":"bronze:Library","floor":23.0,"key":"SMITH"},{"data":"bronze:BuggyMess","floor":27.0,"key":"SMITH"},{"data":"1","floor":35.0,"key":"LIFT"},{"data":"expansioncontent:StudyTheSpire","floor":47.0,"key":"SMITH"}],"circlet_count":0,"master_deck":["bronze:Strike","bronze:Strike","bronze:Defend","bronze:Defend","bronze:Defend+1","bronze:Replicate","bronze:Goto","bronze:Overload+1","bronze:GetLatest","bronze:Library+1","bronze:Iterate","bronze:Branch+1","bronze:Repulsor+1","bronze:BuggyMess+1","bronze:Iterate","bronze:InfiniteLoop","bronze:FineTuning+1","bronze:Terminator","bronze:FollowUp+1","bronze:ThunderWave","bronze:Repair+1","Parasite","bronze:Terminator+1","expansioncontent:StudyTheSpire+1","bronze:Format","bronze:BronzeOrb"],"relics":["bronze:BronzeCore","Ancient Tea Set","Guardian:PocketSentry","Ornamental Fan","Girya","Meat on the Bone","downfall:ShatteredFragment","Black Star","Bag of Marbles","StrikeDummy","Whetstone","Art of War","Coffee Dripper","Lizard Tail","Akabeko","War Paint","Lantern","Strawberry","Boot","downfall:HeartBlessingGreen"],"acts_visited":["Exordium","TheCity","TheBeyond"],"potions_floor_usage":[50,50],"damage_taken":[{"damage":1.0,"enemies":"2 Louse","floor":2.0,"turns":4.0},{"damage":0.0,"enemies":"downfall:FleeingMerchant","floor":3.0,"turns":4.0},{"damage":1.0,"enemies":"Cultist","floor":5.0,"turns":3.0},{"damage":13.0,"enemies":"Lagavulin","floor":6.0,"turns":6.0},{"damage":1.0,"enemies":"3 Sentries","floor":8.0,"turns":7.0},{"damage":2.0,"enemies":"Jaw Worm","floor":9.0,"turns":2.0},{"damage":0.0,"enemies":"Gremlin Nob","floor":10.0,"turns":3.0},{"damage":0.0,"enemies":"2 Fungi Beasts","floor":11.0,"turns":2.0},{"damage":1.0,"enemies":"3 Sentries","floor":12.0,"turns":6.0},{"damage":1.0,"enemies":"Large Slime","floor":13.0,"turns":4.0},{"damage":0.0,"enemies":"Gremlin Gang","floor":15.0,"turns":5.0},{"damage":14.0,"enemies":"IC_STATUS_ARCHETYPE","floor":16.0,"turns":8.0},{"damage":1.0,"enemies":"Chosen","floor":19.0,"turns":5.0},{"damage":8.0,"enemies":"Shell Parasite","floor":21.0,"turns":4.0},{"damage":5.0,"enemies":"Snecko","floor":22.0,"turns":5.0},{"damage":28.0,"enemies":"Slavers","floor":26.0,"turns":4.0},{"damage":12.0,"enemies":"Centurion and Healer","floor":28.0,"turns":5.0},{"damage":17.0,"enemies":"Sentry and Sphere","floor":29.0,"turns":5.0},{"damage":28.0,"enemies":"Gremlin Leader","floor":30.0,"turns":7.0},{"damage":0.0,"enemies":"Cultist and Chosen","floor":32.0,"turns":4.0},{"damage":8.0,"enemies":"WA_ARCHETYPE_CALM","floor":33.0,"turns":7.0},{"damage":0.0,"enemies":"3 Shapes","floor":36.0,"turns":2.0},{"damage":6.0,"enemies":"Orb Walker","floor":37.0,"turns":3.0},{"damage":5.0,"enemies":"Reptomancer","floor":40.0,"turns":6.0},{"damage":17.0,"enemies":"Writhing Mass","floor":42.0,"turns":4.0},{"damage":11.0,"enemies":"downfall:FleeingMerchant","floor":43.0,"turns":4.0},{"damage":17.0,"enemies":"4 Shapes","floor":44.0,"turns":6.0},{"damage":11.0,"enemies":"Giant Head","floor":46.0,"turns":7.0},{"damage":1.0,"enemies":"3 Darklings","floor":48.0,"turns":4.0},{"damage":21.0,"enemies":"Maw","floor":49.0,"turns":6.0},{"damage":80,"enemies":"DF_ARCHETYPE_ORBS","floor":50,"turns":9}],"seed_played":"2394316241825320130","potions_obtained":[{"floor":2.0,"key":"LiquidMemories"},{"floor":6.0,"key":"Weak Potion"},{"floor":10.0,"key":"PowerPotion"},{"floor":12.0,"key":"PowerPotion"},{"floor":16.0,"key":"Weak Potion"},{"floor":20.0,"key":"Fruit Juice"},{"floor":20.0,"key":"GamblersBrew"},{"floor":30.0,"key":"Block Potion"},{"floor":49.0,"key":"PowerPotion"}],"is_trial":false,"path_per_floor":["R","M","$","?","M","E","T","E","M","E","M","E","M","?","M","B",null,"R","M","?","M","M","R","T","?","E","R","M","M","E","?","M","B",null,"R","M","M","?","?","E","T","M","$","M","?","E","R","M","M","B",null],"character_chosen":"THE_AUTOMATON","items_purchased":["bronze:Iterate","Lantern","expansioncontent:StudyTheSpire","bronze:Format"],"campfire_rested":0,"item_purchase_floors":[3,43,43,43],"current_hp_per_floor":[70,69,69,69,68,55,55,54,52,52,52,51,50,29,41,39,70,70,69,74,66,61,61,61,61,45,45,45,40,24,53,53,45,75,75,75,69,69,69,70,70,63,62,55,55,61,61,60,49,39],"gold":117,"neow_bonus":"TRANSFORM_CARD","is_daily":false,"chose_seed":false,"campfire_upgraded":5,"win_rate":0.0,"timestamp":1612488753,"path_taken":["R","M","$","?","M","E","T","E","M","E","M","E","?","?","M","BOSS","R","M","?","?","M","R","T","?","E","R","M","M","E","?","M","BOSS","R","M","M","?","?","E","T","M","$","M","?","E","R","M","M","BOSS"],"items_purchased_type":["Card","Relic","Card","Card"],"build_version":"2020-12-22","purchased_purges":1,"victory":true,"max_hp_per_floor":[70,70,70,70,70,70,70,70,70,70,70,70,70,70,70,70,70,70,70,75,75,75,75,75,75,75,75,75,75,75,75,75,75,75,75,75,75,75,75,75,75,75,75,75,75,82,82,82,82,82],"card_choices":[{"not_picked":["bronze:BugBarrage","bronze:Fortify"],"picked":"bronze:GetLatest","floor":2.0},{"not_picked":["bronze:Turbo","bronze:ClassDefault"],"picked":"bronze:Library","floor":3.0},{"not_picked":["bronze:Repulsor","bronze:OilSpill"],"picked":"bronze:Branch","floor":5.0},{"not_picked":["bronze:Boost","bronze:Shield"],"picked":"bronze:Repulsor","floor":6.0},{"not_picked":["bronze:InfiniteBeams","bronze:DarkDash"],"picked":"bronze:BuggyMess","floor":8.0},{"not_picked":["bronze:Invalidate","bronze:Safeguard"],"picked":"bronze:Iterate","floor":9.0},{"not_picked":["bronze:Repulsor","bronze:Overload","bronze:WildBeam"],"picked":"SKIP","floor":10.0},{"not_picked":["bronze:Return","bronze:Iterate","bronze:Invalidate"],"picked":"SKIP","floor":11.0},{"not_picked":["bronze:Shield","bronze:Constructor","bronze:ForLoop"],"picked":"SKIP","floor":12.0},{"not_picked":["bronze:WildBeam","bronze:Turbo","bronze:Repair"],"picked":"SKIP","floor":13.0},{"not_picked":["bronze:WhirlingStrike","bronze:Constructor","bronze:CutThrough"],"picked":"SKIP","floor":15.0},{"not_picked":["bronze:SpaghettiCode","bronze:Verify"],"picked":"bronze:InfiniteLoop","floor":16.0},{"not_picked":["bronze:Separator","bronze:Shield","bronze:MaxOutput"],"picked":"SKIP","floor":19.0},{"not_picked":["bronze:DelayedSlice","bronze:BitShift","bronze:Backtrace"],"picked":"SKIP","floor":21.0},{"not_picked":["bronze:Fortify","bronze:Repair"],"picked":"bronze:FineTuning","floor":22.0},{"not_picked":["bronze:Separator","bronze:Hardcode","bronze:Turbo+1"],"picked":"SKIP","floor":26.0},{"not_picked":["bronze:CutThrough","bronze:Deprecate"],"picked":"bronze:Terminator","floor":28.0},{"not_picked":["bronze:NullPointer","bronze:Overheat+1"],"picked":"bronze:FollowUp","floor":29.0},{"not_picked":["bronze:MaxOutput","bronze:Format","bronze:Shield"],"picked":"SKIP","floor":30.0},{"not_picked":["bronze:ForceShield","bronze:Repulsor+1","bronze:Allocate"],"picked":"SKIP","floor":32.0},{"not_picked":["bronze:AlphaBuild","bronze:Format"],"picked":"bronze:ThunderWave","floor":33.0},{"not_picked":["bronze:CutThrough+1","bronze:Safeguard+1"],"picked":"bronze:Repair+1","floor":36.0},{"not_picked":["bronze:Return","bronze:Flail+1","bronze:GetLatest+1"],"picked":"SKIP","floor":37.0},{"not_picked":["bronze:ChosenStrike","bronze:Branch+1","bronze:Shield"],"picked":"SKIP","floor":40.0},{"not_picked":["bronze:Frontload+1","bronze:Fortify+1","bronze:BronzeArmor"],"picked":"SKIP","floor":42.0},{"not_picked":["bronze:Refactor","bronze:ShipIt"],"picked":"bronze:Terminator+1","floor":43.0},{"not_picked":["bronze:FineTuning","bronze:WildBeam","bronze:Fortify+1"],"picked":"SKIP","floor":44.0},{"not_picked":["bronze:CloningBeam","bronze:ShipIt","bronze:Constructor+1"],"picked":"SKIP","floor":46.0},{"not_picked":["bronze:Constructor","bronze:BronzeOrb","bronze:CutThrough+1"],"picked":"SKIP","floor":48.0},{"not_picked":["bronze:Constructor","bronze:CutThrough+1"],"picked":"bronze:BronzeOrb","floor":48.0},{"not_picked":["bronze:Frontload","bronze:DelayedGuard+1","bronze:Iterate+1"],"picked":"SKIP","floor":49.0}],"player_experience":428550,"relics_obtained":[{"floor":6.0,"key":"Ancient Tea Set"},{"floor":7.0,"key":"Guardian:PocketSentry"},{"floor":8.0,"key":"Ornamental Fan"},{"floor":10.0,"key":"Girya"},{"floor":12.0,"key":"Meat on the Bone"},{"floor":24.0,"key":"Bag of Marbles"},{"floor":26.0,"key":"StrikeDummy"},{"floor":30.0,"key":"Whetstone"},{"floor":30.0,"key":"Art of War"},{"floor":40.0,"key":"Lizard Tail"},{"floor":40.0,"key":"Akabeko"},{"floor":41.0,"key":"War Paint"},{"floor":46.0,"key":"Strawberry"},{"floor":46.0,"key":"Boot"}],"event_choices":[{"damage_healed":0.0,"max_hp_gain":0.0,"max_hp_loss":0.0,"gold_gain":0.0,"event_name":"NoteForYourself","player_choice":"Ignored","floor":4.0,"gold_loss":0.0,"damage_taken":0.0},{"damage_healed":0.0,"max_hp_gain":0.0,"max_hp_loss":0.0,"gold_gain":0.0,"event_name":"Lab","player_choice":"Got Potions","floor":20.0,"gold_loss":0.0,"damage_taken":0.0},{"cards_removed":["bronze:Defend"],"damage_healed":0.0,"max_hp_gain":0.0,"max_hp_loss":0.0,"gold_gain":0.0,"event_name":"Falling","player_choice":"Removed Skill","floor":39.0,"gold_loss":0.0,"damage_taken":0.0}],"is_beta":false,"boss_relics":[{"not_picked":["Calling Bell","bronze:MakeshiftBattery"],"picked":"Black Star"},{"not_picked":["Busted Crown","Philosopher\u0027s Stone"],"picked":"Coffee Dripper"}],"items_purged_floors":[43],"is_endless":false,"potions_floor_spawned":[2,6,10,11,12,13,16,19,21,30,32,37,40,46,48,49],"ascension_level":1}}