{"host":"5n1fl7z5i1vf7jan","time":1612492754,"event":{"mods":["BaseMod","Minty Spire (QoL Compilation)","Quick Restart","Relic Stats"],"gold_per_floor":[113,113,133,149,19,19,94,124,197,197,227,243,275,294,294,294,294],"floor_reached":16,"language":"ENG","playtime":564,"items_purged":[],"score":283,"play_id":"d940d8b6-04a8-401c-9fd1-0a9acc328224","local_time":"20210204183914","is_ascension_mode":true,"campfire_choices":[{"data":"Eruption","floor":6.0,"key":"SMITH"},{"data":"Wallop","floor":10.0,"key":"SMITH"},{"floor":15,"key":"REST"}],"circlet_count":0,"master_deck":["AscendersBane","Strike_P","Strike_P","Strike_P","Defend_P","Defend_P","Defend_P","Defend_P","Eruption+1","Vigilance","ClearTheMind","Wallop+1","Prostrate","CarveReality","Crescendo","FlurryOfBlows","SashWhip","TalkToTheHand","EmptyBody","LikeWater"],"relics":["PureWater","NeowsBlessing","Damaru","White Beast Statue","Blue Candle","Ancient Tea Set"],"acts_visited":["Exordium"],"potions_floor_usage":[14,16,16],"damage_taken":[{"damage":0.0,"enemies":"Small Slimes","floor":1.0,"turns":1.0},{"damage":0.0,"enemies":"Cultist","floor":3.0,"turns":1.0},{"damage":0.0,"enemies":"2 Louse","floor":4.0,"turns":2.0},{"damage":7.0,"enemies":"3 Sentries","floor":8.0,"turns":8.0},{"damage":0.0,"enemies":"Gremlin Nob","floor":11.0,"turns":3.0},{"damage":0.0,"enemies":"Large Slime","floor":12.0,"turns":4.0},{"damage":7.0,"enemies":"3 Sentries","floor":13.0,"turns":6.0},{"damage":34,"enemies":"Gremlin Gang","floor":14,"turns":5},{"damage":24,"enemies":"Hexaghost","floor":16,"turns":9}],"seed_played":"-8317098922544338982","potions_obtained":[{"floor":1.0,"key":"Energy Potion"},{"floor":4.0,"key":"Ancient Potion"},{"floor":8.0,"key":"DistilledChaos"},{"floor":12.0,"key":"StancePotion"},{"floor":14,"key":"Swift Potion"}],"is_trial":false,"path_per_floor":["M","?","M","M","$","R","?","E","T","R","E","M","E","M","R","B"],"character_chosen":"WATCHER","items_purchased":["CarveReality","Crescendo"],"campfire_rested":1,"item_purchase_floors":[5,5],"current_hp_per_floor":[61,61,61,61,61,61,50,43,43,43,43,43,36,2,22,0,0],"gold":294,"neow_bonus":"THREE_ENEMY_KILL","is_daily":false,"chose_seed":false,"campfire_upgraded":2,"win_rate":0.0,"timestamp":1612492754,"path_taken":["M","?","M","?","$","R","?","E","T","R","E","M","E","M","R","BOSS"],"items_purchased_type":["Card","Card"],"build_version":"2020-12-22","purchased_purges":0,"victory":false,"max_hp_per_floor":[68,68,68,68,68,68,68,68,68,68,68,68,68,68,68,68,68],"relic_stats":{"counters":[9,39],"Blue Candle":[0],"obtain_stats":[{"NeowsBlessing":0,"Blue Candle":11,"Damaru":8,"PureWater":0,"Ancient Tea Set":13,"White Beast Statue":9},{"NeowsBlessing":0,"Blue Candle":5,"Damaru":4,"PureWater":0,"Ancient Tea Set":7,"White Beast Statue":4},{"NeowsBlessing":0,"Blue Candle":15,"Damaru":12,"PureWater":0,"Ancient Tea Set":25,"White Beast Statue":12}]},"card_choices":[{"not_picked":["SignatureMove","PathToVictory"],"picked":"ClearTheMind","floor":1.0},{"not_picked":["Protect","Halt"],"picked":"Wallop","floor":3.0},{"not_picked":["SignatureMove","ClearTheMind"],"picked":"Prostrate","floor":4.0},{"not_picked":["Prostrate","EmptyMind"],"picked":"FlurryOfBlows","floor":8.0},{"not_picked":["JustLucky","Worship"],"picked":"SashWhip","floor":11.0},{"not_picked":["Consecrate","SashWhip"],"picked":"TalkToTheHand","floor":12.0},{"not_picked":["PathToVictory","CarveReality"],"picked":"EmptyBody","floor":13.0},{"not_picked":["FollowUp","SpiritShield"],"picked":"LikeWater","floor":14}],"player_experience":312881,"relics_obtained":[{"floor":8.0,"key":"Damaru"},{"floor":9.0,"key":"White Beast Statue"},{"floor":11.0,"key":"Blue Candle"},{"floor":13.0,"key":"Ancient Tea Set"}],"event_choices":[{"cards_removed":["Strike_P"],"damage_healed":0.0,"max_hp_gain":0.0,"max_hp_loss":0.0,"gold_gain":0.0,"event_name":"Bonfire Elementals","player_choice":"Offered Basic","floor":2.0,"gold_loss":0.0,"damage_taken":0.0},{"damage_healed":0.0,"max_hp_gain":0.0,"max_hp_loss":0.0,"gold_gain":75.0,"event_name":"World of Goop","player_choice":"Gather Gold","floor":7.0,"gold_loss":0.0,"damage_taken":11.0}],"is_beta":false,"boss_relics":[],"items_purged_floors":[],"is_endless":false,"potions_floor_spawned":[1,4,8,11,12,13,14],"killed_by":"Hexaghost","ascension_level":19}}