{"host":"xgnmnr8f8w1a0eo3","time":1612497698,"event":{"mods":["BaseMod","Downfall","Highlight Path","Minty Spire (QoL Compilation)","Permanent Neow","Relic Stats","StSLib","everything is the same but u backflip on backflip"],"gold_per_floor":[99,111,211,228,239,269,269,269,295,445,479,495,495,645,660,761,761,561,581,595,595,595,695,695,750,763,763,45,78,0,28,44,148,148,148,193,209,16,16,30,30,40,40,71,71,0,0,13,32,32,32,61,1,1,1,1],"floor_reached":57,"language":"ENG","playtime":9236,"items_purged":["sneckomod:Strike"],"score":1384,"play_id":"08bdd6e6-d9ae-46b8-b051-3da84fbb7511","local_time":"20210204200138","is_ascension_mode":true,"campfire_choices":[{"data":"sneckomod:SnekBite","floor":1.0,"key":"SMITH"},{"floor":18.0,"key":"RECALL"},{"data":"Demon Form","floor":30.0,"key":"SMITH"},{"data":"Perfected Strike","floor":35.0,"key":"SMITH"},{"data":"sneckomod:UnknownStrike","floor":45.0,"key":"SMITH"},{"data":"sneckomod:UnknownRarePower","floor":47.0,"key":"SMITH"},{"data":"Limit Break","floor":54,"key":"SMITH"}],"circlet_count":0,"master_deck":["sneckomod:Strike","sneckomod:Defend","sneckomod:Defend","sneckomod:Defend","sneckomod:TailWhip","sneckomod:SnekBite+1","sneckomod:Unknown","sneckomod:UnendingSupply","sneckomod:SoulDraw","sneckomod:UnknownUncommonPower","sneckomod:QuickMove","Perfected Strike+1","sneckomod:DiceBlock","sneckomod:UnknownCommonAttack","sneckomod:QuickBite","Limit Break+1","sneckomod:IronFang","sneckomod:WideSting","sneckomod:Transmogrify","Swift Strike","sneckomod:UnknownCommonAttack","sneckomod:UnknownUncommonAttack","sneckomod:UnknownUncommonAttack","Demon Form+1","sneckomod:Transmogrify+1","sneckomod:SnakeSap","sneckomod:UnknownRarePower+1","Wild Strike+1","sneckomod:UnknownClassRED+1","sneckomod:QuickBite","sneckomod:UnknownRareAttack","sneckomod:UnknownDraw+1","sneckomod:UnknownVulnerable+1","Limit Break+1","sneckomod:UnknownClassRED+1","sneckomod:SoulRoll+1","sneckomod:UnknownWeak+1","Pommel Strike+1"],"relics":["downfall:HeartBlessingGreen","downfall:HeartBlessingBlue","Toxic Egg 2","Sundial","sneckomod:SuperSneckoSoul","Bottled Tornado","downfall:HeartBlessingRed","Mummified Hand","Ornamental Fan","Centennial Puzzle","PreservedInsect","Vajra","champ:DuelingGlove","Lee\u0027s Waffle","FossilizedHelix","Lantern","Ice Cream","sneckomod:CleanMud","Happy Flower","Meat on the Bone","Dead Branch"],"acts_visited":["Exordium","TheCity","TheBeyond","TheEnding"],"potions_floor_usage":[56,56,56,56,56,56,56],"damage_taken":[{"damage":0.0,"enemies":"Cultist","floor":2.0,"turns":2.0},{"damage":5.0,"enemies":"Small Slimes","floor":4.0,"turns":3.0},{"damage":0.0,"enemies":"2 Louse","floor":5.0,"turns":2.0},{"damage":21.0,"enemies":"3 Sentries","floor":6.0,"turns":6.0},{"damage":13.0,"enemies":"Lagavulin","floor":9.0,"turns":5.0},{"damage":3.0,"enemies":"Gremlin Nob","floor":11.0,"turns":3.0},{"damage":4.0,"enemies":"Exordium Thugs","floor":12.0,"turns":3.0},{"damage":1.0,"enemies":"3 Louse","floor":15.0,"turns":3.0},{"damage":8.0,"enemies":"SI_SHIV_ARCHETYPE","floor":16.0,"turns":5.0},{"damage":13.0,"enemies":"Chosen","floor":19.0,"turns":4.0},{"damage":3.0,"enemies":"Cultist and Chosen","floor":20.0,"turns":6.0},{"damage":3.0,"enemies":"Colosseum Nobs","floor":23.0,"turns":4.0},{"damage":10.0,"enemies":"Slavers","floor":25.0,"turns":5.0},{"damage":5.0,"enemies":"Snecko","floor":26.0,"turns":4.0},{"damage":0.0,"enemies":"downfall:FleeingMerchant","floor":28.0,"turns":4.0},{"damage":28.0,"enemies":"Book of Stabbing","floor":29.0,"turns":6.0},{"damage":8.0,"enemies":"Slavers","floor":31.0,"turns":5.0},{"damage":0.0,"enemies":"Snake Plant","floor":32.0,"turns":4.0},{"damage":10.0,"enemies":"IC_MUSHROOM_ARCHETYPE","floor":33.0,"turns":4.0},{"damage":13.0,"enemies":"Orb Walker","floor":36.0,"turns":3.0},{"damage":6.0,"enemies":"3 Darklings","floor":37.0,"turns":2.0},{"damage":7.0,"enemies":"downfall:FleeingMerchant","floor":38.0,"turns":4.0},{"damage":2.0,"enemies":"Sphere and 2 Shapes","floor":40.0,"turns":2.0},{"damage":29.0,"enemies":"Maw","floor":42.0,"turns":5.0},{"damage":13.0,"enemies":"Nemesis","floor":44.0,"turns":5.0},{"damage":0.0,"enemies":"Writhing Mass","floor":48.0,"turns":4.0},{"damage":0.0,"enemies":"Transient","floor":49.0,"turns":5.0},{"damage":4,"enemies":"WA_ARCHETYPE_DIVINITY","floor":50,"turns":5},{"damage":0,"enemies":"downfall:CharBossMerchant","floor":52,"turns":5},{"damage":11,"enemies":"downfall:NeowBoss","floor":55,"turns":8},{"damage":75,"enemies":"downfall:NeowBossFinal","floor":56,"turns":8}],"seed_played":"1658982093963428811","potions_obtained":[{"floor":2.0,"key":"Regen Potion"},{"floor":11.0,"key":"sneckomod:OffclassReductionPotion"},{"floor":12.0,"key":"FearPotion"},{"floor":16.0,"key":"sneckomod:MuddlingPotion"},{"floor":22.0,"key":"CultistPotion"},{"floor":29.0,"key":"PowerPotion"},{"floor":31.0,"key":"DistilledChaos"},{"floor":32.0,"key":"Explosive Potion"}],"is_trial":false,"path_per_floor":["R","M","?","M","M","E","T","R","E","?","E","M","R","?","M","B",null,"R","M","M","?","?","?","T","E","M","T","$","E","R","E","M","B",null,"R","M","M","$","?","M","T","M","$","E","R","$","R","M","M","B",null,"E","$","R","B","B",null],"character_chosen":"THE_SNECKO","items_purchased":["sneckomod:ConfusingCodex","Ornamental Fan","sneckomod:UnknownUncommonAttack","sneckomod:UnknownUncommonAttack","Bottled Tornado","sneckomod:QuickBite","sneckomod:UnknownStrike","sneckomod:UnknownRareAttack","Centennial Puzzle","Guardian:PocketSentry","Lee\u0027s Waffle","Lantern","FossilizedHelix","sneckomod:UnknownWeak+1"],"campfire_rested":0,"item_purchase_floors":[28,28,28,28,28,38,38,38,38,38,46,46,46,53],"current_hp_per_floor":[63,63,63,58,58,60,60,60,47,47,44,42,42,42,43,41,90,100,87,86,86,86,85,85,77,74,74,76,50,50,44,46,38,100,100,87,83,78,78,78,78,51,51,40,40,107,107,107,107,103,107,107,107,107,96,33],"gold":1,"neow_bonus":"ONE_RARE_RELIC","is_daily":false,"chose_seed":false,"campfire_upgraded":6,"win_rate":0.0,"timestamp":1612497698,"path_taken":["R","M","?","M","M","E","T","R","E","?","E","?","R","?","M","BOSS","R","M","M","?","?","?","T","E","M","?","$","E","R","E","M","BOSS","R","M","M","$","?","M","T","M","$","E","R","?","R","M","M","BOSS","E","$","R","BOSS","BOSS"],"items_purchased_type":["Relic","Relic","Card","Card","Relic","Card","Card","Card","Relic","Relic","Relic","Relic","Relic","Card"],"build_version":"2020-12-22","purchased_purges":1,"victory":true,"max_hp_per_floor":[90,90,90,90,90,90,90,90,90,90,90,90,90,90,90,90,90,100,100,100,100,100,100,100,100,100,100,100,100,100,100,100,100,100,100,100,100,100,100,100,100,100,100,100,100,107,107,107,107,107,107,107,107,107,107,107],"relic_stats":{"Centennial Puzzle":[18],"Lee\u0027s Waffle":67,"Happy Flower":[5],"counters":[31,134],"Sundial":[2],"Mummified Hand":[48],"Ornamental Fan":[180],"Dead Branch":[13],"PreservedInsect":147,"obtain_stats":[{"Darkstone Periapt":24,"Ice Cream":49,"champ:DuelingGlove":44,"Lantern":46,"Gremlin Horn":32,"Vajra":9,"downfall:HeartBlessingGreen":18,"sneckomod:CleanMud":38,"Bag of Preparation":32,"Bottled Tornado":28,"sneckomod:SneckoSoul":0,"Blood Vial":11,"Sozu":34,"sneckomod:SuperSneckoSoul":17,"Lizard Tail":25,"Nunchaku":29,"Centennial Puzzle":38,"downfall:HeartBlessingBlue":18,"Sundial":27,"sneckomod:ConfusingCodex":28,"Mummified Hand":33,"Prayer Wheel":0,"Toxic Egg 2":23,"InkBottle":29,"Lee\u0027s Waffle":46,"downfall:HeartBlessingRed":30,"Happy Flower":52,"Blue Candle":31,"Dead Branch":56,"Eternal Feather":38,"The Courier":25,"PreservedInsect":40,"Guardian:PocketSentry":38,"Letter Opener":6,"Question Card":40,"Mercury Hourglass":49,"CaptainsWheel":23,"Ornamental Fan":28,"hexamod:BolsterEngine":42,"FossilizedHelix":46,"Meat on the Bone":56},{"Darkstone Periapt":12,"Ice Cream":27,"champ:DuelingGlove":25,"Lantern":25,"Gremlin Horn":18,"Vajra":5,"downfall:HeartBlessingGreen":9,"sneckomod:CleanMud":22,"Bag of Preparation":18,"Bottled Tornado":15,"sneckomod:SneckoSoul":0,"Blood Vial":6,"Sozu":19,"sneckomod:SuperSneckoSoul":9,"Lizard Tail":13,"Nunchaku":16,"Centennial Puzzle":22,"downfall:HeartBlessingBlue":9,"Sundial":14,"sneckomod:ConfusingCodex":15,"Mummified Hand":19,"Prayer Wheel":0,"Toxic Egg 2":12,"InkBottle":16,"Lee\u0027s Waffle":25,"downfall:HeartBlessingRed":16,"Happy Flower":29,"Blue Candle":17,"Dead Branch":31,"Eternal Feather":22,"The Courier":13,"PreservedInsect":23,"Guardian:PocketSentry":22,"Letter Opener":4,"Question Card":23,"Mercury Hourglass":27,"CaptainsWheel":12,"Ornamental Fan":15,"hexamod:BolsterEngine":24,"FossilizedHelix":25,"Meat on the Bone":31},{"Darkstone Periapt":46,"Ice Cream":108,"champ:DuelingGlove":99,"Lantern":99,"Gremlin Horn":74,"Vajra":18,"downfall:HeartBlessingGreen":32,"sneckomod:CleanMud":87,"Bag of Preparation":74,"Bottled Tornado":59,"sneckomod:SneckoSoul":0,"Blood Vial":21,"Sozu":78,"sneckomod:SuperSneckoSoul":32,"Lizard Tail":51,"Nunchaku":65,"Centennial Puzzle":87,"downfall:HeartBlessingBlue":32,"Sundial":55,"sneckomod:ConfusingCodex":59,"Mummified Hand":78,"Prayer Wheel":0,"Toxic Egg 2":46,"InkBottle":65,"Lee\u0027s Waffle":99,"downfall:HeartBlessingRed":65,"Happy Flower":118,"Blue Candle":70,"Dead Branch":127,"Eternal Feather":87,"The Courier":51,"PreservedInsect":89,"Guardian:PocketSentry":87,"Letter Opener":13,"Question Card":89,"Mercury Hourglass":108,"CaptainsWheel":46,"Ornamental Fan":59,"hexamod:BolsterEngine":94,"FossilizedHelix":99,"Meat on the Bone":127}],"Meat on the Bone":12},"card_choices":[{"not_picked":["sneckomod:SnakeSap","sneckomod:DefensiveFlair"],"picked":"sneckomod:UnendingSupply","floor":2.0},{"not_picked":["sneckomod:IronFang","sneckomod:QuickMove"],"picked":"sneckomod:SoulDraw","floor":2.0},{"not_picked":["sneckomod:QuickBite","sneckomod:Unknown1Cost"],"picked":"sneckomod:UnknownColorless","floor":4.0},{"not_picked":["sneckomod:DiceBlock","sneckomod:SoulDraw","sneckomod:RainOfDice"],"picked":"SKIP","floor":4.0},{"not_picked":["sneckomod:Unknown1Cost","sneckomod:Unknown0Cost"],"picked":"sneckomod:UnknownStrength","floor":5.0},{"not_picked":["sneckomod:UnknownExhaust","sneckomod:ImprovisedAttack"],"picked":"sneckomod:UnknownUncommonPower","floor":5.0},{"not_picked":["sneckomod:DiceBoulder","sneckomod:SoulCleanse"],"picked":"sneckomod:QuickMove","floor":6.0},{"not_picked":["sneckomod:QuickMove","sneckomod:ImprovisedGuard"],"picked":"sneckomod:UnknownStrength","floor":9.0},{"not_picked":["sneckomod:UnknownUncommonAttack","sneckomod:UnknownBoss"],"picked":"sneckomod:DiceBlock","floor":11.0},{"not_picked":["sneckomod:SnekBeam","sneckomod:SoulDraw"],"picked":"sneckomod:UnknownCommonAttack","floor":12.0},{"not_picked":["sneckomod:QuickMove","sneckomod:Nope"],"picked":"sneckomod:QuickBite","floor":12.0},{"not_picked":["sneckomod:QuickBite","sneckomod:Unknown0Cost"],"picked":"sneckomod:IronFang","floor":15.0},{"not_picked":["sneckomod:Unknown1Cost","sneckomod:Nope"],"picked":"sneckomod:WideSting","floor":15.0},{"not_picked":["sneckomod:UnlimitedRolls","sneckomod:MorePower"],"picked":"sneckomod:Transmogrify","floor":16.0},{"not_picked":["sneckomod:SoulRoll","sneckomod:QuickMove"],"picked":"sneckomod:UnknownCommonAttack","floor":19.0},{"not_picked":["sneckomod:ImprovisedAttack","sneckomod:UnknownUncommonSkill","sneckomod:RainOfDice"],"picked":"SKIP","floor":19.0},{"not_picked":["sneckomod:MixItUp","sneckomod:UnknownClassRED"],"picked":"sneckomod:UnknownStrength","floor":20.0},{"not_picked":["sneckomod:PureSnecko","sneckomod:MasterEye","sneckomod:ImprovisedAttack+1"],"picked":"SKIP","floor":20.0},{"not_picked":["sneckomod:UnknownDraw+1","sneckomod:UnknownClassPURPLE+1"],"picked":"sneckomod:UnknownStrike+1","floor":23.0},{"not_picked":["sneckomod:SerpentMind","sneckomod:UnknownX+1","sneckomod:Nope+1"],"picked":"SKIP","floor":25.0},{"not_picked":["sneckomod:IronFang+1","sneckomod:UnknownClassPURPLE+1","sneckomod:Unknown2Cost+1"],"picked":"SKIP","floor":26.0},{"not_picked":["sneckomod:UnknownClassGREEN+1","sneckomod:RainOfDice+1","sneckomod:UnknownClassPURPLE+1"],"picked":"SKIP","floor":28.0},{"not_picked":["sneckomod:DiceBlock+1","sneckomod:SoulDraw+1","sneckomod:DiceCrush"],"picked":"SKIP","floor":29.0},{"not_picked":["sneckomod:QuickMove+1","sneckomod:MasterEye"],"picked":"sneckomod:Transmogrify+1","floor":31.0},{"not_picked":["sneckomod:WideSting+1","sneckomod:SlitherStrike"],"picked":"sneckomod:SnakeSap","floor":32.0},{"not_picked":["sneckomod:Transmogrify+1","sneckomod:UnknownBoss+1"],"picked":"sneckomod:UnknownRarePower","floor":33.0},{"not_picked":["sneckomod:SoulRoll+1","sneckomod:DefensiveFlair+1"],"picked":"sneckomod:UnknownClassRED+1","floor":36.0},{"not_picked":["sneckomod:UnknownX+1","sneckomod:DiceBlock+1","sneckomod:Nope+1"],"picked":"SKIP","floor":37.0},{"not_picked":["sneckomod:UnknownCommonSkill+1","sneckomod:DiceCrush","sneckomod:TrashToTreasure+1"],"picked":"SKIP","floor":38.0},{"not_picked":["sneckomod:SoulCleanse+1","sneckomod:UnknownClassPURPLE+1","sneckomod:MixItUp"],"picked":"SKIP","floor":40.0},{"not_picked":["sneckomod:DiceCrush","sneckomod:Unknown2Cost+1","sneckomod:UnknownUncommonSkill+1","sneckomod:Cheat+1"],"picked":"sneckomod:UnknownDraw+1","floor":42.0},{"not_picked":["sneckomod:UnknownCommonSkill+1","sneckomod:Nope+1","sneckomod:RainOfDice","sneckomod:SerpentIdol+1"],"picked":"sneckomod:UnknownVulnerable+1","floor":44.0},{"not_picked":["sneckomod:UnknownCommonSkill+1","sneckomod:SoulRoll+1","sneckomod:DiceCrush","sneckomod:QuickMove+1"],"picked":"sneckomod:UnknownClassRED+1","floor":48.0},{"not_picked":["sneckomod:DangerNoodle","sneckomod:UnknownUncommonSkill+1","sneckomod:WideSting+1"],"picked":"sneckomod:SoulRoll+1","floor":49.0},{"not_picked":["sneckomod:UnknownClassPURPLE+1","sneckomod:UnknownX+1","sneckomod:UnknownCommonSkill+1","sneckomod:UnknownUncommonSkill+1"],"picked":"SKIP","floor":52}],"player_experience":1233367,"relics_obtained":[{"floor":6.0,"key":"Letter Opener"},{"floor":9.0,"key":"Vajra"},{"floor":11.0,"key":"Blood Vial"},{"floor":20.0,"key":"Vajra"},{"floor":23.0,"key":"CaptainsWheel"},{"floor":23.0,"key":"Toxic Egg 2"},{"floor":23.0,"key":"Prayer Wheel"},{"floor":24.0,"key":"Darkstone Periapt"},{"floor":25.0,"key":"Lizard Tail"},{"floor":25.0,"key":"The Courier"},{"floor":26.0,"key":"The Courier"},{"floor":27.0,"key":"Sundial"},{"floor":28.0,"key":"sneckomod:SuperSneckoSoul"},{"floor":29.0,"key":"InkBottle"},{"floor":29.0,"key":"Nunchaku"},{"floor":31.0,"key":"Vajra"},{"floor":31.0,"key":"Blue Candle"},{"floor":32.0,"key":"Gremlin Horn"},{"floor":32.0,"key":"Bag of Preparation"},{"floor":33.0,"key":"Mummified Hand"},{"floor":33.0,"key":"Ornamental Fan"},{"floor":36.0,"key":"Bag of Preparation"},{"floor":38.0,"key":"Eternal Feather"},{"floor":38.0,"key":"sneckomod:CleanMud"},{"floor":40.0,"key":"PreservedInsect"},{"floor":40.0,"key":"Question Card"},{"floor":41.0,"key":"Question Card"},{"floor":42.0,"key":"hexamod:BolsterEngine"},{"floor":44.0,"key":"hexamod:BolsterEngine"},{"floor":44.0,"key":"Vajra"},{"floor":44.0,"key":"champ:DuelingGlove"},{"floor":48.0,"key":"Lantern"},{"floor":49.0,"key":"Ice Cream"},{"floor":49.0,"key":"Mercury Hourglass"},{"floor":52,"key":"sneckomod:CleanMud"},{"floor":52,"key":"Gremlin Horn"},{"floor":52,"key":"Happy Flower"}],"event_choices":[],"is_beta":false,"boss_relics":[{"not_picked":["Fusion Hammer","Velvet Choker"],"picked":"sneckomod:SuperSneckoSoul"},{"not_picked":["Pandora\u0027s Box","Philosopher\u0027s Stone"],"picked":"Sozu"}],"items_purged_floors":[38],"is_endless":false,"potions_floor_spawned":[2,11,12,16,25,26,29,31,32,37,44,49],"ascension_level":1}}