{"host":"yuwyc1esdalgjt4e","time":1612541662,"event":{"mods":["Arknights","Astrologer","BaseMod","CapriCore","Hermit","KomeijiMod","Marisa????????","Minty Spire (QoL Compilation)","Railgun Mod","Reimu??????","StSLib","The Bug Knight","The Death Knight","The Dragon Tamer","The Hierophant","The Immortal","The Marked","The Servant 0.9.4","The Wild Card","TheSwordswoman","Yuri Mod"],"gold_per_floor":[112,112,124,142,155,181,181,181,181,181,181],"floor_reached":10,"language":"ENG","playtime":360,"items_purged":[],"score":68,"play_id":"0dcc258f-dabb-4741-9316-1f33c7b7a70a","local_time":"20210205171422","is_ascension_mode":false,"campfire_choices":[{"floor":8,"key":"REST"}],"circlet_count":0,"master_deck":["theMarked:Strike","theMarked:Strike","theMarked:Strike","theMarked:Strike","theMarked:Strike","theMarked:Defend","theMarked:Defend","theMarked:Defend","theMarked:Defend","theMarked:SoldierOfQuellstein+1","theMarked:Challenge","theMarked:TakeCover","theMarked:Friction"],"relics":["theMarked:ArtifactOfAir","Thread and Needle","Calipers","Ginger"],"acts_visited":["Exordium"],"potions_floor_usage":[6],"damage_taken":[{"damage":7,"enemies":"Jaw Worm","floor":1,"turns":4},{"damage":1,"enemies":"Cultist","floor":3,"turns":4},{"damage":2,"enemies":"Small Slimes","floor":4,"turns":4},{"damage":0,"enemies":"Blue Slaver","floor":5,"turns":3},{"damage":46,"enemies":"Gremlin Nob","floor":6,"turns":5},{"damage":32,"enemies":"Lagavulin","floor":10,"turns":6}],"seed_played":"7422138322663241384","potions_obtained":[{"floor":4,"key":"BlessingOfTheForge"}],"is_trial":false,"path_per_floor":["M","?","M","M","M","E","?","R","T","E"],"character_chosen":"THE_DEFAULT","items_purchased":[],"campfire_rested":1,"item_purchase_floors":[],"current_hp_per_floor":[56,56,55,53,53,7,7,25,25,0,0],"gold":181,"neow_bonus":"THREE_RARE_CARDS","is_daily":false,"chose_seed":false,"campfire_upgraded":0,"win_rate":0.0,"timestamp":1612541662,"path_taken":["M","?","M","M","M","E","?","R","T","E"],"items_purchased_type":[],"build_version":"2020-12-22","purchased_purges":0,"victory":false,"max_hp_per_floor":[63,63,63,63,63,63,63,63,63,63,63],"card_choices":[{"not_picked":["theMarked:DispelDoubt","theMarked:Snap"],"picked":"theMarked:Challenge","floor":0},{"not_picked":["theMarked:Overthink","theMarked:Electrocute"],"picked":"theMarked:TakeCover","floor":1},{"not_picked":["theMarked:CreepingChasm","theMarked:Static","theMarked:ContemptForTheProud"],"picked":"SKIP","floor":3},{"not_picked":["theMarked:BanishingWave","theMarked:Frustration"],"picked":"theMarked:Friction","floor":4},{"not_picked":["theMarked:ChainLightning","theMarked:ResourceFulStrike","theMarked:PowerFlow"],"picked":"SKIP","floor":5},{"not_picked":["theMarked:Convert","theMarked:SelfDefenseTraining","theMarked:CreepingChasm"],"picked":"SKIP","floor":6}],"player_experience":107038,"relics_obtained":[{"floor":6,"key":"Thread and Needle"},{"floor":7,"key":"Calipers"},{"floor":9,"key":"Ginger"}],"event_choices":[{"damage_healed":0,"gold_gain":0,"player_choice":"Grow","damage_taken":0,"max_hp_gain":0,"max_hp_loss":0,"event_name":"Living Wall","floor":2,"gold_loss":0,"cards_upgraded":["theMarked:SoldierOfQuellstein"]},{"damage_healed":0,"gold_gain":0,"player_choice":"Relic","damage_taken":0,"max_hp_gain":0,"max_hp_loss":0,"event_name":"Wheel of Change","floor":7,"gold_loss":0}],"is_beta":false,"boss_relics":[],"items_purged_floors":[],"is_endless":false,"potions_floor_spawned":[4],"killed_by":"Lagavulin","ascension_level":0}}