{"host":"lq2h7q9ca6uwu60x","time":1612509616,"event":{"mods":["Act Like it!","BaseMod","Gensokyo","Minty Spire (QoL Compilation)","StSLib","The Animator"],"gold_per_floor":[271,271,371,99,125,155,220,8,90,112,211,211,301,522,522,629,654,684,709,734,734,805,874,900,975,1076,1076,1145,1169,1261,980,980,1091,1116,1137,1137,766,706,723,723,571,571,596,612,670,686,741,758,758,758,758,758,577,627,682,752,1011,479,554,634,484,238,333,403,403,403,518,518,518,518],"floor_reached":69,"language":"ZHS","playtime":5294,"items_purged":["animator:Strike","animator:Strike","animator:Defend"],"score":1507,"play_id":"6853ce1a-45f5-4533-a6af-5d4d479f3824","local_time":"20210205152016","is_ascension_mode":true,"campfire_choices":[{"data":"animator:Hibiki","floor":12.0,"key":"SMITH"},{"data":"Deep Breath","floor":15.0,"key":"SMITH"},{"floor":27.0,"key":"RECALL"},{"data":"Deep Breath","floor":32.0,"key":"SMITH"},{"data":"animator:Defend_Kancolle+1","floor":40.0,"key":"PURGE"},{"data":"Bloodletting","floor":49.0,"key":"PURGE"},{"data":"animator:Gilgamesh+19","floor":52.0,"key":"PURGE"},{"floor":66.0,"key":"REST"},{"floor":68.0,"key":"REST"}],"circlet_count":0,"master_deck":["animator:Hibiki+1","animator:EmiyaShirou+1","DeusExMachina+1","Deep Breath+1","Gensokyo:LifeSpringInfinity+1","animator:HigakiRinne+1","Deep Breath+1","Gensokyo:HouraiInAPot+1","Gensokyo:CustomPotion","animator:QuestionMark+1","animator:HououinKyouma+1","animator:HigakiRinne+1","animator:Elesis+2"],"relics":["animator:TheWolleyCore","animator:AncientMedallion"],"acts_visited":["Exordium","Gensokyo:Gensokyo","Gensokyo:Gensokyoer","TheEnding","EYB:TheUnnamedReign"],"potions_floor_usage":[69,69,69],"damage_taken":[{"damage":1.0,"enemies":"Gensokyo:Gryphon","floor":1.0,"turns":4.0},{"damage":0.0,"enemies":"Gensokyo:3_Fairies","floor":5.0,"turns":2.0},{"damage":0.0,"enemies":"Gensokyo:Python","floor":6.0,"turns":3.0},{"damage":3.0,"enemies":"Gensokyo:Cirno","floor":7.0,"turns":5.0},{"damage":14.0,"enemies":"Gensokyo:3_Kodama","floor":10.0,"turns":5.0},{"damage":7.0,"enemies":"Gensokyo:Aya","floor":13.0,"turns":6.0},{"damage":0.0,"enemies":"Gensokyo:Gryphon_and_Rabbit","floor":14.0,"turns":4.0},{"damage":0.0,"enemies":"Gensokyo:Yukari","floor":16.0,"turns":4.0},{"damage":0.0,"enemies":"Gensokyo:Chomper","floor":18.0,"turns":3.0},{"damage":0.0,"enemies":"Gensokyo:Reisen","floor":23.0,"turns":4.0},{"damage":0.0,"enemies":"Gensokyo:2_Gloops","floor":24.0,"turns":2.0},{"damage":4.0,"enemies":"Gensokyo:Koishi","floor":25.0,"turns":3.0},{"damage":0.0,"enemies":"Gensokyo:Reisen","floor":28.0,"turns":3.0},{"damage":0.0,"enemies":"Gensokyo:Monolith_and_Dog","floor":29.0,"turns":2.0},{"damage":0.0,"enemies":"Gensokyo:Koishi","floor":30.0,"turns":3.0},{"damage":9.0,"enemies":"Gensokyo:Eiki","floor":33.0,"turns":3.0},{"damage":0.0,"enemies":"Gensokyo:3_Bats","floor":35.0,"turns":3.0},{"damage":0.0,"enemies":"Gensokyo:AncientGuardian","floor":39.0,"turns":2.0},{"damage":0.0,"enemies":"Gensokyo:4_Bats","floor":44.0,"turns":1.0},{"damage":0.0,"enemies":"Gensokyo:Doremy","floor":45.0,"turns":2.0},{"damage":0.0,"enemies":"Gensokyo:SeedOfUnknown","floor":46.0,"turns":1.0},{"damage":0.0,"enemies":"Gensokyo:Marisa","floor":47.0,"turns":2.0},{"damage":0.0,"enemies":"Gensokyo:3_Boulders","floor":48.0,"turns":1.0},{"damage":0.0,"enemies":"Gensokyo:Scarlet_Devils","floor":50.0,"turns":2.0},{"damage":0.0,"enemies":"animator:UNNAMED_CULTIST_1","floor":54.0,"turns":2.0},{"damage":0.0,"enemies":"animator:UNNAMED_HAT","floor":55.0,"turns":1.0},{"damage":0.0,"enemies":"animator:UNNAMED_CULTIST_2","floor":59.0,"turns":1.0},{"damage":0.0,"enemies":"animator:LARGE_CRYSTAL","floor":60.0,"turns":1.0},{"damage":0.0,"enemies":"animator:ULTIMATE_CRYSTAL","floor":63.0,"turns":2.0},{"damage":0.0,"enemies":"animator:ULTIMATE_WISP","floor":67.0,"turns":1.0},{"damage":114,"enemies":"animator:TheUnnamed","floor":69,"turns":11}],"seed_played":"-3122863407439175433","potions_obtained":[{"floor":1.0,"key":"Energy Potion"},{"floor":13.0,"key":"GamblersBrew"},{"floor":16.0,"key":"FairyPotion"},{"floor":18.0,"key":"Dexterity Potion"},{"floor":23.0,"key":"LiquidBronze"},{"floor":25.0,"key":"LiquidMemories"},{"floor":30.0,"key":"Ancient Potion"},{"floor":33.0,"key":"Energy Potion"},{"floor":45.0,"key":"DistilledChaos"},{"floor":47.0,"key":"SpeedPotion"},{"floor":54.0,"key":"animator:FalseLifePotion"},{"floor":55.0,"key":"animator:FalseLifePotion"},{"floor":59.0,"key":"animator:FalseLifePotion"}],"is_trial":false,"path_per_floor":["M","?","?","$","M","M","E","COS","T","M","T","R","E","M","R","B",null,"M","?","?","?","T","E","M","E","T","R","E","M","E","$","R","B",null,"M","?","$","?","M","R","$","?","T","M","E","M","E","M","R","B",null,"R","??","M","M","T","?","$","M","M","?","$","E","T","?","R","E","R","B"],"character_chosen":"THE_ANIMATOR","items_purchased":["animator:Hibiki","animator:ColorlessFragment","Membership Card","Peace Pipe","TheAbacus","Happy Flower","animator:QuestionMark","animator:HououinKyouma","animator:AncientMedallion","animator:AncientMedallion"],"campfire_rested":2,"item_purchase_floors":[4,31,37,37,41,41,58,58,58,62],"current_hp_per_floor":[65,39,39,39,39,39,36,36,36,22,22,22,15,15,15,15,66,66,61,61,55,55,55,55,51,51,51,51,51,51,51,51,47,55,55,47,47,47,47,47,47,47,47,47,47,47,47,47,47,47,55,55,98,98,98,98,98,98,98,98,98,98,98,98,28,57,89,98,0,0],"gold":518,"neow_bonus":"BOSS_RELIC","is_daily":false,"chose_seed":false,"campfire_upgraded":3,"win_rate":0.0,"timestamp":1612509616,"path_taken":["M","?","?","?","?","M","E","COS","T","M","?","R","E","?","R","BOSS","M","?","?","?","?","E","M","E","T","R","E","?","E","$","R","BOSS","M","?","$","?","?","R","?","?","T","?","E","M","E","M","R","BOSS","R","??","M","M","T","?","$","M","M","?","$","E","T","?","R","E","R","BOSS"],"items_purchased_type":["Card","Relic","Relic","Relic","Relic","Relic","Card","Card","Relic","Relic"],"build_version":"2020-12-22","purchased_purges":3,"victory":false,"max_hp_per_floor":[66,66,66,66,66,66,66,66,66,66,66,66,66,66,66,66,66,66,61,61,55,55,55,55,55,55,55,55,55,55,55,55,55,55,55,55,55,55,55,55,55,55,55,55,55,55,55,55,55,55,55,55,98,98,98,98,98,98,98,98,98,98,98,98,98,98,98,98,98,98],"card_choices":[{"not_picked":["animator:Aisha","animator:YuiTsuruno","animator:Ara"],"picked":"SKIP","floor":1.0},{"not_picked":["animator:Konayuki","animator:Emonzaemon"],"picked":"animator:EmiyaShirou","floor":5.0},{"not_picked":["animator:ElricAlphonse","animator:MamiTomoe","animator:MaesHughes"],"picked":"SKIP","floor":6.0},{"not_picked":["animator:ElricAlphonse","animator:MamiTomoe","animator:MaesHughes"],"picked":"SKIP","floor":6.0},{"not_picked":["animator:ShinjiMatou","animator:SakuraMatou"],"picked":"animator:Gilgamesh","floor":7.0},{"not_picked":["Blade Dance","Sword Boomerang"],"picked":"DeusExMachina","floor":10.0},{"not_picked":["animator:ChaikaBohdan+1","animator:IzunaHatsuse","BowlingBash+1"],"picked":"SKIP","floor":13.0},{"not_picked":["animator:Sora","Prepared"],"picked":"Deep Breath","floor":14.0},{"not_picked":["animator:Kira","animator:PinaCoLada"],"picked":"Gensokyo:LifeSpringInfinity","floor":16.0},{"not_picked":["Gensokyo:Kunekune","Gensokyo:RedCapeBlueCape+1"],"picked":"Gensokyo:MenInBlack","floor":21.0},{"not_picked":["Clash+1","Havoc","animator:Jibril+1"],"picked":"SKIP","floor":23.0},{"not_picked":["animator:DolaRiku","Aggregate+1","Die Die Die+1"],"picked":"SKIP","floor":24.0},{"not_picked":["animator:DolaRiku","Aggregate+1","Die Die Die+1"],"picked":"SKIP","floor":24.0},{"not_picked":["animator:DolaRiku","Aggregate+1","Die Die Die+1"],"picked":"SKIP","floor":24.0},{"not_picked":["Reinforced Body","animator:Laby","animator:Priestess"],"picked":"SKIP","floor":25.0},{"not_picked":["Turbo","animator:Priestess"],"picked":"Bloodletting","floor":29.0},{"not_picked":["animator:Aqua+1","animator:HomuraAkemi"],"picked":"Deep Breath","floor":30.0},{"not_picked":["Blasphemy","animator:Gilgamesh+1"],"picked":"Gensokyo:HouraiInAPot","floor":33.0},{"not_picked":["Outmaneuver","Leap","Redo"],"picked":"SKIP","floor":35.0},{"not_picked":["animator:Raven+1","animator:Chung","Ball Lightning+1"],"picked":"SKIP","floor":39.0},{"not_picked":["animator:ShinjiMatou","animator:Berserker+1","animator:Alexander+1"],"picked":"animator:RinTohsaka","floor":44.0},{"not_picked":["Bloodletting","animator:NarberalGamma+1","Turbo","Melter+1"],"picked":"SKIP","floor":45.0},{"not_picked":["animator:Millim+1","Blade Dance+1","animator:Urushihara+1","Deflect"],"picked":"SKIP","floor":46.0},{"not_picked":["animator:Millim+1","Blade Dance+1","animator:Urushihara+1","Deflect"],"picked":"SKIP","floor":46.0},{"not_picked":["Rebound+1","PathToVictory","MasterReality","Bouncing Flask+1"],"picked":"SKIP","floor":48.0},{"not_picked":["animator:Emonzaemon","animator:OrikoMikuni","animator:EmiyaShirou"],"picked":"SKIP","floor":54.0},{"not_picked":["animator:Emonzaemon+1","animator:OrikoMikuni","animator:Rena"],"picked":"SKIP","floor":55.0},{"not_picked":["animator:Ciel","animator:Azekura","animator:KyokoSakura+1"],"picked":"SKIP","floor":59.0},{"not_picked":["animator:Rider","animator:Gluttony+1"],"picked":"animator:HigakiRinne","floor":60.0},{"not_picked":["animator:MadokaKaname+1","animator:Biyorigo+1"],"picked":"animator:Elesis+1","floor":61.0},{"not_picked":["animator:Berserker","animator:Ciel+1","animator:Azekura+1"],"picked":"SKIP","floor":63.0},{"not_picked":["animator:Aisha+1","animator:SayakaMiki","animator:SakuraMatou"],"picked":"SKIP","floor":67.0}],"player_experience":809630,"relics_obtained":[{"floor":7.0,"key":"Ancient Tea Set"},{"floor":11.0,"key":"Molten Egg 2"},{"floor":13.0,"key":"animator:EngravedStaff"},{"floor":22.0,"key":"Anchor"},{"floor":23.0,"key":"Letter Opener"},{"floor":25.0,"key":"animator:ShionDessert"},{"floor":26.0,"key":"InkBottle"},{"floor":28.0,"key":"Toy Ornithopter"},{"floor":30.0,"key":"Gremlin Horn"},{"floor":43.0,"key":"Question Card"},{"floor":45.0,"key":"Oddly Smooth Stone"},{"floor":47.0,"key":"TungstenRod"},{"floor":53.0,"key":"animator:TheWolleyCore"},{"floor":53.0,"key":"animator:AncientMedallion"},{"floor":56.0,"key":"animator:AncientMedallion"},{"floor":63.0,"key":"animator:AncientMedallion"},{"floor":64.0,"key":"animator:AncientMedallion"},{"floor":67.0,"key":"animator:AncientMedallion"}],"event_choices":[],"is_beta":false,"boss_relics":[{"not_picked":["Busted Crown","Tiny House"],"picked":"Runic Dome"},{"not_picked":["SlaversCollar","Pandora\u0027s Box"],"picked":"Empty Cage"}],"items_purged_floors":[4,31,37],"is_endless":false,"potions_floor_spawned":[1,13,16,18,23,25,30,33,45,47,48,54,55,63],"killed_by":"animator:TheUnnamed","ascension_level":1}}