{"host":"lnlgorucl381deje","time":1612533106,"event":{"mods":["ATMod(°¢èªMod)","AchievementEnabler","Aspiration","BaseMod","Better Altar","Better Match","Better Note","Better Sensory Stone","Better Skull","Better Third Choice","Better Vampires","BetterRewards","Block Reminder","Conspire","Dota2Spire","Downfall","Energized Spire","Googly Eyes","Highlight Path","Hubris","Humility","Jedi Mod","Minty Spire (QoL Compilation)","Permanent Neow","Relic Stats","Reliquary","Replay The Spire","Shop Mod","Spicy Shops","StSLib","Transform Curses","¡¾ÒÅÎï¿¨ÅÆ¡¿REMEMod"],"gold_per_floor":[99,99,116,116,116,133,133,133,133,145,157,175,194,212,237,247,267,375,375,175,195,295,322,315,326,326,426,68,93,122,122,112,112,112],"floor_reached":32,"language":"ZHS","playtime":2861,"items_purged":[],"score":293,"play_id":"6033c2e5-07c5-4ebf-ae60-3e8f7c576b9f","local_time":"20210205215146","is_ascension_mode":false,"campfire_choices":[{"data":"AT_ChampionKick","floor":1.0,"key":"SMITH"},{"data":"REME_EyeOfCthun+1","floor":20.0,"key":"SMITH"}],"circlet_count":0,"master_deck":["hexamod:Strike","hexamod:Strike","hexamod:Strike+1","hexamod:Defend+1","hexamod:Defend+1","hexamod:Defend","hexamod:Defend","hexamod:Sear","hexamod:Float+1","REME_EyeOfCthun+2","AT_ChampionKick+1","hexamod:ThirdSeal","Languid","hexamod:GhostLash","hexamod:AdvancingGuard","hexamod:NightmareGuise","hexamod:RecurringNightmare+1","hexamod:GhostOfSpirePast+1","hexamod:RadiantFlame+1","hexamod:SixthSeal","hexamod:NecessarySacrifice+1","hexamod:ExtraCrispy","hexamod:HauntingEcho+1","hexamod:SecondSeal","hexamod:GhostOfSpireFuture+1","hexamod:VolcanoVisage","hexamod:SearingWound+1","hexamod:StepThrough","hexamod:Incineration+1","hexamod:ChargedBarrage+1","hexamod:Hexaguard","hexamod:TimeOfNeed","hexamod:Firestarter+1","hexamod:ThermalTransfer+1","hexamod:HeatCrush+1","expansioncontent:StudyTheSpire","hexamod:SoulSteal","hexamod:ForkedFlame"],"relics":["REME_ComplimentaryCards","AT_ATBox","Coffee Dripper","reliquary:RoseTintedGlasses","conspire:InfiniteJournal","bronze:MakeshiftBattery","downfall:HeartBlessingGreen","downfall:HeartBlessingBlue","jedi:archwizardhat","HandDrill","Smiling Mask"],"acts_visited":["Exordium","TheCity"],"potions_floor_usage":[31,32],"damage_taken":[{"damage":0.0,"enemies":"2 Louse","floor":3.0,"turns":1.0},{"damage":0.0,"enemies":"Cultist","floor":6.0,"turns":2.0},{"damage":0.0,"enemies":"conspire:RoseBush","floor":10.0,"turns":1.0},{"damage":0.0,"enemies":"Red Slaver","floor":11.0,"turns":3.0},{"damage":5.0,"enemies":"Large Slime","floor":12.0,"turns":4.0},{"damage":0.0,"enemies":"2 Fungi Beasts","floor":13.0,"turns":2.0},{"damage":3.0,"enemies":"Exordium Wildlife","floor":14.0,"turns":2.0},{"damage":14.0,"enemies":"3 Sentries","floor":15.0,"turns":6.0},{"damage":0.0,"enemies":"Blue Slaver","floor":16.0,"turns":1.0},{"damage":12.0,"enemies":"Exordium Thugs","floor":17.0,"turns":5.0},{"damage":16.0,"enemies":"SI_SHIV_ARCHETYPE","floor":18.0,"turns":8.0},{"damage":3.0,"enemies":"3 Byrds","floor":21.0,"turns":4.0},{"damage":27.0,"enemies":"3 Cultists","floor":23.0,"turns":4.0},{"damage":0.0,"enemies":"downfall:FleeingMerchant","floor":24.0,"turns":4.0},{"damage":10,"enemies":"Cultist and Chosen","floor":25,"turns":4},{"damage":15,"enemies":"downfall:FleeingMerchant","floor":28,"turns":4},{"damage":15,"enemies":"Snecko","floor":29,"turns":4},{"damage":9,"enemies":"conspire:SneckoGhost","floor":30,"turns":4},{"damage":0,"enemies":"Centurion and Healer","floor":31,"turns":1},{"damage":5,"enemies":"Gremlin Leader","floor":32,"turns":1}],"seed_played":"1089849393952969745","potions_obtained":[{"floor":12.0,"key":"Swift Potion"},{"floor":13.0,"key":"EssenceOfSteel"},{"floor":14.0,"key":"Flashbang"},{"floor":16.0,"key":"Dota2Spire:HealingSalve"},{"floor":17.0,"key":"Cursed Concoction"},{"floor":25,"key":"Death Potion"},{"floor":29,"key":"Explosive Potion"},{"floor":30,"key":"SmokeBomb"}],"is_trial":false,"path_per_floor":["R","?","M","?","?","M","PTL","PTL","T","M","M","M","M","M","E","M","M","B",null,"R","M","?","M","$","M","T","?","$","M","E","M","E"],"character_chosen":"THE_SPIRIT","items_purchased":["expansioncontent:StudyTheSpire","HandDrill"],"campfire_rested":0,"item_purchase_floors":[28,28],"current_hp_per_floor":[70,46,46,46,46,46,46,46,46,46,46,41,41,38,24,24,21,5,70,80,77,77,50,50,40,40,40,25,10,1,1,0,0,0],"gold":112,"neow_bonus":"BOSS_RELIC","is_daily":false,"chose_seed":false,"campfire_upgraded":2,"win_rate":0.0,"timestamp":1612533106,"path_taken":["R","?","?","?","?","M","PTL","PTL","T","?","M","M","M","M","E","?","M","BOSS","R","M","?","M","?","M","T","?","$","M","E","M","E"],"items_purchased_type":["Card","Relic"],"build_version":"2020-12-22","purchased_purges":0,"victory":false,"max_hp_per_floor":[70,70,70,70,70,70,70,70,70,70,70,70,70,70,70,70,70,70,70,80,80,80,80,80,80,80,80,80,80,80,80,80,80,80],"relic_stats":{"counters":[20,65],"HandDrill":[0],"Smiling Mask":0,"obtain_stats":[{"AT_ATBox":0,"downfall:HeartBlessingBlue":20,"downfall:HeartBlessingGreen":20,"reliquary:RoseTintedGlasses":2,"Coffee Dripper":0,"HandDrill":28,"jedi:archwizardhat":26,"Smiling Mask":30,"hexamod:SpiritBrand":0,"bronze:MakeshiftBattery":19,"REME_ComplimentaryCards":0,"conspire:InfiniteJournal":15},{"AT_ATBox":0,"downfall:HeartBlessingBlue":11,"downfall:HeartBlessingGreen":11,"reliquary:RoseTintedGlasses":0,"Coffee Dripper":0,"HandDrill":16,"jedi:archwizardhat":15,"Smiling Mask":18,"hexamod:SpiritBrand":0,"bronze:MakeshiftBattery":11,"REME_ComplimentaryCards":0,"conspire:InfiniteJournal":8},{"AT_ATBox":0,"downfall:HeartBlessingBlue":35,"downfall:HeartBlessingGreen":35,"reliquary:RoseTintedGlasses":0,"Coffee Dripper":0,"HandDrill":55,"jedi:archwizardhat":51,"Smiling Mask":63,"hexamod:SpiritBrand":0,"bronze:MakeshiftBattery":35,"REME_ComplimentaryCards":0,"conspire:InfiniteJournal":21}]},"card_choices":[{"not_picked":["hexamod:CatchUp","hexamod:InspiringFlames"],"picked":"hexamod:ThirdSeal","floor":3.0},{"not_picked":["hexamod:Firestarter","hexamod:InspiringFlames"],"picked":"hexamod:GhostLash","floor":6.0},{"not_picked":["hexamod:SwordOfDarkness","hexamod:Firestarter"],"picked":"hexamod:AdvancingGuard","floor":6.0},{"not_picked":["hexamod:GhostflameBarrier","hexamod:GhostShield"],"picked":"hexamod:NightmareGuise","floor":10.0},{"not_picked":["hexamod:NecessarySacrifice","hexamod:HeatMetal"],"picked":"hexamod:RecurringNightmare","floor":11.0},{"not_picked":["hexamod:HeatMetal","hexamod:AdvancingGuard"],"picked":"hexamod:GhostOfSpirePast","floor":11.0},{"not_picked":["hexamod:NightmareGuise","hexamod:GhostflameBarrier"],"picked":"hexamod:RadiantFlame","floor":12.0},{"not_picked":["hexamod:Again","hexamod:AdvancingGuard","hexamod:FastForward"],"picked":"SKIP","floor":12.0},{"not_picked":["hexamod:GhostLash","hexamod:GhostOfSpireFuture"],"picked":"hexamod:SixthSeal","floor":13.0},{"not_picked":["hexamod:SpectersWail","hexamod:NightmareGuise"],"picked":"hexamod:NecessarySacrifice","floor":14.0},{"not_picked":["hexamod:SpectralAdrenaline","hexamod:ShieldOfDarkness"],"picked":"hexamod:ExtraCrispy","floor":15.0},{"not_picked":["hexamod:ThermalTransfer","hexamod:RadiantFlame"],"picked":"hexamod:HauntingEcho","floor":15.0},{"not_picked":["hexamod:HeatMetal","hexamod:AdvancingGuard"],"picked":"hexamod:SecondSeal","floor":16.0},{"not_picked":["hexamod:ShieldOfDarkness","hexamod:Firestarter"],"picked":"hexamod:GhostOfSpireFuture","floor":17.0},{"not_picked":["hexamod:GhostflameBarrier","hexamod:Rewind","hexamod:SecondSeal"],"picked":"SKIP","floor":17.0},{"not_picked":["hexamod:ParanormalForm","hexamod:TimeOfNeed"],"picked":"hexamod:VolcanoVisage","floor":18.0},{"not_picked":["hexamod:GhostflameInferno","hexamod:ParanormalForm"],"picked":"hexamod:SearingWound","floor":18.0},{"not_picked":["hexamod:SwordOfDarkness","hexamod:HauntingEcho"],"picked":"hexamod:StepThrough","floor":21.0},{"not_picked":["hexamod:NightmareStrike","hexamod:NightmareGuise"],"picked":"hexamod:Incineration+1","floor":21.0},{"not_picked":["hexamod:NightmareGuise","hexamod:SecondSeal"],"picked":"hexamod:ChargedBarrage+1","floor":23.0},{"not_picked":["hexamod:InspiringFlames","hexamod:RainOfEmbers"],"picked":"hexamod:Hexaguard","floor":23.0},{"not_picked":["hexamod:FastForward","hexamod:ShieldOfDarkness+1"],"picked":"hexamod:TimeOfNeed","floor":24},{"not_picked":["hexamod:SpectersWail","hexamod:InspiringFlames"],"picked":"hexamod:Firestarter+1","floor":25},{"not_picked":["hexamod:SpectersWail","hexamod:HeatMetal"],"picked":"hexamod:ThermalTransfer+1","floor":25},{"not_picked":["hexamod:SecondSeal","hexamod:InspiringFlames"],"picked":"hexamod:HeatCrush","floor":28},{"not_picked":["hexamod:GhostLash","hexamod:HauntingEcho","hexamod:VolcanoVisage"],"picked":"SKIP","floor":28},{"not_picked":["hexamod:ShieldOfDarkness","hexamod:GhostLash"],"picked":"hexamod:SoulSteal","floor":29},{"not_picked":["hexamod:GhostShield+1","hexamod:EmpoweredFlame+1"],"picked":"hexamod:ForkedFlame","floor":30}],"player_experience":182201,"relics_obtained":[{"floor":15.0,"key":"conspire:InfiniteJournal"},{"floor":26,"key":"jedi:archwizardhat"},{"floor":30,"key":"Smiling Mask"}],"event_choices":[{"damage_healed":0.0,"max_hp_gain":0.0,"max_hp_loss":0.0,"gold_gain":0.0,"event_name":"betterSkull:BetterSkull","player_choice":"RE UP ","floor":2.0,"gold_loss":0.0,"damage_taken":28.0,"cards_upgraded":["hexamod:Float"],"relics_obtained":["reliquary:RoseTintedGlasses"]}],"is_beta":false,"boss_relics":[{"not_picked":["Replay:Bronze Core","Astrolabe"],"picked":"bronze:MakeshiftBattery"}],"items_purged_floors":[],"is_endless":false,"potions_floor_spawned":[12,13,14,16,17,25,29,30,31],"killed_by":"Gremlin Leader","ascension_level":0,"is_humility":true}}