{"host":"vqgrg90fv56geajp","time":1612552532,"event":{"mods":["BaseMod","Colored Map","Colored Powertips","Minty Spire (QoL Compilation)","Quick Restart","Rare Cards Sparkle","Relic Stats"],"gold_per_floor":[18,18,31,46,63,92,107,107,134,54,54,88,99,99,99,176,176,187,187,206,221,221,221,255,255,255,268,278,296,322,322,322,322,322],"floor_reached":33,"language":"ENG","playtime":1888,"items_purged":[],"score":823,"play_id":"80f8d3f0-5ff3-496a-9ace-c8b772da8154","local_time":"20210205211532","is_ascension_mode":true,"campfire_choices":[{"floor":11.0,"key":"REST"},{"floor":15.0,"key":"RECALL"},{"floor":23.0,"key":"REST"},{"data":"Defend_G","floor":25.0,"key":"PURGE"},{"floor":32,"key":"REST"}],"circlet_count":0,"master_deck":["AscendersBane","Defend_G","Defend_G","Defend_G","Defend_G","Survivor","Neutralize","Apotheosis+1","Deflect","All Out Attack","PiercingWail","Cloak And Dagger","Glass Knife","Dagger Throw","Accuracy","Adrenaline","Dodge and Roll","Storm of Steel","Choke+1","Bite","Bite","Bite","Bite","Bite","PiercingWail","Tactician","Infinite Blades+1","Backflip","Cloak And Dagger","Infinite Blades","Slice"],"relics":["Ring of the Snake","FossilizedHelix","Regal Pillow","Bag of Marbles","Omamori","PreservedInsect","WristBlade","Ancient Tea Set","Peace Pipe","Matryoshka","The Specimen","Nilry\u0027s Codex"],"acts_visited":["Exordium","TheCity"],"potions_floor_usage":[],"damage_taken":[{"damage":2.0,"enemies":"Small Slimes","floor":1.0,"turns":4.0},{"damage":0.0,"enemies":"Jaw Worm","floor":3.0,"turns":3.0},{"damage":0.0,"enemies":"2 Louse","floor":4.0,"turns":2.0},{"damage":2.0,"enemies":"Blue Slaver","floor":5.0,"turns":4.0},{"damage":15.0,"enemies":"3 Sentries","floor":6.0,"turns":7.0},{"damage":0.0,"enemies":"Looter","floor":7.0,"turns":4.0},{"damage":0.0,"enemies":"Gremlin Nob","floor":12.0,"turns":3.0},{"damage":0.0,"enemies":"Red Slaver","floor":13.0,"turns":1.0},{"damage":0.0,"enemies":"The Guardian","floor":16.0,"turns":13.0},{"damage":0.0,"enemies":"2 Thieves","floor":18.0,"turns":4.0},{"damage":10.0,"enemies":"3 Byrds","floor":20.0,"turns":5.0},{"damage":8.0,"enemies":"Snake Plant","floor":21.0,"turns":4.0},{"damage":0.0,"enemies":"Slavers","floor":24.0,"turns":4.0},{"damage":9.0,"enemies":"Centurion and Healer","floor":27.0,"turns":5.0},{"damage":15.0,"enemies":"Shelled Parasite and Fungi","floor":28.0,"turns":4.0},{"damage":0.0,"enemies":"Snake Plant","floor":29.0,"turns":5.0},{"damage":17.0,"enemies":"Book of Stabbing","floor":30.0,"turns":4.0},{"damage":80,"enemies":"Collector","floor":33,"turns":8}],"seed_played":"-7218988320168325543","potions_obtained":[{"floor":6.0,"key":"LiquidMemories"},{"floor":7.0,"key":"GamblersBrew"},{"floor":12.0,"key":"LiquidBronze"},{"floor":18.0,"key":"SkillPotion"},{"floor":20.0,"key":"CultistPotion"},{"floor":24.0,"key":"Dexterity Potion"},{"floor":27.0,"key":"ColorlessPotion"}],"is_trial":false,"path_per_floor":["M","?","M","M","M","E","M","?","T","$","R","E","M","?","R","B",null,"M","?","M","M","?","R","E","R","T","M","M","M","E","?","R","B"],"character_chosen":"THE_SILENT","items_purchased":["Accuracy"],"campfire_rested":3,"item_purchase_floors":[10],"current_hp_per_floor":[57,57,57,57,55,40,40,22,22,22,56,56,56,56,56,56,64,64,46,39,37,37,46,46,46,46,43,34,46,39,18,46,0,0],"gold":322,"neow_bonus":"RANDOM_COLORLESS_2","is_daily":false,"chose_seed":false,"campfire_upgraded":0,"win_rate":0.0,"timestamp":1612552532,"path_taken":["M","?","M","M","M","E","M","?","T","?","R","E","M","?","R","BOSS","M","?","M","M","?","R","E","R","T","M","M","M","E","?","R","BOSS"],"items_purchased_type":["Card"],"build_version":"2020-12-22","purchased_purges":0,"victory":false,"max_hp_per_floor":[66,66,66,66,66,66,66,66,66,66,66,66,66,66,66,66,66,66,46,46,46,46,46,46,46,46,46,46,46,46,46,46,46,46],"relic_stats":{"Peace Pipe":1,"Regal Pillow":30,"counters":[18,84],"PreservedInsect":82,"obtain_stats":[{"Peace Pipe":24,"Regal Pillow":8,"Matryoshka":26,"WristBlade":17,"The Specimen":30,"Nilry\u0027s Codex":31,"PreservedInsect":14,"Bag of Marbles":9,"Omamori":12,"Ancient Tea Set":22,"FossilizedHelix":6,"Ring of the Snake":0},{"Peace Pipe":13,"Regal Pillow":6,"Matryoshka":13,"WristBlade":9,"The Specimen":17,"Nilry\u0027s Codex":17,"PreservedInsect":8,"Bag of Marbles":6,"Omamori":7,"Ancient Tea Set":12,"FossilizedHelix":5,"Ring of the Snake":0},{"Peace Pipe":58,"Regal Pillow":24,"Matryoshka":58,"WristBlade":41,"The Specimen":76,"Nilry\u0027s Codex":76,"PreservedInsect":28,"Bag of Marbles":24,"Omamori":27,"Ancient Tea Set":54,"FossilizedHelix":20,"Ring of the Snake":0}],"Ring of the Snake":[36]},"card_choices":[{"not_picked":["Magnetism","Mayhem"],"picked":"Apotheosis","floor":0.0},{"not_picked":["Dagger Throw","Flechettes"],"picked":"Deflect","floor":1.0},{"not_picked":["Acrobatics","Dagger Throw"],"picked":"All Out Attack","floor":3.0},{"not_picked":["Dagger Throw","Noxious Fumes"],"picked":"PiercingWail","floor":4.0},{"not_picked":["Dodge and Roll","Outmaneuver"],"picked":"Cloak And Dagger","floor":5.0},{"not_picked":["Acrobatics","Concentrate"],"picked":"Glass Knife","floor":6.0},{"not_picked":["Skewer","Catalyst"],"picked":"Dagger Throw","floor":7.0},{"not_picked":["Bane","Deadly Poison"],"picked":"Adrenaline","floor":12.0},{"not_picked":["Quick Slash","Acrobatics"],"picked":"Dodge and Roll","floor":13.0},{"not_picked":["Unload","Grand Finale"],"picked":"Storm of Steel","floor":16.0},{"not_picked":["Dagger Throw","Flying Knee"],"picked":"Choke+1","floor":18.0},{"not_picked":["Backflip","Dagger Spray"],"picked":"PiercingWail","floor":20.0},{"not_picked":["Skewer","Poisoned Stab"],"picked":"Tactician","floor":21.0},{"not_picked":["Calculated Gamble","Quick Slash"],"picked":"Infinite Blades+1","floor":24.0},{"not_picked":["Endless Agony","Dagger Throw"],"picked":"Backflip","floor":27.0},{"not_picked":["Flying Knee","Dagger Throw"],"picked":"Cloak And Dagger","floor":28.0},{"not_picked":["Calculated Gamble","Endless Agony"],"picked":"Infinite Blades","floor":29.0},{"not_picked":["Dagger Spray","Underhanded Strike+1"],"picked":"Slice","floor":30}],"player_experience":2554706,"relics_obtained":[{"floor":6.0,"key":"FossilizedHelix"},{"floor":9.0,"key":"Bag of Marbles"},{"floor":12.0,"key":"Omamori"},{"floor":24.0,"key":"Peace Pipe"},{"floor":26.0,"key":"Matryoshka"},{"floor":30,"key":"The Specimen"},{"floor":31,"key":"Nilry\u0027s Codex"}],"event_choices":[{"damage_healed":0.0,"max_hp_gain":0.0,"max_hp_loss":0.0,"gold_gain":0.0,"event_name":"Living Wall","player_choice":"Grow","floor":2.0,"gold_loss":0.0,"damage_taken":0.0,"cards_upgraded":["Apotheosis"]},{"damage_healed":0.0,"max_hp_gain":0.0,"max_hp_loss":0.0,"gold_gain":0.0,"event_name":"Scrap Ooze","player_choice":"Success","floor":8.0,"gold_loss":0.0,"damage_taken":18.0,"relics_obtained":["Regal Pillow"]},{"damage_healed":0.0,"max_hp_gain":0.0,"max_hp_loss":0.0,"gold_gain":0.0,"event_name":"Big Fish","player_choice":"Box","floor":14.0,"gold_loss":0.0,"damage_taken":0.0,"relics_obtained":["PreservedInsect"],"cards_obtained":["Regret"]},{"damage_healed":0.0,"max_hp_gain":0.0,"max_hp_loss":20.0,"gold_gain":0.0,"event_name":"Vampires","player_choice":"Became a vampire","floor":19.0,"gold_loss":0.0,"damage_taken":0.0,"cards_obtained":["Bite","Bite","Bite","Bite","Bite"]},{"damage_healed":0.0,"max_hp_gain":0.0,"max_hp_loss":0.0,"gold_gain":0.0,"event_name":"The Mausoleum","player_choice":"Opened","floor":22.0,"gold_loss":0.0,"damage_taken":0.0,"relics_obtained":["Ancient Tea Set"],"cards_obtained":["Writhe"]},{"damage_healed":0,"gold_gain":0,"player_choice":"Obtained Book","damage_taken":21,"max_hp_gain":0,"max_hp_loss":0,"event_name":"Cursed Tome","floor":31,"gold_loss":0}],"is_beta":false,"boss_relics":[{"not_picked":["Astrolabe","Ring of the Serpent"],"picked":"WristBlade"}],"items_purged_floors":[],"is_endless":false,"potions_floor_spawned":[6,7,12,18,20,24,27],"killed_by":"Collector","ascension_level":20}}