{"host":"fa35vd3kig5td25x","time":1612548064,"event":{"mods":["BaseMod","Colored Powertips","Minty Spire (QoL Compilation)","Relic Stats","Slay the Relics Exporter"],"gold_per_floor":[113,32,52,17,34,66,66,93,146,178,178,178,191,206,206,305,305,318,342,342,51,51,51,51],"floor_reached":23,"language":"ENG","playtime":745,"items_purged":["Strike_R"],"score":418,"play_id":"a11c2d88-df04-465f-ae5c-970d346dfeee","local_time":"20210205190104","is_ascension_mode":true,"campfire_choices":[{"data":"Bludgeon","floor":7,"key":"SMITH"},{"data":"Barricade","floor":12,"key":"SMITH"},{"data":"Impervious","floor":15,"key":"SMITH"}],"circlet_count":0,"master_deck":["AscendersBane","Strike_R","Defend_R","Defend_R","Defend_R","Defend_R","Bash","Clothesline","Barricade+1","Bludgeon+1","Impervious+1","Feel No Pain","Feel No Pain","Shrug It Off","Impervious","Bludgeon+1","Impervious+1","Perfected Strike+1","Master of Strategy","Burning Pact"],"relics":["Velvet Choker","Mercury Hourglass","Smiling Mask","Juzu Bracelet","Question Card","Golden Idol","Astrolabe"],"acts_visited":["Exordium","TheCity"],"potions_floor_usage":[13,16,23,23],"damage_taken":[{"damage":3,"enemies":"2 Louse","floor":1,"turns":3},{"damage":7,"enemies":"Jaw Worm","floor":3,"turns":2},{"damage":0,"enemies":"Cultist","floor":5,"turns":2},{"damage":6,"enemies":"Gremlin Nob","floor":6,"turns":3},{"damage":5,"enemies":"3 Sentries","floor":8,"turns":6},{"damage":6,"enemies":"Gremlin Nob","floor":10,"turns":4},{"damage":0,"enemies":"Blue Slaver","floor":13,"turns":1},{"damage":2,"enemies":"Large Slime","floor":14,"turns":4},{"damage":14,"enemies":"The Guardian","floor":16,"turns":9},{"damage":18,"enemies":"Chosen","floor":18,"turns":7},{"damage":0,"enemies":"Spheric Guardian","floor":19,"turns":7},{"damage":66,"enemies":"Gremlin Leader","floor":23,"turns":4}],"seed_played":"4815566770875009148","potions_obtained":[{"floor":5,"key":"BloodPotion"},{"floor":6,"key":"AttackPotion"},{"floor":13,"key":"ColorlessPotion"},{"floor":16,"key":"BloodPotion"}],"is_trial":false,"path_per_floor":["M","$","M","?","M","E","R","E","T","E","?","R","M","M","R","B",null,"M","M","?","$","?","E"],"character_chosen":"IRONCLAD","items_purchased":["Barricade","Master of Strategy","Burning Pact"],"campfire_rested":0,"item_purchase_floors":[2,21,21],"current_hp_per_floor":[65,65,58,75,75,69,69,64,64,58,58,58,68,66,66,52,64,46,46,46,46,46,0,0],"gold":51,"neow_bonus":"BOSS_RELIC","is_daily":false,"chose_seed":false,"campfire_upgraded":3,"win_rate":0.0,"timestamp":1612548064,"path_taken":["M","$","M","?","M","E","R","E","T","E","?","R","M","M","R","BOSS","M","M","?","$","?","E"],"items_purchased_type":["Card","Card","Card"],"build_version":"2020-12-22","purchased_purges":1,"victory":false,"max_hp_per_floor":[75,75,75,75,75,75,75,75,75,75,68,68,68,68,68,68,68,68,68,68,68,68,68,68],"relic_stats":{"counters":[12,52],"Golden Idol":34,"Astrolabe":["Bludgeon","Impervious","Perfected Strike"],"Juzu Bracelet":1,"Smiling Mask":25,"Question Card":5,"obtain_stats":[{"Golden Idol":11,"Astrolabe":17,"Velvet Choker":0,"Juzu Bracelet":9,"Smiling Mask":8,"Question Card":10,"Burning Blood":0,"Mercury Hourglass":6},{"Golden Idol":6,"Astrolabe":9,"Velvet Choker":0,"Juzu Bracelet":5,"Smiling Mask":5,"Question Card":6,"Burning Blood":0,"Mercury Hourglass":4},{"Golden Idol":20,"Astrolabe":34,"Velvet Choker":0,"Juzu Bracelet":16,"Smiling Mask":16,"Question Card":20,"Burning Blood":0,"Mercury Hourglass":10}],"Mercury Hourglass":[132]},"card_choices":[{"not_picked":["Body Slam","Anger"],"picked":"Clothesline","floor":1},{"not_picked":["Heavy Blade","Thunderclap"],"picked":"Bludgeon","floor":3},{"not_picked":["Havoc","Clothesline","Clash"],"picked":"SKIP","floor":5},{"not_picked":["Uppercut","Shrug It Off"],"picked":"Impervious","floor":6},{"not_picked":["Dark Embrace","Corruption"],"picked":"Feel No Pain","floor":8},{"not_picked":["Sever Soul","Clothesline"],"picked":"Feel No Pain","floor":10},{"not_picked":["Body Slam","Perfected Strike","Warcry","Headbutt"],"picked":"SKIP","floor":13},{"not_picked":["Pommel Strike","Clothesline","Flex"],"picked":"Shrug It Off","floor":14},{"not_picked":["Brutality","Limit Break","Demon Form"],"picked":"Impervious","floor":16},{"not_picked":["Iron Wave","Perfected Strike","Clash","Wild Strike+1"],"picked":"SKIP","floor":18},{"not_picked":["Reckless Charge","Cleave","Power Through","Hemokinesis"],"picked":"SKIP","floor":19}],"player_experience":3084576,"relics_obtained":[{"floor":6,"key":"Mercury Hourglass"},{"floor":8,"key":"Smiling Mask"},{"floor":9,"key":"Juzu Bracelet"},{"floor":10,"key":"Question Card"}],"event_choices":[{"damage_healed":18,"gold_gain":0,"player_choice":"Healed","damage_taken":0,"max_hp_gain":0,"max_hp_loss":0,"event_name":"The Cleric","floor":4,"gold_loss":35},{"damage_healed":0,"gold_gain":0,"player_choice":"Lose Max HP","damage_taken":0,"relics_obtained":["Golden Idol"],"max_hp_gain":0,"max_hp_loss":7,"event_name":"Golden Idol","floor":11,"gold_loss":0},{"damage_healed":0,"gold_gain":0,"player_choice":"0 cards matched","damage_taken":0,"max_hp_gain":0,"max_hp_loss":0,"event_name":"Match and Keep!","floor":20,"gold_loss":0,"cards_obtained":[]},{"damage_healed":0,"gold_gain":0,"player_choice":"Ignored","damage_taken":0,"max_hp_gain":0,"max_hp_loss":0,"event_name":"The Mausoleum","floor":22,"gold_loss":0}],"is_beta":false,"boss_relics":[{"not_picked":["Black Star","Fusion Hammer"],"picked":"Astrolabe"}],"items_purged_floors":[21],"is_endless":false,"potions_floor_spawned":[5,6,13,16],"killed_by":"Gremlin Leader","ascension_level":20}}