{"host":"hftfn8mq057nycux","time":1612502183,"event":{"mods":["Act Like it!","Arknights","BaseMod","Minty Spire (QoL Compilation)","StSLib"],"gold_per_floor":[109,122,139,139,151,151,171,190,190,190,200,218,218,218,218,218,218],"floor_reached":16,"language":"ZHS","playtime":934,"items_purged":[],"score":94,"play_id":"d78bbbb5-32d4-42de-b0a5-b4e36dbe0a23","local_time":"20210205131623","is_ascension_mode":false,"campfire_choices":[{"data":"ats:Very Hot Blade","floor":6.0,"key":"SMITH"},{"data":"ats:Emotion Absorption","floor":15,"key":"SMITH"}],"circlet_count":0,"master_deck":["ats:Strike C","ats:Strike S","ats:Armor Crushing Shot","ats:Defend","ats:Defend","ats:Defend","ats:Defend","ats:Emotion Absorption+1","ats:Disruption Kick","ats:Sunburst","ats:Magnetic Hammer","ats:Cat Scratch","ats:Very Hot Blade+1","ats:Closed Bolt Burst Fire","ats:Healing Drone","ats:Literary Storm","ats:Ambush"],"relics":["ats:Sanity","Odd Mushroom","Pantograph","Blood Vial","Ornamental Fan"],"acts_visited":["Exordium"],"potions_floor_usage":[],"damage_taken":[{"damage":24.0,"enemies":"Jaw Worm","floor":1.0,"turns":8.0},{"damage":1.0,"enemies":"Cultist","floor":2.0,"turns":6.0},{"damage":7.0,"enemies":"2 Louse","floor":3.0,"turns":2.0},{"damage":10.0,"enemies":"Looter","floor":5.0,"turns":3.0},{"damage":20.0,"enemies":"The Mushroom Lair","floor":7.0,"turns":4.0},{"damage":6.0,"enemies":"Gremlin Gang","floor":8.0,"turns":2.0},{"damage":2.0,"enemies":"2 Fungi Beasts","floor":11.0,"turns":4.0},{"damage":5,"enemies":"Lots of Slimes","floor":12,"turns":2},{"damage":31,"enemies":"Hexaghost","floor":16,"turns":6}],"seed_played":"1971951125702581724","potions_obtained":[{"floor":1.0,"key":"ats:Emergency Sanity Potion"},{"floor":3.0,"key":"ColorlessPotion"},{"floor":8.0,"key":"SkillPotion"},{"floor":11.0,"key":"Fruit Juice"}],"is_trial":false,"path_per_floor":["M","M","M","?","M","R","?","M","T","T","M","M","T","?","R","B"],"character_chosen":"DOCTOR_CLASS","items_purchased":[],"campfire_rested":0,"item_purchase_floors":[],"current_hp_per_floor":[48,47,40,40,30,30,10,4,4,4,15,12,12,12,12,23,23],"gold":218,"neow_bonus":"TRANSFORM_CARD","is_daily":false,"chose_seed":false,"campfire_upgraded":2,"win_rate":0.0,"timestamp":1612502183,"path_taken":["M","M","M","?","M","R","?","M","T","?","M","?","?","?","R","BOSS"],"items_purchased_type":[],"build_version":"2020-12-22","purchased_purges":0,"victory":false,"max_hp_per_floor":[72,72,72,72,72,72,72,72,72,72,77,77,77,77,77,77,77],"card_choices":[{"not_picked":["ats:Healing Drone","ats:Poison Spread"],"picked":"ats:Sunburst","floor":1.0},{"not_picked":["ats:Hammer On","ats:Consecutive Shot Auto"],"picked":"ats:Magnetic Hammer","floor":2.0},{"not_picked":["ats:Flexible Camouflage","ats:Powerful Strike"],"picked":"ats:Cat Scratch","floor":3.0},{"not_picked":["ats:Cat Scratch","ats:Directed Diagnosis"],"picked":"ats:Very Hot Blade","floor":5.0},{"not_picked":["ats:Composite Medical Shells","ats:Roar Of Ursus"],"picked":"ats:Closed Bolt Burst Fire","floor":7.0},{"not_picked":["ats:Burning Ground","ats:Hammer On"],"picked":"ats:Healing Drone","floor":8.0},{"not_picked":["ats:Closed Bolt Burst Fire","ats:Phantom"],"picked":"ats:Literary Storm","floor":11.0},{"not_picked":["ats:Counter Healing Mode","ats:Hammer On","ats:Guard Mode"],"picked":"SKIP","floor":12}],"player_experience":197537,"relics_obtained":[{"floor":7.0,"key":"Odd Mushroom"},{"floor":9.0,"key":"Pantograph"},{"floor":10.0,"key":"Blood Vial"},{"floor":13,"key":"Ornamental Fan"}],"event_choices":[{"damage_healed":0.0,"max_hp_gain":0.0,"max_hp_loss":0.0,"gold_gain":0.0,"event_name":"Liars Game","player_choice":"Ignored","floor":4.0,"gold_loss":0.0,"damage_taken":0.0},{"damage_healed":0.0,"max_hp_gain":0.0,"max_hp_loss":0.0,"gold_gain":0.0,"event_name":"Mushrooms","player_choice":"Fought Mushrooms","floor":7.0,"gold_loss":0.0,"damage_taken":0.0},{"damage_healed":0,"gold_gain":0,"cards_transformed":["ats:Strike G"],"player_choice":"Change","damage_taken":0,"max_hp_gain":0,"max_hp_loss":0,"event_name":"Living Wall","floor":14,"gold_loss":0,"cards_obtained":["ats:Ambush"]}],"is_beta":false,"boss_relics":[],"items_purged_floors":[],"is_endless":false,"potions_floor_spawned":[1,3,8,11],"killed_by":"Hexaghost","ascension_level":0}}