{"host":"vlrft5ik259qp7l8","time":1612556006,"event":{"mods":["AchievementEnabler","BaseMod","Colored Map","Colored Powertips","DeckTracker","Highlight Path","Minty Spire (QoL Compilation)","Quick Restart","Replay The Spire","StSLib"],"gold_per_floor":[119,132,132,142,217,227,207,225,225,225,238,256,267,267,267,364,364,380,380,380,320,320],"floor_reached":21,"language":"ENG","playtime":1331,"items_purged":[],"score":173,"play_id":"6675ce36-b0ae-41f9-8c05-ca9d703985c0","local_time":"20210205151326","is_ascension_mode":false,"campfire_choices":[{"floor":10.0,"key":"REST"},{"floor":15.0,"key":"REST"}],"circlet_count":0,"master_deck":["Strike_G","Strike_G","Strike_G","Strike_G","Strike_G","Defend_G","Defend_G","Defend_G","Defend_G","Defend_G","Survivor","Neutralize","Envenom","Backstab","Outmaneuver","Outmaneuver","Caltrops","Corpse Explosion","Poisoned Stab","Dodge and Roll","Dodge and Roll","Phantasmal Killer","Bouncing Flask"],"relics":["Ring of the Snake","Bottled Tornado","Chameleon Ring","Nloth\u0027s Gift"],"acts_visited":["Exordium","TheCity"],"potions_floor_usage":[],"damage_taken":[{"damage":0.0,"enemies":"2 Louse","floor":1.0,"turns":4.0},{"damage":4.0,"enemies":"Cultist","floor":2.0,"turns":3.0},{"damage":0.0,"enemies":"Jaw Worm","floor":4.0,"turns":2.0},{"damage":0.0,"enemies":"Large Slime","floor":6.0,"turns":8.0},{"damage":4.0,"enemies":"3 Louse","floor":8.0,"turns":5.0},{"damage":0.0,"enemies":"Exordium Thugs","floor":11.0,"turns":4.0},{"damage":16.0,"enemies":"Blue Slaver","floor":12.0,"turns":3.0},{"damage":0.0,"enemies":"3 Louse","floor":13.0,"turns":3.0},{"damage":28.0,"enemies":"Hexaghost","floor":16.0,"turns":9.0},{"damage":34,"enemies":"Spheric Guardian","floor":18,"turns":8},{"damage":27,"enemies":"2 Thieves","floor":21,"turns":2}],"seed_played":"1193551677764287725","potions_obtained":[{"floor":1.0,"key":"LiquidMemories"},{"floor":3.0,"key":"Reflective Coating"},{"floor":3.0,"key":"Adrenaline Potion"},{"floor":4.0,"key":"EssenceOfSteel"},{"floor":7.0,"key":"BlessingOfTheForge"},{"floor":12.0,"key":"Adrenaline Potion"}],"is_trial":false,"path_per_floor":["M","M","?","M","?","M","?","M","T","R","M","M","M","T","R_BF","B",null,"M","?","?","M"],"character_chosen":"THE_SILENT","items_purchased":[],"campfire_rested":2,"item_purchase_floors":[],"current_hp_per_floor":[49,45,45,45,34,34,34,30,30,51,51,35,35,35,56,28,70,36,23,23,0,0],"gold":320,"neow_bonus":"THREE_RARE_CARDS","is_daily":false,"chose_seed":false,"campfire_upgraded":0,"win_rate":0.0,"timestamp":1612556006,"path_taken":["M","M","?","?","?","M","?","?","T","R","M","?","M","?","R_BF","BOSS","M","?","?","?"],"items_purchased_type":[],"build_version":"2020-12-22","purchased_purges":0,"victory":false,"max_hp_per_floor":[70,70,70,70,70,70,70,70,70,70,70,70,70,70,70,70,70,70,75,75,75,75],"card_choices":[{"not_picked":["Phantasmal Killer","Unload"],"picked":"Envenom","floor":0.0},{"not_picked":["Masterful Stab","ReplayTheSpireMod:Tripwire"],"picked":"Backstab","floor":1.0},{"not_picked":["Quick Slash","Slice"],"picked":"Outmaneuver","floor":2.0},{"not_picked":["Underhanded Strike","Reflex"],"picked":"Outmaneuver","floor":4.0},{"not_picked":["Infinite Blades","Prepared"],"picked":"Caltrops","floor":6.0},{"not_picked":["Deadly Poison","Bane"],"picked":"Corpse Explosion","floor":8.0},{"not_picked":["Terror","Dodge and Roll"],"picked":"Poisoned Stab","floor":11.0},{"not_picked":["Prepared","Quick Slash"],"picked":"Dodge and Roll","floor":12.0},{"not_picked":["Prepared","Hidden Blade"],"picked":"Dodge and Roll","floor":13.0},{"not_picked":["Wraith Form v2","Burst"],"picked":"Phantasmal Killer","floor":16.0},{"not_picked":["Acrobatics","Dodge and Roll"],"picked":"Bouncing Flask","floor":18}],"player_experience":207086,"relics_obtained":[{"floor":9.0,"key":"Bottled Tornado"},{"floor":14.0,"key":"Chameleon Ring"}],"event_choices":[{"damage_healed":0.0,"max_hp_gain":0.0,"max_hp_loss":0.0,"gold_gain":0.0,"event_name":"Lab","player_choice":"Got Potions","floor":3.0,"gold_loss":0.0,"damage_taken":0.0},{"damage_healed":0.0,"max_hp_gain":0.0,"max_hp_loss":0.0,"gold_gain":75.0,"event_name":"World of Goop","player_choice":"Gather Gold","floor":5.0,"gold_loss":0.0,"damage_taken":11.0},{"damage_healed":0.0,"max_hp_gain":0.0,"max_hp_loss":0.0,"gold_gain":0.0,"event_name":"The Woman in Blue","player_choice":"Bought 1 Potion","floor":7.0,"gold_loss":0.0,"damage_taken":0.0},{"damage_healed":0,"gold_gain":0,"player_choice":"Shed Blood","damage_taken":18,"max_hp_gain":5,"max_hp_loss":0,"event_name":"Forgotten Altar","floor":19,"gold_loss":0},{"damage_healed":0,"gold_gain":0,"player_choice":"Traded Relic","damage_taken":0,"relics_obtained":["Nloth\u0027s Gift"],"max_hp_gain":0,"max_hp_loss":0,"event_name":"N\u0027loth","floor":20,"relics_lost":["Runic Pyramid"],"gold_loss":0}],"is_beta":false,"boss_relics":[{"not_picked":["Kintsugi","Calling Bell"],"picked":"Runic Pyramid"}],"items_purged_floors":[],"is_endless":false,"potions_floor_spawned":[1,4,8,12],"killed_by":"2 Thieves","ascension_level":0}}