{"host":"m7jrdcbl89w2s34c","time":1612558666,"event":{"mods":["AchievementEnabler","BaseMod","Bestiary","Block Reminder","Colored Map","Colored Powertips","Minty Spire (QoL Compilation)","Permanent Neow","Relic Stats","StSLib"],"gold_per_floor":[115,115,115,132,207,238,248,275,275,275,308,326,326,345,345,449,449,464,464,464,464,563,563,595,595,621,137,137,137],"floor_reached":28,"language":"ENG","playtime":1117,"items_purged":["Strike_B"],"score":388,"play_id":"c1bea4cd-6f5c-468c-94c8-fcdc54965edd","local_time":"20210205215746","is_ascension_mode":true,"campfire_choices":[{"data":"Barrage","floor":10,"key":"SMITH"},{"floor":15,"key":"REST"},{"floor":23,"key":"REST"}],"circlet_count":0,"master_deck":["Strike_B","Strike_B","Strike_B","Defend_B","Defend_B","Defend_B","Defend_B","Zap","Dualcast","Cold Snap","Barrage+1","Core Surge","Ball Lightning","Ball Lightning","Stack","Reinforced Body","Chill","Creative AI","Stack+1","Defragment","Decay","Defragment+1","Sunder","Compile Driver+1","Coolheaded","Chaos+1","Sweeping Beam+1","Hologram+1"],"relics":["Cracked Core","NeowsBlessing","Pen Nib","Ice Cream","Smiling Mask","Shuriken","Oddly Smooth Stone","Snecko Eye","Enchiridion","Pantograph","MutagenicStrength","PreservedInsect","Orrery","Bag of Marbles"],"acts_visited":["Exordium","TheCity"],"potions_floor_usage":[8,16,16,24],"damage_taken":[{"damage":0,"enemies":"Jaw Worm","floor":1,"turns":1},{"damage":0,"enemies":"Small Slimes","floor":4,"turns":1},{"damage":0,"enemies":"Lagavulin","floor":6,"turns":1},{"damage":10,"enemies":"2 Louse","floor":7,"turns":3},{"damage":6,"enemies":"3 Sentries","floor":8,"turns":6},{"damage":14,"enemies":"Gremlin Nob","floor":11,"turns":3},{"damage":7,"enemies":"2 Fungi Beasts","floor":12,"turns":3},{"damage":0,"enemies":"3 Louse","floor":14,"turns":3},{"damage":15,"enemies":"Hexaghost","floor":16,"turns":10},{"damage":28,"enemies":"2 Thieves","floor":18,"turns":4},{"damage":45,"enemies":"Slavers","floor":24,"turns":6},{"damage":2,"enemies":"Gremlin Leader","floor":28,"turns":2}],"seed_played":"-4281992898313247360","potions_obtained":[{"floor":6,"key":"Energy Potion"},{"floor":8,"key":"Swift Potion"},{"floor":11,"key":"Weak Potion"},{"floor":14,"key":"Strength Potion"},{"floor":16,"key":"Ancient Potion"},{"floor":24,"key":"SteroidPotion"}],"is_trial":false,"path_per_floor":["M","?","?","M","?","E","M","E","T","R","E","M","?","M","R","B",null,"M","?","?","?","?","R","E","?","T","$","E"],"character_chosen":"DEFECT","items_purchased":["Sunder","Orrery","Bag of Marbles","Energy Potion"],"campfire_rested":2,"item_purchase_floors":[27,27,27,27],"current_hp_per_floor":[68,56,56,56,45,45,35,29,29,29,15,8,13,13,37,22,66,38,22,22,22,22,46,1,1,1,1,0,0],"gold":137,"neow_bonus":"THREE_ENEMY_KILL","is_daily":false,"chose_seed":false,"campfire_upgraded":1,"win_rate":0.0,"timestamp":1612558666,"path_taken":["M","?","?","M","?","E","M","E","T","R","E","M","?","M","R","BOSS","M","?","?","?","?","R","E","?","T","$","E"],"items_purchased_type":["Card","Relic","Relic","Potion"],"build_version":"2020-12-22","purchased_purges":1,"victory":false,"max_hp_per_floor":[75,75,75,75,75,75,75,75,75,75,75,75,80,80,80,80,80,80,80,80,80,80,80,80,80,80,80,80,80],"relic_stats":{"counters":[12,43],"Shuriken":[6],"Pantograph":0,"Snecko Eye":[18,13,26,17],"Pen Nib":[7],"PreservedInsect":50,"Smiling Mask":25,"obtain_stats":[{"Ice Cream":6,"NeowsBlessing":0,"Oddly Smooth Stone":11,"Enchiridion":19,"Pen Nib":2,"PreservedInsect":26,"Smiling Mask":8,"Shuriken":9,"Pantograph":24,"MutagenicStrength":25,"Snecko Eye":17,"Orrery":27,"Bag of Marbles":27,"Cracked Core":0},{"Ice Cream":3,"NeowsBlessing":0,"Oddly Smooth Stone":6,"Enchiridion":10,"Pen Nib":1,"PreservedInsect":11,"Smiling Mask":5,"Shuriken":5,"Pantograph":11,"MutagenicStrength":11,"Snecko Eye":9,"Orrery":11,"Bag of Marbles":11,"Cracked Core":0},{"Ice Cream":3,"NeowsBlessing":0,"Oddly Smooth Stone":15,"Enchiridion":35,"Pen Nib":1,"PreservedInsect":41,"Smiling Mask":12,"Shuriken":12,"Pantograph":41,"MutagenicStrength":41,"Snecko Eye":31,"Orrery":41,"Bag of Marbles":41,"Cracked Core":0}]},"card_choices":[{"not_picked":["Coolheaded","Beam Cell"],"picked":"Cold Snap","floor":1},{"not_picked":["Static Discharge","Stack"],"picked":"Barrage","floor":4},{"not_picked":["Barrage","Beam Cell"],"picked":"Core Surge","floor":6},{"not_picked":["Sunder","White Noise"],"picked":"Ball Lightning","floor":7},{"not_picked":["Fusion","Undo"],"picked":"Ball Lightning","floor":8},{"not_picked":["Force Field","Melter"],"picked":"Stack","floor":11},{"not_picked":["Ball Lightning","Stack"],"picked":"Reinforced Body","floor":12},{"not_picked":["Rebound","Stack"],"picked":"Chill","floor":14},{"not_picked":["Hyperbeam","Amplify"],"picked":"Creative AI","floor":16},{"not_picked":["Redo+1","Aggregate+1"],"picked":"Stack+1","floor":18},{"not_picked":["Beam Cell","Rebound+1"],"picked":"Defragment+1","floor":24},{"not_picked":["Hologram","Leap"],"picked":"Compile Driver+1","floor":27},{"not_picked":["Barrage","Steam Power+1"],"picked":"Coolheaded","floor":27},{"not_picked":["Redo","Ball Lightning"],"picked":"Chaos+1","floor":27},{"not_picked":["Fission","Aggregate+1"],"picked":"Sweeping Beam+1","floor":27},{"not_picked":["Coolheaded","Streamline"],"picked":"Hologram+1","floor":27}],"player_experience":214779,"relics_obtained":[{"floor":6,"key":"Ice Cream"},{"floor":8,"key":"Smiling Mask"},{"floor":9,"key":"Shuriken"},{"floor":11,"key":"Oddly Smooth Stone"},{"floor":19,"key":"Enchiridion"},{"floor":24,"key":"Pantograph"},{"floor":26,"key":"PreservedInsect"}],"event_choices":[{"damage_healed":0,"gold_gain":0,"player_choice":"Success","damage_taken":12,"relics_obtained":["Pen Nib"],"max_hp_gain":0,"max_hp_loss":0,"event_name":"Scrap Ooze","floor":2,"gold_loss":0},{"damage_healed":0,"gold_gain":0,"player_choice":"Ignored","damage_taken":0,"max_hp_gain":0,"max_hp_loss":0,"event_name":"Golden Wing","floor":3,"gold_loss":0},{"damage_healed":0,"gold_gain":75,"player_choice":"Gather Gold","damage_taken":11,"max_hp_gain":0,"max_hp_loss":0,"event_name":"World of Goop","floor":5,"gold_loss":0},{"damage_healed":0,"gold_gain":0,"player_choice":"Donut","damage_taken":0,"max_hp_gain":5,"max_hp_loss":0,"event_name":"Big Fish","floor":13,"gold_loss":0},{"damage_healed":0,"gold_gain":0,"player_choice":"Obtained Book","damage_taken":16,"max_hp_gain":0,"max_hp_loss":0,"event_name":"Cursed Tome","floor":19,"gold_loss":0},{"damage_healed":0,"gold_gain":0,"player_choice":"Read","damage_taken":0,"max_hp_gain":0,"max_hp_loss":0,"event_name":"The Library","floor":20,"gold_loss":0,"cards_obtained":["Defragment"]},{"damage_healed":0,"gold_gain":0,"player_choice":"Smashed Altar","damage_taken":0,"max_hp_gain":0,"max_hp_loss":0,"event_name":"Forgotten Altar","floor":21,"gold_loss":0,"cards_obtained":["Decay"]},{"damage_healed":0,"gold_gain":99,"player_choice":"Stole From Cult","damage_taken":0,"max_hp_gain":0,"max_hp_loss":0,"event_name":"Nest","floor":22,"gold_loss":0},{"damage_healed":0,"gold_gain":0,"player_choice":"Inject Mutagens","damage_taken":0,"relics_obtained":["MutagenicStrength"],"max_hp_gain":0,"max_hp_loss":0,"event_name":"Drug Dealer","floor":25,"gold_loss":0}],"is_beta":false,"boss_relics":[{"not_picked":["Sozu","SacredBark"],"picked":"Snecko Eye"}],"items_purged_floors":[27],"is_endless":false,"potions_floor_spawned":[6,8,11,14,16,24],"killed_by":"Gremlin Leader","ascension_level":8}}