{"host":"9bcvatsnbq1a3xq4","time":1612550286,"event":{"mods":["BaseMod","Bestiary","Block Reminder","Highlight Path","Minty Spire (QoL Compilation)","Relic Stats"],"gold_per_floor":[116,116,25,25,39,39,55,89,89,89,3,24,37,61,61,154,154,178,196,231,11,32,32,32],"floor_reached":23,"language":"ENG","playtime":1800,"items_purged":[],"score":486,"play_id":"f3540202-f67d-4b39-97e9-f79f583e6e39","local_time":"20210205193806","is_ascension_mode":true,"campfire_choices":[{"data":"Defragment","floor":6,"key":"SMITH"},{"data":"Buffer","floor":15,"key":"SMITH"}],"circlet_count":0,"master_deck":["AscendersBane","Zap","Dualcast","Core Surge","Compile Driver","Defragment+1","Ball Lightning","Cold Snap","Compile Driver","Chaos","Buffer+1","Coolheaded","Glacier","Electrodynamics","Thunder Strike","Hologram","Hello World","Recycle","Defragment","Compile Driver","Turbo","Undo","Sweeping Beam"],"relics":["Cracked Core","Golden Idol","Matryoshka","Bottled Flame","Pear","Omamori","Pandora\u0027s Box","Red Mask"],"acts_visited":["Exordium","TheCity"],"potions_floor_usage":[8,13,16,20,21,22,22,22,23,23],"damage_taken":[{"damage":8,"enemies":"2 Louse","floor":1,"turns":2},{"damage":2,"enemies":"Jaw Worm","floor":5,"turns":3},{"damage":0,"enemies":"Small Slimes","floor":7,"turns":2},{"damage":22,"enemies":"Lagavulin","floor":8,"turns":6},{"damage":15,"enemies":"Red Slaver","floor":12,"turns":4},{"damage":3,"enemies":"Gremlin Gang","floor":13,"turns":4},{"damage":0,"enemies":"2 Fungi Beasts","floor":14,"turns":3},{"damage":0,"enemies":"The Guardian","floor":16,"turns":14},{"damage":13,"enemies":"3 Byrds","floor":18,"turns":4},{"damage":11,"enemies":"Spheric Guardian","floor":19,"turns":5},{"damage":40,"enemies":"Masked Bandits","floor":20,"turns":6},{"damage":0,"enemies":"3 Cultists","floor":22,"turns":3},{"damage":11,"enemies":"Book of Stabbing","floor":23,"turns":5}],"seed_played":"-6171790327674039652","potions_obtained":[{"floor":7,"key":"Dexterity Potion"},{"floor":12,"key":"BlessingOfTheForge"},{"floor":14,"key":"Swift Potion"},{"floor":16,"key":"Swift Potion"},{"floor":20,"key":"CultistPotion"},{"floor":22,"key":"PowerPotion"}],"is_trial":false,"path_per_floor":["M","?","$","?","M","R","M","E","T","?","?","M","M","M","R","B",null,"M","M","?","$","M","E"],"character_chosen":"DEFECT","items_purchased":["Defragment","Ball Lightning","Fruit Juice","EntropicBrew"],"campfire_rested":0,"item_purchase_floors":[3,3,21,21],"current_hp_per_floor":[56,61,61,61,59,59,59,37,47,40,40,25,22,22,22,22,65,52,41,1,6,6,0,0],"gold":32,"neow_bonus":"TRANSFORM_CARD","is_daily":false,"chose_seed":false,"campfire_upgraded":2,"win_rate":0.0,"timestamp":1612550286,"path_taken":["M","?","$","?","M","R","M","E","T","?","?","M","?","M","R","BOSS","M","?","?","$","M","E"],"items_purchased_type":["Card","Card","Potion","Potion"],"build_version":"2020-12-22","purchased_purges":0,"victory":false,"max_hp_per_floor":[71,76,76,69,69,69,69,69,79,79,79,79,79,79,79,79,79,79,79,79,84,84,84,84],"relic_stats":{"counters":[13,61],"Golden Idol":64,"Pandora\u0027s Box":["Thunder Strike","Hologram","Hello World","Recycle","Defragment","Compile Driver"],"obtain_stats":[{"Bottled Flame":9,"Matryoshka":8,"Pear":9,"Golden Idol":4,"Pandora\u0027s Box":17,"Omamori":11,"Red Mask":20,"Cracked Core":0},{"Bottled Flame":4,"Matryoshka":4,"Pear":4,"Golden Idol":1,"Pandora\u0027s Box":8,"Omamori":4,"Red Mask":11,"Cracked Core":0},{"Bottled Flame":13,"Matryoshka":13,"Pear":13,"Golden Idol":2,"Pandora\u0027s Box":38,"Omamori":13,"Red Mask":53,"Cracked Core":0}]},"card_choices":[{"not_picked":["Steam","Hologram"],"picked":"Compile Driver","floor":1},{"not_picked":["Defragment","Genetic Algorithm"],"picked":"Cold Snap","floor":5},{"not_picked":["Conserve Battery","Auto Shields"],"picked":"Compile Driver","floor":7},{"not_picked":["Ball Lightning","Rip and Tear"],"picked":"Chaos","floor":8},{"not_picked":["Coolheaded","Capacitor"],"picked":"Buffer","floor":12},{"not_picked":["Streamline","Steam"],"picked":"Coolheaded","floor":13},{"not_picked":["Conserve Battery","Streamline"],"picked":"Glacier","floor":14},{"not_picked":["Rainbow","Machine Learning"],"picked":"Electrodynamics","floor":16},{"not_picked":["Cold Snap","Coolheaded"],"picked":"Turbo","floor":18},{"not_picked":["Compile Driver","Turbo"],"picked":"Undo","floor":19},{"not_picked":["Cold Snap","Leap"],"picked":"Sweeping Beam","floor":20},{"not_picked":["Rebound","Ball Lightning","Static Discharge+1"],"picked":"SKIP","floor":22}],"player_experience":775525,"relics_obtained":[{"floor":8,"key":"Matryoshka"},{"floor":9,"key":"Bottled Flame"},{"floor":9,"key":"Pear"},{"floor":20,"key":"Red Mask"}],"event_choices":[{"damage_healed":0,"gold_gain":0,"player_choice":"Donut","damage_taken":0,"max_hp_gain":5,"max_hp_loss":0,"event_name":"Big Fish","floor":2,"gold_loss":0},{"damage_healed":0,"gold_gain":0,"player_choice":"Lose Max HP","damage_taken":0,"relics_obtained":["Golden Idol"],"max_hp_gain":0,"max_hp_loss":7,"event_name":"Golden Idol","floor":4,"gold_loss":0},{"cards_removed":["Strike_B"],"damage_healed":0,"gold_gain":0,"player_choice":"Card Removal","damage_taken":7,"max_hp_gain":0,"max_hp_loss":0,"event_name":"Golden Wing","floor":10,"gold_loss":0},{"damage_healed":0,"gold_gain":0,"player_choice":"Paid Gold","damage_taken":0,"relics_obtained":["Omamori"],"max_hp_gain":0,"max_hp_loss":0,"event_name":"WeMeetAgain","floor":11,"gold_loss":86},{"damage_healed":0,"gold_gain":0,"player_choice":"Fought Bandits","damage_taken":0,"max_hp_gain":0,"max_hp_loss":0,"event_name":"Masked Bandits","floor":20,"gold_loss":0}],"is_beta":false,"boss_relics":[{"not_picked":["Empty Cage","SlaversCollar"],"picked":"Pandora\u0027s Box"}],"items_purged_floors":[],"is_endless":false,"potions_floor_spawned":[7,12,14,16,20,22],"killed_by":"Book of Stabbing","ascension_level":20}}