{"host":"wuernuywc9gl215o","time":1612567729,"event":{"mods":["AchievementEnabler","BaseMod","Block Reminder","Highlight Path","Key Reminder","Minty Spire (QoL Compilation)","Permanent Neow","Potion Indicator Mod","Quick Restart","Relic Stats"],"gold_per_floor":[17,30,46,56,56,56,67,67,67,79,140,65,65,65],"floor_reached":13,"language":"ENG","playtime":1050,"items_purged":["Strike_G"],"score":131,"play_id":"0ca6c8a5-4441-4f17-af1a-62bd245513c1","local_time":"20210205232849","is_ascension_mode":true,"campfire_choices":[{"data":"Dodge and Roll","floor":6.0,"key":"SMITH"}],"circlet_count":0,"master_deck":["AscendersBane","Strike_G","Strike_G","Strike_G","Strike_G","Defend_G","Defend_G","Defend_G","Defend_G","Defend_G","Survivor","Neutralize","The Bomb","Dodge and Roll+1","Escape Plan","Backstab","Blade Dance","Flying Knee","Blur"],"relics":["Ring of the Snake","Frozen Egg 2","Bag of Preparation","Ancient Tea Set"],"acts_visited":["Exordium"],"potions_floor_usage":[],"damage_taken":[{"damage":5.0,"enemies":"Small Slimes","floor":1.0,"turns":5.0},{"damage":2.0,"enemies":"Cultist","floor":2.0,"turns":4.0},{"damage":0.0,"enemies":"Jaw Worm","floor":3.0,"turns":5.0},{"damage":6.0,"enemies":"2 Fungi Beasts","floor":4.0,"turns":3.0},{"damage":5.0,"enemies":"Gremlin Gang","floor":7.0,"turns":3.0},{"damage":6.0,"enemies":"Blue Slaver","floor":10.0,"turns":3.0},{"damage":23.0,"enemies":"Lagavulin Event","floor":11.0,"turns":6.0},{"damage":17,"enemies":"Lagavulin","floor":13,"turns":8}],"seed_played":"4257825342138027351","potions_obtained":[{"floor":2.0,"key":"Poison Potion"},{"floor":3.0,"key":"Swift Potion"},{"floor":4.0,"key":"SkillPotion"},{"floor":5.0,"key":"GamblersBrew"},{"floor":5.0,"key":"Energy Potion"}],"is_trial":false,"path_per_floor":["M","M","M","M","?","R","M","T","T","M","?","$","E"],"character_chosen":"THE_SILENT","items_purchased":[],"campfire_rested":0,"item_purchase_floors":[],"current_hp_per_floor":[54,52,52,46,46,46,41,41,41,35,12,12,0,0],"gold":65,"neow_bonus":"RANDOM_COLORLESS_2","is_daily":false,"chose_seed":false,"campfire_upgraded":1,"win_rate":0.0,"timestamp":1612567729,"path_taken":["M","M","M","M","?","R","?","?","T","M","?","$","E"],"items_purchased_type":[],"build_version":"2020-12-22","purchased_purges":1,"victory":false,"max_hp_per_floor":[66,66,66,66,66,66,66,66,66,66,66,66,66,66],"relic_stats":{"counters":[8,37],"Bag of Preparation":[6],"obtain_stats":[{"Bag of Preparation":9,"Frozen Egg 2":8,"Ancient Tea Set":11,"Ring of the Snake":0},{"Bag of Preparation":5,"Frozen Egg 2":5,"Ancient Tea Set":6,"Ring of the Snake":0},{"Bag of Preparation":20,"Frozen Egg 2":20,"Ancient Tea Set":23,"Ring of the Snake":0}],"Ring of the Snake":[16]},"card_choices":[{"not_picked":["Transmutation","Metamorphosis"],"picked":"The Bomb","floor":0.0},{"not_picked":["Poisoned Stab","Crippling Poison"],"picked":"Dodge and Roll","floor":1.0},{"not_picked":["Dagger Throw","Predator"],"picked":"Escape Plan","floor":2.0},{"not_picked":["Acrobatics","Caltrops"],"picked":"Backstab","floor":3.0},{"not_picked":["Outmaneuver","Eviscerate"],"picked":"Blade Dance","floor":4.0},{"not_picked":["Distraction","Setup"],"picked":"Flying Knee","floor":7.0},{"not_picked":["Quick Slash","Dodge and Roll"],"picked":"Blur","floor":10.0}],"player_experience":833882,"relics_obtained":[{"floor":8.0,"key":"Frozen Egg 2"},{"floor":9.0,"key":"Bag of Preparation"}],"event_choices":[{"damage_healed":0.0,"max_hp_gain":0.0,"max_hp_loss":0.0,"gold_gain":0.0,"event_name":"Lab","player_choice":"Got Potions","floor":5.0,"gold_loss":0.0,"damage_taken":0.0},{"damage_healed":0.0,"max_hp_gain":0.0,"max_hp_loss":0.0,"gold_gain":0.0,"event_name":"Dead Adventurer","player_choice":"Searched \u00273\u0027 times","floor":11.0,"gold_loss":0.0,"damage_taken":0.0,"relics_obtained":["Ancient Tea Set"]}],"is_beta":false,"boss_relics":[],"items_purged_floors":[12],"is_endless":false,"potions_floor_spawned":[2,3,4],"killed_by":"Lagavulin","ascension_level":14}}