{"host":"7nopzcxpi7o4g3yx","time":1612557446,"event":{"mods":["AchievementEnabler","BaseMod","Colored Powertips","Hermit","Minty Spire (QoL Compilation)","Quick Restart","StSLib","The Cursed","The Servant 0.9.4"],"gold_per_floor":[113,174,188,188,188,219,236,247,323,1,14,14,35,70,70,201,201,217,316,316,332,356,356,356],"floor_reached":23,"language":"ENG","playtime":1624,"items_purged":[],"score":226,"play_id":"acf32a97-a6d1-4fed-ade2-d449cc74877b","local_time":"20210205213726","is_ascension_mode":false,"campfire_choices":[{"data":"hermit:Quickdraw","floor":15,"key":"SMITH"}],"circlet_count":0,"master_deck":["hermit:Strike_Hermit","hermit:Strike_Hermit","hermit:Strike_Hermit","hermit:Defend_Hermit","hermit:Defend_Hermit","hermit:Defend_Hermit","hermit:Snapshot","hermit:Quickdraw+1","hermit:Quickdraw+1","hermit:Coalescence","hermit:Gestalt","hermit:Showdown","hermit:Gestalt","hermit:Shortfuse","hermit:TakeAim","hermit:CalledShot","hermit:Enervate","hermit:FlashPowder","hermit:Quickdraw+1","hermit:Midnight+1","hermit:BlackWind+1","hermit:FinalCanter+1","hermit:WideOpen","hermit:Glare+1"],"relics":["hermit:Momento","NeowsBlessing","Incense Burner","Darkstone Periapt","Membership Card","Mummified Hand","hermit:RyeStalk","Astrolabe","Nloth\u0027s Gift","PreservedInsect"],"acts_visited":["Exordium","TheCity"],"potions_floor_usage":[3,13,16,16,21],"damage_taken":[{"damage":0,"enemies":"2 Louse","floor":1,"turns":1},{"damage":0,"enemies":"Cultist","floor":3,"turns":1},{"damage":0,"enemies":"Lagavulin","floor":6,"turns":1},{"damage":1,"enemies":"Small Slimes","floor":7,"turns":3},{"damage":4,"enemies":"Exordium Wildlife","floor":8,"turns":5},{"damage":1,"enemies":"Looter","floor":11,"turns":3},{"damage":3,"enemies":"Gremlin Gang","floor":13,"turns":4},{"damage":11,"enemies":"3 Sentries","floor":14,"turns":9},{"damage":32,"enemies":"The Guardian","floor":16,"turns":12},{"damage":7,"enemies":"Shell Parasite","floor":18,"turns":5},{"damage":4,"enemies":"2 Thieves","floor":21,"turns":5},{"damage":60,"enemies":"Gremlin Leader","floor":23,"turns":5}],"seed_played":"-4513253295663080018","potions_obtained":[{"floor":3,"key":"EntropicBrew"},{"floor":14,"key":"Fire Potion"},{"floor":18,"key":"SneckoOil"}],"is_trial":false,"path_per_floor":["M","?","M","?","?","E","M","M","T","$","M","?","M","E","R","B",null,"M","?","?","M","T","E"],"character_chosen":"HERMIT","items_purchased":["Membership Card","Mummified Hand","hermit:TakeAim","hermit:CalledShot"],"campfire_rested":0,"item_purchase_floors":[10,10,10,10],"current_hp_per_floor":[75,75,75,75,75,75,74,70,70,70,69,69,66,55,55,23,69,62,62,62,58,58,0,0],"gold":356,"neow_bonus":"THREE_ENEMY_KILL","is_daily":false,"chose_seed":false,"campfire_upgraded":1,"win_rate":0.0,"timestamp":1612557446,"path_taken":["M","?","M","?","?","E","M","?","T","$","?","?","M","E","R","BOSS","M","?","?","?","?","E"],"items_purchased_type":["Relic","Relic","Card","Card"],"build_version":"2020-12-22","purchased_purges":0,"victory":false,"max_hp_per_floor":[75,75,75,75,75,75,75,75,75,75,75,69,69,69,69,69,69,69,69,69,69,69,69,69],"card_choices":[{"not_picked":["hermit:Ricochet","hermit:ItchyTrigger"],"picked":"hermit:Quickdraw","floor":1},{"not_picked":["hermit:Ricochet","hermit:ItchyTrigger"],"picked":"hermit:Quickdraw","floor":1},{"not_picked":["hermit:Malice","hermit:LowProfile"],"picked":"hermit:Coalescence","floor":3},{"not_picked":["hermit:Gestalt","hermit:OverwhelmingPower"],"picked":"hermit:Showdown","floor":6},{"not_picked":["hermit:Coalescence","hermit:ItchyTrigger"],"picked":"hermit:Gestalt","floor":7},{"not_picked":["hermit:SprayPray","hermit:Coalescence"],"picked":"hermit:Shortfuse","floor":8},{"not_picked":["hermit:Snipe","hermit:WideOpen"],"picked":"hermit:Enervate","floor":11},{"not_picked":["hermit:Grudge","hermit:Desperado"],"picked":"hermit:FlashPowder","floor":13},{"not_picked":["hermit:BigShot","hermit:Virtue"],"picked":"hermit:Quickdraw","floor":14},{"not_picked":["hermit:Dissolve","hermit:HeroicBravado"],"picked":"hermit:Purgatory","floor":16},{"not_picked":["hermit:Headshot","hermit:LuckOfTheDraw"],"picked":"hermit:WideOpen","floor":18},{"not_picked":["hermit:TakeAim","hermit:Ricochet+1"],"picked":"hermit:Glare+1","floor":21}],"player_experience":291180,"relics_obtained":[{"floor":6,"key":"Incense Burner"},{"floor":9,"key":"Darkstone Periapt"},{"floor":14,"key":"hermit:RyeStalk"},{"floor":22,"key":"PreservedInsect"}],"event_choices":[{"damage_healed":0,"gold_gain":61,"player_choice":"Gained Gold","damage_taken":0,"max_hp_gain":0,"max_hp_loss":0,"event_name":"Golden Wing","floor":2,"gold_loss":0},{"damage_healed":0,"gold_gain":0,"player_choice":"Grow","damage_taken":0,"max_hp_gain":0,"max_hp_loss":0,"event_name":"Living Wall","floor":4,"gold_loss":0,"cards_upgraded":["hermit:Quickdraw"]},{"damage_healed":0,"gold_gain":0,"cards_transformed":["hermit:Covet"],"player_choice":"Transformed","damage_taken":0,"max_hp_gain":0,"max_hp_loss":0,"event_name":"Transmorgrifier","floor":5,"gold_loss":0,"cards_obtained":["hermit:Gestalt"]},{"damage_healed":0,"gold_gain":0,"player_choice":"Lose Max HP","damage_taken":0,"relics_obtained":["Golden Idol"],"max_hp_gain":0,"max_hp_loss":6,"event_name":"Golden Idol","floor":12,"gold_loss":0},{"damage_healed":0,"gold_gain":99,"player_choice":"Stole From Cult","damage_taken":0,"max_hp_gain":0,"max_hp_loss":0,"event_name":"Nest","floor":19,"gold_loss":0},{"damage_healed":0,"gold_gain":0,"player_choice":"Traded Relic","damage_taken":0,"relics_obtained":["Nloth\u0027s Gift"],"max_hp_gain":0,"max_hp_loss":0,"event_name":"N\u0027loth","floor":20,"relics_lost":["Golden Idol"],"gold_loss":0}],"is_beta":false,"boss_relics":[{"not_picked":["Snecko Eye","Busted Crown"],"picked":"Astrolabe"}],"items_purged_floors":[],"is_endless":false,"potions_floor_spawned":[3,6,7,14,18],"killed_by":"Gremlin Leader","ascension_level":0}}