{"host":"bf5upntvbdompq33","time":1612510741,"event":{"mods":["BaseMod","Colored Map","Colored Powertips","Curses Come First","Minty Spire (QoL Compilation)","StSLib","The Dragon Tamer","The Hierophant","The Marked","The Mystic","The Servant 0.9.4"],"gold_per_floor":[113,113,123,123,133,133,165,181,208,224,224,280,280,9,9,110,110,126,126,1,18,38,49,74,74,154,154,154],"floor_reached":27,"language":"ENG","playtime":3393,"items_purged":["Regret","Strike_G"],"score":326,"play_id":"a63b9c8e-b607-4415-97ad-d724fcd3e516","local_time":"20210205003901","is_ascension_mode":true,"campfire_choices":[{"data":"Dash","floor":6,"key":"SMITH"},{"data":"Calculated Gamble","floor":11,"key":"SMITH"},{"floor":13,"key":"REST"},{"data":"Sucker Punch","floor":15,"key":"SMITH"},{"floor":25,"key":"REST"}],"circlet_count":0,"master_deck":["Strike_G","Defend_G","Defend_G","Defend_G","Defend_G","Defend_G","Survivor","Neutralize","Dagger Throw","Skewer","Calculated Gamble+1","Dash+1","Dagger Throw","Quick Slash","Leg Sweep","Flying Knee","Sucker Punch+1","Grand Finale","Dagger Spray+1","PiercingWail","Bouncing Flask","Backflip","Underhanded Strike+1","Footwork","Acrobatics"],"relics":["Ring of the Snake","Torii","Bag of Preparation","PreservedInsect","Dream Catcher","White Beast Statue","Lee\u0027s Waffle","Black Star","MealTicket","Ginger","Bottled Flame"],"acts_visited":["Exordium","TheCity"],"potions_floor_usage":[7,16,21,22,22,23,24,27],"damage_taken":[{"damage":0,"enemies":"Cultist","floor":1,"turns":5},{"damage":1,"enemies":"Jaw Worm","floor":3,"turns":3},{"damage":0,"enemies":"Small Slimes","floor":5,"turns":4},{"damage":26,"enemies":"3 Sentries","floor":7,"turns":15},{"damage":0,"enemies":"2 Fungi Beasts","floor":8,"turns":4},{"damage":0,"enemies":"Looter","floor":10,"turns":4},{"damage":1,"enemies":"Gremlin Nob","floor":12,"turns":4},{"damage":37,"enemies":"Hexaghost","floor":16,"turns":15},{"damage":1,"enemies":"Shell Parasite","floor":18,"turns":4},{"damage":6,"enemies":"3 Byrds","floor":21,"turns":7},{"damage":8,"enemies":"Snecko","floor":22,"turns":4},{"damage":25,"enemies":"Chosen and Byrds","floor":23,"turns":9},{"damage":40,"enemies":"Slavers","floor":24,"turns":8},{"damage":44,"enemies":"Gremlin Leader","floor":27,"turns":5}],"seed_played":"-7606535384386915982","potions_obtained":[{"floor":3,"key":"CunningPotion"},{"floor":8,"key":"FairyPotion"},{"floor":12,"key":"ColorlessPotion"},{"floor":16,"key":"Strength Potion"},{"floor":18,"key":"Regen Potion"},{"floor":21,"key":"CunningPotion"},{"floor":22,"key":"SkillPotion"},{"floor":23,"key":"LiquidBronze"},{"floor":24,"key":"EssenceOfSteel"}],"is_trial":false,"path_per_floor":["M","?","M","?","M","R","E","M","T","M","R","?","R","$","R","B",null,"M","?","$","M","M","M","E","R","T","E"],"character_chosen":"THE_SILENT","items_purchased":["Lee\u0027s Waffle","Sucker Punch","Backflip"],"campfire_rested":2,"item_purchase_floors":[14,14,20],"current_hp_per_floor":[63,63,62,62,62,62,36,36,36,36,36,35,53,70,70,33,61,60,60,60,69,61,36,19,40,40,0,0],"gold":154,"neow_bonus":"ONE_RARE_RELIC","is_daily":false,"chose_seed":false,"campfire_upgraded":3,"win_rate":0.0,"timestamp":1612510741,"path_taken":["M","?","M","?","M","R","E","M","T","M","R","?","R","$","R","BOSS","M","?","$","M","M","M","E","R","T","E"],"items_purchased_type":["Relic","Card","Card"],"build_version":"2020-12-22","purchased_purges":2,"victory":false,"max_hp_per_floor":[63,63,63,63,63,63,63,63,63,63,63,63,63,70,70,70,70,70,70,70,70,70,70,70,70,70,70,70],"card_choices":[{"not_picked":["Slice","Acrobatics"],"picked":"Dagger Throw","floor":1},{"not_picked":["Choke","Finisher"],"picked":"Calculated Gamble","floor":3},{"not_picked":["Sucker Punch","Cloak And Dagger"],"picked":"Dash","floor":5},{"not_picked":["Acrobatics","Bane"],"picked":"Dagger Throw","floor":7},{"not_picked":["Acrobatics","Underhanded Strike"],"picked":"Quick Slash","floor":8},{"not_picked":["Deflect","Deadly Poison"],"picked":"Leg Sweep","floor":10},{"not_picked":["Outmaneuver","Sucker Punch"],"picked":"Flying Knee","floor":12},{"not_picked":["Storm of Steel","A Thousand Cuts"],"picked":"Grand Finale","floor":16},{"not_picked":["Sucker Punch","Deflect"],"picked":"Dagger Spray+1","floor":18},{"not_picked":["Dodge and Roll","Unload"],"picked":"Underhanded Strike+1","floor":21},{"not_picked":["Poisoned Stab","Caltrops"],"picked":"Footwork","floor":22},{"not_picked":["Deadly Poison+1","Blade Dance"],"picked":"Acrobatics","floor":23},{"not_picked":["Acrobatics+1","Deadly Poison","Distraction"],"picked":"SKIP","floor":24}],"player_experience":1421541,"relics_obtained":[{"floor":7,"key":"PreservedInsect"},{"floor":9,"key":"Dream Catcher"},{"floor":12,"key":"White Beast Statue"},{"floor":24,"key":"MealTicket"},{"floor":24,"key":"Ginger"},{"floor":26,"key":"Bottled Flame"}],"event_choices":[{"damage_healed":0,"gold_gain":0,"cards_transformed":["Strike_G"],"player_choice":"Change","damage_taken":0,"max_hp_gain":0,"max_hp_loss":0,"event_name":"Living Wall","floor":2,"gold_loss":0,"cards_obtained":["Skewer"]},{"damage_healed":0,"gold_gain":0,"player_choice":"Box","damage_taken":0,"relics_obtained":["Bag of Preparation"],"max_hp_gain":0,"max_hp_loss":0,"event_name":"Big Fish","floor":4,"gold_loss":0,"cards_obtained":["Regret"]},{"damage_healed":0,"gold_gain":0,"player_choice":"Searched \u00271\u0027 times","damage_taken":0,"max_hp_gain":0,"max_hp_loss":0,"event_name":"Dead Adventurer","floor":12,"gold_loss":0},{"damage_healed":0,"gold_gain":0,"cards_transformed":["Strike_G","Strike_G"],"player_choice":"Became Test Subject","damage_taken":0,"max_hp_gain":0,"max_hp_loss":0,"event_name":"Drug Dealer","floor":19,"gold_loss":0,"cards_obtained":["PiercingWail","Bouncing Flask"]}],"is_beta":false,"boss_relics":[{"not_picked":["Runic Pyramid","Ectoplasm"],"picked":"Black Star"}],"items_purged_floors":[14,20],"is_endless":false,"potions_floor_spawned":[3,8,12,16,18,21,22,23,24],"killed_by":"Gremlin Leader","ascension_level":8}}