{"host":"ocll6kdfqxraqtza","time":1612548829,"event":{"mods":["2.2 Compatiblity","Act Like it!","Aspiration","BaseMod","Better Third Choice","Gensokyo","Hallownest","Hermit","Hubris","Jorbs\u0027s Wanderer Trilogy","Luminous","Marisa（霧雨　魔理沙）","Minty Spire (QoL Compilation)","Reimu（博??梦）","Replay The Spire","Shade Mod","StSLib","The Alterego","The Bug Knight","The Cursed","The Hierophant","The Marked","The Runesmith","TheBandit","Wandering Minibosses"],"gold_per_floor":[115,115,115,126,301,301,334,344,369,422,451,23,34,51,51,148,248,268,268,299,317,317,342,360,390,390,407,507,198,224,235,235,339,339,350,387,387,400,400,430,430,455,479,479,479,479,529,554,554,554,554,554,508,539,539],"floor_reached":56,"language":"ENG","playtime":2617,"items_purged":["Doubt"],"score":1364,"play_id":"4ef68265-8f01-4cf1-b624-e7768709a46b","local_time":"20210206021349","is_ascension_mode":true,"campfire_choices":[{"data":"stsjorbsmod:TollTheDead","floor":6,"key":"SMITH"},{"data":"stsjorbsmod:Will","floor":15,"key":"SMITH"},{"floor":32,"key":"REST"},{"data":"stsjorbsmod:IvoryTower","floor":41,"key":"SMITH"},{"floor":44,"key":"RECALL"},{"floor":49,"key":"REST"},{"data":"stsjorbsmod:Rediscovery","floor":52,"key":"SMITH"}],"circlet_count":0,"master_deck":["stsjorbsmod:ForbiddenGrimoire+1","stsjorbsmod:Strike_Wanderer","stsjorbsmod:Strike_Wanderer","stsjorbsmod:Defend_Wanderer","stsjorbsmod:FreshAdventure+1","stsjorbsmod:EyeOfTheStorm","stsjorbsmod:TollTheDead+1","stsjorbsmod:SmithingStrike","stsjorbsmod:Channel","stsjorbsmod:Will+1","stsjorbsmod:ChainLightning","stsjorbsmod:GatherPower+1","Flash of Steel","stsjorbsmod:LoseGrip","stsjorbsmod:Feast","stsjorbsmod:Pyromancy","stsjorbsmod:Rediscovery+1","stsjorbsmod:Thorns+1","stsjorbsmod:Entangle","Apotheosis+1","stsjorbsmod:HedgeWizard","stsjorbsmod:BookOfTongues","stsjorbsmod:TrueStrike+1","stsjorbsmod:DisguiseSelf","stsjorbsmod:ChainLightning+1","stsjorbsmod:Prestidigitation+1","stsjorbsmod:Withdraw","stsjorbsmod:Entangle","stsjorbsmod:Prestidigitation+1","stsjorbsmod:RayOfFrost+1","stsjorbsmod:Determination+1","stsjorbsmod:ColorSpray+1","stsjorbsmod:IvoryTower+1","stsjorbsmod:LoseGrip","stsjorbsmod:Counterspell+1","stsjorbsmod:Mending","stsjorbsmod:SmithingStrike+1","stsjorbsmod:DisguiseSelf+1","stsjorbsmod:Hibernate","stsjorbsmod:Prepare","stsjorbsmod:Prestidigitation+1","stsjorbsmod:Firebolt+1"],"relics":["stsjorbsmod:GrimoireRelic","NeowsBlessing","hubris:Towel","Bag of Marbles","Toy Ornithopter","aspiration:Lifesprig","Pet Ghost","Vajra","Replay:Wanted Poster","Replay:PocketPolymizer","Red Mask","hubris:GlazedTorus","StoneCalendar","Replay:Rubber Ducky","Calipers","Mummified Hand","aspiration:RitualDagger","Onion Ring","Ice Cream","Pantograph","Frozen Egg 2","TungstenRod","Gremlin Horn","ReplayTheSpireMod:Shallot"],"acts_visited":["Exordium","TheCity","TheBeyond","TheEnding"],"potions_floor_usage":[11,24,30,33,33,47,55,55],"damage_taken":[{"damage":0,"enemies":"Small Slimes","floor":1,"turns":1},{"damage":0,"enemies":"2 Louse","floor":4,"turns":1},{"damage":0,"enemies":"Lagavulin","floor":7,"turns":1},{"damage":2,"enemies":"Jaw Worm","floor":8,"turns":3},{"damage":24,"enemies":"3 Sentries","floor":11,"turns":6},{"damage":0,"enemies":"Blue Slaver","floor":13,"turns":1},{"damage":0,"enemies":"2 Fungi Beasts","floor":14,"turns":2},{"damage":5,"enemies":"Fading Forest","floor":16,"turns":10},{"damage":0,"enemies":"Chosen","floor":18,"turns":4},{"damage":0,"enemies":"Masked Bandits","floor":20,"turns":2},{"damage":0,"enemies":"2 Thieves","floor":21,"turns":1},{"damage":37,"enemies":"Replay:Snechameleon","floor":23,"turns":6},{"damage":0,"enemies":"Snecko","floor":24,"turns":4},{"damage":11,"enemies":"HollowMod:Nosk","floor":25,"turns":5},{"damage":0,"enemies":"3 Cultists","floor":27,"turns":4},{"damage":17,"enemies":"Slavers","floor":30,"turns":3},{"damage":4,"enemies":"Sentry and Sphere","floor":31,"turns":4},{"damage":11,"enemies":"Collector","floor":33,"turns":7},{"damage":17,"enemies":"3 Shapes","floor":35,"turns":2},{"damage":5,"enemies":"3 Darklings","floor":38,"turns":1},{"damage":25,"enemies":"R_Hoarder","floor":40,"turns":4},{"damage":9,"enemies":"HollowMod:StalkingDevout","floor":42,"turns":3},{"damage":15,"enemies":"Mind Bloom Boss Battle","floor":47,"turns":5},{"damage":20,"enemies":"Giant Head","floor":48,"turns":9},{"damage":41,"enemies":"Replay:Hell Engine","floor":50,"turns":10},{"damage":19,"enemies":"Shield and Spear","floor":54,"turns":8},{"damage":132,"enemies":"The Heart","floor":55,"turns":7}],"seed_played":"79667136235289307","potions_obtained":[{"floor":1,"key":"SteroidPotion"},{"floor":4,"key":"Toxic Potion"},{"floor":7,"key":"Strength Potion"},{"floor":18,"key":"EssenceOfSteel"},{"floor":27,"key":"GamblersBrew"},{"floor":30,"key":"DistilledChaos"},{"floor":33,"key":"LiquidBronze"},{"floor":35,"key":"Strength Potion"}],"is_trial":false,"path_per_floor":["M","?","?","M","?","R","E","M","T","T","E","$","M","M","R","B",null,"M","?","?","M","?","E","M","E","T","M","?","$","E","M","R","B",null,"M","?","?","M","?","E","R","E","T","R","$","T","?","E","R","B",null,"R","$","E","B",null],"character_chosen":"WANDERER","items_purchased":["stsjorbsmod:GatherPower+1","Vajra","Flash of Steel","Calipers","stsjorbsmod:Prestidigitation+1"],"campfire_rested":2,"item_purchase_floors":[12,12,12,29,53],"current_hp_per_floor":[68,68,68,68,68,68,68,67,67,67,46,46,46,46,46,41,68,70,70,70,70,70,34,39,30,30,31,31,31,21,18,39,39,72,60,60,60,55,55,31,31,26,26,26,26,26,45,25,48,32,78,78,78,59,58],"gold":539,"neow_bonus":"THREE_ENEMY_KILL","is_daily":false,"chose_seed":false,"campfire_upgraded":4,"win_rate":0.0,"timestamp":1612548829,"path_taken":["M","?","?","M","?","R","E","M","T","?","E","?","?","M","R","BOSS","M","?","?","M","?","E","M","E","T","?","?","$","E","M","R","BOSS","M","?","?","?","?","E","R","E","T","R","$","?","?","E","R","BOSS","R","$","E","BOSS"],"items_purchased_type":["Card","Relic","Card","Relic","Card"],"build_version":"2020-12-22","purchased_purges":1,"victory":true,"max_hp_per_floor":[68,68,68,68,68,68,68,68,68,68,68,68,68,68,68,68,68,70,70,70,70,70,70,70,70,70,70,70,70,72,72,72,72,72,76,76,76,76,76,76,76,78,78,78,78,78,78,78,78,78,78,78,78,78,80],"card_choices":[{"not_picked":["stsjorbsmod:DoubleCheck","stsjorbsmod:FranticSearch"],"picked":"stsjorbsmod:TollTheDead","floor":1},{"not_picked":["stsjorbsmod:ScorchingRay","stsjorbsmod:DoubleCheck"],"picked":"stsjorbsmod:SmithingStrike","floor":4},{"not_picked":["stsjorbsmod:Patron","stsjorbsmod:Hurt"],"picked":"stsjorbsmod:Channel","floor":7},{"not_picked":["stsjorbsmod:Mending","stsjorbsmod:UnseenServant"],"picked":"stsjorbsmod:Will","floor":8},{"not_picked":["stsjorbsmod:DisguiseSelf","stsjorbsmod:Hurt"],"picked":"stsjorbsmod:ChainLightning","floor":11},{"not_picked":["stsjorbsmod:Hibernate","stsjorbsmod:WanderingMind"],"picked":"stsjorbsmod:LoseGrip","floor":13},{"not_picked":["stsjorbsmod:ChainLightning","stsjorbsmod:ChatteringStrike"],"picked":"stsjorbsmod:Feast","floor":14},{"not_picked":["stsjorbsmod:PurgeMind","stsjorbsmod:HoldMonster"],"picked":"stsjorbsmod:Pyromancy","floor":16},{"not_picked":["stsjorbsmod:BlackTentacles","stsjorbsmod:ChatteringStrike"],"picked":"stsjorbsmod:Rediscovery","floor":18},{"not_picked":["stsjorbsmod:Channel","stsjorbsmod:TollTheDead"],"picked":"stsjorbsmod:Thorns","floor":20},{"not_picked":["stsjorbsmod:ChainLightning+1","stsjorbsmod:BookOfTongues"],"picked":"stsjorbsmod:Entangle","floor":21},{"not_picked":["stsjorbsmod:Prepare","stsjorbsmod:WanderingMind"],"picked":"stsjorbsmod:HedgeWizard","floor":23},{"not_picked":["stsjorbsmod:DoubleCheck","stsjorbsmod:HedgeWizard"],"picked":"stsjorbsmod:BookOfTongues","floor":24},{"not_picked":["stsjorbsmod:Prepare","stsjorbsmod:ChatteringStrike"],"picked":"stsjorbsmod:TrueStrike+1","floor":25},{"not_picked":["stsjorbsmod:DoubleCheck","stsjorbsmod:ChainLightning"],"picked":"stsjorbsmod:DisguiseSelf","floor":27},{"not_picked":["stsjorbsmod:Prepare","stsjorbsmod:RayOfFrost"],"picked":"stsjorbsmod:ChainLightning+1","floor":30},{"not_picked":["stsjorbsmod:ScorchingRay","stsjorbsmod:Index"],"picked":"stsjorbsmod:Prestidigitation+1","floor":31},{"not_picked":["stsjorbsmod:HoldMonster","stsjorbsmod:Feast"],"picked":"stsjorbsmod:Entangle","floor":33},{"not_picked":["stsjorbsmod:WeightOfMemory","stsjorbsmod:TrueStrike"],"picked":"stsjorbsmod:Prestidigitation+1","floor":35},{"not_picked":["stsjorbsmod:WeightOfMemory+1","stsjorbsmod:ChatteringStrike"],"picked":"stsjorbsmod:RayOfFrost+1","floor":36},{"not_picked":["stsjorbsmod:ParryingBlow","stsjorbsmod:TinyHut"],"picked":"stsjorbsmod:Determination","floor":36},{"not_picked":["stsjorbsmod:UnseenServant+1","stsjorbsmod:BlackTentacles"],"picked":"stsjorbsmod:ColorSpray","floor":38},{"not_picked":["stsjorbsmod:WeightOfMemory","stsjorbsmod:DoubleCheck"],"picked":"stsjorbsmod:IvoryTower","floor":40},{"not_picked":["stsjorbsmod:Message","stsjorbsmod:RayOfFrost+1"],"picked":"stsjorbsmod:Counterspell+1","floor":42},{"not_picked":["stsjorbsmod:DoubleCheck","stsjorbsmod:ChainLightning"],"picked":"stsjorbsmod:SmithingStrike+1","floor":47},{"not_picked":["stsjorbsmod:LoseGrip+1","stsjorbsmod:ParryingBlow"],"picked":"stsjorbsmod:DisguiseSelf+1","floor":48},{"not_picked":["stsjorbsmod:Mania","stsjorbsmod:DisguiseSelf+1"],"picked":"stsjorbsmod:Firebolt+1","floor":54}],"player_experience":493059,"relics_obtained":[{"floor":7,"key":"Bag of Marbles"},{"floor":9,"key":"Toy Ornithopter"},{"floor":10,"key":"aspiration:Lifesprig"},{"floor":11,"key":"Pet Ghost"},{"floor":20,"key":"Red Mask"},{"floor":23,"key":"hubris:GlazedTorus"},{"floor":25,"key":"StoneCalendar"},{"floor":26,"key":"Replay:Rubber Ducky"},{"floor":30,"key":"Mummified Hand"},{"floor":36,"key":"Onion Ring"},{"floor":40,"key":"Ice Cream"},{"floor":42,"key":"Pantograph"},{"floor":46,"key":"Frozen Egg 2"},{"floor":47,"key":"TungstenRod"},{"floor":48,"key":"Gremlin Horn"},{"floor":54,"key":"ReplayTheSpireMod:Shallot"}],"event_choices":[{"damage_healed":0,"gold_gain":0,"player_choice":"Grow","damage_taken":0,"max_hp_gain":0,"max_hp_loss":0,"event_name":"Living Wall","floor":2,"gold_loss":0,"cards_upgraded":["stsjorbsmod:FreshAdventure"]},{"damage_healed":0,"gold_gain":175,"player_choice":"AGREE","damage_taken":126,"max_hp_gain":0,"max_hp_loss":0,"event_name":"betterThird:BetterSerpent","floor":5,"gold_loss":0},{"damage_healed":0,"gold_gain":0,"player_choice":"Fought Bandits","damage_taken":0,"max_hp_gain":0,"max_hp_loss":0,"event_name":"Masked Bandits","floor":20,"gold_loss":0},{"damage_healed":0,"gold_gain":100,"player_choice":"Pray","damage_taken":0,"max_hp_gain":0,"max_hp_loss":0,"event_name":"Golden Shrine","floor":28,"gold_loss":0},{"damage_healed":0,"gold_gain":0,"player_choice":"Forge","damage_taken":0,"max_hp_gain":0,"max_hp_loss":0,"event_name":"Accursed Blacksmith","floor":37,"gold_loss":0,"cards_upgraded":["Apotheosis"]},{"damage_healed":0,"gold_gain":0,"player_choice":"Fight","damage_taken":0,"max_hp_gain":0,"max_hp_loss":0,"event_name":"MindBloom","floor":47,"gold_loss":0}],"is_beta":false,"boss_relics":[{"not_picked":["hubris:BlackHole","Runic Dome"],"picked":"Replay:Wanted Poster"},{"not_picked":["Astrolabe","Snecko Eye"],"picked":"aspiration:RitualDagger"}],"items_purged_floors":[12],"is_endless":false,"potions_floor_spawned":[1,4,7,18,23,27,30,33,35],"ascension_level":2}}