{"host":"tgnam0g96qraiyqx","time":1612508872,"event":{"mods":["Always Whale","Arknights","Aspiration","Bartender","BaseMod","BetterRewards","CapriCore","CatGirl Mod","Chen","Colored Map","Colored Powertips","Decade(???)","Dio Mod","Downfall","Ekko","Energized Spire","Fireblade Mod","Glutton Mod","Hermit","HexUI Lib","Highlight Path","HornydragonMod","Hubris","Jorbs\u0027s Wanderer Trilogy","Kalas","KinomotoSakuraMod(????)","Koishi","Kratos Character Expansion","Luminous","Minty Spire (QoL Compilation)","Permanent Neow","Pikachu Mod","Potionbrewer","Prisma Mod","QueenMod","Railgun Mod","Random Character Button","Reimu??????","Replay The Spire","SCP261 Mod","Shade Mod","Shedinja","Shop Mod","Somnambulant","StSLib","The Alterego","The Bladedancer","The Cursed","The Death Knight","The Druid","The Hayseed","The Immortal","The Judge","The Juggle","The Jungle","The Kombatant","The Showman","The Warrior","The Wild Card","TheFirefly","TheSwordswoman","TheVacant","Warlord Emblem","[IsaacMod]????"],"gold_per_floor":[99,112,126,3,23,23,96,116,116,142,27,27,61,72,82,183,183,183,194,194,212,212,212,212],"floor_reached":23,"language":"FRA","playtime":6419,"items_purged":["Shade:Defend_Shade"],"score":251,"play_id":"23f6cb60-c1f1-4301-ad02-e6397b4b85ea","local_time":"20210205080752","is_ascension_mode":false,"campfire_choices":[{"data":"Shade:AnimateDead","floor":1,"key":"SMITH"},{"data":"Shade:Bonestorm","floor":12,"key":"SMITH"},{"data":"Shade:Putrefaction","floor":18,"key":"SMITH"}],"circlet_count":0,"master_deck":["Shade:Strike_Shade","Shade:Strike_Shade","Shade:Strike_Shade","Shade:Strike_Shade","Shade:Defend_Shade","Shade:Defend_Shade","Shade:AnimateDead+1","Shade:CarefulCut","Shade:Premonition","Shade:WallOfFlesh","Shade:FleshToFlesh","Shade:GraveStillness","Shade:GraveStillness","Shade:FingerOfDeath","Shade:UnbarTheGrave","Shade:SkeletonHug","Shade:CallOfTheGrave","Shade:Bonestorm+1","Shade:Bonestorm","Shade:Trample","Shade:Putrefaction+1","Shade:CoffinDance","Shade:FreshBones"],"relics":["Shade:YorickSkull","HushsDoor","SteamSale","Peace Pipe","Blue Candle","The Courier","ForgetMeNow","aspiration:PoetsPen_weak"],"acts_visited":["Exordium","TheCity"],"potions_floor_usage":[10,13,16,16],"damage_taken":[{"damage":0,"enemies":"Cultist","floor":2,"turns":4},{"damage":0,"enemies":"2 Louse","floor":3,"turns":2},{"damage":0,"enemies":"downfall:FleeingMerchant","floor":4,"turns":4},{"damage":0,"enemies":"Jaw Worm","floor":5,"turns":4},{"damage":0,"enemies":"3 Louse","floor":8,"turns":5},{"damage":0,"enemies":"Replay:BlueRogue","floor":10,"turns":8},{"damage":0,"enemies":"downfall:FleeingMerchant","floor":11,"turns":4},{"damage":0,"enemies":"Lagavulin","floor":13,"turns":7},{"damage":0,"enemies":"Large Slime","floor":14,"turns":5},{"damage":0,"enemies":"Exordium Wildlife","floor":15,"turns":5},{"damage":38,"enemies":"WA_ARCHETYPE_RETAIN","floor":16,"turns":14},{"damage":0,"enemies":"Shell Parasite","floor":19,"turns":7},{"damage":0,"enemies":"Chosen","floor":21,"turns":5},{"damage":65,"enemies":"Slavers","floor":23,"turns":5}],"seed_played":"4087077807073433720","potions_obtained":[{"floor":2,"key":"AttackPotion"},{"floor":8,"key":"Explosive Potion"},{"floor":10,"key":"Doom Potion"},{"floor":14,"key":"potionbrewer:DiscountPotion"},{"floor":16,"key":"potionbrewer:NoxiousPotion"}],"is_trial":false,"path_per_floor":["R","M","M","$","M","?","T","M","?","E","$","R","E","M","M","B",null,"R","M","?","M","?","E"],"character_chosen":"SHADE","items_purchased":["Shade:GraveStillness","Shade:CallOfTheGrave","Shade:Bonestorm"],"campfire_rested":0,"item_purchase_floors":[4,11,11],"current_hp_per_floor":[47,47,47,47,47,42,42,42,42,42,42,42,42,42,42,4,65,65,65,65,65,65,0,0],"gold":212,"neow_bonus":"ONE_RARE_RELIC","is_daily":false,"chose_seed":false,"campfire_upgraded":3,"win_rate":0.0,"timestamp":1612508872,"path_taken":["R","M","M","$","?","?","T","M","?","E","?","R","E","M","M","BOSS","R","M","?","M","?","E"],"items_purchased_type":["Card","Card","Card"],"build_version":"2020-12-22","purchased_purges":1,"victory":false,"max_hp_per_floor":[65,65,65,65,65,65,65,65,65,65,65,65,65,65,65,65,65,65,65,65,65,65,65,65],"card_choices":[{"not_picked":["Shade:SkeletonHug","Shade:CommandSoldier"],"picked":"Shade:Premonition","floor":2},{"not_picked":["Shade:Patience","Shade:Awaken"],"picked":"Shade:WallOfFlesh","floor":3},{"not_picked":["Shade:FeralStrike","Shade:ClawBack"],"picked":"Shade:FleshToFlesh","floor":4},{"not_picked":["Shade:GreyBargain","Shade:Frenzy"],"picked":"Shade:FingerOfDeath","floor":5},{"not_picked":["Shade:SpontaneousRitual","Shade:Brains","Shade:GraveStillness"],"picked":"SKIP","floor":8},{"not_picked":["Shade:Excise","Shade:WallOfFlesh"],"picked":"Shade:UnbarTheGrave","floor":10},{"not_picked":["Shade:FleshToFlesh","Shade:GreyBargain"],"picked":"Shade:SkeletonHug","floor":11},{"not_picked":["Shade:Awaken","Shade:Patience","Shade:SoulToxin"],"picked":"SKIP","floor":13},{"not_picked":["Shade:ClawBack","Shade:AncientSpear"],"picked":"Shade:Bonestorm","floor":14},{"not_picked":["Shade:SanguineRitual","Shade:FreshBones"],"picked":"Shade:Trample","floor":15},{"not_picked":["Shade:Consume","Shade:OneIsEnough"],"picked":"Shade:Putrefaction","floor":16},{"not_picked":["Shade:ExtraLimbs+1","Shade:BoneShards"],"picked":"Shade:CoffinDance","floor":19},{"not_picked":["Shade:FuneraryArmor","Shade:CloudOfShrapnel"],"picked":"Shade:FreshBones","floor":21}],"player_experience":2607901,"relics_obtained":[{"floor":10,"key":"The Courier"},{"floor":13,"key":"ForgetMeNow"}],"event_choices":[{"cards_removed":["Shade:Defend_Shade"],"damage_healed":0,"gold_gain":0,"player_choice":"Card Removal","damage_taken":0,"max_hp_gain":0,"max_hp_loss":0,"event_name":"The Cleric","floor":9,"gold_loss":0}],"is_beta":false,"boss_relics":[{"not_picked":["aspiration:RitualDagger","Busted Crown"],"picked":"aspiration:PoetsPen_weak"},{"not_picked":[]}],"items_purged_floors":[4],"is_endless":false,"potions_floor_spawned":[2,8,10,14,16],"killed_by":"Slavers","ascension_level":0}}