{"host":"5n1fl7z5i1vf7jan","time":1612498412,"event":{"mods":["BaseMod","Minty Spire (QoL Compilation)","Quick Restart","Relic Stats"],"gold_per_floor":[116,41,41,59,84,84,117,132,132,132,157,188,207,228,228,317,317,333,258,283,20,44,84,100,131,182,22,22,43,43,64,64,64,64],"floor_reached":33,"language":"ENG","playtime":1344,"items_purged":["Strike_P"],"score":729,"play_id":"b90b5412-e55e-494b-bc8f-580c3a158e53","local_time":"20210204201332","is_ascension_mode":true,"campfire_choices":[{"data":"Tantrum","floor":6.0,"key":"SMITH"},{"floor":10.0,"key":"REST"},{"data":"TalkToTheHand","floor":15.0,"key":"SMITH"},{"floor":32.0,"key":"REST"}],"circlet_count":0,"master_deck":["AscendersBane","Defend_P","Defend_P","Defend_P","Defend_P","Eruption","Vigilance","SashWhip","FearNoEvil","Tantrum+1","BowlingBash","FlyingSleeves","TalkToTheHand+1","Protect","FlurryOfBlows","Worship","Wallop+1","TalkToTheHand","WheelKick","FollowUp+1","Omniscience","Consecrate","WaveOfTheHand+1","TalkToTheHand","Wireheading+1","Omniscience","EmptyMind","ThirdEye"],"relics":["PureWater","Tiny Chest","Golden Idol","MealTicket","InkBottle","CloakClasp","Fusion Hammer","Ancient Tea Set","Dream Catcher","Frozen Egg 2","Juzu Bracelet","Orrery"],"acts_visited":["Exordium","TheCity"],"potions_floor_usage":[33,33],"damage_taken":[{"damage":0.0,"enemies":"Small Slimes","floor":1.0,"turns":3.0},{"damage":13.0,"enemies":"2 Louse","floor":4.0,"turns":3.0},{"damage":7.0,"enemies":"Jaw Worm","floor":5.0,"turns":3.0},{"damage":12.0,"enemies":"Gremlin Nob","floor":7.0,"turns":3.0},{"damage":14.0,"enemies":"Red Slaver","floor":8.0,"turns":5.0},{"damage":3.0,"enemies":"Looter","floor":11.0,"turns":2.0},{"damage":0.0,"enemies":"Lagavulin","floor":12.0,"turns":5.0},{"damage":0.0,"enemies":"Large Slime","floor":13.0,"turns":4.0},{"damage":10.0,"enemies":"3 Louse","floor":14.0,"turns":3.0},{"damage":0.0,"enemies":"Slime Boss","floor":16.0,"turns":4.0},{"damage":6.0,"enemies":"3 Byrds","floor":18.0,"turns":4.0},{"damage":5.0,"enemies":"Shell Parasite","floor":22.0,"turns":3.0},{"damage":12.0,"enemies":"Slavers","floor":23.0,"turns":4.0},{"damage":3.0,"enemies":"Snake Plant","floor":24.0,"turns":3.0},{"damage":2.0,"enemies":"Gremlin Leader","floor":25.0,"turns":6.0},{"damage":12.0,"enemies":"Shelled Parasite and Fungi","floor":29.0,"turns":5.0},{"damage":3.0,"enemies":"Centurion and Healer","floor":31.0,"turns":4.0},{"damage":111,"enemies":"Champ","floor":33,"turns":12}],"seed_played":"581999441833661361","potions_obtained":[{"floor":5.0,"key":"AttackPotion"},{"floor":8.0,"key":"DistilledChaos"},{"floor":11.0,"key":"BottledMiracle"},{"floor":13.0,"key":"FearPotion"},{"floor":16.0,"key":"Fire Potion"},{"floor":25.0,"key":"BlessingOfTheForge"},{"floor":31.0,"key":"BottledMiracle"}],"is_trial":false,"path_per_floor":["M","?","?","M","M","R","E","M","T","R","M","E","M","M","R","B",null,"M","?","T","$","M","E","M","E","T","$","?","M","$","M","R","B"],"character_chosen":"WATCHER","items_purchased":["TalkToTheHand","WheelKick","Swift Potion","Orrery"],"campfire_rested":2,"item_purchase_floors":[21,21,21,27],"current_hp_per_floor":[61,61,61,48,41,41,29,15,15,33,30,30,30,20,20,20,52,46,46,46,61,56,44,41,39,39,54,54,42,57,54,62,0,0],"gold":64,"neow_bonus":"RANDOM_COMMON_RELIC","is_daily":false,"chose_seed":false,"campfire_upgraded":2,"win_rate":0.0,"timestamp":1612498412,"path_taken":["M","?","?","M","M","R","E","M","T","R","M","E","M","M","R","BOSS","M","?","?","$","M","E","M","E","T","$","?","M","?","M","R","BOSS"],"items_purchased_type":["Card","Card","Potion","Relic"],"build_version":"2020-12-22","purchased_purges":1,"victory":false,"max_hp_per_floor":[68,68,62,62,62,62,62,62,62,62,62,62,62,62,62,62,62,62,62,62,62,62,62,62,62,62,62,62,62,62,62,62,62,62],"relic_stats":{"Dream Catcher":1,"counters":[18,76],"Golden Idol":89,"Tiny Chest":1,"MealTicket":45,"CloakClasp":[118],"Juzu Bracelet":1,"obtain_stats":[{"Dream Catcher":23,"Golden Idol":3,"Orrery":27,"Tiny Chest":0,"MealTicket":7,"Fusion Hammer":17,"CloakClasp":12,"Juzu Bracelet":26,"PureWater":0,"Frozen Egg 2":25,"Ancient Tea Set":20,"InkBottle":9},{"Dream Catcher":13,"Golden Idol":1,"Orrery":15,"Tiny Chest":0,"MealTicket":4,"Fusion Hammer":10,"CloakClasp":7,"Juzu Bracelet":15,"PureWater":0,"Frozen Egg 2":15,"Ancient Tea Set":11,"InkBottle":5},{"Dream Catcher":46,"Golden Idol":3,"Orrery":55,"Tiny Chest":0,"MealTicket":12,"Fusion Hammer":35,"CloakClasp":24,"Juzu Bracelet":55,"PureWater":0,"Frozen Egg 2":55,"Ancient Tea Set":39,"InkBottle":17}],"InkBottle":[23]},"card_choices":[{"not_picked":["Protect","Collect"],"picked":"SashWhip","floor":1.0},{"not_picked":["EmptyBody","CrushJoints"],"picked":"FearNoEvil","floor":4.0},{"not_picked":["Protect","Collect"],"picked":"Tantrum","floor":5.0},{"not_picked":["FollowUp","PathToVictory"],"picked":"BowlingBash","floor":7.0},{"not_picked":["ThirdEye","Omniscience"],"picked":"FlyingSleeves","floor":8.0},{"not_picked":["Evaluate","Perseverance"],"picked":"TalkToTheHand","floor":11.0},{"not_picked":["EmptyBody","Swivel"],"picked":"Protect","floor":12.0},{"not_picked":["Evaluate","Fasting2"],"picked":"FlurryOfBlows","floor":13.0},{"not_picked":["Swivel","SashWhip"],"picked":"Worship","floor":14.0},{"not_picked":["Prostrate","FlyingSleeves"],"picked":"Wallop+1","floor":18.0},{"not_picked":["BowlingBash","SignatureMove"],"picked":"FollowUp+1","floor":22.0},{"not_picked":["LikeWater","EmptyFist"],"picked":"Omniscience","floor":23.0},{"not_picked":["Prostrate","LikeWater"],"picked":"Consecrate","floor":24.0},{"not_picked":["FlyingSleeves","Prostrate","Fasting2+1"],"picked":"SKIP","floor":25.0},{"not_picked":["Tantrum+1","Wallop"],"picked":"WaveOfTheHand+1","floor":27.0},{"not_picked":["WaveOfTheHand","Indignation"],"picked":"TalkToTheHand","floor":27.0},{"not_picked":["Prostrate","PathToVictory"],"picked":"Wireheading+1","floor":27.0},{"not_picked":["EmptyFist","PathToVictory"],"picked":"Omniscience","floor":29.0},{"not_picked":["ClearTheMind","WheelKick"],"picked":"EmptyMind","floor":31.0},{"not_picked":["BowlingBash","Pray"],"picked":"ThirdEye","floor":32.0}],"player_experience":314217,"relics_obtained":[{"floor":7.0,"key":"MealTicket"},{"floor":9.0,"key":"InkBottle"},{"floor":12.0,"key":"CloakClasp"},{"floor":20.0,"key":"Ancient Tea Set"},{"floor":23.0,"key":"Dream Catcher"},{"floor":25.0,"key":"Frozen Egg 2"},{"floor":26.0,"key":"Juzu Bracelet"}],"event_choices":[{"cards_removed":["Strike_P"],"damage_healed":0.0,"max_hp_gain":0.0,"max_hp_loss":0.0,"gold_gain":0.0,"event_name":"The Cleric","player_choice":"Card Removal","floor":2.0,"gold_loss":75.0,"damage_taken":0.0},{"damage_healed":0.0,"max_hp_gain":0.0,"max_hp_loss":6.0,"gold_gain":0.0,"event_name":"Golden Idol","player_choice":"Lose Max HP","floor":3.0,"gold_loss":0.0,"damage_taken":0.0,"relics_obtained":["Golden Idol"]},{"cards_removed":["Strike_P"],"damage_healed":0.0,"max_hp_gain":0.0,"max_hp_loss":0.0,"gold_gain":0.0,"event_name":"Beggar","player_choice":"Gave Gold","floor":19.0,"gold_loss":75.0,"damage_taken":0.0},{"cards_removed":["Strike_P"],"damage_healed":0.0,"max_hp_gain":0.0,"max_hp_loss":0.0,"gold_gain":0.0,"event_name":"Purifier","player_choice":"Purged","floor":28.0,"gold_loss":0.0,"damage_taken":0.0}],"is_beta":false,"boss_relics":[{"not_picked":["SlaversCollar","Busted Crown"],"picked":"Fusion Hammer"}],"items_purged_floors":[21],"is_endless":false,"potions_floor_spawned":[5,8,11,13,16,23,25,31],"killed_by":"Champ","ascension_level":19}}