{"host":"5trcja4hacd149zc","time":1612505947,"event":{"mods":["BaseMod","Colored Map","GifTheSpireLib","Minty Spire (QoL Compilation)","Relic Stats","StSLib"],"gold_per_floor":[116,19,30,43,60,70,70,89,89,123,152,35,35,35,35],"floor_reached":14,"language":"ENG","playtime":379,"items_purged":["Strike_P"],"score":188,"play_id":"d8b8056a-867e-4d7f-9abc-fce35ebd0cfe","local_time":"20210205001907","is_ascension_mode":true,"campfire_choices":[{"data":"Adaptation","floor":7,"key":"SMITH"}],"circlet_count":0,"master_deck":["AscendersBane","Strike_P","Strike_P","Strike_P","Defend_P","Defend_P","Defend_P","Defend_P","Eruption","Vigilance","Vengeance","Adaptation+1","FollowUp","FearNoEvil","TalkToTheHand+1","FlurryOfBlows","Consecrate","WheelKick","InnerPeace","Vault"],"relics":["PureWater","NeowsBlessing","Pantograph","MawBank"],"acts_visited":["Exordium"],"potions_floor_usage":[10],"damage_taken":[{"damage":0,"enemies":"Cultist","floor":1,"turns":1},{"damage":0,"enemies":"2 Louse","floor":3,"turns":1},{"damage":0,"enemies":"Jaw Worm","floor":4,"turns":1},{"damage":9,"enemies":"Exordium Wildlife","floor":5,"turns":5},{"damage":11,"enemies":"Looter","floor":6,"turns":2},{"damage":12,"enemies":"Lots of Slimes","floor":8,"turns":3},{"damage":12,"enemies":"3 Sentries","floor":10,"turns":4},{"damage":11,"enemies":"3 Louse","floor":11,"turns":3},{"damage":22,"enemies":"Gremlin Nob","floor":14,"turns":3}],"seed_played":"6822303296364132609","potions_obtained":[{"floor":1,"key":"PowerPotion"},{"floor":5,"key":"PowerPotion"}],"is_trial":false,"path_per_floor":["M","$","M","M","M","M","R","M","T","E","M","$","?","E"],"character_chosen":"WATCHER","items_purchased":["Adaptation","FollowUp","Block Potion"],"campfire_rested":0,"item_purchase_floors":[2,2,12],"current_hp_per_floor":[61,61,61,61,52,41,41,29,29,17,6,6,6,0,0],"gold":35,"neow_bonus":"THREE_ENEMY_KILL","is_daily":false,"chose_seed":false,"campfire_upgraded":1,"win_rate":0.0,"timestamp":1612505947,"path_taken":["M","$","M","M","M","M","R","M","T","E","?","$","?","E"],"items_purchased_type":["Card","Card","Potion"],"build_version":"2020-12-22","purchased_purges":1,"victory":false,"max_hp_per_floor":[68,68,68,68,68,68,68,68,68,68,68,68,68,68,68],"relic_stats":{"counters":[9,23],"Pantograph":0,"MawBank":24,"obtain_stats":[{"NeowsBlessing":0,"Pantograph":9,"PureWater":0,"MawBank":10},{"NeowsBlessing":0,"Pantograph":6,"PureWater":0,"MawBank":7},{"NeowsBlessing":0,"Pantograph":13,"PureWater":0,"MawBank":17}]},"card_choices":[{"not_picked":["Protect","Perseverance"],"picked":"Vengeance","floor":1},{"not_picked":["FlyingSleeves","Protect"],"picked":"FearNoEvil","floor":3},{"not_picked":["JustLucky","LikeWater"],"picked":"TalkToTheHand","floor":4},{"not_picked":["SashWhip","Halt"],"picked":"FlurryOfBlows","floor":5},{"not_picked":["SashWhip","CrushJoints"],"picked":"Consecrate","floor":6},{"not_picked":["PathToVictory","Evaluate"],"picked":"WheelKick","floor":8},{"not_picked":["SignatureMove","WaveOfTheHand"],"picked":"InnerPeace","floor":10},{"not_picked":["Prostrate","CrushJoints"],"picked":"Vault","floor":11}],"player_experience":771094,"relics_obtained":[{"floor":9,"key":"Pantograph"},{"floor":10,"key":"MawBank"}],"event_choices":[{"damage_healed":0,"gold_gain":0,"player_choice":"Grow","damage_taken":0,"max_hp_gain":0,"max_hp_loss":0,"event_name":"Living Wall","floor":13,"gold_loss":0,"cards_upgraded":["TalkToTheHand"]}],"is_beta":false,"boss_relics":[],"items_purged_floors":[12],"is_endless":false,"potions_floor_spawned":[1,5,6,8],"killed_by":"Gremlin Nob","ascension_level":20}}