{"host":"gknpnudn4hog7rzv","time":1612552492,"event":{"mods":["BaseMod","BetterRewards","Downfall","Hermit","Minty Spire (QoL Compilation)","Robot Space Explorer","StSLib","The Bug Knight"],"gold_per_floor":[119,119,119,25,46,46,80,105,105,105,130,130,205,233,233,338,338,353,353,17,45,65,65,93,112,185,185,185],"floor_reached":27,"language":"ENG","playtime":793,"items_purged":[],"score":245,"play_id":"1ca2bb23-92ca-4a2e-bcab-9af67183ece3","local_time":"20210205121452","is_ascension_mode":true,"campfire_choices":[{"data":"RobotSpaceExplorer:MiniDrones","floor":6,"key":"SMITH"},{"data":"RobotSpaceExplorer:Pulsar","floor":10,"key":"SMITH"},{"data":"RobotSpaceExplorer:MiniDrones","floor":12,"key":"SMITH"},{"floor":15,"key":"REST"},{"floor":23,"key":"REST"}],"circlet_count":0,"master_deck":["RobotSpaceExplorer:Strike+1","RobotSpaceExplorer:Strike+1","RobotSpaceExplorer:Strike+1","RobotSpaceExplorer:Strike+1","RobotSpaceExplorer:Defend+1","RobotSpaceExplorer:Defend+1","RobotSpaceExplorer:Defend+1","RobotSpaceExplorer:Defend+1","RobotSpaceExplorer:Scan","RobotSpaceExplorer:MiniLasers+1","RobotSpaceExplorer:GlueShot","RobotSpaceExplorer:MiniDrones+1","RobotSpaceExplorer:MiniDrones+1","RobotSpaceExplorer:Pulsar+1","RobotSpaceExplorer:ScrapMissile","RobotSpaceExplorer:Probe","RobotSpaceExplorer:MiniDrones","RobotSpaceExplorer:Comet","RobotSpaceExplorer:ImprovisedAttack+1","RobotSpaceExplorer:Probe+1","RobotSpaceExplorer:ScrapMissile+1","RobotSpaceExplorer:PowerGlove"],"relics":["RobotSpaceExplorer:RoboCore","CeramicFish","Mercury Hourglass","Oddly Smooth Stone","Molten Egg 2","Bag of Marbles","Pantograph"],"acts_visited":["Exordium","TheCity"],"potions_floor_usage":[5,7,14,22,22,24,24,25,27],"damage_taken":[{"damage":0,"enemies":"Small Slimes","floor":1,"turns":3},{"damage":0,"enemies":"2 Louse","floor":5,"turns":1},{"damage":36,"enemies":"Lagavulin","floor":7,"turns":7},{"damage":0,"enemies":"Cultist","floor":8,"turns":3},{"damage":1,"enemies":"3 Louse","floor":11,"turns":3},{"damage":0,"enemies":"Large Slime","floor":14,"turns":5},{"damage":48,"enemies":"Hexaghost","floor":16,"turns":15},{"damage":14,"enemies":"Shell Parasite","floor":18,"turns":6},{"damage":0,"enemies":"2 Thieves","floor":21,"turns":4},{"damage":0,"enemies":"Snecko","floor":22,"turns":4},{"damage":44,"enemies":"Gremlin Leader","floor":24,"turns":5},{"damage":9,"enemies":"Snake Plant","floor":25,"turns":4},{"damage":27,"enemies":"Book of Stabbing","floor":27,"turns":5}],"seed_played":"-5785483425131024532","potions_obtained":[{"floor":1,"key":"FearPotion"},{"floor":7,"key":"sneckomod:MuddlingPotion"},{"floor":16,"key":"Ancient Potion"},{"floor":21,"key":"LiquidBronze"},{"floor":22,"key":"champ:CounterPotion"},{"floor":24,"key":"PowerPotion"},{"floor":25,"key":"RobotSpaceExplorer:RecyclePotion"}],"is_trial":false,"path_per_floor":["M","?","?","$","M","R","E","M","T","R","M","R","?","M","R","B",null,"M","?","$","M","M","R","E","M","T","E"],"character_chosen":"RobotSpaceExplorer","items_purchased":["RobotSpaceExplorer:MiniDrones","AttackPotion","Molten Egg 2","RobotSpaceExplorer:ImprovisedAttack+1","Swift Potion"],"campfire_rested":2,"item_purchase_floors":[4,4,20,20,20],"current_hp_per_floor":[75,80,80,80,80,80,44,44,44,44,43,43,32,32,56,8,80,66,66,66,66,66,80,36,27,27,0,0],"gold":185,"neow_bonus":"RANDOM_COMMON_RELIC","is_daily":false,"chose_seed":false,"campfire_upgraded":3,"win_rate":0.0,"timestamp":1612552492,"path_taken":["M","?","?","$","?","R","E","M","T","R","M","R","?","M","R","BOSS","M","?","$","M","M","R","E","M","T","E"],"items_purchased_type":["Card","Potion","Relic","Card","Potion"],"build_version":"2020-12-22","purchased_purges":0,"victory":false,"max_hp_per_floor":[75,80,80,80,80,80,80,80,80,80,80,80,80,80,80,80,80,80,80,80,80,80,80,80,80,80,80,80],"card_choices":[{"not_picked":["RobotSpaceExplorer:FreezingShield","RobotSpaceExplorer:ToxicBomb"],"picked":"RobotSpaceExplorer:GlueShot","floor":1},{"not_picked":["RobotSpaceExplorer:MetalStrike","RobotSpaceExplorer:SlimeMissile"],"picked":"RobotSpaceExplorer:MiniDrones","floor":5},{"not_picked":["RobotSpaceExplorer:FrostMissile","RobotSpaceExplorer:Electroshield"],"picked":"RobotSpaceExplorer:Pulsar","floor":7},{"not_picked":["RobotSpaceExplorer:Blitz","RobotSpaceExplorer:Fix"],"picked":"RobotSpaceExplorer:ScrapMissile","floor":8},{"not_picked":["RobotSpaceExplorer:Discharger","RobotSpaceExplorer:ShovelStrike"],"picked":"RobotSpaceExplorer:Probe","floor":11},{"not_picked":["RobotSpaceExplorer:Pulsar","RobotSpaceExplorer:Counterblock"],"picked":"RobotSpaceExplorer:MiniDrones","floor":14},{"not_picked":["RobotSpaceExplorer:BlastShield","RobotSpaceExplorer:HighVoltage"],"picked":"RobotSpaceExplorer:Comet","floor":16},{"not_picked":["RobotSpaceExplorer:TurboDodge","RobotSpaceExplorer:SwiftStep+1","RobotSpaceExplorer:StunGrenade+1"],"picked":"SKIP","floor":18},{"not_picked":["RobotSpaceExplorer:SlimeMissile+1","RobotSpaceExplorer:FranticSearch"],"picked":"RobotSpaceExplorer:Probe+1","floor":21},{"not_picked":["RobotSpaceExplorer:FrostMissile+1","RobotSpaceExplorer:Probe+1"],"picked":"RobotSpaceExplorer:ScrapMissile+1","floor":22},{"not_picked":["RobotSpaceExplorer:SurgingStrike+1","RobotSpaceExplorer:Jetpack","RobotSpaceExplorer:Ammunition+1"],"picked":"SKIP","floor":24},{"not_picked":["RobotSpaceExplorer:Exploration","RobotSpaceExplorer:ImprovisedAttack+1"],"picked":"RobotSpaceExplorer:PowerGlove","floor":25}],"player_experience":376209,"relics_obtained":[{"floor":7,"key":"Mercury Hourglass"},{"floor":9,"key":"Oddly Smooth Stone"},{"floor":24,"key":"Bag of Marbles"},{"floor":26,"key":"Pantograph"}],"event_choices":[{"damage_healed":0,"gold_gain":0,"player_choice":"Donut","damage_taken":0,"max_hp_gain":5,"max_hp_loss":0,"event_name":"Big Fish","floor":2,"gold_loss":0},{"damage_healed":0,"gold_gain":0,"player_choice":"Forge","damage_taken":0,"max_hp_gain":0,"max_hp_loss":0,"event_name":"Accursed Blacksmith","floor":3,"gold_loss":0,"cards_upgraded":["RobotSpaceExplorer:MiniLasers"]},{"damage_healed":0,"gold_gain":75,"player_choice":"Gather Gold","damage_taken":11,"max_hp_gain":0,"max_hp_loss":0,"event_name":"World of Goop","floor":13,"gold_loss":0},{"damage_healed":0,"gold_gain":0,"player_choice":"Simplicity","damage_taken":0,"max_hp_gain":0,"max_hp_loss":0,"event_name":"Back to Basics","floor":19,"gold_loss":0,"cards_upgraded":["RobotSpaceExplorer:Strike","RobotSpaceExplorer:Strike","RobotSpaceExplorer:Strike","RobotSpaceExplorer:Strike","RobotSpaceExplorer:Defend","RobotSpaceExplorer:Defend","RobotSpaceExplorer:Defend","RobotSpaceExplorer:Defend"]}],"is_beta":false,"boss_relics":[{"not_picked":["Runic Dome","Velvet Choker","Coffee Dripper"]}],"items_purged_floors":[],"is_endless":false,"potions_floor_spawned":[1,7,16,21,22,24,25],"killed_by":"Book of Stabbing","ascension_level":1}}