{"host":"1ooxfz79hmpvpehx","time":1612487513,"event":{"mods":["BaseMod","Minty Spire (QoL Compilation)","Quick Restart","Replay The Spire","StSLib","SuperFastMode"],"gold_per_floor":[112,37,54,21,96,96,424,424,424,424,424,424,424,435,435,536,536,547,567,507,382,382,382,399,399,426,443,459,459,459,478,478,478,478],"floor_reached":33,"language":"ENG","playtime":889,"items_purged":["Defend_G","Defend_G","Regret"],"score":243,"play_id":"52485e1d-f44b-4c24-9c7a-319aa2995442","local_time":"20210204221153","is_ascension_mode":false,"campfire_choices":[{"data":"Neutralize","floor":6,"key":"SMITH"},{"data":"Slice","floor":8,"key":"SMITH"},{"floor":11,"key":"REST"},{"floor":13,"key":"REST"},{"data":"Defend_G","floor":15,"key":"PURGE"},{"floor":23,"key":"REST"},{"floor":25,"key":"REST"},{"floor":32,"key":"REST"}],"circlet_count":0,"master_deck":["Strike_G","Strike_G","Strike_G","Strike_G","Strike_G","Defend_G","Defend_G","Survivor","Neutralize+1","Slice+1","Shame","ReplayTheSpireMod:Splinters","Poison Darts+1","Injury","Languid"],"relics":["Cursed Key","ReplayTheSpireMod:CursedCoin","Replay:Wax Seal","Old Coin","White Beast Statue","Sundial","Replay:Grab Bag","Replay:Bronze Core","Busted Crown","SlaversCollar","Centennial Puzzle","Ring of Misfortune","Ring of Panic"],"acts_visited":["Exordium","TheCity"],"potions_floor_usage":[7,16,16,16,31,31],"damage_taken":[{"damage":0,"enemies":"Small Slimes","floor":1,"turns":4},{"damage":0,"enemies":"2 Louse","floor":3,"turns":3},{"damage":32,"enemies":"3 Sentries","floor":7,"turns":10},{"damage":7,"enemies":"Cultist","floor":14,"turns":3},{"damage":58,"enemies":"The Guardian","floor":16,"turns":9},{"damage":28,"enemies":"2 Thieves","floor":18,"turns":4},{"damage":10,"enemies":"3 Byrds","floor":19,"turns":5},{"damage":25,"enemies":"Snake Plant","floor":24,"turns":2},{"damage":7,"enemies":"Sentry and Sphere","floor":27,"turns":5},{"damage":4,"enemies":"Centurion and Healer","floor":28,"turns":3},{"damage":64,"enemies":"Snake Plant","floor":31,"turns":18},{"damage":3,"enemies":"Pondfish","floor":33,"turns":6}],"seed_played":"-3889656961302998854","potions_obtained":[{"floor":3,"key":"SpeedPotion"},{"floor":7,"key":"GhostInAJar"},{"floor":12,"key":"CultistPotion"},{"floor":12,"key":"Reflective Coating"},{"floor":14,"key":"DuplicationPotion"},{"floor":16,"key":"Milkshake"},{"floor":18,"key":"SteroidPotion"},{"floor":19,"key":"FairyPotion"},{"floor":27,"key":"SkillPotion"},{"floor":28,"key":"Swift Potion"},{"floor":31,"key":"Block Potion"}],"is_trial":false,"path_per_floor":["M","$","M","$","?","R","E","R","T","?","R","?","R","M","R","B",null,"M","M","?","$","?","R","M","R","T","M","M","?","?","M","R","B"],"character_chosen":"THE_SILENT","items_purchased":["ReplayTheSpireMod:CursedCoin","Replay:Wax Seal"],"campfire_rested":5,"item_purchase_floors":[4,4],"current_hp_per_floor":[70,70,70,70,59,59,27,27,27,27,48,48,69,62,62,4,70,42,32,32,32,32,53,28,49,49,42,38,38,61,21,42,39,39],"gold":478,"neow_bonus":"BOSS_RELIC","is_daily":false,"chose_seed":false,"campfire_upgraded":2,"win_rate":0.0,"timestamp":1612487513,"path_taken":["M","$","M","$","?","R","E","R","T","?","R","?","R","?","R","BOSS","M","M","?","$","?","R","?","R","T","M","M","?","?","M","R","BOSS"],"items_purchased_type":["Relic","Relic"],"build_version":"2020-12-22","purchased_purges":3,"victory":false,"max_hp_per_floor":[70,70,70,70,70,70,70,70,70,70,70,70,70,70,70,70,70,70,70,70,70,70,70,70,70,70,70,70,70,70,70,70,70,70],"card_choices":[{"not_picked":["Underhanded Strike","Deadly Poison"],"picked":"Slice","floor":1},{"not_picked":["Calculated Gamble","Deflect","Deadly Poison"],"picked":"SKIP","floor":3},{"not_picked":["Dagger Throw","Blade Dance","Fluid Movement"],"picked":"SKIP","floor":7},{"not_picked":["Deflect","PiercingWail","ReplayTheSpireMod:Tripwire"],"picked":"SKIP","floor":14},{"not_picked":["Die Die Die","Adrenaline"],"picked":"Poison Darts","floor":16},{"not_picked":["Outmaneuver"],"picked":"SKIP","floor":18},{"not_picked":["Flying Knee"],"picked":"SKIP","floor":19},{"not_picked":["Crippling Poison"],"picked":"SKIP","floor":24},{"not_picked":["ReplayTheSpireMod:The Works"],"picked":"SKIP","floor":27},{"not_picked":["Dagger Throw"],"picked":"SKIP","floor":28},{"not_picked":["Endless Agony"],"picked":"SKIP","floor":31}],"player_experience":6496,"relics_obtained":[{"floor":7,"key":"Old Coin"},{"floor":9,"key":"White Beast Statue"},{"floor":26,"key":"Centennial Puzzle"},{"floor":29,"key":"Ring of Misfortune"},{"floor":29,"key":"Ring of Panic"}],"event_choices":[{"damage_healed":0,"gold_gain":75,"player_choice":"Gather Gold","damage_taken":11,"max_hp_gain":0,"max_hp_loss":0,"event_name":"World of Goop","floor":5,"gold_loss":0},{"damage_healed":0,"gold_gain":0,"player_choice":"Box","damage_taken":0,"relics_obtained":["Sundial"],"max_hp_gain":0,"max_hp_loss":0,"event_name":"Big Fish","floor":10,"gold_loss":0,"cards_obtained":["Regret"]},{"damage_healed":0,"gold_gain":0,"player_choice":"Got Potions","damage_taken":0,"max_hp_gain":0,"max_hp_loss":0,"event_name":"Lab","floor":12,"gold_loss":0},{"damage_healed":0,"gold_gain":0,"player_choice":"Forge","damage_taken":0,"max_hp_gain":0,"max_hp_loss":0,"event_name":"Accursed Blacksmith","floor":22,"gold_loss":0,"cards_upgraded":["Poison Darts"]},{"damage_healed":23,"gold_gain":0,"player_choice":"Heal","damage_taken":0,"max_hp_gain":0,"max_hp_loss":0,"event_name":"The Library","floor":30,"gold_loss":0}],"is_beta":false,"boss_relics":[{"not_picked":["Velvet Choker","Ring of Chaos"],"picked":"Replay:Grab Bag"},{"not_picked":["Coffee Dripper","ReplayTheSpireMod:DimensionalGlitch"],"picked":"Replay:Bronze Core"},{"not_picked":["Abe\u0027s Treasure","Replay:Wanted Poster"],"picked":"Busted Crown"},{"not_picked":["Astrolabe","Black Star"],"picked":"SlaversCollar"}],"items_purged_floors":[2,4,21],"is_endless":false,"potions_floor_spawned":[3,7,14,16,18,19,24,27,28,31],"killed_by":"Pondfish","ascension_level":0}}