{"host":"ydg0vn0pu4pubmdt","time":1612541696,"event":{"mods":["AchievementEnabler","BaseMod","Colored Map","Gold Saver","Minty Spire (QoL Compilation)","Quick Restart","SuperFastMode"],"gold_per_floor":[113,129,129,143,293,293,347,347,347,367,367,380,23,54,54,129,129,139,158,58,76,87,87,87],"floor_reached":23,"language":"KOR","playtime":2123,"items_purged":["Strike_G","Defend_G"],"score":386,"play_id":"1b8edfcf-31fa-43e6-b7d2-bf42005d8b73","local_time":"20210206011456","is_ascension_mode":true,"campfire_choices":[{"data":"Eviscerate","floor":6.0,"key":"SMITH"},{"data":"Bullet Time","floor":11.0,"key":"SMITH"},{"floor":15.0,"key":"REST"}],"circlet_count":0,"master_deck":["AscendersBane","Strike_G","Strike_G","Strike_G","Strike_G","Defend_G","Defend_G","Defend_G","Defend_G","Survivor","Neutralize","Eviscerate+1","Blur","Bullet Time+1","Poisoned Stab","A Thousand Cuts","Flechettes","Prepared+1","Leg Sweep"],"relics":["Ring of the Snake","NeowsBlessing","Bag of Preparation","Eternal Feather","Shuriken","Bronze Scales","Runic Pyramid"],"acts_visited":["Exordium","TheCity"],"potions_floor_usage":[],"damage_taken":[{"damage":0.0,"enemies":"Small Slimes","floor":1.0,"turns":1.0},{"damage":0.0,"enemies":"Cultist","floor":2.0,"turns":1.0},{"damage":0.0,"enemies":"Jaw Worm","floor":4.0,"turns":1.0},{"damage":16.0,"enemies":"Exordium Wildlife","floor":10.0,"turns":5.0},{"damage":7.0,"enemies":"3 Louse","floor":12.0,"turns":5.0},{"damage":25.0,"enemies":"3 Sentries","floor":14.0,"turns":11.0},{"damage":43.0,"enemies":"Slime Boss","floor":16.0,"turns":15.0},{"damage":5.0,"enemies":"Chosen","floor":18.0,"turns":4.0},{"damage":8.0,"enemies":"3 Byrds","floor":19.0,"turns":3.0},{"damage":22.0,"enemies":"Cultist and Chosen","floor":21.0,"turns":6.0},{"damage":24,"enemies":"Snake Plant","floor":22,"turns":4},{"damage":16,"enemies":"Slavers","floor":23,"turns":1}],"seed_played":"-4411564713183302565","potions_obtained":[{"floor":3.0,"key":"ColorlessPotion"},{"floor":3.0,"key":"Regen Potion"},{"floor":4.0,"key":"PowerPotion"},{"floor":16.0,"key":"AttackPotion"},{"floor":18.0,"key":"ColorlessPotion"}],"is_trial":false,"path_per_floor":["M","M","?","M","?","R","T","?","T","M","R","M","$","E","R","B",null,"M","M","$","M","M","E"],"character_chosen":"THE_SILENT","items_purchased":["Shuriken"],"campfire_rested":1,"item_purchase_floors":[13],"current_hp_per_floor":[59,59,59,59,59,59,59,59,59,43,52,45,45,20,48,5,51,46,38,38,31,7,0,0],"gold":87,"neow_bonus":"THREE_ENEMY_KILL","is_daily":false,"chose_seed":false,"campfire_upgraded":2,"win_rate":0.0,"timestamp":1612541696,"path_taken":["M","M","?","?","?","R","?","?","T","M","R","M","$","E","R","BOSS","M","M","$","M","M","E"],"items_purchased_type":["Relic"],"build_version":"2020-12-22","purchased_purges":2,"victory":false,"max_hp_per_floor":[66,66,66,66,66,66,66,66,66,66,66,66,66,66,66,66,66,66,66,66,66,66,66,66],"card_choices":[{"not_picked":["Blade Dance","Infinite Blades"],"picked":"Eviscerate","floor":1.0},{"not_picked":["Flying Knee","Sucker Punch","Leg Sweep"],"picked":"SKIP","floor":2.0},{"not_picked":["Eviscerate","Dodge and Roll"],"picked":"Blur","floor":4.0},{"not_picked":["PiercingWail","Skewer"],"picked":"Bullet Time","floor":10.0},{"not_picked":["Quick Slash","Endless Agony","Sucker Punch"],"picked":"SKIP","floor":12.0},{"not_picked":["Flying Knee","Slice"],"picked":"Poisoned Stab","floor":14.0},{"not_picked":["Phantasmal Killer","Tools of the Trade"],"picked":"A Thousand Cuts","floor":16.0},{"not_picked":["Sucker Punch+1","Catalyst+1","Poisoned Stab"],"picked":"SKIP","floor":18.0},{"not_picked":["Bouncing Flask","Leg Sweep"],"picked":"Flechettes","floor":19.0},{"not_picked":["Setup","Dagger Throw"],"picked":"Prepared+1","floor":21.0},{"not_picked":["Outmaneuver","Blur"],"picked":"Leg Sweep","floor":22}],"player_experience":622636,"relics_obtained":[{"floor":7.0,"key":"Bag of Preparation"},{"floor":9.0,"key":"Eternal Feather"},{"floor":14.0,"key":"Bronze Scales"}],"event_choices":[{"damage_healed":0.0,"max_hp_gain":0.0,"max_hp_loss":0.0,"gold_gain":0.0,"event_name":"Lab","player_choice":"Got Potions","floor":3.0,"gold_loss":0.0,"damage_taken":0.0},{"damage_healed":0.0,"max_hp_gain":0.0,"max_hp_loss":0.0,"gold_gain":150.0,"event_name":"Liars Game","player_choice":"AGREE","floor":5.0,"gold_loss":0.0,"damage_taken":0.0,"cards_obtained":["Doubt"]},{"cards_removed":["Doubt"],"damage_healed":0.0,"max_hp_gain":0.0,"max_hp_loss":0.0,"gold_gain":0.0,"event_name":"Living Wall","player_choice":"Forget","floor":8.0,"gold_loss":0.0,"damage_taken":0.0}],"is_beta":false,"boss_relics":[{"not_picked":["Empty Cage","SacredBark"],"picked":"Runic Pyramid"}],"items_purged_floors":[13,20],"is_endless":false,"potions_floor_spawned":[4,16,18],"killed_by":"Slavers","ascension_level":20}}