{"host":"6p0attdrtjqaih7v","time":1612547184,"event":{"mods":["2.2 Compatiblity","AchievementEnabler","Bard","BaseMod","Better Skull","Better Third Choice","Colored Powertips","Hermit","Highlight Path","Key Reminder","Minty Spire (QoL Compilation)","Permanent Neow","Quick Restart","Random Character Button","Relic Stats","Reliquary","Replay The Spire","Robot Space Explorer","StSLib","The Witch"],"gold_per_floor":[114,134,134,147,57,89,89,101,127,28,43,62,62,62,62,140,140,154,164,181,181,231,231,264,264,289,301,340,372,33,51,51,125,125,145,165,165,8,8,36,36,62,62,88,104,104,104,116,116,116,116],"floor_reached":52,"language":"ENG","playtime":4164,"items_purged":["Strike_B"],"score":2035,"play_id":"8317c113-7b44-42ba-bd62-db6826ed7698","local_time":"20210205124624","is_ascension_mode":true,"campfire_choices":[{"data":"Static Discharge","floor":7,"key":"SMITH"},{"floor":13,"key":"REST"},{"data":"Beam Cell","floor":15,"key":"SMITH"},{"floor":23,"key":"REST"},{"data":"Skim","floor":25,"key":"SMITH"},{"data":"Capacitor","floor":32,"key":"SMITH"},{"data":"Consume","floor":41,"key":"SMITH"},{"data":"Chill","floor":46,"key":"SMITH"},{"floor":49,"key":"REST"}],"circlet_count":0,"master_deck":["AscendersBane","Strike_B","Defend_B","Defend_B","Defend_B","Defend_B","Zap","Dualcast","Skim+1","Ball Lightning","FTL","Cold Snap","Static Discharge+1","FTL","Beam Cell+1","Sweeping Beam","Echo Form","Echo Form","CurseOfTheBell","Lockon","Ball Lightning","Defragment+1","Ghostly","Ghostly","Ghostly","Leap","Coolheaded+1","Capacitor+1","Chill+1","Genetic Algorithm+1","Compile Driver","Flash of Steel","Consume+1","Force Field+1","BasicCrystalCard+1","Leap+1"],"relics":["reliquary:RedCape","reliquary:Stiletto","reliquary:RosewoodLute","Calling Bell","Orichalcum","Solar Panel","Turnip","Dream Catcher","MawBank","DataDisk","keyreminder:keyreminder","Strange Spoon","Sozu","Bag of Preparation","ReplayTheSpireMod:Lightbulb","Art of War","Golden Egg","StrikeDummy"],"acts_visited":["Exordium","TheCity","TheBeyond"],"potions_floor_usage":[6,18,19,19,20,28,28,33,33,40],"damage_taken":[{"damage":1,"enemies":"Cultist","floor":1,"turns":3},{"damage":9,"enemies":"Jaw Worm","floor":2,"turns":4},{"damage":7,"enemies":"Small Slimes","floor":4,"turns":4},{"damage":11,"enemies":"Lagavulin","floor":6,"turns":5},{"damage":1,"enemies":"Exordium Wildlife","floor":8,"turns":2},{"damage":8,"enemies":"Looter","floor":11,"turns":3},{"damage":7,"enemies":"2 Fungi Beasts","floor":12,"turns":2},{"damage":14,"enemies":"Hexaghost","floor":16,"turns":4},{"damage":25,"enemies":"Shell Parasite","floor":18,"turns":4},{"damage":6,"enemies":"3 Byrds","floor":19,"turns":4},{"damage":26,"enemies":"Centurion and Healer","floor":20,"turns":5},{"damage":9,"enemies":"Gremlin Leader","floor":24,"turns":6},{"damage":0,"enemies":"Slavers","floor":28,"turns":7},{"damage":0,"enemies":"Snecko","floor":29,"turns":5},{"damage":16,"enemies":"Shelled Parasite and Fungi","floor":31,"turns":5},{"damage":15,"enemies":"Collector","floor":33,"turns":8},{"damage":0,"enemies":"3 Darklings","floor":35,"turns":7},{"damage":10,"enemies":"Orb Walker","floor":36,"turns":5},{"damage":17,"enemies":"Giant Head","floor":40,"turns":9},{"damage":13,"enemies":"R_Hoarder","floor":42,"turns":8},{"damage":7,"enemies":"Nemesis","floor":44,"turns":8},{"damage":0,"enemies":"3 Darklings","floor":45,"turns":10},{"damage":18,"enemies":"Maw","floor":48,"turns":10},{"damage":11,"enemies":"Donu and Deca","floor":50,"turns":14},{"damage":0,"enemies":"Time Eater","floor":51,"turns":31}],"seed_played":"2274610163467354002","potions_obtained":[{"floor":2,"key":"Dexterity Potion"},{"floor":4,"key":"Weak Potion"},{"floor":11,"key":"GamblersBrew"},{"floor":18,"key":"FocusPotion"},{"floor":19,"key":"Swift Potion"},{"floor":20,"key":"GamblersBrew"},{"floor":24,"key":"Swift Potion"},{"floor":33,"key":"LifebloodPotion"}],"is_trial":false,"path_per_floor":["M","M","?","M","$","E","R","M","T","$","M","M","R","?","R","B",null,"M","M","M","?","?","R","E","R","T","?","E","M","$","M","R","B",null,"M","M","?","$","?","E","R","E","T","E","M","R","?","M","R","B","B",null],"character_chosen":"DEFECT","items_purchased":["Cold Snap","Static Discharge","Sweeping Beam","Capacitor","Strange Spoon","BlessingOfTheForge","Strength Potion","Bag of Preparation"],"campfire_rested":3,"item_purchase_floors":[5,5,10,30,30,30,30,38],"current_hp_per_floor":[63,54,54,47,47,36,36,35,35,35,27,20,41,34,34,20,58,35,33,11,11,11,21,16,16,16,16,22,28,28,20,20,17,31,35,33,33,33,28,21,21,18,18,19,27,27,27,21,30,31,33],"gold":116,"neow_bonus":"BOSS_RELIC","is_daily":false,"chose_seed":false,"campfire_upgraded":6,"win_rate":0.0,"timestamp":1612547184,"path_taken":["M","M","?","M","$","E","R","?","T","$","M","M","R","?","R","BOSS","M","M","M","?","?","R","E","R","T","?","E","M","$","M","R","BOSS","M","M","?","$","?","E","R","E","T","E","M","R","?","M","R","BOSS","BOSS"],"items_purchased_type":["Card","Card","Card","Card","Relic","Potion","Potion","Relic"],"build_version":"2020-12-22","purchased_purges":1,"victory":true,"max_hp_per_floor":[71,71,71,71,71,71,71,71,71,71,71,71,71,71,71,71,71,71,71,71,35,35,35,35,35,35,35,35,35,35,35,35,35,35,35,35,35,35,35,35,35,35,35,35,35,35,33,33,33,33,33],"relic_stats":{"Sozu":2,"Strange Spoon":[39],"Dream Catcher":1,"counters":[25,173],"Turnip":[26],"Bag of Preparation":[14],"Art of War":[33],"Orichalcum":[480],"MawBank":48,"obtain_stats":[{"Solar Panel":17,"Golden Egg":43,"Bag of Preparation":38,"reliquary:RedCape":0,"reliquary:RosewoodLute":9,"Orichalcum":17,"MawBank":26,"Calling Bell":17,"keyreminder:keyreminder":28,"Sozu":34,"Strange Spoon":30,"Dream Catcher":24,"DataDisk":28,"reliquary:Stiletto":6,"Turnip":17,"Art of War":42,"Cracked Core":0,"ReplayTheSpireMod:Lightbulb":40,"StrikeDummy":44},{"Solar Panel":8,"Golden Egg":20,"Bag of Preparation":18,"reliquary:RedCape":0,"reliquary:RosewoodLute":5,"Orichalcum":8,"MawBank":12,"Calling Bell":8,"keyreminder:keyreminder":13,"Sozu":16,"Strange Spoon":14,"Dream Catcher":12,"DataDisk":13,"reliquary:Stiletto":4,"Turnip":8,"Art of War":20,"Cracked Core":0,"ReplayTheSpireMod:Lightbulb":19,"StrikeDummy":21},{"Solar Panel":27,"Golden Egg":100,"Bag of Preparation":83,"reliquary:RedCape":0,"reliquary:RosewoodLute":18,"Orichalcum":27,"MawBank":46,"Calling Bell":27,"keyreminder:keyreminder":53,"Sozu":71,"Strange Spoon":58,"Dream Catcher":46,"DataDisk":53,"reliquary:Stiletto":16,"Turnip":27,"Art of War":100,"Cracked Core":0,"ReplayTheSpireMod:Lightbulb":92,"StrikeDummy":108}]},"card_choices":[{"not_picked":["Gash","Steam"],"picked":"Skim","floor":1},{"not_picked":["Sweeping Beam","BasicCrystalCard"],"picked":"Ball Lightning","floor":2},{"not_picked":["Barrage","Rebound"],"picked":"FTL","floor":4},{"not_picked":["Rip and Tear","Sunder"],"picked":"FTL","floor":6},{"not_picked":["Steam Power","BasicCrystalCard"],"picked":"Beam Cell","floor":8},{"not_picked":["Scrape","BasicCrystalCard","Beam Cell"],"picked":"SKIP","floor":11},{"not_picked":["BasicCrystalCard","Gash"],"picked":"Echo Form","floor":12},{"not_picked":["All For One","Fission"],"picked":"Echo Form","floor":16},{"not_picked":["Hologram","Rebound"],"picked":"Lockon","floor":18},{"not_picked":["BasicCrystalCard+1","Gash"],"picked":"Ball Lightning","floor":19},{"not_picked":["BasicCrystalCard","Rebound"],"picked":"Defragment+1","floor":20},{"not_picked":["Turbo","Steam Power"],"picked":"Leap","floor":24},{"not_picked":["Beam Cell","Sunder"],"picked":"Go for the Eyes+1","floor":28},{"not_picked":["Force Field","Blizzard"],"picked":"Coolheaded+1","floor":29},{"not_picked":["Steam Power","Auto Shields"],"picked":"Chill","floor":31},{"not_picked":["Stack","Cold Snap"],"picked":"Genetic Algorithm+1","floor":35},{"not_picked":["Streamline","Self Repair"],"picked":"Compile Driver","floor":36},{"not_picked":["Mind Blast","Panacea"],"picked":"Flash of Steel","floor":39},{"not_picked":["Storm","Sweeping Beam"],"picked":"Consume","floor":40},{"not_picked":["Steam Power","Rebound","Reprogram"],"picked":"SKIP","floor":42},{"not_picked":["Sunder+1","Loop"],"picked":"Force Field+1","floor":44},{"not_picked":["ReplayTheSpireMod:GoodbyeWorld+1","Coolheaded"],"picked":"BasicCrystalCard+1","floor":45},{"not_picked":["Turbo","Double Energy"],"picked":"Leap+1","floor":48}],"player_experience":1012234,"relics_obtained":[{"floor":6,"key":"reliquary:Stiletto"},{"floor":9,"key":"reliquary:RosewoodLute"},{"floor":17,"key":"Orichalcum"},{"floor":17,"key":"Solar Panel"},{"floor":17,"key":"Turnip"},{"floor":24,"key":"Dream Catcher"},{"floor":26,"key":"MawBank"},{"floor":28,"key":"DataDisk"},{"floor":40,"key":"ReplayTheSpireMod:Lightbulb"},{"floor":42,"key":"Art of War"},{"floor":43,"key":"Golden Egg"},{"floor":44,"key":"StrikeDummy"}],"event_choices":[{"cards_removed":["Strike_B"],"damage_healed":0,"gold_gain":0,"player_choice":"Offered Basic","damage_taken":0,"max_hp_gain":0,"max_hp_loss":0,"event_name":"Bonfire Elementals","floor":3,"gold_loss":0},{"cards_removed":["Strike_B"],"damage_healed":0,"gold_gain":0,"player_choice":"Card Removal","damage_taken":7,"max_hp_gain":0,"max_hp_loss":0,"event_name":"Golden Wing","floor":14,"gold_loss":0},{"damage_healed":0,"gold_gain":0,"player_choice":"Became a Ghost","damage_taken":0,"max_hp_gain":0,"max_hp_loss":36,"event_name":"Ghosts","floor":21,"gold_loss":0,"cards_obtained":["Ghostly","Ghostly","Ghostly"]},{"damage_healed":0,"gold_gain":50,"player_choice":"Stole From Cult","damage_taken":0,"max_hp_gain":0,"max_hp_loss":0,"event_name":"Nest","floor":22,"gold_loss":0},{"damage_healed":0,"gold_gain":0,"player_choice":"Ignored","damage_taken":0,"max_hp_gain":0,"max_hp_loss":0,"event_name":"The Mausoleum","floor":27,"gold_loss":0},{"cards_removed":["Go for the Eyes"],"damage_healed":0,"gold_gain":0,"player_choice":"Removed Attack","damage_taken":0,"max_hp_gain":0,"max_hp_loss":0,"event_name":"Falling","floor":37,"gold_loss":0},{"damage_healed":0,"gold_gain":0,"player_choice":"Memory 2","damage_taken":5,"max_hp_gain":0,"max_hp_loss":0,"event_name":"SensoryStone","floor":39,"gold_loss":0},{"damage_healed":0,"gold_gain":0,"player_choice":"Max HP","damage_taken":0,"max_hp_gain":0,"max_hp_loss":2,"event_name":"Winding Halls","floor":47,"gold_loss":0}],"is_beta":false,"boss_relics":[{"not_picked":["Coffee Dripper","Snecko Eye"],"picked":"Calling Bell"},{"not_picked":["Astrolabe","Replay:Wanted Poster"],"picked":"Sozu"}],"items_purged_floors":[10],"is_endless":false,"potions_floor_spawned":[2,4,11,18,19,20,24,33,40,42],"ascension_level":20}}