{"host":"3a1ypf1irl30q4k8","time":1612511860,"event":{"mods":["AchievementEnabler","BaseMod","Bestiary","Colored Map","Minty Spire (QoL Compilation)","Relic Stats","ojb\u0027s Info Mod"],"gold_per_floor":[115,127,146,146,166,166,185,202,251,251,286,302,325,335,335,440,440,427,447,465,200,212,212,212],"floor_reached":23,"language":"ENG","playtime":1857,"items_purged":["Strike_G"],"score":239,"play_id":"c0d3946a-0832-45be-8361-d5150d954ebb","local_time":"20210205075740","is_ascension_mode":true,"campfire_choices":[{"data":"Acrobatics","floor":6.0,"key":"SMITH"},{"floor":10.0,"key":"REST"},{"data":"Well Laid Plans","floor":15.0,"key":"SMITH"}],"circlet_count":0,"master_deck":["Strike_G","Strike_G","Strike_G","Strike_G","Defend_G","Defend_G","Defend_G","Defend_G","Defend_G","Survivor","Neutralize","Underhanded Strike","Well Laid Plans+1","Deadly Poison","Acrobatics+1","Quick Slash","Cloak And Dagger","Grand Finale","Outmaneuver","Underhanded Strike","Adrenaline","CurseOfTheBell","Footwork","Quick Slash","Acrobatics+1","Dagger Throw","Prepared","Backflip"],"relics":["HoveringKite","Lantern","Dream Catcher","Calling Bell","Toy Ornithopter","Meat on the Bone","StoneCalendar"],"acts_visited":["Exordium","TheCity"],"potions_floor_usage":[20,22,22,22,23],"damage_taken":[{"damage":1.0,"enemies":"Cultist","floor":1.0,"turns":5.0},{"damage":7.0,"enemies":"2 Louse","floor":2.0,"turns":3.0},{"damage":4.0,"enemies":"Jaw Worm","floor":3.0,"turns":3.0},{"damage":17.0,"enemies":"Gremlin Gang","floor":5.0,"turns":6.0},{"damage":4.0,"enemies":"3 Louse","floor":7.0,"turns":3.0},{"damage":0.0,"enemies":"Exordium Wildlife","floor":8.0,"turns":3.0},{"damage":12.0,"enemies":"Lagavulin","floor":11.0,"turns":5.0},{"damage":8.0,"enemies":"Large Slime","floor":12.0,"turns":6.0},{"damage":2.0,"enemies":"2 Fungi Beasts","floor":14.0,"turns":4.0},{"damage":26.0,"enemies":"Hexaghost","floor":16.0,"turns":9.0},{"damage":16.0,"enemies":"2 Thieves","floor":18.0,"turns":4.0},{"damage":17.0,"enemies":"3 Byrds","floor":19.0,"turns":6.0},{"damage":30,"enemies":"Snake Plant","floor":20,"turns":6},{"damage":29,"enemies":"Cultist and Chosen","floor":22,"turns":7},{"damage":33,"enemies":"Book of Stabbing","floor":23,"turns":6}],"seed_played":"-7400875892667659010","potions_obtained":[{"floor":1.0,"key":"Swift Potion"},{"floor":5.0,"key":"Ancient Potion"},{"floor":7.0,"key":"Poison Potion"},{"floor":11.0,"key":"Regen Potion"},{"floor":19.0,"key":"AttackPotion"}],"is_trial":false,"path_per_floor":["M","M","M","?","M","R","M","M","T","R","E","M","T","M","R","B",null,"M","M","M","$","M","E"],"character_chosen":"THE_SILENT","items_purchased":["EntropicBrew","Dagger Throw","Prepared"],"campfire_rested":1,"item_purchase_floors":[21,21,21],"current_hp_per_floor":[69,62,58,58,41,41,37,37,37,58,46,53,53,51,51,25,70,54,37,24,24,22,0,0],"gold":212,"neow_bonus":"BOSS_RELIC","is_daily":false,"chose_seed":false,"campfire_upgraded":2,"win_rate":0.0,"timestamp":1612511860,"path_taken":["M","?","M","?","M","R","M","M","T","R","E","M","?","M","R","BOSS","M","?","M","$","M","E"],"items_purchased_type":["Potion","Card","Card"],"build_version":"2020-12-22","purchased_purges":1,"victory":false,"max_hp_per_floor":[70,70,70,70,70,70,70,70,70,70,70,70,70,70,70,70,70,70,70,70,70,70,70,70],"relic_stats":{"Dream Catcher":0,"counters":[15,76],"HoveringKite":[39],"StoneCalendar":[21],"obtain_stats":[{"Calling Bell":17,"Lantern":11,"Dream Catcher":13,"HoveringKite":0,"StoneCalendar":17,"Toy Ornithopter":17,"Ring of the Snake":0,"Meat on the Bone":17},{"Calling Bell":10,"Lantern":7,"Dream Catcher":8,"HoveringKite":0,"StoneCalendar":10,"Toy Ornithopter":10,"Ring of the Snake":0,"Meat on the Bone":10},{"Calling Bell":47,"Lantern":28,"Dream Catcher":34,"HoveringKite":0,"StoneCalendar":47,"Toy Ornithopter":47,"Ring of the Snake":0,"Meat on the Bone":47}],"Toy Ornithopter":25,"Meat on the Bone":24},"card_choices":[{"not_picked":["Escape Plan","Deadly Poison"],"picked":"Underhanded Strike","floor":1.0},{"not_picked":["Caltrops","Crippling Poison"],"picked":"Well Laid Plans","floor":2.0},{"not_picked":["Cloak And Dagger","Bane"],"picked":"Deadly Poison","floor":3.0},{"not_picked":["Poisoned Stab","Sucker Punch"],"picked":"Acrobatics","floor":5.0},{"not_picked":["Blade Dance","Dodge and Roll"],"picked":"Quick Slash","floor":7.0},{"not_picked":["Setup","Bouncing Flask"],"picked":"Cloak And Dagger","floor":8.0},{"not_picked":["Slice","Leg Sweep"],"picked":"Grand Finale","floor":11.0},{"not_picked":["Infinite Blades","Skewer"],"picked":"Outmaneuver","floor":12.0},{"not_picked":["Dodge and Roll","Cloak And Dagger"],"picked":"Underhanded Strike","floor":14.0},{"not_picked":["Phantasmal Killer","After Image"],"picked":"Adrenaline","floor":16.0},{"not_picked":["Sucker Punch+1","Deadly Poison+1"],"picked":"Footwork","floor":18.0},{"not_picked":["Poisoned Stab","Crippling Poison"],"picked":"Quick Slash","floor":19.0},{"not_picked":["Bouncing Flask","Distraction"],"picked":"Acrobatics+1","floor":20},{"not_picked":["Riddle With Holes","Underhanded Strike"],"picked":"Backflip","floor":22}],"player_experience":1331649,"relics_obtained":[{"floor":11.0,"key":"Lantern"},{"floor":13.0,"key":"Dream Catcher"},{"floor":17.0,"key":"Toy Ornithopter"},{"floor":17.0,"key":"Meat on the Bone"},{"floor":17.0,"key":"StoneCalendar"}],"event_choices":[{"damage_healed":0.0,"max_hp_gain":0.0,"max_hp_loss":0.0,"gold_gain":0.0,"event_name":"Scrap Ooze","player_choice":"Fled","floor":4.0,"gold_loss":0.0,"damage_taken":0.0}],"is_beta":false,"boss_relics":[{"not_picked":["Snecko Eye","SacredBark"],"picked":"Calling Bell"}],"items_purged_floors":[21],"is_endless":false,"potions_floor_spawned":[1,5,7,11,19],"killed_by":"Book of Stabbing","ascension_level":4}}