{"host":"1q02rw1wpi0nrsss","time":1612544014,"event":{"mods":["AchievementEnabler","BaseMod","Better Note","Custom Start","Dark Map","DeckTracker","Disable Question Mark Monsters","Hermit","Minty Spire (QoL Compilation)","Permanent Neow","Quick Restart","Rare Cards Sparkle","Relic Stats","StSLib","??????REMEMod"],"gold_per_floor":[113,125,125,139,61,88,163,163,211,230,264,264,293,303,303,398,398,411,17,17,34,46,46,46,46,70,87,97,97,97,111,111,213,213,228,228,239,239,239,239],"floor_reached":39,"language":"ENG","playtime":1415,"items_purged":["Strike_R"],"score":481,"play_id":"dc6202fc-b184-4d91-9aa3-e638d9f128fe","local_time":"20210205085334","is_ascension_mode":true,"campfire_choices":[{"floor":12.0,"key":"REST"},{"data":"hermit:FlashPowder","floor":15.0,"key":"SMITH"},{"data":"True Grit","floor":23.0,"key":"SMITH"},{"data":"REME_ProfessionalPlagiarism","floor":25.0,"key":"SMITH"},{"data":"Shrug It Off","floor":30.0,"key":"SMITH"},{"data":"Heavy Blade","floor":32.0,"key":"SMITH"}],"circlet_count":0,"master_deck":["Strike_R","Strike_R","Strike_R","Strike_R","Defend_R","Defend_R","Defend_R","Defend_R","Bash","hermit:FlashPowder+1","Dropkick","Cleave","Demon Form+1","Heavy Blade+1","Sword Boomerang","Berserk+1","Ghostly Armor","REME_ProfessionalPlagiarism+1","Shrug It Off+1","True Grit+1","Battle Trance","REME_TheLastStrike"],"relics":["Burning Blood","REME_ComplimentaryCards","Regal Pillow","Tiny Chest","HornCleat","MealTicket","Frozen Egg 2","Nunchaku","Mark of Pain","Sling","Shuriken","Toy Ornithopter","SacredBark"],"acts_visited":["Exordium","TheCity","TheBeyond"],"potions_floor_usage":[39],"damage_taken":[{"damage":0.0,"enemies":"Cultist","floor":1.0,"turns":3.0},{"damage":1.0,"enemies":"Small Slimes","floor":2.0,"turns":5.0},{"damage":0.0,"enemies":"2 Louse","floor":4.0,"turns":3.0},{"damage":24.0,"enemies":"Gremlin Nob","floor":6.0,"turns":5.0},{"damage":9.0,"enemies":"Red Slaver","floor":10.0,"turns":3.0},{"damage":28.0,"enemies":"Lagavulin","floor":11.0,"turns":6.0},{"damage":24.0,"enemies":"Gremlin Nob","floor":13.0,"turns":4.0},{"damage":1.0,"enemies":"Large Slime","floor":14.0,"turns":5.0},{"damage":31.0,"enemies":"Slime Boss","floor":16.0,"turns":5.0},{"damage":24.0,"enemies":"Spheric Guardian","floor":18.0,"turns":5.0},{"damage":9.0,"enemies":"Chosen","floor":21.0,"turns":7.0},{"damage":7.0,"enemies":"Snake Plant","floor":22.0,"turns":3.0},{"damage":10.0,"enemies":"Centurion and Healer","floor":27.0,"turns":8.0},{"damage":31.0,"enemies":"Shelled Parasite and Fungi","floor":28.0,"turns":5.0},{"damage":7.0,"enemies":"Snecko","floor":31.0,"turns":6.0},{"damage":58.0,"enemies":"Champ","floor":33.0,"turns":9.0},{"damage":33.0,"enemies":"3 Shapes","floor":35.0,"turns":7.0},{"damage":29.0,"enemies":"Orb Walker","floor":37.0,"turns":5.0},{"damage":69,"enemies":"Transient","floor":39,"turns":5}],"seed_played":"5829934342823039586","potions_obtained":[{"floor":2.0,"key":"Block Potion"},{"floor":4.0,"key":"SteroidPotion"},{"floor":10.0,"key":"AttackPotion"},{"floor":11.0,"key":"BlessingOfTheForge"},{"floor":14.0,"key":"BlessingOfTheForge"},{"floor":21.0,"key":"EssenceOfSteel"},{"floor":27.0,"key":"Strength Potion"},{"floor":28.0,"key":"LiquidMemories"},{"floor":33.0,"key":"LiquidBronze"},{"floor":37.0,"key":"ElixirPotion"}],"is_trial":false,"path_per_floor":["M","M","T","M","$","E","?","?","T","M","E","R","E","M","R","B",null,"M","$","T","M","M","R","?","R","T","M","M","$","R","M","R","B",null,"M","?","M","?","M"],"character_chosen":"IRONCLAD","items_purchased":["Demon Form","Sling","REME_ProfessionalPlagiarism"],"campfire_rested":1,"item_purchase_floors":[5,19,19],"current_hp_per_floor":[80,80,80,80,80,62,51,51,51,48,26,65,47,52,52,27,80,62,77,77,74,73,73,73,73,73,69,44,59,59,58,58,16,80,53,53,30,30,0,0],"gold":239,"neow_bonus":"RANDOM_COMMON_RELIC","is_daily":false,"chose_seed":false,"campfire_upgraded":5,"win_rate":0.0,"timestamp":1612544014,"path_taken":["M","M","?","M","$","E","?","?","T","M","E","R","E","?","R","BOSS","M","$","?","M","M","R","?","R","T","M","M","$","R","M","R","BOSS","M","?","M","?","M"],"items_purchased_type":["Card","Relic","Card"],"build_version":"2020-12-22","purchased_purges":1,"victory":false,"max_hp_per_floor":[80,80,80,80,80,80,80,80,80,80,80,80,80,80,80,80,80,80,80,80,80,80,80,80,80,80,80,80,80,80,80,80,80,80,80,80,80,80,80,80],"relic_stats":{"Regal Pillow":15,"Nunchaku":[10],"counters":[19,99],"Shuriken":[10],"Tiny Chest":1,"MealTicket":30,"obtain_stats":[{"Regal Pillow":0,"SacredBark":34,"Frozen Egg 2":11,"Sling":19,"Burning Blood":0,"Nunchaku":13,"HornCleat":6,"Shuriken":20,"Tiny Chest":3,"MealTicket":9,"Mark of Pain":17,"Toy Ornithopter":26,"REME_ComplimentaryCards":0},{"Regal Pillow":0,"SacredBark":16,"Frozen Egg 2":6,"Sling":10,"Burning Blood":0,"Nunchaku":7,"HornCleat":4,"Shuriken":10,"Tiny Chest":2,"MealTicket":4,"Mark of Pain":9,"Toy Ornithopter":12,"REME_ComplimentaryCards":0},{"Regal Pillow":0,"SacredBark":82,"Frozen Egg 2":25,"Sling":44,"Burning Blood":0,"Nunchaku":29,"HornCleat":16,"Shuriken":44,"Tiny Chest":8,"MealTicket":16,"Mark of Pain":39,"Toy Ornithopter":54,"REME_ComplimentaryCards":0}],"Burning Blood":91,"Toy Ornithopter":15},"card_choices":[{"not_picked":["Headbutt","Flex"],"picked":"Dropkick","floor":1.0},{"not_picked":["Rupture","Anger","Feel No Pain"],"picked":"SKIP","floor":2.0},{"not_picked":["Pommel Strike","Iron Wave"],"picked":"Cleave","floor":4.0},{"not_picked":["Dual Wield","Twin Strike"],"picked":"Heavy Blade","floor":6.0},{"not_picked":["Bludgeon","Pommel Strike","Anger"],"picked":"SKIP","floor":10.0},{"not_picked":["Warcry","Headbutt","Disarm"],"picked":"SKIP","floor":11.0},{"not_picked":["Spot Weakness","Sentinel"],"picked":"Sword Boomerang","floor":13.0},{"not_picked":["Flex","Fire Breathing+1","Wild Strike"],"picked":"SKIP","floor":14.0},{"not_picked":["Reaper","Brutality+1"],"picked":"Berserk+1","floor":16.0},{"not_picked":["Flex","Entrench"],"picked":"Ghostly Armor","floor":18.0},{"not_picked":["Dual Wield","Anger"],"picked":"Shrug It Off","floor":21.0},{"not_picked":["Reckless Charge","Entrench+1"],"picked":"True Grit","floor":22.0},{"not_picked":["Armaments+1","Infernal Blade","Blood for Blood"],"picked":"SKIP","floor":27.0},{"not_picked":["Wild Strike","Seeing Red","Body Slam"],"picked":"SKIP","floor":28.0},{"not_picked":["Entrench","Seeing Red","Clash"],"picked":"SKIP","floor":31.0},{"not_picked":["Immolate","Berserk+1"],"picked":"REME_TheLastStrike","floor":33.0},{"not_picked":["Clash","Twin Strike+1","Flex"],"picked":"SKIP","floor":35.0},{"not_picked":["Pommel Strike+1","Headbutt+1","Armaments+1"],"picked":"SKIP","floor":37.0}],"player_experience":86715,"relics_obtained":[{"floor":3.0,"key":"Tiny Chest"},{"floor":6.0,"key":"HornCleat"},{"floor":9.0,"key":"MealTicket"},{"floor":11.0,"key":"Frozen Egg 2"},{"floor":13.0,"key":"Nunchaku"},{"floor":20.0,"key":"Shuriken"},{"floor":26.0,"key":"Toy Ornithopter"}],"event_choices":[{"damage_healed":0.0,"max_hp_gain":0.0,"max_hp_loss":0.0,"gold_gain":75.0,"event_name":"World of Goop","player_choice":"Gather Gold","floor":7.0,"gold_loss":0.0,"damage_taken":11.0},{"damage_healed":0.0,"max_hp_gain":0.0,"max_hp_loss":0.0,"gold_gain":0.0,"event_name":"Upgrade Shrine","player_choice":"Upgraded","floor":8.0,"gold_loss":0.0,"damage_taken":0.0,"cards_upgraded":["Demon Form"]},{"damage_healed":0.0,"max_hp_gain":0.0,"max_hp_loss":0.0,"gold_gain":0.0,"event_name":"The Library","player_choice":"Read","floor":24.0,"gold_loss":0.0,"damage_taken":0.0,"cards_obtained":["Battle Trance"]},{"damage_healed":0.0,"max_hp_gain":0.0,"max_hp_loss":0.0,"gold_gain":0.0,"event_name":"Tomb of Lord Red Mask","player_choice":"Ignored","floor":36.0,"gold_loss":0.0,"damage_taken":0.0},{"damage_healed":0.0,"max_hp_gain":0.0,"max_hp_loss":0.0,"gold_gain":0.0,"event_name":"SensoryStone","player_choice":"Memory 1","floor":38.0,"gold_loss":0.0,"damage_taken":0.0}],"is_beta":false,"boss_relics":[{"not_picked":["Runic Cube","Empty Cage"],"picked":"Mark of Pain"},{"not_picked":["Philosopher\u0027s Stone","Calling Bell"],"picked":"SacredBark"}],"items_purged_floors":[19],"is_endless":false,"potions_floor_spawned":[2,4,10,11,14,21,27,28,33,37],"killed_by":"Transient","ascension_level":4}}