{"host":"fnk117zi8wf5078t","time":1612534320,"event":{"mods":["AchievementEnabler","BaseMod","Colored Map","Minty Spire (QoL Compilation)","Rare Cards Sparkle","SuperFastMode","everything is the same but u backflip on backflip"],"gold_per_floor":[110,120,135,145,160,160,178,178,252,252,262,262,337,356,356,356,356],"floor_reached":16,"language":"KOR","playtime":420,"items_purged":[],"score":149,"play_id":"c2942f02-6f1a-4ddf-8e43-9c131c8902d5","local_time":"20210205231200","is_ascension_mode":true,"campfire_choices":[{"data":"Chaos","floor":6,"key":"SMITH"},{"data":"Chaos","floor":8,"key":"SMITH"},{"floor":10,"key":"REST"},{"data":"Self Repair","floor":12,"key":"SMITH"},{"floor":15,"key":"REST"}],"circlet_count":0,"master_deck":["AscendersBane","Strike_B","Strike_B","Strike_B","Defend_B","Defend_B","Defend_B","Zap","Dualcast","Chaos+1","Tempest","Self Repair+1","Chaos+1","Core Surge","Double Energy","Steam Power"],"relics":["Cracked Core","Shuriken"],"acts_visited":["Exordium"],"potions_floor_usage":[16],"damage_taken":[{"damage":0,"enemies":"Small Slimes","floor":1,"turns":3},{"damage":6,"enemies":"Cultist","floor":2,"turns":3},{"damage":12,"enemies":"Jaw Worm","floor":3,"turns":3},{"damage":4,"enemies":"Large Slime","floor":4,"turns":5},{"damage":7,"enemies":"Exordium Wildlife","floor":5,"turns":3},{"damage":16,"enemies":"3 Louse","floor":7,"turns":3},{"damage":12,"enemies":"Looter","floor":11,"turns":3},{"damage":9,"enemies":"Blue Slaver","floor":14,"turns":3},{"damage":67,"enemies":"Slime Boss","floor":16,"turns":10}],"seed_played":"-1547128938501929577","potions_obtained":[{"floor":1,"key":"Energy Potion"},{"floor":2,"key":"Weak Potion"}],"is_trial":false,"path_per_floor":["M","M","M","M","M","R","M","R","T","R","M","R","?","M","R","B"],"character_chosen":"DEFECT","items_purchased":[],"campfire_rested":2,"item_purchase_floors":[],"current_hp_per_floor":[68,62,50,53,53,53,44,44,44,64,52,52,46,47,67,0,0],"gold":356,"neow_bonus":"REMOVE_TWO","is_daily":false,"chose_seed":false,"campfire_upgraded":3,"win_rate":0.0,"timestamp":1612534320,"path_taken":["M","M","M","M","M","R","M","R","T","R","M","R","?","?","R","BOSS"],"items_purchased_type":[],"build_version":"2020-12-22","purchased_purges":0,"victory":false,"max_hp_per_floor":[68,68,68,68,68,68,68,68,68,68,68,68,68,68,68,68,68],"card_choices":[{"not_picked":["Rebound","Blizzard"],"picked":"Chaos","floor":1},{"not_picked":["Beam Cell","Gash"],"picked":"Tempest","floor":2},{"not_picked":["Chaos","Skim"],"picked":"Self Repair","floor":3},{"not_picked":["Coolheaded","Conserve Battery"],"picked":"Chaos","floor":4},{"not_picked":["Reprogram","Glacier"],"picked":"Core Surge","floor":5},{"not_picked":["Rip and Tear","Compile Driver"],"picked":"Double Energy","floor":7},{"not_picked":["Rebound","Conserve Battery","Rip and Tear"],"picked":"SKIP","floor":11},{"not_picked":["Turbo","Barrage"],"picked":"Steam Power","floor":14}],"player_experience":423939,"relics_obtained":[{"floor":9,"key":"Shuriken"}],"event_choices":[{"damage_healed":0,"gold_gain":75,"player_choice":"Touch","damage_taken":6,"max_hp_gain":0,"max_hp_loss":0,"event_name":"FaceTrader","floor":13,"gold_loss":0}],"is_beta":false,"boss_relics":[],"items_purged_floors":[],"is_endless":false,"potions_floor_spawned":[1,2,7],"killed_by":"Slime Boss","ascension_level":11}}