{"host":"qxeepl7ydvsgmfdb","time":1612514695,"event":{"mods":["AchievementEnabler","BaseMod","Colored Powertips","Minty Spire (QoL Compilation)","Quick Restart","slay the spire mod where everything is the same but ironclad has a cowboy hat"],"gold_per_floor":[115,190,150,161,161,161,187,187,240,240,240,251,51,115,115,218,218,233,233,252,252,270,270,46,72,122,47,47,80,80,96,96,96,96],"floor_reached":33,"language":"ENG","playtime":1673,"items_purged":["Regret"],"score":341,"play_id":"a72e58cb-ecef-450f-b999-90ba96bea3f5","local_time":"20210205034455","is_ascension_mode":true,"campfire_choices":[{"data":"Zap","floor":6.0,"key":"SMITH"},{"data":"Darkness","floor":8.0,"key":"SMITH"},{"data":"Coolheaded","floor":11.0,"key":"SMITH"},{"floor":15.0,"key":"REST"},{"floor":23.0,"key":"REST"},{"data":"Chaos","floor":30.0,"key":"SMITH"},{"floor":32.0,"key":"REST"}],"circlet_count":0,"master_deck":["Strike_B+1","Strike_B+1","Strike_B+1","Strike_B+1","Defend_B+1","Defend_B+1","Defend_B+1","Defend_B+1","Zap+1","Dualcast","Darkness+1","Coolheaded+1","Chaos+1","Leap","Cold Snap","Cold Snap","Melter","Cold Snap","Chaos","Writhe","Defragment","Chill"],"relics":["Cracked Core","NeowsBlessing","Bag of Marbles","Lizard Tail","MealTicket","PreservedInsect","Centennial Puzzle","Nuclear Battery","Pen Nib","Red Mask","Nunchaku","Boot","InkBottle"],"acts_visited":["Exordium","TheCity"],"potions_floor_usage":[33,33],"damage_taken":[{"damage":0.0,"enemies":"2 Louse","floor":1.0,"turns":1.0},{"damage":0.0,"enemies":"Small Slimes","floor":4.0,"turns":1.0},{"damage":0.0,"enemies":"Lagavulin","floor":7.0,"turns":1.0},{"damage":1.0,"enemies":"Cultist","floor":12.0,"turns":3.0},{"damage":14.0,"enemies":"Gremlin Nob","floor":14.0,"turns":3.0},{"damage":55.0,"enemies":"The Guardian","floor":16.0,"turns":8.0},{"damage":25.0,"enemies":"3 Byrds","floor":18.0,"turns":7.0},{"damage":21.0,"enemies":"2 Thieves","floor":20.0,"turns":4.0},{"damage":32.0,"enemies":"Centurion and Healer","floor":22.0,"turns":5.0},{"damage":10.0,"enemies":"Masked Bandits","floor":25.0,"turns":4.0},{"damage":15.0,"enemies":"Slavers","floor":29.0,"turns":5.0},{"damage":15.0,"enemies":"Cultist and Chosen","floor":31.0,"turns":6.0},{"damage":108,"enemies":"Champ","floor":33,"turns":15}],"seed_played":"8108141400841659964","potions_obtained":[{"floor":1.0,"key":"SpeedPotion"},{"floor":3.0,"key":"SneckoOil"},{"floor":3.0,"key":"DuplicationPotion"},{"floor":14.0,"key":"SkillPotion"},{"floor":16.0,"key":"SpeedPotion"},{"floor":18.0,"key":"SkillPotion"}],"is_trial":false,"path_per_floor":["M","?","?","M","?","R","E","R","T","?","R","M","$","?","R","B",null,"M","?","M","?","M","R","$","?","T","$","?","E","R","M","R","B"],"character_chosen":"DEFECT","items_purchased":["PreservedInsect","Leap","Pen Nib","Chaos"],"campfire_rested":3,"item_purchase_floors":[13,13,24,24],"current_hp_per_floor":[75,64,64,64,64,64,64,64,64,49,49,48,63,49,71,16,75,50,50,29,54,22,44,59,49,49,64,64,49,49,34,56,0,0],"gold":96,"neow_bonus":"THREE_ENEMY_KILL","is_daily":false,"chose_seed":false,"campfire_upgraded":4,"win_rate":0.0,"timestamp":1612514695,"path_taken":["M","?","?","?","?","R","E","R","T","?","R","M","$","?","R","BOSS","M","?","M","?","M","R","$","?","T","$","?","E","R","M","R","BOSS"],"items_purchased_type":["Relic","Card","Relic","Card"],"build_version":"2020-12-22","purchased_purges":1,"victory":false,"max_hp_per_floor":[75,75,75,75,75,75,75,75,75,75,75,75,75,75,75,75,75,75,75,75,75,75,75,75,75,75,75,75,75,75,75,75,75,75],"card_choices":[{"not_picked":["Stack","Barrage","Storm"],"picked":"SKIP","floor":1.0},{"not_picked":["Beam Cell","Storm"],"picked":"Darkness","floor":4.0},{"not_picked":["Reinforced Body","Aggregate"],"picked":"Coolheaded","floor":7.0},{"not_picked":["Scrape","Steam"],"picked":"Chaos","floor":12.0},{"not_picked":["Glacier","Turbo"],"picked":"Cold Snap","floor":14.0},{"not_picked":["Double Energy+1","Hologram"],"picked":"Cold Snap","floor":18.0},{"not_picked":["Steam","Stack"],"picked":"Melter","floor":20.0},{"not_picked":["Heatsinks","Sweeping Beam"],"picked":"Cold Snap","floor":22.0},{"not_picked":["Recycle+1","Leap"],"picked":"Defragment","floor":29.0},{"not_picked":["Beam Cell","Auto Shields"],"picked":"Chill","floor":31.0}],"player_experience":171752,"relics_obtained":[{"floor":7.0,"key":"Lizard Tail"},{"floor":9.0,"key":"MealTicket"},{"floor":14.0,"key":"Centennial Puzzle"},{"floor":25.0,"key":"Red Mask"},{"floor":26.0,"key":"Nunchaku"},{"floor":29.0,"key":"InkBottle"}],"event_choices":[{"damage_healed":0.0,"max_hp_gain":0.0,"max_hp_loss":0.0,"gold_gain":75.0,"event_name":"World of Goop","player_choice":"Gather Gold","floor":2.0,"gold_loss":0.0,"damage_taken":11.0},{"damage_healed":0.0,"max_hp_gain":0.0,"max_hp_loss":0.0,"gold_gain":0.0,"event_name":"The Woman in Blue","player_choice":"Bought 3 Potions","floor":3.0,"gold_loss":0.0,"damage_taken":0.0},{"damage_healed":0.0,"max_hp_gain":0.0,"max_hp_loss":0.0,"gold_gain":0.0,"event_name":"Big Fish","player_choice":"Box","floor":5.0,"gold_loss":0.0,"damage_taken":0.0,"relics_obtained":["Bag of Marbles"],"cards_obtained":["Regret"]},{"damage_healed":0.0,"max_hp_gain":0.0,"max_hp_loss":0.0,"gold_gain":0.0,"event_name":"Shining Light","player_choice":"Entered Light","floor":10.0,"gold_loss":0.0,"damage_taken":15.0,"cards_upgraded":["Strike_B","Defend_B"]},{"damage_healed":0.0,"max_hp_gain":0.0,"max_hp_loss":0.0,"gold_gain":0.0,"event_name":"Dead Adventurer","player_choice":"Searched \u00271\u0027 times","floor":14.0,"gold_loss":0.0,"damage_taken":0.0},{"damage_healed":0.0,"max_hp_gain":0.0,"max_hp_loss":0.0,"gold_gain":0.0,"event_name":"Back to Basics","player_choice":"Simplicity","floor":19.0,"gold_loss":0.0,"damage_taken":0.0,"cards_upgraded":["Strike_B","Strike_B","Strike_B","Defend_B","Defend_B","Defend_B"]},{"damage_healed":25.0,"max_hp_gain":0.0,"max_hp_loss":0.0,"gold_gain":0.0,"event_name":"The Library","player_choice":"Heal","floor":21.0,"gold_loss":0.0,"damage_taken":0.0},{"damage_healed":0.0,"max_hp_gain":0.0,"max_hp_loss":0.0,"gold_gain":0.0,"event_name":"Masked Bandits","player_choice":"Fought Bandits","floor":25.0,"gold_loss":0.0,"damage_taken":0.0},{"damage_healed":0.0,"max_hp_gain":0.0,"max_hp_loss":0.0,"gold_gain":0.0,"event_name":"The Mausoleum","player_choice":"Opened","floor":28.0,"gold_loss":0.0,"damage_taken":0.0,"relics_obtained":["Boot"],"cards_obtained":["Writhe"]}],"is_beta":false,"boss_relics":[{"not_picked":["Runic Dome","Velvet Choker"],"picked":"Nuclear Battery"}],"items_purged_floors":[27],"is_endless":false,"potions_floor_spawned":[1,14,16,18],"killed_by":"Champ","ascension_level":4}}