{"host":"swphzoo6hmc78epl","time":1612494278,"event":{"mods":["BaseMod","Highlight Path","Minty Spire (QoL Compilation)","Quick Restart"],"gold_per_floor":[369,383,393,211,211,244,244,288,288,288,24,38,213,1,1,124,124,138,138,159,9,33,71,71,71,71],"floor_reached":25,"language":"ENG","playtime":1056,"items_purged":["Shame","Injury","Doubt","Strike_B"],"score":263,"play_id":"46475fed-2378-4153-8a05-513c4ce3cb64","local_time":"20210204220438","is_ascension_mode":true,"campfire_choices":[{"data":"Streamline","floor":7,"key":"SMITH"},{"data":"1","floor":10,"key":"LIFT"},{"floor":15,"key":"REST"},{"data":"2","floor":24,"key":"LIFT"}],"circlet_count":0,"master_deck":["Strike_B","Strike_B","Defend_B","Defend_B","Defend_B","Defend_B","Zap","Dualcast","Streamline+1","Cold Snap","Gash","Flash of Steel","Rebound","Gash","Loop","Scrape","Swift Strike","Defragment","Flash of Steel","Electrodynamics","FTL","Conserve Battery+1"],"relics":["FrozenCore","Golden Idol","StrikeDummy","Incense Burner","Girya","Darkstone Periapt"],"acts_visited":["TheCity"],"potions_floor_usage":[6,18,22,23],"damage_taken":[{"damage":7,"enemies":"Jaw Worm","floor":1,"turns":3},{"damage":0,"enemies":"Small Slimes","floor":2,"turns":3},{"damage":8,"enemies":"2 Louse","floor":3,"turns":2},{"damage":21,"enemies":"3 Sentries","floor":6,"turns":5},{"damage":37,"enemies":"Lagavulin","floor":8,"turns":8},{"damage":0,"enemies":"Large Slime","floor":12,"turns":3},{"damage":10,"enemies":"Hexaghost","floor":16,"turns":8},{"damage":0,"enemies":"Spheric Guardian","floor":18,"turns":3},{"damage":8,"enemies":"Chosen","floor":20,"turns":5},{"damage":24,"enemies":"Centurion and Healer","floor":22,"turns":5},{"damage":15,"enemies":"Gremlin Leader","floor":23,"turns":5},{"damage":32,"enemies":"Book of Stabbing","floor":25,"turns":5}],"seed_played":"-2001325261294455002","potions_obtained":[{"floor":1,"key":"PotionOfCapacity"},{"floor":2,"key":"SteroidPotion"},{"floor":8,"key":"SpeedPotion"},{"floor":16,"key":"PowerPotion"},{"floor":18,"key":"PotionOfCapacity"},{"floor":23,"key":"BlessingOfTheForge"}],"is_trial":false,"path_per_floor":["M","M","M","$","?","E","R","E","T","R","$","M","?","$","R","B",null,"M","?","M","$","M","E","R","E"],"character_chosen":"DEFECT","items_purchased":["Flash of Steel","Rebound","Scrape","Swift Strike","Flash of Steel"],"campfire_rested":1,"item_purchase_floors":[4,4,11,11,14],"current_hp_per_floor":[68,68,60,60,60,39,39,2,2,2,2,2,2,2,24,14,75,75,75,67,67,43,28,28,0,0],"gold":71,"neow_bonus":"TWO_FIFTY_GOLD","is_daily":false,"chose_seed":false,"campfire_upgraded":1,"win_rate":0.0,"timestamp":1612494278,"path_taken":["M","M","M","$","?","E","R","E","T","R","$","M","?","?","R","BOSS","M","?","M","$","M","E","R","E"],"items_purchased_type":["Card","Card","Card","Card","Card"],"build_version":"2020-12-22","purchased_purges":4,"victory":false,"max_hp_per_floor":[75,75,75,75,75,75,75,75,75,75,75,75,75,75,75,75,75,75,75,75,75,75,75,75,75,75],"card_choices":[{"not_picked":["Aggregate","Rebound"],"picked":"Streamline","floor":1},{"not_picked":["Defragment","Hologram"],"picked":"Cold Snap","floor":2},{"not_picked":["Darkness","Sunder"],"picked":"Gash","floor":3},{"not_picked":["Redo","Sunder"],"picked":"Gash","floor":6},{"not_picked":["Hello World","Redo"],"picked":"Loop","floor":8},{"not_picked":["Ball Lightning","Auto Shields"],"picked":"Defragment","floor":12},{"not_picked":["Core Surge","Multi-Cast"],"picked":"Electrodynamics","floor":16},{"not_picked":["Storm","Rip and Tear"],"picked":"FTL","floor":18},{"not_picked":["Fusion+1","Capacitor"],"picked":"Conserve Battery+1","floor":20},{"not_picked":["Heatsinks","Leap","Lockon"],"picked":"SKIP","floor":22},{"not_picked":["FTL+1","Genetic Algorithm","Compile Driver"],"picked":"SKIP","floor":23}],"player_experience":867308,"relics_obtained":[{"floor":6,"key":"StrikeDummy"},{"floor":8,"key":"Incense Burner"},{"floor":9,"key":"Girya"},{"floor":23,"key":"Darkstone Periapt"}],"event_choices":[{"damage_healed":0,"gold_gain":0,"player_choice":"Take Wound","damage_taken":0,"relics_obtained":["Golden Idol"],"max_hp_gain":0,"max_hp_loss":0,"event_name":"Golden Idol","floor":5,"gold_loss":0,"cards_obtained":["Injury"]},{"damage_healed":0,"gold_gain":175,"player_choice":"AGREE","damage_taken":0,"max_hp_gain":0,"max_hp_loss":0,"event_name":"Liars Game","floor":13,"gold_loss":0,"cards_obtained":["Doubt"]},{"cards_removed":["Strike_B"],"damage_healed":0,"gold_gain":0,"player_choice":"Elegance","damage_taken":0,"max_hp_gain":0,"max_hp_loss":0,"event_name":"Back to Basics","floor":19,"gold_loss":0}],"is_beta":false,"boss_relics":[{"not_picked":["Runic Pyramid","Runic Dome"],"picked":"FrozenCore"}],"items_purged_floors":[4,11,14,21],"is_endless":false,"potions_floor_spawned":[1,2,8,16,18,23],"killed_by":"Book of Stabbing","ascension_level":3}}