{"host":"v86vpwf004p2esb7","time":1612512456,"event":{"mods":["AchievementEnabler","BaseMod","BetterRewards","Colored Powertips","Minty Spire (QoL Compilation)","Quick Restart","StSLib","Transform Curses"],"gold_per_floor":[119,16,35,53,66,99,99,118,194,194,238,238,188,112,112,235,235,251,251,104,89,104,135,135,171,171,171,194,194,234,234,234,355,355,373,115,134,157,379,414,414,452,521,521,561,31,31,56,56,56,56,56,56,91,91],"floor_reached":56,"language":"ENG","playtime":2759,"items_purged":[],"score":1668,"play_id":"2cca4c94-b46d-4f49-b5fb-eb0e74f26617","local_time":"20210205000736","is_ascension_mode":true,"campfire_choices":[{"floor":7,"key":"REST"},{"data":"Accuracy","floor":10,"key":"SMITH"},{"data":"Cloak And Dagger","floor":15,"key":"SMITH"},{"floor":24,"key":"REST"},{"data":"Bullet Time","floor":27,"key":"SMITH"},{"floor":29,"key":"REST"},{"floor":32,"key":"REST"},{"floor":41,"key":"RECALL"},{"data":"Cloak And Dagger","floor":44,"key":"SMITH"},{"data":"Cloak And Dagger","floor":49,"key":"SMITH"},{"data":"Burst","floor":52,"key":"SMITH"}],"circlet_count":0,"master_deck":["Strike_G","Strike_G","Strike_G","Strike_G","Defend_G","Defend_G","Defend_G","Defend_G","Defend_G","Survivor","Neutralize","Accuracy+1","Flying Knee","Cloak And Dagger+1","Cloak And Dagger+1","Noxious Fumes","Blade Dance","Cloak And Dagger+1","Bane","Bane","Flying Knee","Well Laid Plans+1","Accuracy+1","After Image+1","Infinite Blades+1","Blur","Footwork+1","Dodge and Roll+1","Infinite Blades+1","Corpse Explosion","Bullet Time+1","After Image+1","Poisoned Stab","Bullet Time","Neutralize","Burst+1","Deflect+1","Poisoned Stab+1","Blade Dance+1","Acrobatics+1","Infinite Blades+1","Poisoned Stab+1","Caltrops+1","Catalyst+1","Backflip"],"relics":["Question Card","Letter Opener","Turnip","Golden Idol","Blood Vial","Frozen Egg 2","Thread and Needle","Pen Nib","HoveringKite","Nloth\u0027s Gift","White Beast Statue","Akabeko","Tiny Chest","Red Mask","Sozu","Meat on the Bone","Sundial","The Courier","Paper Crane","Bird Faced Urn","Lizard Tail","Molten Egg 2","Du-Vu Doll"],"acts_visited":["Exordium","TheCity","TheBeyond","TheEnding"],"potions_floor_usage":[11,16,30,33,55,55],"damage_taken":[{"damage":0,"enemies":"Cultist","floor":1,"turns":3},{"damage":0,"enemies":"Small Slimes","floor":3,"turns":3},{"damage":0,"enemies":"2 Louse","floor":4,"turns":2},{"damage":1,"enemies":"Looter","floor":5,"turns":4},{"damage":13,"enemies":"3 Sentries","floor":6,"turns":8},{"damage":1,"enemies":"Red Slaver","floor":8,"turns":2},{"damage":12,"enemies":"Gremlin Nob","floor":11,"turns":5},{"damage":21,"enemies":"The Guardian","floor":16,"turns":8},{"damage":5,"enemies":"Shell Parasite","floor":18,"turns":4},{"damage":7,"enemies":"2 Thieves","floor":21,"turns":5},{"damage":7,"enemies":"3 Cultists","floor":22,"turns":6},{"damage":30,"enemies":"Book of Stabbing","floor":23,"turns":9},{"damage":20,"enemies":"Gremlin Leader","floor":25,"turns":5},{"damage":21,"enemies":"Snake Plant","floor":28,"turns":4},{"damage":21,"enemies":"Masked Bandits","floor":30,"turns":4},{"damage":29,"enemies":"Champ","floor":33,"turns":12},{"damage":12,"enemies":"3 Darklings","floor":35,"turns":4},{"damage":11,"enemies":"Orb Walker","floor":37,"turns":5},{"damage":0,"enemies":"Giant Head","floor":40,"turns":6},{"damage":5,"enemies":"Nemesis","floor":42,"turns":9},{"damage":0,"enemies":"Giant Head","floor":45,"turns":7},{"damage":3,"enemies":"Writhing Mass","floor":48,"turns":6},{"damage":28,"enemies":"Donu and Deca","floor":50,"turns":5},{"damage":48,"enemies":"Shield and Spear","floor":54,"turns":6},{"damage":81,"enemies":"The Heart","floor":55,"turns":8}],"seed_played":"-1668316733217081256","potions_obtained":[{"floor":1,"key":"SkillPotion"},{"floor":5,"key":"LiquidBronze"},{"floor":8,"key":"PowerPotion"},{"floor":11,"key":"Dexterity Potion"},{"floor":18,"key":"FairyPotion"},{"floor":25,"key":"DuplicationPotion"},{"floor":30,"key":"SteroidPotion"},{"floor":33,"key":"PowerPotion"}],"is_trial":false,"path_per_floor":["M","$","M","M","M","E","R","M","T","R","E","?","?","$","R","B",null,"M","?","$","M","M","E","R","E","T","R","M","R","?","?","R","B",null,"M","$","M","T","?","E","R","E","T","R","E","$","?","M","R","B",null,"R","$","E","B",null],"character_chosen":"THE_SILENT","items_purchased":["Question Card","Letter Opener","Accuracy","Flying Knee","Cloak And Dagger","Noxious Fumes","Accuracy+1","Blur","Footwork+1","Meat on the Bone","Lizard Tail","Molten Egg 2","Poisoned Stab+1","Caltrops+1"],"campfire_rested":4,"item_purchase_floors":[0,0,0,0,2,2,14,20,20,36,46,46,46,46],"current_hp_per_floor":[30,30,30,30,29,16,35,36,36,36,26,26,26,26,26,7,65,60,60,60,55,50,22,41,23,23,23,4,23,4,4,23,19,65,53,53,44,44,44,46,46,43,43,43,45,45,45,58,58,45,65,65,65,35,24],"gold":91,"neow_bonus":"","is_daily":false,"chose_seed":false,"campfire_upgraded":6,"win_rate":0.0,"timestamp":1612512456,"path_taken":["M","?","M","M","M","E","R","M","T","R","E","?","?","$","R","BOSS","M","?","$","M","?","E","R","E","T","R","M","R","?","?","R","BOSS","M","?","M","?","?","E","R","E","T","R","E","$","?","?","R","BOSS","R","$","E","BOSS"],"items_purchased_type":["Relic","Relic","Card","Card","Card","Card","Card","Card","Card","Relic","Relic","Relic","Card","Card"],"build_version":"2020-12-22","purchased_purges":0,"victory":true,"max_hp_per_floor":[65,65,65,65,65,65,65,65,65,65,65,65,65,65,65,65,65,65,65,65,65,65,65,65,65,65,65,65,65,65,65,65,65,65,65,65,65,65,65,65,65,65,65,65,65,65,65,65,65,65,65,65,65,65,65],"card_choices":[{"not_picked":["Underhanded Strike","Terror","Distraction"],"picked":"Cloak And Dagger","floor":1},{"not_picked":["Caltrops","Leg Sweep","Outmaneuver"],"picked":"Blade Dance","floor":3},{"not_picked":["Quick Slash","Calculated Gamble","Concentrate"],"picked":"Cloak And Dagger","floor":4},{"not_picked":["Quick Slash","Outmaneuver","All Out Attack"],"picked":"Bane","floor":5},{"not_picked":["Slice","Dash","Terror"],"picked":"Bane","floor":6},{"not_picked":["Backflip","Infinite Blades","Dagger Spray"],"picked":"Flying Knee","floor":8},{"not_picked":["Backflip","Endless Agony","Dash"],"picked":"Well Laid Plans+1","floor":11},{"not_picked":["Malaise","Glass Knife","Phantasmal Killer"],"picked":"After Image+1","floor":16},{"not_picked":["Endless Agony","Masterful Stab","PiercingWail"],"picked":"Infinite Blades+1","floor":18},{"not_picked":["Prepared","Underhanded Strike","PiercingWail"],"picked":"Dodge and Roll+1","floor":21},{"not_picked":["Choke+1","Dagger Throw","Quick Slash"],"picked":"Infinite Blades+1","floor":22},{"not_picked":["Tactician","Acrobatics","Venomology"],"picked":"Corpse Explosion","floor":23},{"not_picked":["Setup","Backflip","Slice"],"picked":"Bullet Time","floor":25},{"not_picked":["Bane","PiercingWail","Prepared+1"],"picked":"After Image+1","floor":28},{"not_picked":["Acrobatics","Flying Knee","Phantasmal Killer"],"picked":"Poisoned Stab","floor":30},{"not_picked":["Venomology","Malaise","Tools of the Trade+1"],"picked":"Burst","floor":33},{"not_picked":["PiercingWail+1","Dagger Spray+1","A Thousand Cuts+1"],"picked":"Deflect+1","floor":35},{"not_picked":["Dagger Throw+1","Flying Knee+1","Heel Hook"],"picked":"Poisoned Stab+1","floor":37},{"not_picked":["Masterful Stab","Bullet Time","Crippling Poison"],"picked":"Blade Dance+1","floor":40},{"not_picked":["Adrenaline","Escape Plan","Glass Knife"],"picked":"Acrobatics+1","floor":42},{"not_picked":["Tactician+1","Malaise","Caltrops+1"],"picked":"Infinite Blades+1","floor":45},{"not_picked":["Riddle With Holes+1","Escape Plan+1","Masterful Stab+1"],"picked":"Catalyst+1","floor":48},{"not_picked":["Expertise+1","Endless Agony+1","Distraction+1"],"picked":"Backflip","floor":54}],"player_experience":261366,"relics_obtained":[{"floor":6,"key":"Blood Vial"},{"floor":9,"key":"Frozen Egg 2"},{"floor":11,"key":"Thread and Needle"},{"floor":23,"key":"White Beast Statue"},{"floor":25,"key":"Akabeko"},{"floor":26,"key":"Tiny Chest"},{"floor":30,"key":"Red Mask"},{"floor":40,"key":"Sundial"},{"floor":42,"key":"The Courier"},{"floor":43,"key":"Paper Crane"},{"floor":45,"key":"Bird Faced Urn"},{"floor":54,"key":"Du-Vu Doll"}],"event_choices":[{"damage_healed":0,"gold_gain":0,"player_choice":"Box","damage_taken":0,"relics_obtained":["Pen Nib"],"max_hp_gain":0,"max_hp_loss":0,"event_name":"Big Fish","floor":12,"gold_loss":0,"cards_obtained":["Regret"]},{"cards_removed":["Regret"],"damage_healed":0,"gold_gain":0,"player_choice":"Card Removal","damage_taken":0,"max_hp_gain":0,"max_hp_loss":0,"event_name":"The Cleric","floor":13,"gold_loss":50},{"damage_healed":0,"gold_gain":0,"player_choice":"Traded Relic","damage_taken":0,"relics_obtained":["Nloth\u0027s Gift"],"max_hp_gain":0,"max_hp_loss":0,"event_name":"N\u0027loth","floor":19,"relics_lost":["Ring of the Snake"],"gold_loss":0},{"damage_healed":0,"gold_gain":0,"player_choice":"Fought Bandits","damage_taken":0,"max_hp_gain":0,"max_hp_loss":0,"event_name":"Masked Bandits","floor":30,"gold_loss":0},{"damage_healed":0,"gold_gain":0,"player_choice":"2 cards matched","damage_taken":0,"max_hp_gain":0,"max_hp_loss":0,"event_name":"Match and Keep!","floor":31,"gold_loss":0,"cards_obtained":["Bullet Time","Neutralize"]},{"damage_healed":0,"gold_gain":222,"player_choice":"Wore Mask","damage_taken":0,"max_hp_gain":0,"max_hp_loss":0,"event_name":"Tomb of Lord Red Mask","floor":39,"gold_loss":0},{"cards_removed":["Strike_G"],"damage_healed":0,"gold_gain":0,"player_choice":"Purged","damage_taken":0,"max_hp_gain":0,"max_hp_loss":0,"event_name":"Purifier","floor":47,"gold_loss":0}],"is_beta":false,"boss_relics":[{"not_picked":["Snecko Eye","Velvet Choker"],"picked":"HoveringKite"},{"not_picked":["Runic Pyramid","Coffee Dripper"],"picked":"Sozu"}],"items_purged_floors":[],"is_endless":false,"potions_floor_spawned":[1,5,8,11,18,25,28,30,33,35,37,40,42,45,48,54],"ascension_level":1}}