{"host":"65a95dzim48ko8ke","time":1612505299,"event":{"mods":["Aspiration","BaseMod","Block Reminder","Colored Powertips","Conspire","Curses Come First","DeckTracker","Energized Spire","Halation","Hubris","Jedi Mod","Minty Spire (QoL Compilation)","MostiFishMod","Permanent Neow","Quick Restart","Rare Cards Sparkle","Relic Sorter","Reliquary","Replay The Spire","Spicy Shops","StSLib","Synergy Search","TestMod","Trackpad","Åy?ï®?îvÅzREMEMod"],"gold_per_floor":[110,110,123,140,150,150,15,43,43,56,70,70,85,113,113,214,214,214,164,164,164,164,164,164,164,164,164,164,164,164,164,164,164,164,164,74,74,74,74,74,74,74,74,74,74,74,74,74,74,74],"floor_reached":51,"language":"ENG","playtime":6625,"items_purged":[],"score":1121,"play_id":"cb5d60f4-2c4e-4cd7-a465-0edeac889d73","local_time":"20210205150819","is_ascension_mode":true,"campfire_choices":[{"data":"Eruption","floor":6.0,"key":"SMITH"},{"data":"Whirlwind","floor":15.0,"key":"SMITH"},{"data":"TalkToTheHand","floor":30.0,"key":"SMITH"},{"floor":32.0,"key":"DIG"},{"data":"MentalFortress","floor":49,"key":"SMITH"}],"circlet_count":0,"master_deck":["Strike_P","Defend_P","Defend_P","Defend_P+1","Defend_P","Eruption+1","Beam Cell","Gash","Glacier","Iron Wave","Flex","EmptyBody","Crescendo+1","REME_WorshipGod+1","Bash","Whirlwind+1","Flex+1","Feed","JustLucky","FollowUp","TalkToTheHand+1","Conclude","Prostrate+1","FlurryOfBlows+1","REME_EmptyShield+1","Replay:Battleflow+1","Glacier+1","Scorching Beam","MostiFishMod:Adaptation","ThirdEye+1","SashWhip+1","MentalFortress+1","Beam Cell","EmptyBody+1","ThirdEye+1"],"relics":["testmod-TestBox","trackpad:DisasterInABottle","REME_ComplimentaryCards","DaveBox","aspiration:Nostalgia","Iron Core","ReplayTheSpireMod:TigerMarble","Pet Ghost","Toxic Egg 2","Replay:M_SmolderingBlood","Ectoplasm","Omamori","halation:IllGainedPizza","Vajra","jedi:crownofsimplicity","reliquary:PartyBalloon","halation:ForbiddenBikini","aspiration:ArtOfWarUpgrade","reliquary:Aerogel","Replay:Bottled Snecko","jedi:cryingmask","Ring of Searing","Ring of Panic","Replay:Mystery Machine"],"acts_visited":["Exordium","TheCity","TheBeyond"],"potions_floor_usage":[50,50,50],"damage_taken":[{"damage":3.0,"enemies":"2 Louse","floor":1.0,"turns":4.0},{"damage":0.0,"enemies":"Jaw Worm","floor":3.0,"turns":3.0},{"damage":0.0,"enemies":"Cultist","floor":4.0,"turns":2.0},{"damage":0.0,"enemies":"Looter","floor":5.0,"turns":2.0},{"damage":6.0,"enemies":"3 Sentries","floor":8.0,"turns":5.0},{"damage":0.0,"enemies":"Blue Slaver","floor":10.0,"turns":2.0},{"damage":0.0,"enemies":"Red Slaver","floor":11.0,"turns":1.0},{"damage":2.0,"enemies":"Gremlin Gang","floor":13.0,"turns":4.0},{"damage":0.0,"enemies":"Gremlin Nob","floor":14.0,"turns":1.0},{"damage":11.0,"enemies":"Fading Forest","floor":16.0,"turns":11.0},{"damage":0.0,"enemies":"Chosen","floor":18.0,"turns":1.0},{"damage":0.0,"enemies":"2 Thieves","floor":20.0,"turns":1.0},{"damage":13.0,"enemies":"conspire:HollyBat","floor":21.0,"turns":8.0},{"damage":35.0,"enemies":"Shelled Parasite and Fungi","floor":22.0,"turns":5.0},{"damage":14.0,"enemies":"conspire:Head Lice","floor":23.0,"turns":7.0},{"damage":0.0,"enemies":"Snake Plant","floor":24.0,"turns":2.0},{"damage":8.0,"enemies":"REME_1_Revenger","floor":25.0,"turns":5.0},{"damage":3.0,"enemies":"3 Cultists","floor":27.0,"turns":4.0},{"damage":5.0,"enemies":"Shelled Parasite and Fungi","floor":28.0,"turns":5.0},{"damage":4.0,"enemies":"conspire:SneckoGhost","floor":29.0,"turns":6.0},{"damage":24.0,"enemies":"Collector","floor":33.0,"turns":4.0},{"damage":12.0,"enemies":"Orb Walker","floor":35.0,"turns":2.0},{"damage":13.0,"enemies":"3 Shapes","floor":37.0,"turns":5.0},{"damage":1.0,"enemies":"Spire Growth","floor":38.0,"turns":3.0},{"damage":5.0,"enemies":"Reptomancer","floor":40.0,"turns":5.0},{"damage":0.0,"enemies":"Nemesis","floor":42.0,"turns":5.0},{"damage":4.0,"enemies":"Jaw Worm Horde","floor":45.0,"turns":3.0},{"damage":0,"enemies":"Writhing Mass","floor":46,"turns":5},{"damage":57,"enemies":"Awakened One","floor":50,"turns":12}],"seed_played":"5285190415930832415","potions_obtained":[{"floor":1.0,"key":"BottledMiracle"},{"floor":4.0,"key":"Explosive Potion"},{"floor":10.0,"key":"Regen Potion"},{"floor":11.0,"key":"Swift Potion"},{"floor":22.0,"key":"SteroidPotion"},{"floor":23.0,"key":"DistilledChaos"},{"floor":25.0,"key":"Ancient Potion"},{"floor":27.0,"key":"SmokeBomb"},{"floor":28.0,"key":"FearPotion"},{"floor":29.0,"key":"Energy Potion"},{"floor":37.0,"key":"EssenceOfSteel"},{"floor":38.0,"key":"Regen Potion"},{"floor":45.0,"key":"Doom Potion"},{"floor":46,"key":"Fire Potion"}],"is_trial":false,"path_per_floor":["M","?","M","M","M","R","$","E","T","M","M","?","M","E","R","B",null,"M","?","M","M","M","E","M","E","T","M","M","E","R","?","R","B",null,"M","?","M","M","?","E","R","E","T","R","M","M","?","T","R","B",null],"character_chosen":"WATCHER","items_purchased":["ReplayTheSpireMod:TigerMarble","Flex"],"campfire_rested":0,"item_purchase_floors":[7,7],"current_hp_per_floor":[62,55,55,55,55,55,55,49,49,49,49,49,48,48,48,57,69,69,69,69,59,39,40,40,32,32,36,34,30,30,82,82,58,76,64,64,51,50,50,74,74,74,74,74,80,80,80,80,80,28],"gold":74,"neow_bonus":"NOSTALGIA","is_daily":false,"chose_seed":false,"campfire_upgraded":4,"win_rate":0.0,"timestamp":1612505299,"path_taken":["M","?","M","M","M","R","?","E","T","?","M","?","M","E","R","BOSS","M","?","?","M","M","E","M","E","T","?","M","E","R","?","R","BOSS","M","?","M","?","?","E","R","E","T","R","M","?","?","?","R","BOSS"],"items_purchased_type":["Relic","Card"],"build_version":"2020-12-22","purchased_purges":0,"victory":true,"max_hp_per_floor":[72,72,72,72,72,72,72,72,72,72,72,72,73,73,73,73,73,73,73,73,76,79,79,79,79,79,79,82,82,82,82,82,82,82,82,82,82,82,82,82,82,82,82,82,85,85,85,85,85,85],"card_choices":[{"not_picked":["CarveReality","Meditate"],"picked":"Beam Cell","floor":1.0},{"not_picked":["CarveReality","Defragment"],"picked":"Gash","floor":3.0},{"not_picked":["Cold Snap","REME_Repentance"],"picked":"Glacier","floor":4.0},{"not_picked":["EmptyBody","Replay:BluntJabs"],"picked":"Iron Wave","floor":5.0},{"not_picked":["ReplayTheSpireMod:GoodbyeWorld","Warcry"],"picked":"EmptyBody","floor":8.0},{"not_picked":["CutThroughFate","Iron Wave"],"picked":"Crescendo+1","floor":10.0},{"not_picked":["ReplayTheSpireMod:Muscle Training+1","Prostrate+1"],"picked":"REME_WorshipGod+1","floor":11.0},{"not_picked":["SignatureMove","Study"],"picked":"Whirlwind","floor":13.0},{"not_picked":["Searing Blow","FlyingSleeves"],"picked":"Flex+1","floor":14.0},{"not_picked":["MostiFishMod:Disappear","ConjureBlade+1"],"picked":"Feed","floor":16.0},{"not_picked":["Evaluate+1","Collect+1"],"picked":"JustLucky","floor":18.0},{"not_picked":["Replay:Anticipation+1","FlyingSleeves"],"picked":"FollowUp","floor":20.0},{"not_picked":["EmptyBody+1","CutThroughFate"],"picked":"TalkToTheHand","floor":21.0},{"not_picked":["Consecrate+1","Collect+1"],"picked":"Conclude","floor":22.0},{"not_picked":["Study","Consecrate"],"picked":"Prostrate+1","floor":23.0},{"not_picked":["Wireheading","Replay:DivineShield+1"],"picked":"FlurryOfBlows+1","floor":24.0},{"not_picked":["Swivel+1","FlurryOfBlows"],"picked":"REME_EmptyShield+1","floor":25.0},{"not_picked":["Beam Cell","Prostrate+1"],"picked":"Replay:Battleflow+1","floor":27.0},{"not_picked":["Protect+1","Collect+1"],"picked":"Glacier+1","floor":28.0},{"not_picked":["Headbutt","Crescendo+1"],"picked":"Scorching Beam","floor":29.0},{"not_picked":["Offering+1","Establishment"],"picked":"MostiFishMod:Adaptation","floor":33.0},{"not_picked":["EmptyFist+1","FlyingSleeves+1"],"picked":"ThirdEye+1","floor":35.0},{"not_picked":["Replay:Hum+1","Collect+1"],"picked":"SashWhip+1","floor":37.0},{"not_picked":["EmptyFist+1","Replay:BluntJabs"],"picked":"MentalFortress","floor":38.0},{"not_picked":["Seeing Red+1","Replay:BluntJabs"],"picked":"Beam Cell","floor":40.0},{"not_picked":["SashWhip","Scorching Beam+1"],"picked":"EmptyBody+1","floor":42.0},{"not_picked":["jedi:nirvanicrebirth+1","EmptyBody+1","Pray+1"],"picked":"SKIP","floor":45.0},{"not_picked":["ReplayTheSpireMod:System Scan+1","PathToVictory+1"],"picked":"ThirdEye+1","floor":46}],"player_experience":376213,"relics_obtained":[{"floor":8.0,"key":"Pet Ghost"},{"floor":9.0,"key":"Toxic Egg 2"},{"floor":14.0,"key":"trackpad:DisasterInABottle"},{"floor":23.0,"key":"Omamori"},{"floor":25.0,"key":"halation:IllGainedPizza"},{"floor":26.0,"key":"Vajra"},{"floor":29.0,"key":"jedi:crownofsimplicity"},{"floor":32.0,"key":"reliquary:PartyBalloon"},{"floor":40.0,"key":"reliquary:Aerogel"},{"floor":42.0,"key":"Replay:Bottled Snecko"},{"floor":43.0,"key":"jedi:cryingmask"},{"floor":47,"key":"Ring of Searing"},{"floor":47,"key":"Ring of Panic"},{"floor":48,"key":"Replay:Mystery Machine"}],"event_choices":[{"cards_removed":["Strike_P"],"damage_healed":0.0,"max_hp_gain":0.0,"max_hp_loss":0.0,"gold_gain":0.0,"event_name":"Golden Wing","player_choice":"Card Removal","floor":2.0,"gold_loss":0.0,"damage_taken":7.0},{"damage_healed":0.0,"max_hp_gain":0.0,"max_hp_loss":0.0,"gold_gain":100.0,"event_name":"The Joust","player_choice":"Bet on Murderer","floor":19.0,"gold_loss":50.0,"damage_taken":0.0},{"damage_healed":52.0,"max_hp_gain":0.0,"max_hp_loss":0.0,"gold_gain":0.0,"event_name":"Wheel of Change","player_choice":"Full Heal","floor":31.0,"gold_loss":0.0,"damage_taken":0.0},{"cards_removed":["Strike_P"],"damage_healed":0.0,"max_hp_gain":0.0,"max_hp_loss":0.0,"gold_gain":0.0,"event_name":"Designer","player_choice":"Upgrade and Remove","floor":36.0,"gold_loss":90.0,"damage_taken":0.0,"cards_upgraded":["Defend_P"]},{"cards_removed":["Strike_P"],"damage_healed":0.0,"max_hp_gain":0.0,"max_hp_loss":0.0,"gold_gain":0.0,"event_name":"Bonfire Elementals","player_choice":"Offered Basic","floor":39.0,"gold_loss":0.0,"damage_taken":0.0}],"is_beta":false,"boss_relics":[{"not_picked":["halation:LoveArrow","OneHitWonderSystem"],"picked":"Ectoplasm"},{"not_picked":["testmod-Fanaticism","JellyFishMachine"],"picked":"halation:ForbiddenBikini"}],"items_purged_floors":[],"is_endless":false,"potions_floor_spawned":[1,4,10,11,22,23,25,27,28,29,37,38,45,46],"ascension_level":8}}