{"host":"c2vrdknshfutmcsq","time":1612540380,"event":{"mods":["BaseMod","Minty Spire (QoL Compilation)"],"gold_per_floor":[115,10,10,10,27,60,60,74,150,75,88,120,37,68,68,145,145,162,52,67,78,91,91,91,91,91,7,7,7],"floor_reached":28,"language":"ENG","playtime":1371,"items_purged":["Strike_B"],"score":509,"play_id":"fea8c62a-726b-42fc-b07c-af380046517a","local_time":"20210205165300","is_ascension_mode":true,"campfire_choices":[{"data":"Zap","floor":7.0,"key":"SMITH"},{"floor":15.0,"key":"REST"},{"floor":23.0,"key":"REST"}],"circlet_count":0,"master_deck":["AscendersBane","Strike_B","Defend_B","Defend_B","Defend_B","Zap+1","Dualcast+1","Darkness","Gash","Rainbow","Sweeping Beam","Auto Shields","Leap","Genetic Algorithm","Ball Lightning","Melter+1","Multi-Cast","Barrage","Leap","Undo+1","Aggregate","BootSequence","Echo Form","Stack","Compile Driver","Sunder"],"relics":["Cracked Core","NeowsBlessing","Tiny Chest","Question Card","Boot","Prayer Wheel","Inserter","Ginger","Bottled Flame"],"acts_visited":["Exordium","TheCity"],"potions_floor_usage":[],"damage_taken":[{"damage":0.0,"enemies":"2 Louse","floor":1.0,"turns":1.0},{"damage":0.0,"enemies":"Small Slimes","floor":5.0,"turns":1.0},{"damage":0.0,"enemies":"Lagavulin","floor":6.0,"turns":1.0},{"damage":0.0,"enemies":"Cultist","floor":8.0,"turns":3.0},{"damage":0.0,"enemies":"Lots of Slimes","floor":11.0,"turns":1.0},{"damage":38.0,"enemies":"Gremlin Nob","floor":12.0,"turns":4.0},{"damage":4.0,"enemies":"Lagavulin","floor":14.0,"turns":6.0},{"damage":16.0,"enemies":"Slime Boss","floor":16.0,"turns":6.0},{"damage":0.0,"enemies":"Spheric Guardian","floor":18.0,"turns":3.0},{"damage":12.0,"enemies":"Shell Parasite","floor":20.0,"turns":3.0},{"damage":17.0,"enemies":"Snake Plant","floor":21.0,"turns":5.0},{"damage":27.0,"enemies":"Centurion and Healer","floor":22.0,"turns":10.0},{"damage":11,"enemies":"Shelled Parasite and Fungi","floor":28,"turns":3}],"seed_played":"-2583640443842185318","potions_obtained":[{"floor":1.0,"key":"SteroidPotion"},{"floor":12.0,"key":"DistilledChaos"},{"floor":16.0,"key":"FearPotion"},{"floor":20.0,"key":"Explosive Potion"},{"floor":21.0,"key":"Strength Potion"}],"is_trial":false,"path_per_floor":["M","$","?","?","M","E","R","M","T","?","M","E","$","E","R","B",null,"M","?","M","M","M","R","T","?","T","$","M"],"character_chosen":"DEFECT","items_purchased":["Gash","Ball Lightning","Fire Potion","Sunder"],"campfire_rested":2,"item_purchase_floors":[2,13,13,27],"current_hp_per_floor":[64,64,57,57,57,57,57,57,57,57,57,19,19,15,36,20,58,58,58,46,29,2,23,23,23,23,23,12,12],"gold":7,"neow_bonus":"THREE_ENEMY_KILL","is_daily":false,"chose_seed":false,"campfire_upgraded":1,"win_rate":0.0,"timestamp":1612540380,"path_taken":["M","$","?","?","M","E","R","M","T","?","M","E","$","E","R","BOSS","M","?","?","M","M","R","?","?","T","?","?"],"items_purchased_type":["Card","Card","Potion","Card"],"build_version":"2020-12-22","purchased_purges":1,"victory":false,"max_hp_per_floor":[71,71,71,71,71,71,71,71,71,71,71,71,71,71,71,71,71,71,71,71,71,71,71,71,71,71,71,71,71],"card_choices":[{"not_picked":["Double Energy","Streamline"],"picked":"Darkness","floor":1.0},{"not_picked":["Streamline","Leap"],"picked":"Rainbow","floor":5.0},{"not_picked":["Hyperbeam","Hologram","Sweeping Beam"],"picked":"SKIP","floor":6.0},{"not_picked":["Hyperbeam","Hologram"],"picked":"Sweeping Beam","floor":6.0},{"not_picked":["Hologram","Chaos"],"picked":"Auto Shields","floor":8.0},{"not_picked":["Recycle","Barrage","Beam Cell"],"picked":"Leap","floor":11.0},{"not_picked":["Scrape","Rebound","Loop"],"picked":"Genetic Algorithm","floor":12.0},{"not_picked":["Steam","Hologram","Hyperbeam"],"picked":"Melter","floor":14.0},{"not_picked":["Reboot","Amplify","Fission"],"picked":"Multi-Cast","floor":16.0},{"not_picked":["White Noise","Fusion","Rebound"],"picked":"Barrage","floor":18.0},{"not_picked":["Rebound+1","Beam Cell","Cold Snap"],"picked":"Leap","floor":18.0},{"not_picked":["Sweeping Beam","FTL","Stack"],"picked":"Undo+1","floor":20.0},{"not_picked":["Recycle","Leap","Hologram"],"picked":"Aggregate","floor":20.0},{"not_picked":["Beam Cell","Cold Snap+1","Stack"],"picked":"BootSequence","floor":21.0},{"not_picked":["Steam","Chill","Loop"],"picked":"Echo Form","floor":21.0},{"not_picked":["Gash","Beam Cell","Barrage"],"picked":"Stack","floor":22.0},{"not_picked":["Heatsinks","Tempest","Steam Power"],"picked":"Compile Driver","floor":22.0}],"player_experience":1347698,"relics_obtained":[{"floor":6.0,"key":"Tiny Chest"},{"floor":9.0,"key":"Question Card"},{"floor":12.0,"key":"Boot"},{"floor":14.0,"key":"Prayer Wheel"},{"floor":24.0,"key":"Ginger"},{"floor":26.0,"key":"Bottled Flame"}],"event_choices":[{"cards_removed":["Strike_B"],"damage_healed":0.0,"max_hp_gain":0.0,"max_hp_loss":0.0,"gold_gain":0.0,"event_name":"Golden Wing","player_choice":"Card Removal","floor":3.0,"gold_loss":0.0,"damage_taken":7.0},{"damage_healed":0.0,"max_hp_gain":0.0,"max_hp_loss":0.0,"gold_gain":0.0,"event_name":"Living Wall","player_choice":"Grow","floor":4.0,"gold_loss":0.0,"damage_taken":0.0,"cards_upgraded":["Dualcast"]},{"cards_removed":["Defend_B"],"damage_healed":0.0,"max_hp_gain":0.0,"max_hp_loss":0.0,"gold_gain":0.0,"event_name":"The Cleric","player_choice":"Card Removal","floor":10.0,"gold_loss":75.0,"damage_taken":0.0},{"cards_removed":["Strike_B"],"damage_healed":0.0,"max_hp_gain":0.0,"max_hp_loss":0.0,"gold_gain":0.0,"event_name":"Designer","player_choice":"Upgrade and Remove","floor":19.0,"gold_loss":110.0,"damage_taken":0.0,"cards_upgraded":["Melter"]},{"damage_healed":0.0,"max_hp_gain":0.0,"max_hp_loss":0.0,"gold_gain":0.0,"event_name":"Cursed Tome","player_choice":"Ignored","floor":25.0,"gold_loss":0.0,"damage_taken":0.0}],"is_beta":false,"boss_relics":[{"not_picked":["Philosopher\u0027s Stone","Runic Pyramid"],"picked":"Inserter"}],"items_purged_floors":[2],"is_endless":false,"potions_floor_spawned":[1,12,14,16,20,21],"killed_by":"Shelled Parasite and Fungi","ascension_level":19}}