{"host":"q6r63elxu27obe7v","time":1612512933,"event":{"mods":["2.2 Compatiblity","AchievementEnabler","BaseMod","CapriCore","Colored Map","DeckTracker","KOR Keyword Fix","Keyboard Shortcuts","Marisa£¨Ùöéë¡¡Øª×âÞÞ£©","Minty Spire (QoL Compilation)","Permanent Neow","Quick Restart","Replay The Spire","StSLib","SuperFastMode","everything is the same but u backflip on backflip","¡¼?Úª?ø«¡½REMEMod"],"gold_per_floor":[114,170,185,260,260,260,290,305,330,360,360,390,415,430,430,530,530,545,560,560,575,575,575,25,25,25,25,50,50,80,5,5,35,135,235,235,250,265,265,265,15,15,45,45,45,75,75,105,120,150,150,150],"floor_reached":53,"language":"KOR","playtime":2893,"items_purged":[],"score":1027,"play_id":"aad5072a-2a84-4d39-8598-ea16031b6575","local_time":"20210205171533","daily_mods":["Specialized","Blue Cards","Elite Swarm"],"is_ascension_mode":false,"campfire_choices":[{"data":"OneTimeOff","floor":6,"key":"SMITH"},{"floor":15,"key":"REST"},{"data":"MysteriousBeam","floor":25,"key":"SMITH"},{"data":"BigCrunch","floor":27,"key":"SMITH"},{"data":"DragonMeteor","floor":29,"key":"SMITH"},{"data":"PulseMagic","floor":42,"key":"SMITH"},{"data":"FinalSpark","floor":44,"key":"SMITH"},{"floor":51,"key":"REST"}],"circlet_count":0,"master_deck":["Strike_MRS","Defend_MRS","Defend_MRS","Defend_MRS","Defend_MRS","MasterSpark+1","UpSweep","MysteriousBeam+1","MysteriousBeam+1","MysteriousBeam","MysteriousBeam","MysteriousBeam","OneTimeOff+1","Parasite","Parasite","AsteroidBelt","DragonMeteor+1","BlazingStar","REME_TheLastStrike","SatelliteIllusion","EscapeVelocity","SatelliteIllusion","BigCrunch+1","Pot Of Greed","Pot Of Greed","Pot Of Greed","MagicAbsorber","MysteriousBeam+1","Shame","MillisecondPulsars","CasketOfStar","PulseMagic+1","StarDustReverie","FinalSpark+1","StarDustReverie","AbsoluteMagnitude","Pot Of Greed","LuminesStrike+1"],"relics":["BewitchedHakkero","REME_ComplimentaryCards","ShroomBag","Vajra","Whetstone","Simple Rune","CaptainsWheel","Grinning Jar","Runic Pyramid","InkBottle","Blue Doll","Medical Kit","Replay:Rubber Ducky","Bronze Scales","Darkstone Periapt","Centennial Puzzle","Turnip","HandmadeGrimoire","Replay:Bottled Snecko","Pondfish Scales","Iron Hammer","Durian","Replay:Bottled Eggs","Boot"],"acts_visited":["TheCity","TheBeyond"],"potions_floor_usage":[10,16,35,35,35],"damage_taken":[{"damage":0,"enemies":"2 Louse","floor":1,"turns":1},{"damage":0,"enemies":"Small Slimes","floor":3,"turns":3},{"damage":10,"enemies":"3 Sentries","floor":7,"turns":5},{"damage":0,"enemies":"Cultist","floor":8,"turns":1},{"damage":0,"enemies":"Gremlin Nob","floor":10,"turns":2},{"damage":18,"enemies":"Lagavulin","floor":12,"turns":3},{"damage":0,"enemies":"Exordium Wildlife","floor":14,"turns":2},{"damage":13,"enemies":"Fading Forest","floor":16,"turns":10},{"damage":0,"enemies":"Spheric Guardian","floor":18,"turns":2},{"damage":0,"enemies":"2 Thieves","floor":19,"turns":1},{"damage":15,"enemies":"Snake Plant","floor":21,"turns":3},{"damage":6,"enemies":"Replay:Snechameleon","floor":30,"turns":4},{"damage":19,"enemies":"Gremlin Leader","floor":33,"turns":4},{"damage":1,"enemies":"Colosseum Slavers","floor":34,"turns":2},{"damage":14,"enemies":"Colosseum Nobs","floor":34,"turns":3},{"damage":2,"enemies":"Automaton","floor":35,"turns":3},{"damage":0,"enemies":"3 Shapes","floor":37,"turns":2},{"damage":4,"enemies":"Orb Walker","floor":38,"turns":2},{"damage":18,"enemies":"R_Hoarder","floor":43,"turns":5},{"damage":45,"enemies":"Reptomancer","floor":46,"turns":3},{"damage":0,"enemies":"Spire Growth","floor":47,"turns":1},{"damage":0,"enemies":"Giant Head","floor":48,"turns":1},{"damage":0,"enemies":"Writhing Mass","floor":49,"turns":1},{"damage":0,"enemies":"Nemesis","floor":50,"turns":1},{"damage":0,"enemies":"Awakened One","floor":52,"turns":2}],"seed_played":"-8643747277835071688","potions_obtained":[{"floor":1,"key":"SpeedPotion"},{"floor":2,"key":"Milkshake"},{"floor":7,"key":"SteroidPotion"},{"floor":10,"key":"LiquidMemories"},{"floor":33,"key":"Weak Potion"},{"floor":48,"key":"FairyPotion"},{"floor":49,"key":"Fire Potion"},{"floor":50,"key":"Flashbang"}],"is_trial":false,"path_per_floor":["M","?","M","?","?","R","E","M","T","E","?","E","T","M","R","B",null,"M","M","?","M","PTL","PTL","$","R","?","R","T","R","E","?","$","E","R_BF","B",null,"M","M","?","?","$","R","E","R","T","E","M","E","M","E","R","B",null],"character_chosen":"MARISA","items_purchased":["InkBottle","Blue Doll","Medical Kit","Replay:Bottled Snecko"],"campfire_rested":2,"item_purchase_floors":[24,24,24,41],"current_hp_per_floor":[75,57,59,48,48,48,42,44,44,44,44,28,28,28,50,51,75,75,75,75,60,60,60,60,60,60,60,60,60,58,58,58,41,28,30,75,75,71,81,81,81,81,65,65,65,27,27,27,27,27,52,52],"gold":150,"neow_bonus":"","is_daily":true,"chose_seed":false,"campfire_upgraded":6,"win_rate":0.0,"timestamp":1612512933,"path_taken":["M","?","?","?","?","R","E","?","T","E","?","E","?","?","R","BOSS","M","M","?","M","PTL","PTL","$","R","?","R","T","R","E","?","$","E","R_BF","BOSS","M","M","?","?","$","R","E","R","T","E","M","E","?","E","R","BOSS"],"items_purchased_type":["Relic","Relic","Relic","Relic"],"build_version":"2020-12-22","purchased_purges":0,"victory":true,"max_hp_per_floor":[75,75,75,75,75,75,75,75,75,75,75,75,75,75,75,75,75,75,75,75,75,75,75,75,75,75,75,75,75,75,75,75,75,75,75,75,75,75,81,81,81,81,81,81,81,86,86,86,86,86,86,86],"card_choices":[{"not_picked":["DarkSpark","IllusionStar"],"picked":"OneTimeOff","floor":1},{"not_picked":["SporeBomb","GravityBeat"],"picked":"AsteroidBelt","floor":2},{"not_picked":["EventHorizon","GalacticHalo"],"picked":"DragonMeteor","floor":2},{"not_picked":["GravityBeat","IllusionStar"],"picked":"BlazingStar","floor":3},{"not_picked":["SuperNova","BigCrunch"],"picked":"SatelliteIllusion","floor":7},{"not_picked":["DoubleSpark","ShootingEcho","RefractionSpark"],"picked":"SKIP","floor":8},{"not_picked":["MaximisePower","ManaRampage"],"picked":"EscapeVelocity","floor":10},{"not_picked":["JA","AbsoluteMagnitude"],"picked":"BigCrunch","floor":12},{"not_picked":["6A","DoubleSpark"],"picked":"MagicAbsorber","floor":14},{"not_picked":["GravityBeat","DarkSpark+1","WitchOfGreed"],"picked":"SKIP","floor":18},{"not_picked":["ChargingUp","MachineGunSpark+1"],"picked":"MysteriousBeam+1","floor":19},{"not_picked":["ShootTheMoon","WitchOfGreed","UnstableBomb"],"picked":"SKIP","floor":21},{"not_picked":["EscapeVelocity","MaximisePower"],"picked":"MillisecondPulsars","floor":30},{"not_picked":["BlazingStar","CollectingQuirk"],"picked":"CasketOfStar","floor":33},{"not_picked":["Occultation","Acceleration"],"picked":"PulseMagic","floor":34},{"not_picked":["TreasureHunter","EscapeVelocity"],"picked":"StarDustReverie","floor":35},{"not_picked":["RefractionSpark+1","Occultation","6A+1"],"picked":"SKIP","floor":37},{"not_picked":["OrrerysSun","UnstableBomb","GravityBeat"],"picked":"SKIP","floor":38},{"not_picked":["EscapeVelocity","SatelliteIllusion"],"picked":"FinalSpark","floor":43},{"not_picked":["FinalSpark","BigCrunch"],"picked":"StarDustReverie","floor":46},{"not_picked":["DC","UnstableBomb","AsteroidBelt+1"],"picked":"SKIP","floor":47},{"not_picked":["UltimateShortwave","MillisecondPulsars"],"picked":"AbsoluteMagnitude","floor":48},{"not_picked":["SprinkleStarSeal","IllusionStar+1"],"picked":"LuminesStrike+1","floor":49},{"not_picked":["MillisecondPulsars","AbsoluteMagnitude","BlazingStar"],"picked":"SKIP","floor":50}],"player_experience":154582,"relics_obtained":[{"floor":2,"key":"ShroomBag"},{"floor":7,"key":"Vajra"},{"floor":9,"key":"Whetstone"},{"floor":10,"key":"Simple Rune"},{"floor":12,"key":"CaptainsWheel"},{"floor":13,"key":"Grinning Jar"},{"floor":28,"key":"Bronze Scales"},{"floor":30,"key":"Darkstone Periapt"},{"floor":33,"key":"Centennial Puzzle"},{"floor":34,"key":"Turnip"},{"floor":34,"key":"HandmadeGrimoire"},{"floor":43,"key":"Pondfish Scales"},{"floor":45,"key":"Iron Hammer"},{"floor":46,"key":"Durian"},{"floor":48,"key":"Replay:Bottled Eggs"},{"floor":50,"key":"Boot"}],"event_choices":[{"damage_healed":0,"gold_gain":75,"player_choice":"Gather Gold","damage_taken":11,"max_hp_gain":0,"max_hp_loss":0,"event_name":"World of Goop","floor":4,"gold_loss":0},{"damage_healed":0,"gold_gain":0,"player_choice":"0 cards matched","damage_taken":0,"max_hp_gain":0,"max_hp_loss":0,"event_name":"Match and Keep!","floor":5,"gold_loss":0,"cards_obtained":[]},{"damage_healed":0,"gold_gain":0,"cards_transformed":["Strike_MRS"],"player_choice":"Change","damage_taken":0,"max_hp_gain":0,"max_hp_loss":0,"event_name":"Living Wall","floor":11,"gold_loss":0,"cards_obtained":["SatelliteIllusion"]},{"cards_removed":["Strike_MRS"],"damage_healed":0,"gold_gain":0,"player_choice":"Elegance","damage_taken":0,"max_hp_gain":0,"max_hp_loss":0,"event_name":"Back to Basics","floor":20,"gold_loss":0},{"damage_healed":0,"gold_gain":0,"player_choice":"Stole Relic","damage_taken":0,"relics_obtained":["Replay:Rubber Ducky"],"max_hp_gain":0,"max_hp_loss":0,"event_name":"Addict","floor":26,"gold_loss":0,"cards_obtained":["Shame"]},{"cards_removed":["Strike_MRS"],"damage_healed":0,"gold_gain":0,"player_choice":"Gave Gold","damage_taken":0,"max_hp_gain":0,"max_hp_loss":0,"event_name":"Beggar","floor":31,"gold_loss":75},{"damage_healed":0,"gold_gain":0,"player_choice":"Fight","damage_taken":0,"max_hp_gain":0,"max_hp_loss":0,"event_name":"Colosseum","floor":34,"gold_loss":0},{"damage_healed":0,"gold_gain":0,"player_choice":"Fought Nobs","damage_taken":0,"max_hp_gain":0,"max_hp_loss":0,"event_name":"Colosseum","floor":34,"gold_loss":0},{"damage_healed":19,"gold_gain":0,"player_choice":"Writhe","damage_taken":0,"max_hp_gain":0,"max_hp_loss":0,"event_name":"Winding Halls","floor":39,"gold_loss":0,"cards_obtained":["Writhe"]},{"cards_removed":["Writhe"],"damage_healed":0,"gold_gain":0,"player_choice":"Purged","damage_taken":0,"max_hp_gain":0,"max_hp_loss":0,"event_name":"Purifier","floor":40,"gold_loss":0}],"is_beta":false,"boss_relics":[{"not_picked":["Cursed Key","Ectoplasm"],"picked":"Runic Pyramid"},{"not_picked":["REME_LowDesire","Ring of Chaos"],"picked":"BewitchedHakkero"}],"items_purged_floors":[],"is_endless":false,"potions_floor_spawned":[1,7,10,14,33,34,34,47,48,49,50],"ascension_level":0}}