{"host":"v86vpwf004p2esb7","time":1612499379,"event":{"mods":["AchievementEnabler","BaseMod","BetterRewards","Colored Powertips","Minty Spire (QoL Compilation)","Quick Restart","StSLib","Transform Curses"],"gold_per_floor":[110,110,110,123,142,142,142,142],"floor_reached":7,"language":"ENG","playtime":272,"items_purged":[],"score":41,"play_id":"0f2c9972-f597-438e-af10-6da2421219e3","local_time":"20210204202939","is_ascension_mode":false,"campfire_choices":[{"data":"Noxious Fumes","floor":6,"key":"SMITH"}],"circlet_count":0,"master_deck":["Strike_G","Strike_G","Strike_G","Strike_G","Strike_G","Defend_G","Defend_G","Defend_G","Defend_G","Defend_G","Survivor","Neutralize","Noxious Fumes+1","Accuracy","Pain","Prepared","Flying Knee"],"relics":["Ring of the Snake","Membership Card","Nunchaku","WarpedTongs"],"acts_visited":["Exordium"],"potions_floor_usage":[],"damage_taken":[{"damage":1,"enemies":"Cultist","floor":1,"turns":4},{"damage":8,"enemies":"Small Slimes","floor":4,"turns":4},{"damage":3,"enemies":"2 Louse","floor":5,"turns":3},{"damage":51,"enemies":"Gremlin Nob","floor":7,"turns":6}],"seed_played":"-4915363347845548534","potions_obtained":[{"floor":4,"key":"SpeedPotion"},{"floor":5,"key":"Swift Potion"}],"is_trial":false,"path_per_floor":["M","T","?","M","M","R","E"],"character_chosen":"THE_SILENT","items_purchased":["Membership Card","Noxious Fumes"],"campfire_rested":0,"item_purchase_floors":[0,0],"current_hp_per_floor":[62,62,62,54,51,51,0,0],"gold":142,"neow_bonus":"","is_daily":false,"chose_seed":false,"campfire_upgraded":1,"win_rate":0.0,"timestamp":1612499379,"path_taken":["M","?","?","M","M","R","E"],"items_purchased_type":["Relic","Card"],"build_version":"2020-12-22","purchased_purges":0,"victory":false,"max_hp_per_floor":[70,70,70,70,70,70,70,70],"card_choices":[{"not_picked":["Masterful Stab","Distraction"],"picked":"Accuracy","floor":1},{"not_picked":["Underhanded Strike","Sucker Punch"],"picked":"Prepared","floor":4},{"not_picked":["Sucker Punch","Underhanded Strike"],"picked":"Flying Knee","floor":5}],"player_experience":258641,"relics_obtained":[{"floor":2,"key":"Nunchaku"}],"event_choices":[{"damage_healed":0,"gold_gain":0,"player_choice":"Rummage","damage_taken":0,"relics_obtained":["WarpedTongs"],"max_hp_gain":0,"max_hp_loss":0,"event_name":"Accursed Blacksmith","floor":3,"gold_loss":0,"cards_obtained":["Pain"]}],"is_beta":false,"boss_relics":[],"items_purged_floors":[],"is_endless":false,"potions_floor_spawned":[4,5],"killed_by":"Gremlin Nob","ascension_level":0}}