{"host":"m4gb89kpcfic7v2a","time":1612544278,"event":{"mods":["BaseMod","BetterRewards","Downfall","Minty Spire (QoL Compilation)","StSLib"],"gold_per_floor":[99,17,33,46,61,72,149,188,188,188,296,296,296,296],"floor_reached":12,"language":"ENG","playtime":1649,"items_purged":[],"score":78,"play_id":"c0f31eeb-218c-4972-9541-db11c045eb75","local_time":"20210205095758","is_ascension_mode":false,"campfire_choices":[{"data":"hexamod:Float","floor":1,"key":"SMITH"},{"data":"hexamod:PhantomCloak","floor":10,"key":"SMITH"}],"circlet_count":0,"master_deck":["hexamod:Strike","hexamod:Strike","hexamod:Strike","hexamod:Strike","hexamod:Defend","hexamod:Defend","hexamod:Defend","hexamod:Defend","hexamod:Sear","hexamod:Float+1","hexamod:PhantomFireball","hexamod:FirstSeal","hexamod:InspiringFlames","hexamod:PhantomCloak","hexamod:PhantomCloak+1","hexamod:SecondSeal","hexamod:FirstSeal"],"relics":["hexamod:SpiritBrand","Blue Candle","Akabeko","downfall:CloakOfManyFaces","CultistMask","FaceOfCleric","NlothsMask","GremlinMask","SsserpentHead"],"acts_visited":["Exordium"],"potions_floor_usage":[12],"damage_taken":[{"damage":0,"enemies":"downfall:FleeingMerchant","floor":2,"turns":4},{"damage":0,"enemies":"2 Louse","floor":3,"turns":2},{"damage":0,"enemies":"Cultist","floor":4,"turns":3},{"damage":1,"enemies":"Jaw Worm","floor":5,"turns":3},{"damage":19,"enemies":"Lots of Slimes","floor":6,"turns":5},{"damage":34,"enemies":"3 Sentries","floor":8,"turns":10},{"damage":14,"enemies":"downfall:FaceTrader","floor":11,"turns":9},{"damage":17,"enemies":"Gremlin Nob","floor":12,"turns":4}],"seed_played":"4940390395827770453","potions_obtained":[{"floor":5,"key":"FearPotion"},{"floor":6,"key":"sneckomod:MuddlingPotion"},{"floor":8,"key":"FearPotion"}],"is_trial":false,"path_per_floor":["R","$","M","M","M","M","T","E","?","R","?","E"],"character_chosen":"THE_SPIRIT","items_purchased":["hexamod:FirstSeal"],"campfire_rested":0,"item_purchase_floors":[2],"current_hp_per_floor":[77,77,77,77,76,64,64,30,30,30,16,0,0,0],"gold":296,"neow_bonus":"TEN_PERCENT_HP_BONUS","is_daily":false,"chose_seed":false,"campfire_upgraded":2,"win_rate":0.0,"timestamp":1612544278,"path_taken":["R","$","M","M","M","M","T","E","?","R","?","E"],"items_purchased_type":["Card"],"build_version":"2020-12-22","purchased_purges":0,"victory":false,"max_hp_per_floor":[77,77,77,77,77,77,77,77,77,77,77,77,77,77],"card_choices":[{"not_picked":["hexamod:SpectralAdrenaline","hexamod:ThermalTransfer"],"picked":"hexamod:PhantomFireball","floor":2},{"not_picked":["hexamod:CatchUp","hexamod:EtherealExpedition"],"picked":"hexamod:InspiringFlames","floor":3},{"not_picked":["hexamod:FastForward","hexamod:RainOfEmbers"],"picked":"hexamod:PhantomCloak","floor":4},{"not_picked":["hexamod:FastForward","hexamod:NecessarySacrifice"],"picked":"hexamod:PhantomCloak","floor":5},{"not_picked":["hexamod:Rewind","hexamod:ShieldOfDarkness"],"picked":"hexamod:SecondSeal","floor":6},{"not_picked":["hexamod:NightmareGuise","hexamod:SpectersWail","hexamod:Firestarter"],"picked":"SKIP","floor":8},{"not_picked":["hexamod:HauntingEcho","hexamod:Rewind"],"picked":"hexamod:FirstSeal","floor":11}],"player_experience":189508,"relics_obtained":[{"floor":7,"key":"Blue Candle"},{"floor":8,"key":"Akabeko"},{"floor":11,"key":"downfall:CloakOfManyFaces"}],"event_choices":[],"is_beta":false,"boss_relics":[],"items_purged_floors":[],"is_endless":false,"potions_floor_spawned":[5,6,8],"killed_by":"Gremlin Nob","ascension_level":0}}