{"host":"5p9hybygolzp0efr","time":1612495535,"event":{"mods":["AchievementEnabler","BaseMod","Bestiary","Colored Map","Minty Spire (QoL Compilation)","Permanent Neow","Relic Stats"],"gold_per_floor":[17,17,35,60,78,78,121,121,170,170,26,41,41,72,72,202,202,223,273,297,315,336,336,383,398,477,477,70,85,110,135,135,266,266,290,290,353,353,53,53,53,53],"floor_reached":41,"language":"ENG","playtime":2283,"items_purged":["Defend_P"],"score":633,"play_id":"9558bb0b-0893-43af-8ccc-34d4f7688729","local_time":"20210205112535","is_ascension_mode":true,"campfire_choices":[{"data":"Eruption","floor":6.0,"key":"SMITH"},{"floor":13.0,"key":"REST"},{"data":"Devotion","floor":15.0,"key":"SMITH"},{"floor":23,"key":"REST"},{"floor":27,"key":"REST"},{"floor":32,"key":"REST"},{"floor":40,"key":"REST"}],"circlet_count":0,"master_deck":["AscendersBane","Strike_P+1","Strike_P","Defend_P+1","Eruption+1","Vigilance+1","Omniscience+1","Weave","Protect","TalkToTheHand+1","Consecrate","CutThroughFate","JustLucky+1","Devotion+1","Prostrate+1","LessonLearned+1","SandsOfTime+1","ClearTheMind","FearNoEvil+1","EmptyFist","BowlingBash+1","Prostrate"],"relics":["HolyWater","Golden Idol","Vajra","InkBottle","Omamori","Bottled Tornado","Empty Cage","Strawberry","Pear","Ice Cream","Bird Faced Urn","Kunai"],"acts_visited":["Exordium","TheCity","TheBeyond"],"potions_floor_usage":[38],"damage_taken":[{"damage":0.0,"enemies":"2 Louse","floor":1.0,"turns":2.0},{"damage":3.0,"enemies":"Jaw Worm","floor":3.0,"turns":6.0},{"damage":16.0,"enemies":"Cultist","floor":4.0,"turns":4.0},{"damage":9.0,"enemies":"Exordium Thugs","floor":5.0,"turns":4.0},{"damage":19.0,"enemies":"Lagavulin","floor":7.0,"turns":9.0},{"damage":2.0,"enemies":"Red Slaver","floor":12.0,"turns":3.0},{"damage":4.0,"enemies":"Gremlin Nob","floor":14.0,"turns":4.0},{"damage":18.0,"enemies":"Hexaghost","floor":16.0,"turns":7.0},{"damage":12.0,"enemies":"Spheric Guardian","floor":18.0,"turns":4.0},{"damage":9,"enemies":"Shell Parasite","floor":20,"turns":4},{"damage":17,"enemies":"Snecko","floor":21,"turns":4},{"damage":1,"enemies":"Cultist and Chosen","floor":22,"turns":4},{"damage":36,"enemies":"Shelled Parasite and Fungi","floor":25,"turns":4},{"damage":0,"enemies":"Snecko","floor":29,"turns":3},{"damage":29,"enemies":"Snake Plant","floor":30,"turns":4},{"damage":3,"enemies":"Cultist and Chosen","floor":31,"turns":5},{"damage":1,"enemies":"Champ","floor":33,"turns":8},{"damage":10,"enemies":"Orb Walker","floor":35,"turns":3},{"damage":26,"enemies":"Mind Bloom Boss Battle","floor":37,"turns":4},{"damage":0,"enemies":"3 Darklings","floor":38,"turns":1},{"damage":12,"enemies":"Nemesis","floor":41,"turns":5}],"seed_played":"-7966969523881847348","potions_obtained":[{"floor":4.0,"key":"SmokeBomb"},{"floor":5.0,"key":"Ancient Potion"},{"floor":7.0,"key":"Dexterity Potion"}],"is_trial":false,"path_per_floor":["M","?","M","M","M","R","E","T","T","?","$","M","R","E","R","B",null,"M","?","M","M","M","R","T","M","T","R","$","M","M","M","R","B",null,"M","$","?","M","$","R","E"],"character_chosen":"WATCHER","items_purchased":["Devotion","Ice Cream","EmptyFist","Kunai","Prostrate"],"campfire_rested":5,"item_purchase_floors":[11,28,28,39,39],"current_hp_per_floor":[65,65,62,46,37,37,18,18,18,18,18,16,37,33,33,15,58,46,46,37,20,19,40,47,11,21,47,47,47,18,15,41,40,77,67,67,41,43,43,69,59,59],"gold":53,"neow_bonus":"TRANSFORM_TWO_CARDS","is_daily":false,"chose_seed":false,"campfire_upgraded":2,"win_rate":0.0,"timestamp":1612495535,"path_taken":["M","?","M","M","M","R","E","?","T","?","?","?","R","E","R","BOSS","M","?","M","M","?","R","?","M","T","R","$","?","M","M","R","BOSS","M","$","?","M","$","R","E"],"items_purchased_type":["Card","Relic","Card","Relic","Card"],"build_version":"2020-12-22","purchased_purges":1,"victory":false,"max_hp_per_floor":[72,72,72,72,72,72,72,72,72,72,72,72,72,72,72,72,72,72,72,72,72,72,72,79,79,89,89,89,89,89,89,89,89,89,89,89,89,89,89,89,89,89],"relic_stats":{"counters":[21,92],"Golden Idol":139,"Bird Faced Urn":[4],"Kunai":[3],"obtain_stats":[{"Ice Cream":28,"Pear":26,"Golden Idol":2,"Vajra":7,"Omamori":9,"Bottled Tornado":14,"Empty Cage":17,"Strawberry":24,"Bird Faced Urn":37,"HolyWater":34,"Kunai":39,"PureWater":0,"InkBottle":8},{"Ice Cream":13,"Pear":13,"Golden Idol":1,"Vajra":5,"Omamori":5,"Bottled Tornado":7,"Empty Cage":8,"Strawberry":12,"Bird Faced Urn":19,"HolyWater":17,"Kunai":20,"PureWater":0,"InkBottle":5},{"Ice Cream":59,"Pear":59,"Golden Idol":2,"Vajra":25,"Omamori":25,"Bottled Tornado":32,"Empty Cage":39,"Strawberry":55,"Bird Faced Urn":86,"HolyWater":79,"Kunai":87,"PureWater":0,"InkBottle":25}],"InkBottle":[26]},"card_choices":[{"not_picked":["CrushJoints","ClearTheMind"],"picked":"Protect","floor":1.0},{"not_picked":["SandsOfTime","Halt"],"picked":"TalkToTheHand","floor":3.0},{"not_picked":["Evaluate","SandsOfTime"],"picked":"Consecrate","floor":4.0},{"not_picked":["TalkToTheHand","ReachHeaven"],"picked":"CutThroughFate","floor":5.0},{"not_picked":["Weave","EmptyMind"],"picked":"JustLucky","floor":7.0},{"not_picked":["ClearTheMind","CutThroughFate"],"picked":"Prostrate","floor":12.0},{"not_picked":["ForeignInfluence","Evaluate","DeceiveReality"],"picked":"SKIP","floor":14.0},{"not_picked":["Establishment","DeusExMachina"],"picked":"LessonLearned","floor":16.0},{"not_picked":["JustLucky","Consecrate"],"picked":"SandsOfTime+1","floor":18.0},{"not_picked":["FlurryOfBlows","MentalFortress+1"],"picked":"ClearTheMind","floor":20},{"not_picked":["SignatureMove","Weave","FlurryOfBlows"],"picked":"SKIP","floor":21},{"not_picked":["Adaptation+1","ClearTheMind"],"picked":"FearNoEvil+1","floor":22},{"not_picked":["BowlingBash","ThirdEye","Swivel+1"],"picked":"SKIP","floor":25},{"not_picked":["Wireheading","Consecrate","FollowUp"],"picked":"SKIP","floor":29},{"not_picked":["FlurryOfBlows","CrushJoints","CutThroughFate"],"picked":"SKIP","floor":30},{"not_picked":["SashWhip","DeceiveReality","Alpha"],"picked":"SKIP","floor":31},{"not_picked":["Consecrate","Protect+1"],"picked":"BowlingBash+1","floor":35}],"player_experience":592630,"relics_obtained":[{"floor":7.0,"key":"Vajra"},{"floor":8.0,"key":"InkBottle"},{"floor":9.0,"key":"Omamori"},{"floor":14.0,"key":"Bottled Tornado"},{"floor":24,"key":"Strawberry"},{"floor":26,"key":"Pear"},{"floor":37,"key":"Bird Faced Urn"}],"event_choices":[{"damage_healed":0.0,"max_hp_gain":0.0,"max_hp_loss":0.0,"gold_gain":0.0,"event_name":"Golden Idol","player_choice":"Take Wound","floor":2.0,"gold_loss":0.0,"damage_taken":0.0,"relics_obtained":["Golden Idol"],"cards_obtained":["Injury"]},{"cards_removed":["Injury"],"damage_healed":0.0,"max_hp_gain":0.0,"max_hp_loss":0.0,"gold_gain":0.0,"event_name":"Living Wall","player_choice":"Forget","floor":10.0,"gold_loss":0.0,"damage_taken":0.0},{"damage_healed":0,"gold_gain":100,"player_choice":"Bet on Murderer","damage_taken":0,"max_hp_gain":0,"max_hp_loss":0,"event_name":"The Joust","floor":19,"gold_loss":50},{"damage_healed":0,"gold_gain":0,"player_choice":"Fight","damage_taken":0,"max_hp_gain":0,"max_hp_loss":0,"event_name":"MindBloom","floor":37,"gold_loss":0}],"is_beta":false,"boss_relics":[{"not_picked":["SacredBark","Black Star"],"picked":"Empty Cage"},{"not_picked":["Philosopher\u0027s Stone","Sozu"],"picked":"HolyWater"}],"items_purged_floors":[28],"is_endless":false,"potions_floor_spawned":[4,5,7,18,22,25,31,38],"killed_by":"Nemesis","ascension_level":10}}