{"host":"bcpyscfajg8dk59p","time":1612542813,"event":{"mods":["Act Like it!","BaseMod","BetterRewards","Colored Map","Colored Powertips","Conspire","Downfall","Friendly Minions","Hubris","Infinite Spire","Ironclad Rager","Minty Spire (QoL Compilation)","Permanent Neow","Quarter Circle Forward PUNCH!","Replay The Spire","StSLib","SuperFastMode","The Jungle","Trackpad"],"gold_per_floor":[10,26,126,141,153,153,186,186,186,200,218,143,157,176,176,278,328,344,344,362,374,274,274,274,303,330,430,430,440,440,452,452,550,550,565,475,494,509,527,527,136,136,136,148,148,148,164,178,178,178],"floor_reached":51,"language":"ENG","playtime":5816,"items_purged":["downfall:Malfunctioning","Rampage","Twin Strike","Twin Strike"],"score":725,"play_id":"04fa1545-64c1-413d-9c60-a75836d24134","local_time":"20210205083333","is_ascension_mode":false,"campfire_choices":[{"data":"True Grit","floor":6.0,"key":"SMITH"},{"data":"ReplayReversal","floor":15.0,"key":"PURGE"},{"data":"Flex","floor":23.0,"key":"SMITH"},{"data":"Reaper","floor":28.0,"key":"SMITH"},{"data":"Pot Of Greed","floor":30.0,"key":"SMITH"},{"data":"hubris:Fate","floor":32.0,"key":"SMITH"},{"data":"Pot Of Greed","floor":40,"key":"SMITH"},{"data":"ReplayTheSpireMod:Muscle Training","floor":42,"key":"SMITH"},{"data":"infinitespire:Punishment","floor":46,"key":"SMITH"},{"floor":49,"key":"DIG"}],"circlet_count":0,"master_deck":["Twin Strike","Twin Strike","Twin Strike","Iron Wave","Iron Wave","Iron Wave+1","Iron Wave","Flex+1","Clash","Headbutt+1","True Grit+1","Pot Of Greed+1","Pot Of Greed+1","Spot Weakness","Thunderclap","hubris:SharpeningStone","Offering","Warcry+1","hubris:Fate+1","Reaper+1","Pot Of Greed+1","Bandage Up","Pummel","Panacea","Metallicize","Offering","Shockwave+1","Shrug It Off+1","Armaments+1","Flex+1","Violence","ReplayTheSpireMod:Muscle Training+1","Feel No Pain","Pot Of Greed","infinitespire:Punishment+1","Defy Death+1"],"relics":["Burning Blood","Replay:Bottled Steam","Grinning Jar","Replay:WaspNest","Tiny House","qcfpunch:Duffel_Bag","trackpad:Mousetrap","Smiling Mask","Coffee Dripper","trackpad:IceCube","hubris:MobiusCoin","hubris:Backtick","Counterbalance","BranchBurnRelic","Torii"],"acts_visited":["Exordium","TheCity","TheBeyond"],"potions_floor_usage":[50,50,50],"damage_taken":[{"damage":1.0,"enemies":"Jaw Worm","floor":1.0,"turns":3.0},{"damage":0.0,"enemies":"Cultist","floor":2.0,"turns":2.0},{"damage":5.0,"enemies":"Small Slimes","floor":4.0,"turns":3.0},{"damage":0.0,"enemies":"3 Louse","floor":5.0,"turns":2.0},{"damage":4.0,"enemies":"3 Sentries","floor":7.0,"turns":7.0},{"damage":4.0,"enemies":"2 Fungi Beasts","floor":10.0,"turns":2.0},{"damage":5.0,"enemies":"Looter","floor":11.0,"turns":2.0},{"damage":9.0,"enemies":"Gremlin Gang","floor":13.0,"turns":2.0},{"damage":2.0,"enemies":"Blue Slaver","floor":14.0,"turns":2.0},{"damage":42.0,"enemies":"Hexaghost","floor":16.0,"turns":5.0},{"damage":17.0,"enemies":"Shell Parasite","floor":18.0,"turns":3.0},{"damage":16.0,"enemies":"2 Thieves","floor":20.0,"turns":2.0},{"damage":10.0,"enemies":"Centurion and Healer","floor":21.0,"turns":4.0},{"damage":6.0,"enemies":"Gremlin Leader","floor":25.0,"turns":5.0},{"damage":26.0,"enemies":"3 Cultists","floor":29.0,"turns":6.0},{"damage":16.0,"enemies":"Cultist and Chosen","floor":31.0,"turns":2.0},{"damage":54.0,"enemies":"Automaton","floor":33.0,"turns":8.0},{"damage":16,"enemies":"3 Shapes","floor":35,"turns":2},{"damage":8,"enemies":"3 Darklings","floor":37,"turns":3},{"damage":9,"enemies":"Sphere and 2 Shapes","floor":38,"turns":4},{"damage":8,"enemies":"Transient","floor":39,"turns":5},{"damage":22,"enemies":"3 Darklings","floor":44,"turns":4},{"damage":8,"enemies":"4 Shapes","floor":47,"turns":2},{"damage":14,"enemies":"Transient","floor":48,"turns":5},{"damage":73,"enemies":"conspire:OrnateMirror","floor":50,"turns":9}],"seed_played":"2873046271383277699","potions_obtained":[{"floor":2.0,"key":"DistilledChaos"},{"floor":4.0,"key":"BloodPotion"},{"floor":10.0,"key":"hexamod:SoulburnPotion"},{"floor":20.0,"key":"Adrenaline Potion"},{"floor":25.0,"key":"Explosive Potion"},{"floor":33.0,"key":"BloodPotion"},{"floor":37,"key":"Toxic Potion"},{"floor":38,"key":"Adrenaline Potion"},{"floor":47,"key":"Dexterity Potion"}],"is_trial":false,"path_per_floor":["M","M","?","M","M","R","E","?","T","M","M","$","M","M","R_BF","B",null,"M","?","M","M","$","R","?","E","T","?","R","M","R","M","R","B",null,"M","?","M","M","M","R","$","R","T","M","AVR","R","M","M","R_BF","B",null],"character_chosen":"IRONCLAD","items_purchased":["Violence","ReplayTheSpireMod:Muscle Training","Feel No Pain"],"campfire_rested":0,"item_purchase_floors":[41,41,41],"current_hp_per_floor":[56,62,62,63,69,69,71,59,59,61,62,62,59,63,63,27,77,66,66,56,52,52,52,33,48,48,48,48,59,59,59,59,30,77,67,67,77,74,75,75,75,75,75,63,63,63,77,77,77,58],"gold":178,"neow_bonus":"IRONCLAD_BERSERKER","is_daily":false,"chose_seed":false,"campfire_upgraded":8,"win_rate":0.0,"timestamp":1612542813,"path_taken":["M","M","?","M","?","R","E","?","T","M","M","$","M","M","R_BF","BOSS","M","?","M","M","$","R","?","E","T","?","R","M","R","?","R","BOSS","M","?","M","M","M","R","$","R","T","M","AVR","R","?","M","R_BF","BOSS"],"items_purchased_type":["Card","Card","Card"],"build_version":"2020-12-22","purchased_purges":4,"victory":true,"max_hp_per_floor":[72,72,72,72,72,72,72,72,72,72,72,72,72,72,72,72,77,77,77,77,77,77,77,77,77,77,77,77,77,77,77,77,77,77,77,77,77,77,77,77,77,77,77,77,77,77,77,77,77,77],"card_choices":[{"not_picked":["Heavy Blade","Massacre"],"picked":"Flex","floor":1.0},{"not_picked":["Shrug It Off","Clothesline"],"picked":"Clash","floor":2.0},{"not_picked":["Dropkick","Power Through"],"picked":"Headbutt","floor":4.0},{"not_picked":["ReplayTheSpireMod:LeadingStrike","Carnage"],"picked":"True Grit","floor":5.0},{"not_picked":["Havoc","Hemokinesis"],"picked":"Rampage","floor":7.0},{"not_picked":["Armaments","Perfected Strike"],"picked":"ReplayReversal","floor":10.0},{"not_picked":["Power Through","Thunderclap"],"picked":"Spot Weakness","floor":11.0},{"not_picked":["Flex","conspire:ExplosiveBarrier"],"picked":"Thunderclap","floor":13.0},{"not_picked":["Perfected Strike","Corruption"],"picked":"hubris:SharpeningStone","floor":14.0},{"not_picked":["conspire:HitWhereItHurts","Fiend Fire"],"picked":"Offering","floor":16.0},{"not_picked":["Thunderclap+1","Sword Boomerang","Anger"],"picked":"SKIP","floor":18.0},{"not_picked":["Juggernaut","Pommel Strike+1","Inflame"],"picked":"SKIP","floor":20.0},{"not_picked":["Headbutt","Pommel Strike"],"picked":"Warcry+1","floor":21.0},{"not_picked":["ReplayTheSpireMod:??????????????????????","infinitespire:FutureSight"],"picked":"hubris:Fate","floor":24.0},{"not_picked":["Sentinel","Cleave"],"picked":"Reaper","floor":25.0},{"not_picked":[],"picked":"Bandage Up","floor":29.0},{"not_picked":["ReplayTheSpireMod:Strike From Hell+1","Armaments"],"picked":"Pummel","floor":29.0},{"not_picked":[],"picked":"Panacea","floor":31.0},{"not_picked":["Iron Wave","Perfected Strike+1"],"picked":"Metallicize","floor":31.0},{"not_picked":["Bludgeon","Corruption"],"picked":"Offering","floor":33.0},{"not_picked":["Warcry+1","Intimidate"],"picked":"Shockwave+1","floor":35},{"not_picked":["Iron Wave","Disarm"],"picked":"Shrug It Off+1","floor":37},{"not_picked":["Sword Boomerang","Perfected Strike+1"],"picked":"Armaments+1","floor":38},{"not_picked":["Reaper","Massacre"],"picked":"Flex+1","floor":39},{"not_picked":["Twin Strike","Headbutt+1","True Grit+1"],"picked":"SKIP","floor":44},{"not_picked":["Fiend Fire","Twin Strike","hubris:ReadiedAction"],"picked":"SKIP","floor":47},{"not_picked":["hubris:ReadiedAction+1","ReplayTheSpireMod:Muscle Training"],"picked":"Defy Death+1","floor":48}],"player_experience":435393,"relics_obtained":[{"floor":7.0,"key":"Replay:Bottled Steam"},{"floor":9.0,"key":"Replay:WaspNest"},{"floor":25.0,"key":"qcfpunch:Duffel_Bag"},{"floor":26.0,"key":"trackpad:Mousetrap"},{"floor":33.0,"key":"Smiling Mask"},{"floor":35,"key":"trackpad:IceCube"},{"floor":43,"key":"hubris:MobiusCoin"},{"floor":49,"key":"Torii"}],"event_choices":[{"damage_healed":0.0,"max_hp_gain":0.0,"max_hp_loss":0.0,"gold_gain":100.0,"event_name":"Golden Shrine","player_choice":"Pray","floor":3.0,"gold_loss":0.0,"damage_taken":0.0},{"damage_healed":0.0,"max_hp_gain":0.0,"max_hp_loss":0.0,"gold_gain":0.0,"event_name":"Scrap Ooze","player_choice":"Success","floor":8.0,"gold_loss":0.0,"damage_taken":12.0,"relics_obtained":["Grinning Jar"]},{"damage_healed":0.0,"max_hp_gain":0.0,"max_hp_loss":0.0,"gold_gain":100.0,"event_name":"Golden Shrine","player_choice":"Pray","floor":27.0,"gold_loss":0.0,"damage_taken":0.0},{"cards_removed":["Bash"],"damage_healed":0,"gold_gain":0,"player_choice":"Upgrade and Remove","damage_taken":0,"max_hp_gain":0,"max_hp_loss":0,"event_name":"Designer","floor":36,"gold_loss":90,"cards_upgraded":["Headbutt"]}],"is_beta":false,"boss_relics":[{"not_picked":["Runic Cube","hubris:Stopwatch"],"picked":"Tiny House"},{"not_picked":["hubris:TerracottaHorce","trackpad:Trackpad"],"picked":"Coffee Dripper"}],"items_purged_floors":[12,22,41,45],"is_endless":false,"potions_floor_spawned":[2,4,10,16,20,25,33,37,38,47],"ascension_level":0}}