{"host":"vlqejv0notyktumz","time":1612550430,"event":{"mods":["AchievementEnabler","BaseMod","Colored Map","Colored Powertips","Downfall","Googly Eyes","Minty Spire (QoL Compilation)","StSLib"],"gold_per_floor":[115,65,84,98,173,173,206,206,229,229,229,249,269,287,287,387,387,327,169,69,69,69,69],"floor_reached":22,"language":"ENG","playtime":466,"items_purged":["Strike_B","Strike_B"],"score":279,"play_id":"e2a75168-5881-4440-a7fb-0270cd54b8f9","local_time":"20210205124030","is_ascension_mode":true,"campfire_choices":[{"data":"Hologram","floor":6,"key":"SMITH"},{"floor":8,"key":"REST"},{"data":"Gash","floor":10,"key":"SMITH"},{"floor":15,"key":"REST"}],"circlet_count":0,"master_deck":["AscendersBane","Defend_B","Defend_B","Defend_B","Defend_B","Zap","Dualcast","Hologram+1","Gash+1","Gash","Steam","Buffer","Conserve Battery","Go for the Eyes","Buffer","Bandage Up"],"relics":["Cracked Core","NeowsBlessing","Lantern","PreservedInsect","Ectoplasm"],"acts_visited":["Exordium","TheCity"],"potions_floor_usage":[16],"damage_taken":[{"damage":0,"enemies":"Jaw Worm","floor":1,"turns":1},{"damage":0,"enemies":"2 Louse","floor":3,"turns":1},{"damage":0,"enemies":"Cultist","floor":4,"turns":1},{"damage":48,"enemies":"Gremlin Nob","floor":7,"turns":5},{"damage":13,"enemies":"Exordium Wildlife","floor":12,"turns":4},{"damage":8,"enemies":"Red Slaver","floor":13,"turns":4},{"damage":1,"enemies":"Exordium Thugs","floor":14,"turns":6},{"damage":15,"enemies":"Slime Boss","floor":16,"turns":12},{"damage":20,"enemies":"2 Thieves","floor":18,"turns":4},{"damage":26,"enemies":"Spheric Guardian","floor":21,"turns":6},{"damage":2,"enemies":"3 Cultists","floor":22,"turns":3}],"seed_played":"-5512902821139769142","potions_obtained":[{"floor":12,"key":"Energy Potion"},{"floor":13,"key":"bronze:BurnAndBuffPotion"},{"floor":14,"key":"Regen Potion"}],"is_trial":false,"path_per_floor":["M","?","M","M","?","R","E","R","T","R","?","M","M","M","R","B",null,"M","$","$","M","M"],"character_chosen":"DEFECT","items_purchased":["Bandage Up"],"campfire_rested":2,"item_purchase_floors":[19],"current_hp_per_floor":[68,68,68,68,57,57,9,31,31,31,31,18,10,9,31,31,64,44,44,44,22,24,24],"gold":69,"neow_bonus":"THREE_ENEMY_KILL","is_daily":false,"chose_seed":false,"campfire_upgraded":2,"win_rate":0.0,"timestamp":1612550430,"path_taken":["M","?","M","M","?","R","E","R","T","R","?","M","M","M","R","BOSS","M","?","$","M","M"],"items_purchased_type":["Card"],"build_version":"2020-12-22","purchased_purges":2,"victory":false,"max_hp_per_floor":[75,75,75,75,75,75,75,75,75,75,75,75,75,75,75,75,75,75,75,75,75,75,75],"card_choices":[{"not_picked":["Steam","Undo"],"picked":"Hologram","floor":1},{"not_picked":["Go for the Eyes","BootSequence"],"picked":"Gash","floor":3},{"not_picked":["Conserve Battery","BootSequence"],"picked":"Gash","floor":4},{"not_picked":["Rebound","Tempest"],"picked":"Steam","floor":7},{"not_picked":["Stack","Streamline"],"picked":"Buffer","floor":12},{"not_picked":["Compile Driver","White Noise"],"picked":"Conserve Battery","floor":13},{"not_picked":["Tempest","Double Energy"],"picked":"Go for the Eyes","floor":14},{"not_picked":["Electrodynamics","Amplify"],"picked":"Buffer","floor":16},{"not_picked":["Capacitor","Conserve Battery","Rip and Tear"],"picked":"SKIP","floor":18},{"not_picked":["Compile Driver","Sweeping Beam+1","Go for the Eyes"],"picked":"SKIP","floor":21}],"player_experience":395454,"relics_obtained":[{"floor":7,"key":"Lantern"},{"floor":9,"key":"PreservedInsect"}],"event_choices":[{"cards_removed":["Strike_B"],"damage_healed":0,"gold_gain":0,"player_choice":"Card Removal","damage_taken":0,"max_hp_gain":0,"max_hp_loss":0,"event_name":"The Cleric","floor":2,"gold_loss":50},{"damage_healed":0,"gold_gain":75,"player_choice":"Gather Gold","damage_taken":11,"max_hp_gain":0,"max_hp_loss":0,"event_name":"World of Goop","floor":5,"gold_loss":0},{"cards_removed":["Strike_B"],"damage_healed":0,"gold_gain":0,"player_choice":"Offered Basic","damage_taken":0,"max_hp_gain":0,"max_hp_loss":0,"event_name":"Bonfire Elementals","floor":11,"gold_loss":0}],"is_beta":false,"boss_relics":[{"not_picked":["bronze:MakeshiftBattery","Fusion Hammer"],"picked":"Ectoplasm"}],"items_purged_floors":[19,20],"is_endless":false,"potions_floor_spawned":[12,13,14],"killed_by":"3 Cultists","ascension_level":10}}