{"host":"tiae438045px9krq","time":1612497183,"event":{"mods":["BaseMod","Hunter ??","Minty Spire (QoL Compilation)","Robot Space Explorer","StSLib","The Death Knight","The Dragon Tamer","The Jungle","The Marked"],"gold_per_floor":[143,156,331,345,391,421,421,463,463,479,499,74,94,94,94,224,224,240,240,240],"floor_reached":19,"language":"ENG","playtime":1080,"items_purged":[],"score":223,"play_id":"6a0c927e-bd19-4ca3-9992-6f52fc70786e","local_time":"20210205035303","is_ascension_mode":false,"campfire_choices":[{"floor":7,"key":"REST"},{"floor":15,"key":"REST"}],"circlet_count":0,"master_deck":["Strike_Giant","Strike_Giant","Defend_Giant","Defend_Giant","Defend_Giant","Defend_Giant","CultistPetCall","EagleFirst","EagleFirst","EagleSecond","Seek Combo","Trace_Giant","Doubt","Bloody Giant","Mana Growth","HealerPetCall","GremlinTsunderePetCall","ByrdPetCall","Combo Recycle","EagleThird","EagleSecond","Spirit Of Beast","Decay","GhostForm_Giant","Clone Minion+1"],"relics":["GiantSoulBox","Toy Ornithopter","Pear","Vajra","Orichalcum","GiantSoulStone"],"acts_visited":["Exordium","TheCity"],"potions_floor_usage":[6,11,11],"damage_taken":[{"damage":6,"enemies":"Jaw Worm","floor":1,"turns":3},{"damage":0,"enemies":"2 Louse","floor":2,"turns":2},{"damage":6,"enemies":"Cultist","floor":4,"turns":4},{"damage":4,"enemies":"Exordium Thugs","floor":5,"turns":4},{"damage":47,"enemies":"Gremlin Nob","floor":6,"turns":5},{"damage":29,"enemies":"Large Slime","floor":8,"turns":9},{"damage":24,"enemies":"2 Fungi Beasts","floor":10,"turns":5},{"damage":40,"enemies":"Exordium Wildlife","floor":11,"turns":6},{"damage":2,"enemies":"Exordium Thugs","floor":13,"turns":3},{"damage":33,"enemies":"Slime Boss","floor":16,"turns":7},{"damage":31,"enemies":"Chosen","floor":18,"turns":7},{"damage":5,"enemies":"Spheric Guardian","floor":19,"turns":2}],"seed_played":"-1528225185806462530","potions_obtained":[{"floor":1,"key":"AttackPotion"},{"floor":2,"key":"SteroidPotion"},{"floor":5,"key":"Swift Potion"},{"floor":10,"key":"SteroidPotion"},{"floor":16,"key":"FearPotion"},{"floor":18,"key":"ColorlessPotion"}],"is_trial":false,"path_per_floor":["M","M","?","M","M","E","R","M","T","M","M","$","M","?","R","B",null,"M","M"],"character_chosen":"Giant","items_purchased":["Vajra","EagleThird","Orichalcum","EagleSecond"],"campfire_rested":2,"item_purchase_floors":[12,12,12,12],"current_hp_per_floor":[65,65,65,59,66,25,47,41,51,42,30,30,34,34,61,57,96,81,76,76],"gold":240,"neow_bonus":"TEN_PERCENT_HP_BONUS","is_daily":false,"chose_seed":false,"campfire_upgraded":0,"win_rate":0.0,"timestamp":1612497183,"path_taken":["M","M","?","M","M","E","R","M","T","M","M","$","M","?","R","BOSS","M","?"],"items_purchased_type":["Relic","Card","Relic","Card"],"build_version":"2020-12-22","purchased_purges":0,"victory":false,"max_hp_per_floor":[71,71,71,71,76,76,76,81,91,91,91,91,91,91,91,96,96,96,96,96],"card_choices":[{"not_picked":["Sacrifice Summons","Combo Defend"],"picked":"Seek Combo","floor":1},{"not_picked":["LeftHookFist","Spirit Of Beast"],"picked":"Trace_Giant","floor":2},{"not_picked":["Combo Defend","TakeAction_Giant"],"picked":"Bloody Giant","floor":4},{"not_picked":["TakeAction_Giant","Combo Defend"],"picked":"Mana Growth","floor":5},{"not_picked":["Struggle Attack","Death Explode"],"picked":"HealerPetCall","floor":6},{"not_picked":["Seek Pet","Drunk Grant"],"picked":"GremlinTsunderePetCall","floor":8},{"not_picked":["Recover HP","Commander_Giant"],"picked":"ByrdPetCall","floor":10},{"not_picked":["Burning Pact Giant","Revenge Attack"],"picked":"Combo Recycle","floor":11},{"not_picked":["Trace_Giant","SpikerPetCall"],"picked":"Spirit Of Beast","floor":13},{"not_picked":["BattleMaster_Giant","SnakeForm"],"picked":"GhostForm_Giant","floor":16},{"not_picked":["Revenge Attack","Infinite Combo"],"picked":"Clone Minion+1","floor":18}],"player_experience":126488,"relics_obtained":[{"floor":6,"key":"Toy Ornithopter"},{"floor":9,"key":"Pear"},{"floor":16,"key":"GiantSoulStone"}],"event_choices":[{"damage_healed":0,"gold_gain":175,"player_choice":"AGREE","damage_taken":0,"max_hp_gain":0,"max_hp_loss":0,"event_name":"Liars Game","floor":3,"gold_loss":0,"cards_obtained":["Doubt"]},{"damage_healed":0,"gold_gain":0,"player_choice":"Cursed","damage_taken":0,"max_hp_gain":0,"max_hp_loss":0,"event_name":"Wheel of Change","floor":14,"gold_loss":0,"cards_obtained":["Decay"]}],"is_beta":false,"boss_relics":[{"not_picked":["SacredBark","Philosopher\u0027s Stone","Snecko Eye"]}],"items_purged_floors":[],"is_endless":false,"potions_floor_spawned":[1,2,5,10,16,18],"killed_by":"Spheric Guardian","ascension_level":0}}