{"host":"u0hb5we0hmj7y3yv","time":1612537338,"event":{"mods":["BaseMod","Colored Powertips","Conspire","KinomotoSakuraMod(Ä¾Ö®±¾Ó£)","Minty Spire (QoL Compilation)"],"gold_per_floor":[112,127,127,146,3,36,36,61,135,149,149,160,185,201,201,303,303,318,131,144,163,123,151,151,169,169,197,207,233,245,245,245,344,344,355,104,118,129,129,157,0,38,50,62,107,131,143,155,167,179,191,203,15,47,47],"floor_reached":56,"language":"ZHS","playtime":3275,"items_purged":["ClowCardTheShield","ClowCardTheShield","ClowCardTheSword"],"score":2052,"play_id":"54ce8c75-3bde-4ef2-bff5-fab2b7f6da54","local_time":"20210205230218","is_ascension_mode":true,"campfire_choices":[{"data":"ClowCardTheMove","floor":7.0,"key":"SMITH"},{"data":"ClowCardTheFirey","floor":11.0,"key":"SMITH"},{"floor":15.0,"key":"DIG"},{"floor":24,"key":"DIG"},{"floor":32,"key":"DIG"},{"floor":47,"key":"RECALL"},{"floor":49,"key":"DIG"},{"floor":52,"key":"DIG"}],"circlet_count":0,"master_deck":["ClowCardTheSnow","ClowCardTheDash","ClowCardTheTime","SakuraCardTheMirror+","ClowCardTheTwin","ClowCardTheTwin","ClowCardTheFlower","ClowCardTheBig","ClowCardTheDark","SakuraCardTheEarthy+","ClowCardTheFloat","ClowCardTheEarthy+1","ClowCardTheRain","SakuraCardTheSword+","ClowCardTheSword","ClowCardTheShield","SpellCardSeal","SpellCardRelease","ClowCardTheSleep+1","ClowCardTheFirey+1","ClowCardTheMove+1","ClowCardTheDash","ClowCardTheLight","ClowCardTheSweet","ClowCardTheMove","ClowCardTheGlow","ClowCardTheWave","ClowCardTheFlower+1","ClowCardTheTime","ClowCardTheFight+1","ClowCardTheSweet+1","ClowCardTheDash+1","ClowCardTheTwin","ClowCardTheWave","ClowCardTheMirror+1"],"relics":["KSMOD_SealedBook","KSMOD_SealedWand","Shovel","Boot","Omamori","KSMOD_RollerSkates","KSMOD_Compass","Tiny Chest","conspire:Boomerang","Singing Bowl","Fusion Hammer","conspire:DecoderRing","Ancient Tea Set","Bird Faced Urn","War Paint","Gambling Chip","Bottled Tornado","Astrolabe","DollysMirror","Bottled Lightning","MawBank","Red Mask","Blue Candle","Girya","Dream Catcher","Letter Opener","Thread and Needle","conspire:Dentures","Art of War"],"acts_visited":["TheCity","TheBeyond","TheEnding"],"potions_floor_usage":[29,29,45,55,55,55],"damage_taken":[{"damage":3.0,"enemies":"2 Louse","floor":1.0,"turns":3.0},{"damage":7.0,"enemies":"Small Slimes","floor":2.0,"turns":3.0},{"damage":0.0,"enemies":"Cultist","floor":4.0,"turns":4.0},{"damage":7.0,"enemies":"3 Sentries","floor":6.0,"turns":9.0},{"damage":15.0,"enemies":"Lagavulin","floor":8.0,"turns":3.0},{"damage":0.0,"enemies":"Looter","floor":10.0,"turns":2.0},{"damage":0.0,"enemies":"Blue Slaver","floor":12.0,"turns":2.0},{"damage":10.0,"enemies":"3 Sentries","floor":13.0,"turns":3.0},{"damage":1.0,"enemies":"Gremlin Gang","floor":14.0,"turns":3.0},{"damage":0.0,"enemies":"Slime Boss","floor":16.0,"turns":9.0},{"damage":0,"enemies":"Shell Parasite","floor":18,"turns":1},{"damage":2,"enemies":"3 Byrds","floor":20,"turns":3},{"damage":0,"enemies":"Snake Plant","floor":21,"turns":2},{"damage":0,"enemies":"Gremlin Leader","floor":23,"turns":3},{"damage":0,"enemies":"Sentry and Sphere","floor":25,"turns":3},{"damage":34,"enemies":"Slavers","floor":27,"turns":4},{"damage":18,"enemies":"Shelled Parasite and Fungi","floor":28,"turns":5},{"damage":0,"enemies":"Gremlin Leader","floor":29,"turns":4},{"damage":0,"enemies":"Snecko","floor":30,"turns":3},{"damage":3,"enemies":"Champ","floor":33,"turns":4},{"damage":0,"enemies":"3 Darklings","floor":35,"turns":3},{"damage":22,"enemies":"3 Shapes","floor":37,"turns":3},{"damage":19,"enemies":"3 Darklings","floor":38,"turns":4},{"damage":0,"enemies":"Giant Head","floor":40,"turns":4},{"damage":0,"enemies":"Reptomancer","floor":42,"turns":3},{"damage":0,"enemies":"Nemesis","floor":45,"turns":3},{"damage":3,"enemies":"Writhing Mass","floor":46,"turns":6},{"damage":20,"enemies":"Donu and Deca","floor":50,"turns":6},{"damage":0,"enemies":"Shield and Spear","floor":54,"turns":2},{"damage":35,"enemies":"The Heart","floor":55,"turns":9}],"seed_played":"9133336769778635026","potions_obtained":[{"floor":1.0,"key":"EntropicBrew"},{"floor":6.0,"key":"LiquidMemories"},{"floor":8.0,"key":"GamblersBrew"},{"floor":12.0,"key":"Strength Potion"},{"floor":20,"key":"CultistPotion"},{"floor":22,"key":"Swift Potion"},{"floor":22,"key":"Dexterity Potion"},{"floor":23,"key":"Swift Potion"},{"floor":29,"key":"DistilledChaos"},{"floor":33,"key":"ColorlessPotion"},{"floor":46,"key":"DistilledChaos"}],"is_trial":false,"path_per_floor":["M","M","?","M","$","E","R","E","T","M","R","M","E","M","R","B",null,"M","$","M","M","?","E","R","M","T","E","M","E","M","?","R","B",null,"M","$","M","M","T","E","?","E","T","T","E","M","R","$","R","B",null,"R","$","E","B",null],"character_chosen":"KINOMOTOSAKURA","items_purchased":["Boot","ClowCardTheSweet","ClowCardTheMove","DollysMirror","LiquidMemories"],"campfire_rested":0,"item_purchase_floors":[5,19,19,36,53],"current_hp_per_floor":[60,53,41,41,41,34,34,19,19,19,19,19,9,8,8,8,55,57,57,60,62,62,62,62,64,64,42,43,60,69,69,69,82,82,84,84,82,86,86,88,88,90,90,90,92,92,92,92,92,92,92,92,92,94,94],"gold":47,"neow_bonus":"REMOVE_CARD","is_daily":false,"chose_seed":false,"campfire_upgraded":2,"win_rate":0.0,"timestamp":1612537338,"path_taken":["M","M","?","M","$","E","R","E","T","M","R","M","E","M","R","BOSS","M","$","M","M","?","E","R","?","T","E","M","E","M","?","R","BOSS","M","$","M","M","?","E","?","E","T","?","E","M","R","?","R","BOSS","R","$","E","BOSS"],"items_purchased_type":["Relic","Card","Card","Relic","Potion"],"build_version":"2020-12-22","purchased_purges":3,"victory":true,"max_hp_per_floor":[70,70,70,70,70,70,70,70,70,70,70,70,70,70,70,70,70,72,72,72,74,74,74,74,76,76,78,78,80,82,82,82,82,82,84,84,86,86,86,88,88,90,90,90,92,92,92,92,92,92,92,92,92,94,94],"card_choices":[{"not_picked":["ClowCardTheMirror","ClowCardTheIllusion"],"picked":"ClowCardTheSleep","floor":1.0},{"not_picked":["ClowCardTheWood","ClowCardTheSand"],"picked":"ClowCardTheFirey","floor":2.0},{"not_picked":["ClowCardTheSnow","ClowCardTheVoice"],"picked":"ClowCardTheMirror","floor":4.0},{"not_picked":["ClowCardTheIllusion","ClowCardTheTime"],"picked":"ClowCardTheMove","floor":6.0},{"not_picked":["ClowCardTheDream","ClowCardTheErase"],"picked":"ClowCardTheDash","floor":8.0},{"not_picked":["ClowCardTheMirror","ClowCardTheMaze","ClowCardTheCloud"],"picked":"SKIP","floor":10.0},{"not_picked":["ClowCardTheMaze","ClowCardTheChange"],"picked":"ClowCardTheCreate","floor":12.0},{"not_picked":["ClowCardTheWood","ClowCardTheLoop"],"picked":"ClowCardTheArrow","floor":13.0},{"not_picked":["ClowCardTheSong","ClowCardTheFly","ClowCardTheStorm"],"picked":"SKIP","floor":14.0},{"not_picked":["ClowCardTheReturn","ClowCardTheFight"],"picked":"ClowCardTheLight","floor":16.0},{"not_picked":["ClowCardTheStorm","ClowCardTheArrow","ClowCardTheSleep+1"],"picked":"Singing Bowl","floor":18},{"not_picked":["ClowCardTheWindy","ClowCardTheChange+1"],"picked":"ClowCardTheGlow","floor":20},{"not_picked":["ClowCardTheWatery","ClowCardTheSleep","ClowCardTheMist"],"picked":"Singing Bowl","floor":21},{"not_picked":["ClowCardTheLock+1","ClowCardTheDream"],"picked":"ClowCardTheWave","floor":23},{"not_picked":["ClowCardTheMaze","ClowCardTheWindy","ClowCardTheSilent"],"picked":"Singing Bowl","floor":25},{"not_picked":["ClowCardTheWatery","ClowCardTheSand","ClowCardTheChange"],"picked":"Singing Bowl","floor":27},{"not_picked":["ClowCardTheEarthy","ClowCardTheSleep"],"picked":"ClowCardTheFlower+1","floor":28},{"not_picked":["ClowCardTheMaze+1","ClowCardTheGlow","ClowCardTheLibra"],"picked":"Singing Bowl","floor":29},{"not_picked":["ClowCardTheBig","ClowCardTheRain","ClowCardTheShot"],"picked":"Singing Bowl","floor":30},{"not_picked":["ClowCardTheCreate","ClowCardTheFight"],"picked":"ClowCardTheTime","floor":33},{"not_picked":["ClowCardTheCloud","ClowCardTheSong","ClowCardTheSand+1"],"picked":"Singing Bowl","floor":35},{"not_picked":["ClowCardTheMist","ClowCardTheLock","ClowCardTheJump"],"picked":"Singing Bowl","floor":37},{"not_picked":["ClowCardTheGlow+1","ClowCardTheShot+1"],"picked":"ClowCardTheWave","floor":38},{"not_picked":["ClowCardTheFreeze","ClowCardTheLock+1","ClowCardTheFirey+1"],"picked":"Singing Bowl","floor":40},{"not_picked":["ClowCardTheStorm+1","ClowCardTheGlow+1","ClowCardTheLibra"],"picked":"Singing Bowl","floor":42},{"not_picked":["ClowCardTheFirey+1","ClowCardTheThrough","ClowCardTheWood+1"],"picked":"Singing Bowl","floor":45},{"not_picked":["ClowCardTheSand","ClowCardTheWood"],"picked":"ClowCardTheMirror+1","floor":46},{"not_picked":["ClowCardTheReturn","ClowCardTheJump","ClowCardTheChange"],"picked":"Singing Bowl","floor":54}],"player_experience":86917,"relics_obtained":[{"floor":6.0,"key":"Omamori"},{"floor":8.0,"key":"KSMOD_RollerSkates"},{"floor":9.0,"key":"KSMOD_Compass"},{"floor":13.0,"key":"Tiny Chest"},{"floor":15.0,"key":"conspire:Boomerang"},{"floor":16.0,"key":"Singing Bowl"},{"floor":23,"key":"conspire:DecoderRing"},{"floor":24,"key":"Ancient Tea Set"},{"floor":26,"key":"Bird Faced Urn"},{"floor":27,"key":"War Paint"},{"floor":29,"key":"Gambling Chip"},{"floor":32,"key":"Bottled Tornado"},{"floor":39,"key":"Bottled Lightning"},{"floor":40,"key":"MawBank"},{"floor":42,"key":"Blue Candle"},{"floor":44,"key":"Girya"},{"floor":45,"key":"Dream Catcher"},{"floor":45,"key":"Letter Opener"},{"floor":49,"key":"Thread and Needle"},{"floor":52,"key":"conspire:Dentures"},{"floor":54,"key":"Art of War"}],"event_choices":[{"damage_healed":0.0,"max_hp_gain":0.0,"max_hp_loss":0.0,"gold_gain":0.0,"event_name":"Scrap Ooze","player_choice":"Success","floor":3.0,"gold_loss":0.0,"damage_taken":12.0,"relics_obtained":["Shovel"]},{"damage_healed":0,"gold_gain":0,"player_choice":"Bought 3 Potions","damage_taken":0,"max_hp_gain":0,"max_hp_loss":0,"event_name":"The Woman in Blue","floor":22,"gold_loss":0},{"damage_healed":0,"gold_gain":0,"player_choice":"Ignored","damage_taken":0,"max_hp_gain":0,"max_hp_loss":0,"event_name":"Vampires","floor":31,"gold_loss":0},{"damage_healed":0,"gold_gain":0,"player_choice":"Paid","damage_taken":0,"relics_obtained":["Red Mask"],"max_hp_gain":0,"max_hp_loss":0,"event_name":"Tomb of Lord Red Mask","floor":41,"gold_loss":169}],"is_beta":false,"boss_relics":[{"not_picked":["Calling Bell","Tiny House"],"picked":"Fusion Hammer"},{"not_picked":["SlaversCollar","Busted Crown"],"picked":"Astrolabe"}],"items_purged_floors":[19,36,53],"is_endless":false,"potions_floor_spawned":[1,6,8,12,20,23,28,29,33,37,40,42,46,54],"ascension_level":7}}