{"host":"n4fty02wqqi95laq","time":1612498665,"event":{"mods":["BaseMod","Highlight Path","Minty Spire (QoL Compilation)","Quick Restart","Rare Cards Sparkle","StSLib"],"gold_per_floor":[114,39,39,52,72,72,101,101,101,119,119,119,149,125,125,200,200,217,217,217,142,142,174,174,190,214,230,264,282,17,33,33,110,110,126,1,1,18,32,32,32,32],"floor_reached":41,"language":"ZHS","playtime":1579,"items_purged":["Strike_G","Dagger Throw+1","Skewer+1"],"score":903,"play_id":"76b834db-8118-4307-aa9e-faf2a9f44517","local_time":"20210205121745","is_ascension_mode":true,"campfire_choices":[{"data":"Skewer","floor":6.0,"key":"SMITH"},{"data":"Neutralize","floor":8.0,"key":"SMITH"},{"data":"All Out Attack","floor":11.0,"key":"SMITH"},{"data":"Blade Dance","floor":15.0,"key":"SMITH"},{"data":"Accuracy","floor":24.0,"key":"SMITH"},{"data":"Acrobatics","floor":32.0,"key":"SMITH"},{"data":"Well Laid Plans","floor":40.0,"key":"SMITH"}],"circlet_count":0,"master_deck":["AscendersBane","Defend_G","Defend_G","Defend_G","Defend_G","Defend_G","Survivor","Neutralize+1","Backflip","All Out Attack+1","After Image","Acrobatics+1","Blade Dance+1","Burst","Calculated Gamble+1","Deadly Poison+1","Backstab+1","Accuracy+1","Terror","Footwork","Grand Finale","Escape Plan","Madness","Madness","Well Laid Plans+1"],"relics":["Ring of the Snake","TungstenRod","Singing Bowl","Letter Opener","Paper Crane","Astrolabe","Orichalcum","Nunchaku","SlaversCollar"],"acts_visited":["Exordium","TheCity","TheBeyond"],"potions_floor_usage":[41],"damage_taken":[{"damage":0.0,"enemies":"Small Slimes","floor":1.0,"turns":5.0},{"damage":2.0,"enemies":"Cultist","floor":4.0,"turns":4.0},{"damage":0.0,"enemies":"Jaw Worm","floor":5.0,"turns":4.0},{"damage":17.0,"enemies":"3 Sentries","floor":7.0,"turns":9.0},{"damage":2.0,"enemies":"3 Louse","floor":10.0,"turns":3.0},{"damage":5.0,"enemies":"Gremlin Nob","floor":13.0,"turns":3.0},{"damage":19.0,"enemies":"The Guardian","floor":16.0,"turns":14.0},{"damage":10.0,"enemies":"Shell Parasite","floor":18.0,"turns":4.0},{"damage":8.0,"enemies":"Slavers","floor":23.0,"turns":4.0},{"damage":7.0,"enemies":"3 Byrds","floor":25.0,"turns":4.0},{"damage":0.0,"enemies":"Centurion and Healer","floor":27.0,"turns":5.0},{"damage":9.0,"enemies":"Book of Stabbing","floor":28.0,"turns":5.0},{"damage":4.0,"enemies":"Sentry and Sphere","floor":29.0,"turns":3.0},{"damage":2.0,"enemies":"Chosen and Byrds","floor":31.0,"turns":6.0},{"damage":23.0,"enemies":"Champ","floor":33.0,"turns":13.0},{"damage":5.0,"enemies":"Orb Walker","floor":35.0,"turns":3.0},{"damage":12.0,"enemies":"3 Shapes","floor":38.0,"turns":5.0},{"damage":9.0,"enemies":"Maw","floor":39.0,"turns":7.0},{"damage":17,"enemies":"3 Darklings","floor":41,"turns":3}],"seed_played":"1652723813268887612","potions_obtained":[{"floor":1.0,"key":"DuplicationPotion"},{"floor":7.0,"key":"SpeedPotion"},{"floor":10.0,"key":"ColorlessPotion"},{"floor":16.0,"key":"SmokeBomb"},{"floor":18.0,"key":"LiquidMemories"},{"floor":25.0,"key":"Regen Potion"},{"floor":27.0,"key":"Ancient Potion"},{"floor":33.0,"key":"SpeedPotion"},{"floor":39.0,"key":"Dexterity Potion"}],"is_trial":false,"path_per_floor":["M","?","?","M","M","R","E","R","T","M","R","?","E","$","R","B",null,"M","?","?","$","?","E","R","M","T","M","E","M","$","M","R","B",null,"M","$","?","M","M","R","M"],"character_chosen":"THE_SILENT","items_purchased":["Blade Dance","Terror","Footwork"],"campfire_rested":0,"item_purchase_floors":[14,30,30],"current_hp_per_floor":[44,44,44,42,42,42,25,25,25,23,23,45,40,40,40,21,55,47,47,29,29,29,23,23,18,18,35,28,26,26,26,26,3,65,60,60,46,36,27,27,10,10],"gold":32,"neow_bonus":"ONE_RARE_RELIC","is_daily":false,"chose_seed":false,"campfire_upgraded":7,"win_rate":0.0,"timestamp":1612498665,"path_taken":["M","?","?","M","M","R","E","R","T","?","R","?","E","$","R","BOSS","M","?","?","$","?","E","R","M","T","M","E","M","$","M","R","BOSS","M","$","?","M","M","R","M"],"items_purchased_type":["Card","Card","Card"],"build_version":"2020-12-22","purchased_purges":3,"victory":false,"max_hp_per_floor":[66,66,66,66,66,66,66,66,66,66,66,66,66,66,66,66,66,68,68,73,73,73,75,75,77,77,79,81,83,83,85,85,85,85,85,85,85,87,87,87,87,87],"card_choices":[{"not_picked":["Finisher","Bane"],"picked":"Dagger Throw","floor":1.0},{"not_picked":["Dagger Throw","Heel Hook"],"picked":"Skewer","floor":4.0},{"not_picked":["Blur","Quick Slash"],"picked":"Backflip","floor":5.0},{"not_picked":["Deflect","Masterful Stab"],"picked":"All Out Attack","floor":7.0},{"not_picked":["Sucker Punch","Dagger Spray"],"picked":"After Image","floor":10.0},{"not_picked":["Quick Slash","Dodge and Roll"],"picked":"Acrobatics","floor":13.0},{"not_picked":["Unload","Corpse Explosion"],"picked":"Burst","floor":16.0},{"not_picked":["PiercingWail","Flechettes","Dagger Spray"],"picked":"Singing Bowl","floor":18.0},{"not_picked":["Outmaneuver","Corpse Explosion","Calculated Gamble"],"picked":"Singing Bowl","floor":23.0},{"not_picked":["Flying Knee","Bane","Quick Slash"],"picked":"Singing Bowl","floor":25.0},{"not_picked":["Endless Agony","Blade Dance+1","Distraction"],"picked":"Singing Bowl","floor":27.0},{"not_picked":["Caltrops","Choke","Skewer"],"picked":"Singing Bowl","floor":28.0},{"not_picked":["All Out Attack+1","Slice","Bane"],"picked":"Singing Bowl","floor":29.0},{"not_picked":["All Out Attack","Bouncing Flask","Slice"],"picked":"Singing Bowl","floor":31.0},{"not_picked":["Venomology","Tools of the Trade"],"picked":"Grand Finale","floor":33.0},{"not_picked":["Calculated Gamble+1","Underhanded Strike"],"picked":"Escape Plan","floor":35.0},{"not_picked":["PiercingWail","Distraction","Infinite Blades+1"],"picked":"Singing Bowl","floor":38.0},{"not_picked":["Dagger Spray","Masterful Stab+1"],"picked":"Well Laid Plans","floor":39.0}],"player_experience":703940,"relics_obtained":[{"floor":7.0,"key":"Singing Bowl"},{"floor":9.0,"key":"Letter Opener"},{"floor":13.0,"key":"Paper Crane"},{"floor":23.0,"key":"Orichalcum"},{"floor":28.0,"key":"Nunchaku"}],"event_choices":[{"cards_removed":["Strike_G"],"damage_healed":0.0,"max_hp_gain":0.0,"max_hp_loss":0.0,"gold_gain":0.0,"event_name":"The Cleric","player_choice":"Card Removal","floor":2.0,"gold_loss":75.0,"damage_taken":0.0},{"damage_healed":0.0,"max_hp_gain":0.0,"max_hp_loss":0.0,"gold_gain":0.0,"event_name":"Upgrade Shrine","player_choice":"Upgraded","floor":3.0,"gold_loss":0.0,"damage_taken":0.0,"cards_upgraded":["Dagger Throw"]},{"damage_healed":22.0,"max_hp_gain":0.0,"max_hp_loss":0.0,"gold_gain":0.0,"event_name":"Big Fish","player_choice":"Banana","floor":12.0,"gold_loss":0.0,"damage_taken":0.0},{"damage_healed":0.0,"max_hp_gain":0.0,"max_hp_loss":0.0,"gold_gain":0.0,"event_name":"The Mausoleum","player_choice":"Ignored","floor":19.0,"gold_loss":0.0,"damage_taken":0.0},{"damage_healed":0.0,"max_hp_gain":5.0,"max_hp_loss":0.0,"gold_gain":0.0,"event_name":"Forgotten Altar","player_choice":"Shed Blood","floor":20.0,"gold_loss":0.0,"damage_taken":24.0},{"damage_healed":0.0,"max_hp_gain":0.0,"max_hp_loss":0.0,"gold_gain":0.0,"event_name":"The Library","player_choice":"Read","floor":22.0,"gold_loss":0.0,"damage_taken":0.0,"cards_obtained":["Accuracy"]},{"damage_healed":0.0,"max_hp_gain":0.0,"max_hp_loss":0.0,"gold_gain":0.0,"event_name":"Winding Halls","player_choice":"Embrace Madness","floor":37.0,"gold_loss":0.0,"damage_taken":15.0,"cards_obtained":["Madness","Madness"]}],"is_beta":false,"boss_relics":[{"not_picked":["Philosopher\u0027s Stone","Runic Dome"],"picked":"Astrolabe"},{"not_picked":["Ring of the Serpent","Busted Crown"],"picked":"SlaversCollar"}],"items_purged_floors":[21,30,36],"is_endless":false,"potions_floor_spawned":[1,7,10,16,18,25,27,33,39],"killed_by":"3 Darklings","ascension_level":20}}