{"host":"v1yaqosqoe6j1o0n","time":1612561071,"event":{"mods":["BaseMod","Hermit","Minty Spire (QoL Compilation)","StSLib"],"gold_per_floor":[116,116,116,127,137,137,36,47,47,74,91,91,91,111,111,216,216,234,234,234],"floor_reached":19,"language":"ENG","playtime":840,"items_purged":[],"score":194,"play_id":"1b1301b6-b1de-4f91-994d-c08709ef931a","local_time":"20210205133751","is_ascension_mode":false,"campfire_choices":[{"data":"Well Laid Plans","floor":6,"key":"SMITH"},{"floor":13,"key":"REST"},{"data":"Footwork","floor":15,"key":"SMITH"}],"circlet_count":0,"master_deck":["Strike_G","Strike_G","Strike_G","Strike_G","Strike_G","Defend_G","Defend_G","Defend_G","Defend_G","Defend_G","Survivor","Neutralize","Malaise","Choke+1","Well Laid Plans+1","Skewer","Backstab","Prepared","Footwork+1","Terror","PiercingWail","Glass Knife","Slice"],"relics":["Ring of the Snake","HornCleat","Paper Crane","Bag of Preparation","Omamori","Black Star"],"acts_visited":["Exordium","TheCity"],"potions_floor_usage":[10,16],"damage_taken":[{"damage":0,"enemies":"2 Louse","floor":1,"turns":3},{"damage":1,"enemies":"Small Slimes","floor":4,"turns":4},{"damage":0,"enemies":"Cultist","floor":5,"turns":3},{"damage":7,"enemies":"Exordium Thugs","floor":8,"turns":4},{"damage":0,"enemies":"Gremlin Nob","floor":10,"turns":3},{"damage":0,"enemies":"3 Louse","floor":11,"turns":3},{"damage":5,"enemies":"Exordium Wildlife","floor":14,"turns":4},{"damage":38,"enemies":"The Guardian","floor":16,"turns":12},{"damage":35,"enemies":"Chosen","floor":18,"turns":6},{"damage":0,"enemies":"Shell Parasite","floor":19,"turns":1}],"seed_played":"5123985928016917614","potions_obtained":[{"floor":1,"key":"GhostInAJar"},{"floor":4,"key":"SpeedPotion"},{"floor":8,"key":"AttackPotion"},{"floor":11,"key":"LiquidBronze"},{"floor":18,"key":"BlessingOfTheForge"}],"is_trial":false,"path_per_floor":["M","?","?","M","M","R","$","M","T","E","M","?","R","M","R","B",null,"M","M"],"character_chosen":"THE_SILENT","items_purchased":["Backstab","Prepared"],"campfire_rested":1,"item_purchase_floors":[7,7],"current_hp_per_floor":[70,58,58,57,57,57,57,50,50,50,50,50,70,65,65,27,70,35,35,35],"gold":234,"neow_bonus":"ONE_RANDOM_RARE_CARD","is_daily":false,"chose_seed":false,"campfire_upgraded":2,"win_rate":0.0,"timestamp":1612561071,"path_taken":["M","?","?","M","M","R","$","M","T","E","M","?","R","M","R","BOSS","M","M"],"items_purchased_type":["Card","Card"],"build_version":"2020-12-22","purchased_purges":0,"victory":false,"max_hp_per_floor":[70,70,70,70,70,70,70,70,70,70,70,70,70,70,70,70,70,70,70,70],"card_choices":[{"not_picked":["Dagger Throw","Deflect"],"picked":"Choke","floor":1},{"not_picked":["Prepared","Slice"],"picked":"Well Laid Plans","floor":4},{"not_picked":["Cloak And Dagger","Poisoned Stab"],"picked":"Skewer","floor":5},{"not_picked":["Dash","Masterful Stab"],"picked":"Footwork","floor":8},{"not_picked":["Dagger Spray","Caltrops"],"picked":"Terror","floor":10},{"not_picked":["Underhanded Strike","Choke","Well Laid Plans"],"picked":"SKIP","floor":11},{"not_picked":["All Out Attack","Catalyst"],"picked":"PiercingWail","floor":14},{"not_picked":["Malaise","Burst"],"picked":"Glass Knife","floor":16},{"not_picked":["Flying Knee+1","Escape Plan"],"picked":"Slice","floor":18}],"player_experience":46324,"relics_obtained":[{"floor":9,"key":"Paper Crane"},{"floor":10,"key":"Bag of Preparation"},{"floor":12,"key":"Omamori"}],"event_choices":[{"damage_healed":0,"gold_gain":0,"player_choice":"Success","damage_taken":12,"relics_obtained":["HornCleat"],"max_hp_gain":0,"max_hp_loss":0,"event_name":"Scrap Ooze","floor":2,"gold_loss":0},{"damage_healed":0,"gold_gain":0,"player_choice":"Grow","damage_taken":0,"max_hp_gain":0,"max_hp_loss":0,"event_name":"Living Wall","floor":3,"gold_loss":0,"cards_upgraded":["Choke"]},{"damage_healed":0,"gold_gain":0,"player_choice":"Relic","damage_taken":0,"max_hp_gain":0,"max_hp_loss":0,"event_name":"Wheel of Change","floor":12,"gold_loss":0}],"is_beta":false,"boss_relics":[{"not_picked":["Velvet Choker","SacredBark"],"picked":"Black Star"}],"items_purged_floors":[],"is_endless":false,"potions_floor_spawned":[1,4,8,11,18],"killed_by":"Shell Parasite","ascension_level":0}}