{"host":"jz4ul6vrcxqkcr33","time":1612512221,"event":{"mods":["BaseMod","Minty Spire (QoL Compilation)","StSLib"],"gold_per_floor":[113,124,151,165,165,165,191,111,111,139,169,169,169,233,233,329,329,329,329,341,352,370,370,403,403,403,423,423,43,43,59,59,157,157,175,186,24,41,41,41,78,78,78,106,130,130,139,179,179,179,179,179,20,54,54],"floor_reached":56,"language":"ENG","playtime":3053,"items_purged":["Zap"],"score":1610,"play_id":"32cade87-3c05-43f6-aa21-be41a0ca909e","local_time":"20210205030341","is_ascension_mode":true,"campfire_choices":[{"data":"Consume","floor":6.0,"key":"SMITH"},{"floor":13.0,"key":"REST"},{"floor":15.0,"key":"REST"},{"data":"Defragment","floor":23.0,"key":"SMITH"},{"floor":25.0,"key":"REST"},{"floor":28.0,"key":"REST"},{"data":"Blizzard","floor":32.0,"key":"SMITH"},{"floor":40.0,"key":"RECALL"},{"data":"Double Energy","floor":42.0,"key":"SMITH"},{"data":"Coolheaded","floor":46.0,"key":"SMITH"},{"data":"Thunder Strike","floor":49.0,"key":"SMITH"},{"data":"Force Field","floor":52.0,"key":"SMITH"}],"circlet_count":0,"master_deck":["Dualcast","Consume+1","Coolheaded+1","Double Energy+1","Hello World","Self Repair","Defragment+1","Auto Shields","Force Field+1","Hello World+1","Multi-Cast","Necronomicurse","Streamline+1","Coolheaded","Ball Lightning","Blizzard+1","Buffer+1","Heatsinks+1","Double Energy+1","Buffer+1","Consume+1","Buffer+1","Echo Form+1","Coolheaded+1","Hologram+1","Hello World+1","Reinforced Body+1","Compile Driver","Consume+1","Tempest+1","Ball Lightning+1","Storm+1","Defragment+1","Thunder Strike+1","Capacitor+1","Blind+1","Turbo+1","Tempest+1","Deep Breath+1","Loop+1"],"relics":["Inserter","Anchor","Pantograph","Regal Pillow","Frozen Egg 2","Odd Mushroom","PreservedInsect","Philosopher\u0027s Stone","Necronomicon","Eternal Feather","Toxic Egg 2","Membership Card","Happy Flower","Toy Ornithopter","Pandora\u0027s Box","Symbiotic Virus","CeramicFish","Ice Cream","Runic Capacitor","FossilizedHelix"],"acts_visited":["Exordium","TheCity","TheBeyond","TheEnding"],"potions_floor_usage":[54,55,55],"damage_taken":[{"damage":1.0,"enemies":"Cultist","floor":1.0,"turns":4.0},{"damage":4.0,"enemies":"Small Slimes","floor":2.0,"turns":4.0},{"damage":0.0,"enemies":"2 Louse","floor":4.0,"turns":4.0},{"damage":0.0,"enemies":"Lagavulin","floor":7.0,"turns":6.0},{"damage":43.0,"enemies":"Gremlin Nob","floor":10.0,"turns":5.0},{"damage":19.0,"enemies":"The Mushroom Lair","floor":11.0,"turns":5.0},{"damage":14.0,"enemies":"Lagavulin Event","floor":14.0,"turns":9.0},{"damage":0.0,"enemies":"Slime Boss","floor":16.0,"turns":9.0},{"damage":0.0,"enemies":"Chosen","floor":18.0,"turns":1.0},{"damage":0.0,"enemies":"Shell Parasite","floor":20.0,"turns":7.0},{"damage":5.0,"enemies":"Cultist and Chosen","floor":21.0,"turns":7.0},{"damage":21.0,"enemies":"Sentry and Sphere","floor":22.0,"turns":8.0},{"damage":46.0,"enemies":"Slavers","floor":24.0,"turns":6.0},{"damage":30.0,"enemies":"Shelled Parasite and Fungi","floor":27.0,"turns":8.0},{"damage":14.0,"enemies":"Centurion and Healer","floor":31.0,"turns":9.0},{"damage":22.0,"enemies":"Champ","floor":33.0,"turns":11.0},{"damage":10.0,"enemies":"3 Shapes","floor":35.0,"turns":7.0},{"damage":10.0,"enemies":"3 Darklings","floor":36.0,"turns":6.0},{"damage":12.0,"enemies":"Jaw Worm Horde","floor":38.0,"turns":5.0},{"damage":27.0,"enemies":"Reptomancer","floor":41.0,"turns":4.0},{"damage":0.0,"enemies":"Spire Growth","floor":44.0,"turns":4.0},{"damage":0.0,"enemies":"Maw","floor":45.0,"turns":6.0},{"damage":7.0,"enemies":"Giant Head","floor":48.0,"turns":5.0},{"damage":16.0,"enemies":"Donu and Deca","floor":50.0,"turns":7.0},{"damage":4,"enemies":"Shield and Spear","floor":54,"turns":5},{"damage":46,"enemies":"The Heart","floor":55,"turns":6}],"seed_played":"8201411060281155157","potions_obtained":[{"floor":2.0,"key":"Swift Potion"},{"floor":10.0,"key":"SpeedPotion"},{"floor":11.0,"key":"SmokeBomb"},{"floor":14.0,"key":"FocusPotion"},{"floor":24.0,"key":"FocusPotion"},{"floor":27.0,"key":"EssenceOfDarkness"},{"floor":31.0,"key":"EssenceOfSteel"},{"floor":38.0,"key":"ColorlessPotion"},{"floor":45.0,"key":"Energy Potion"},{"floor":48.0,"key":"LiquidMemories"},{"floor":54,"key":"PotionOfCapacity"}],"is_trial":false,"path_per_floor":["M","M","T","M","?","R","E","$","T","E","?","?","R","?","R","B",null,"M","?","M","M","M","R","E","R","T","M","R","$","?","M","R","B",null,"M","M","$","M","?","R","E","R","T","M","M","R","?","E","R","B",null,"R","$","E","B",null],"character_chosen":"DEFECT","items_purchased":["Defragment","Membership Card","Happy Flower","Toy Ornithopter","Heatsinks+1","Double Energy+1","Symbiotic Virus","Runic Capacitor","Tempest+1","Deep Breath+1","Swift Potion"],"campfire_rested":4,"item_purchase_floors":[8,29,29,29,29,29,37,53,53,53,53],"current_hp_per_floor":[67,63,63,63,63,63,63,63,63,27,8,8,45,38,75,75,75,75,59,66,68,54,54,15,64,64,41,75,75,75,68,75,60,71,72,72,72,67,67,71,54,71,71,71,71,71,71,71,71,67,70,71,71,71,25],"gold":54,"neow_bonus":"BOSS_RELIC","is_daily":false,"chose_seed":false,"campfire_upgraded":7,"win_rate":0.0,"timestamp":1612512221,"path_taken":["M","M","?","M","?","R","E","$","T","E","?","?","R","?","R","BOSS","M","?","M","M","M","R","E","R","T","M","R","$","?","M","R","BOSS","M","M","$","?","?","R","E","R","T","M","M","R","?","E","R","BOSS","R","$","E","BOSS"],"items_purchased_type":["Card","Relic","Relic","Relic","Card","Card","Relic","Relic","Card","Card","Potion"],"build_version":"2020-12-13","purchased_purges":1,"victory":true,"max_hp_per_floor":[75,75,75,75,75,75,75,75,75,75,75,75,75,75,75,75,75,75,75,75,75,75,75,75,75,75,75,75,75,75,75,75,75,75,75,75,75,75,71,71,71,71,71,71,71,71,71,71,71,71,71,71,71,71,71],"card_choices":[{"not_picked":["Coolheaded","Gash"],"picked":"Consume","floor":1.0},{"not_picked":["Melter","Sweeping Beam"],"picked":"Coolheaded","floor":2.0},{"not_picked":["Compile Driver","Hologram"],"picked":"Double Energy","floor":4.0},{"not_picked":["Go for the Eyes","Leap"],"picked":"Self Repair","floor":7.0},{"not_picked":["Double Energy","FTL"],"picked":"Auto Shields","floor":10.0},{"not_picked":["Tempest","Conserve Battery"],"picked":"Force Field","floor":11.0},{"not_picked":["Gash","FTL"],"picked":"Hello World+1","floor":14.0},{"not_picked":["Reboot","Meteor Strike"],"picked":"Multi-Cast","floor":16.0},{"not_picked":["Barrage","Redo"],"picked":"Streamline+1","floor":20.0},{"not_picked":["Go for the Eyes","Steam"],"picked":"Coolheaded","floor":21.0},{"not_picked":["Streamline","Conserve Battery"],"picked":"Ball Lightning","floor":22.0},{"not_picked":["Skim","Gash"],"picked":"Blizzard","floor":24.0},{"not_picked":["Barrage+1","Coolheaded+1"],"picked":"Buffer+1","floor":27.0},{"not_picked":["White Noise+1","Beam Cell"],"picked":"Consume+1","floor":31.0},{"not_picked":["Multi-Cast+1","All For One"],"picked":"Buffer+1","floor":33.0},{"not_picked":["Go for the Eyes","Beam Cell+1"],"picked":"Tempest+1","floor":35.0},{"not_picked":["Steam+1","BootSequence+1"],"picked":"Ball Lightning+1","floor":36.0},{"not_picked":["Conserve Battery+1","Darkness+1"],"picked":"Storm+1","floor":38.0},{"not_picked":["BootSequence+1","Beam Cell"],"picked":"Defragment+1","floor":41.0},{"not_picked":["Static Discharge+1","Barrage+1"],"picked":"Thunder Strike","floor":44.0},{"not_picked":["Steam+1","Turbo+1"],"picked":"Capacitor+1","floor":45.0},{"not_picked":["Good Instincts+1","Forethought+1"],"picked":"Blind+1","floor":47.0},{"not_picked":["Barrage","FTL"],"picked":"Turbo+1","floor":48.0},{"not_picked":["Rainbow+1","Hello World+1"],"picked":"Loop+1","floor":54}],"player_experience":205024,"relics_obtained":[{"floor":3.0,"key":"Anchor"},{"floor":7.0,"key":"Pantograph"},{"floor":9.0,"key":"Regal Pillow"},{"floor":10.0,"key":"Frozen Egg 2"},{"floor":11.0,"key":"Odd Mushroom"},{"floor":14.0,"key":"PreservedInsect"},{"floor":19.0,"key":"Necronomicon"},{"floor":24.0,"key":"Eternal Feather"},{"floor":26.0,"key":"Toxic Egg 2"},{"floor":41.0,"key":"CeramicFish"},{"floor":48.0,"key":"Ice Cream"},{"floor":54,"key":"FossilizedHelix"}],"event_choices":[{"damage_healed":0.0,"max_hp_gain":0.0,"max_hp_loss":0.0,"gold_gain":0.0,"cards_transformed":["Strike_B"],"event_name":"Living Wall","player_choice":"Change","floor":5.0,"gold_loss":0.0,"damage_taken":0.0,"cards_obtained":["Hello World"]},{"damage_healed":0.0,"max_hp_gain":0.0,"max_hp_loss":0.0,"gold_gain":0.0,"event_name":"Mushrooms","player_choice":"Fought Mushrooms","floor":11.0,"gold_loss":0.0,"damage_taken":0.0},{"damage_healed":0.0,"max_hp_gain":0.0,"max_hp_loss":0.0,"gold_gain":0.0,"event_name":"Shining Light","player_choice":"Ignored","floor":12.0,"gold_loss":0.0,"damage_taken":0.0},{"damage_healed":0.0,"max_hp_gain":0.0,"max_hp_loss":0.0,"gold_gain":0.0,"event_name":"Dead Adventurer","player_choice":"Searched \u00272\u0027 times","floor":14.0,"gold_loss":0.0,"damage_taken":0.0},{"damage_healed":0.0,"max_hp_gain":0.0,"max_hp_loss":0.0,"gold_gain":0.0,"event_name":"Cursed Tome","player_choice":"Obtained Book","floor":19.0,"gold_loss":0.0,"damage_taken":16.0},{"damage_healed":0.0,"max_hp_gain":0.0,"max_hp_loss":0.0,"gold_gain":0.0,"event_name":"Duplicator","player_choice":"Copied","floor":30.0,"gold_loss":0.0,"damage_taken":0.0,"cards_obtained":["Buffer"]},{"damage_healed":0.0,"max_hp_gain":0.0,"max_hp_loss":4.0,"gold_gain":0.0,"event_name":"Winding Halls","player_choice":"Max HP","floor":39.0,"gold_loss":0.0,"damage_taken":0.0},{"damage_healed":0.0,"max_hp_gain":0.0,"max_hp_loss":0.0,"gold_gain":0.0,"event_name":"SensoryStone","player_choice":"Memory 1","floor":47.0,"gold_loss":0.0,"damage_taken":0.0}],"is_beta":false,"boss_relics":[{"not_picked":["Snecko Eye","Sozu"],"picked":"Philosopher\u0027s Stone"},{"not_picked":["SlaversCollar","Coffee Dripper"],"picked":"Pandora\u0027s Box"}],"items_purged_floors":[37],"is_endless":false,"potions_floor_spawned":[2,10,11,14,24,27,31,38,45,48,54],"ascension_level":6}}