{"host":"7rmsgc3rayi00cdt","time":1612548813,"event":{"mods":["BaseMod","Minty Spire (QoL Compilation)"],"gold_per_floor":[117,117,117,133,208,236,236,246,271,271,271,115,143,163,163,260,260,277,277,277,288,49,79,79,93,143,155,193,234,263,306,318,330,330],"floor_reached":33,"language":"ENG","playtime":1012,"items_purged":[],"score":439,"play_id":"662b5ca2-a249-4b76-8499-11b9d26c4d9d","local_time":"20210205181333","is_ascension_mode":true,"campfire_choices":[{"data":"Bash","floor":7,"key":"SMITH"},{"data":"Clothesline","floor":10,"key":"SMITH"},{"data":"Shrug It Off","floor":15,"key":"SMITH"},{"data":"Immolate","floor":24,"key":"SMITH"},{"floor":32,"key":"REST"}],"circlet_count":0,"master_deck":["Strike_R","Strike_R","Strike_R","Strike_R","Strike_R","Defend_R","Defend_R","Defend_R","Defend_R","Bash+1","Dropkick","Feed","Clothesline+1","Warcry","Feed","Shrug It Off+1","Immolate+1","Power Through","True Grit+1","Wild Strike","Wild Strike+1","Spot Weakness"],"relics":["Burning Blood","Pen Nib","Omamori","Regal Pillow","White Beast Statue","SlaversCollar","Happy Flower","Eternal Feather","The Courier","MawBank","PreservedInsect","Lantern","Paper Frog"],"acts_visited":["Exordium","TheCity"],"potions_floor_usage":[13,16,16,18,23,29,31,33,33],"damage_taken":[{"damage":6,"enemies":"Cultist","floor":1,"turns":4},{"damage":7,"enemies":"Jaw Worm","floor":4,"turns":3},{"damage":18,"enemies":"Gremlin Nob","floor":6,"turns":4},{"damage":7,"enemies":"Small Slimes","floor":8,"turns":3},{"damage":13,"enemies":"Lagavulin","floor":13,"turns":4},{"damage":16,"enemies":"Blue Slaver","floor":14,"turns":4},{"damage":14,"enemies":"The Guardian","floor":16,"turns":11},{"damage":24,"enemies":"3 Byrds","floor":18,"turns":6},{"damage":14,"enemies":"Chosen","floor":21,"turns":5},{"damage":26,"enemies":"Slavers","floor":23,"turns":5},{"damage":0,"enemies":"Snecko","floor":25,"turns":4},{"damage":24,"enemies":"Book of Stabbing","floor":29,"turns":5},{"damage":32,"enemies":"Snake Plant","floor":30,"turns":3},{"damage":13,"enemies":"Gremlin Leader","floor":31,"turns":3},{"damage":116,"enemies":"Automaton","floor":33,"turns":10}],"seed_played":"-8097989035768536951","potions_obtained":[{"floor":1,"key":"Block Potion"},{"floor":4,"key":"CultistPotion"},{"floor":8,"key":"Explosive Potion"},{"floor":14,"key":"Ancient Potion"},{"floor":16,"key":"ColorlessPotion"},{"floor":18,"key":"PowerPotion"},{"floor":21,"key":"Energy Potion"},{"floor":23,"key":"Energy Potion"},{"floor":25,"key":"BloodPotion"},{"floor":29,"key":"Dexterity Potion"},{"floor":30,"key":"Regen Potion"},{"floor":31,"key":"ElixirPotion"}],"is_trial":false,"path_per_floor":["M","$","?","M","?","E","R","M","T","R","?","$","E","M","R","B",null,"M","?","?","M","$","E","R","M","T","?","T","E","M","E","R","B"],"character_chosen":"IRONCLAD","items_purchased":["Regal Pillow","Eternal Feather"],"campfire_rested":1,"item_purchase_floors":[12,22],"current_hp_per_floor":[88,88,88,87,76,64,64,66,66,66,66,66,62,55,55,47,85,70,70,70,65,65,48,57,66,66,66,66,69,43,48,108,0,0],"gold":330,"neow_bonus":"TEN_PERCENT_HP_BONUS","is_daily":false,"chose_seed":false,"campfire_upgraded":4,"win_rate":0.0,"timestamp":1612548813,"path_taken":["M","?","?","?","?","E","R","M","T","R","?","$","E","M","R","BOSS","M","?","?","M","$","E","R","M","T","?","?","E","M","E","R","BOSS"],"items_purchased_type":["Relic","Relic"],"build_version":"2020-12-22","purchased_purges":0,"victory":false,"max_hp_per_floor":[88,88,88,88,88,88,88,91,91,91,91,91,94,97,97,97,97,100,100,100,103,103,106,106,109,109,109,109,109,109,112,112,112,112],"card_choices":[{"not_picked":["Burning Pact","Sentinel"],"picked":"Dropkick","floor":1},{"not_picked":["Armaments","Anger","Havoc"],"picked":"SKIP","floor":4},{"not_picked":["Pommel Strike","Perfected Strike","Havoc"],"picked":"SKIP","floor":6},{"not_picked":["Burning Pact","Iron Wave"],"picked":"Warcry","floor":8},{"not_picked":["Flame Barrier","Twin Strike"],"picked":"Feed","floor":13},{"not_picked":["Headbutt","Thunderclap"],"picked":"Shrug It Off","floor":14},{"not_picked":["Feed","Offering"],"picked":"Immolate","floor":16},{"not_picked":["Havoc","Whirlwind","Anger"],"picked":"SKIP","floor":18},{"not_picked":["Heavy Blade+1","Iron Wave"],"picked":"Power Through","floor":21},{"not_picked":["Limit Break","Clothesline"],"picked":"True Grit+1","floor":23},{"not_picked":["Whirlwind","Rage"],"picked":"Wild Strike","floor":25},{"not_picked":["Anger+1","Rampage"],"picked":"Wild Strike+1","floor":29},{"not_picked":["Havoc+1","Rampage","Dropkick+1"],"picked":"SKIP","floor":30},{"not_picked":["True Grit+1","Fiend Fire"],"picked":"Spot Weakness","floor":31}],"player_experience":802399,"relics_obtained":[{"floor":6,"key":"Pen Nib"},{"floor":9,"key":"Omamori"},{"floor":13,"key":"White Beast Statue"},{"floor":23,"key":"The Courier"},{"floor":26,"key":"MawBank"},{"floor":28,"key":"PreservedInsect"},{"floor":29,"key":"Lantern"},{"floor":31,"key":"Paper Frog"}],"event_choices":[{"damage_healed":0,"gold_gain":0,"player_choice":"2 cards matched","damage_taken":0,"max_hp_gain":0,"max_hp_loss":0,"event_name":"Match and Keep!","floor":3,"gold_loss":0,"cards_obtained":["Feed","Clothesline"]},{"damage_healed":0,"gold_gain":75,"player_choice":"Gather Gold","damage_taken":11,"max_hp_gain":0,"max_hp_loss":0,"event_name":"World of Goop","floor":5,"gold_loss":0},{"damage_healed":0,"gold_gain":0,"player_choice":"Bought 0 Potions","damage_taken":0,"max_hp_gain":0,"max_hp_loss":0,"event_name":"The Woman in Blue","floor":11,"gold_loss":0},{"damage_healed":0,"gold_gain":0,"player_choice":"Opened","damage_taken":0,"relics_obtained":["Happy Flower"],"max_hp_gain":0,"max_hp_loss":0,"event_name":"The Mausoleum","floor":19,"gold_loss":0,"cards_obtained":["Writhe"]},{"damage_healed":0,"gold_gain":0,"player_choice":"Ignored","damage_taken":0,"max_hp_gain":0,"max_hp_loss":0,"event_name":"Vampires","floor":20,"gold_loss":0},{"damage_healed":0,"gold_gain":0,"player_choice":"Ignored","damage_taken":0,"max_hp_gain":0,"max_hp_loss":0,"event_name":"Ghosts","floor":27,"gold_loss":0}],"is_beta":false,"boss_relics":[{"not_picked":["Fusion Hammer","Runic Pyramid"],"picked":"SlaversCollar"}],"items_purged_floors":[],"is_endless":false,"potions_floor_spawned":[1,4,8,14,16,18,21,23,25,29,30,31],"killed_by":"Automaton","ascension_level":5}}