{"host":"pesfwaef25r60kxm","time":1612503564,"event":{"mods":["100% Spire Juice","ATMod(阿瑾Mod)","Act Like it!","Arknights","BaseMod","Colored Powertips","Downfall","Gensokyo","Hunter 猎人","Luminous","Minty Spire (QoL Compilation)","Pale of the Ancients","Reimu（博丽灵梦）","Reliquary","Replay The Spire","RumiaBox-露米娅的神秘盒子","Shop Mod","Spicy Shops","StSLib","The Poker Player","The Servant 0.9.4","WarShipGirlsR/战舰少女R mod","[IsaacMod]以撒尖塔","noobMod","【功能Mod】聪明的最终Boss","【遗物卡牌】REMEMod"],"gold_per_floor":[110,128,108,124,124,156,156,156,156,8,8,41,354,47,47,164,164,180,205,222,233,252,252,262,282,355,355,403,403,136,149,149,250,250,270,290,290,340,117,117,343,343,391,617,629,674,686,698,935,1173,1185,1139,1178,1236,1315,588,588,502,502,15,15,225],"floor_reached":63,"language":"ZHS","playtime":3013,"items_purged":["Strike_S","Strike_S","Strike_S","Decay"],"score":1662,"play_id":"cb44366b-fb5f-4062-8dba-3cf2fa190225","local_time":"20210205133924","is_ascension_mode":true,"campfire_choices":[{"floor":7,"key":"RECALL"},{"data":"MurderousAura","floor":15,"key":"SMITH"},{"data":"TheWorld","floor":23,"key":"SMITH"},{"data":"KillingDoll","floor":32,"key":"SMITH"},{"data":"Defend_S","floor":40,"key":"PURGE"},{"data":"ReplayTheSpireMod:Splinters","floor":42,"key":"PURGE"},{"data":"downfall:Icky","floor":45,"key":"PURGE"},{"data":"Delirium","floor":51,"key":"PURGE"},{"data":"MurderousAura","floor":57,"key":"SMITH"},{"data":"FloweringNight","floor":59,"key":"SMITH"}],"circlet_count":0,"master_deck":["BettingIsNotGood","AT_FamilyPortrait+1","Die Die Die","Initiator+1","Moonlight","MoonPhase","FloweringNight+1","Ricochet","BottledTime","MurderousAura+1","TheWorld+1","FlawlessForm+1","KillingDoll+1","Rearm","BottledTime","Rearm","SoulSculpture","BottledTime","Rearm","Rearm+1","MurderousAura+1","Luminosity+1","Luminosity","MurderousAura","Deny","MurderousAura+1","Solidify","FlawlessForm","ForgedInTime","Luminosity"],"relics":["Uniform","HushsDoor","ice","REME_ComplimentaryCards","AT_ATBox","GuppysPaw","Gensokyo:Mercy","PlanX","Mummified Hand","AnarchistCookbook","Omamori","ReplayTheSpireMod:CursedCoin","Vajra","Pan","MealTicket","Ccalipers","MagicMushroom","GuppysCollar","GuppysHairball","Peace Pipe","Red Mask","Darkstone Periapt","reliquary:TatteredRug","Gremlin Food","Boot","reliquary:Bookmark","REME_DemonsWealth","Ring of Searing","Ring of Peace","Dead Branch","DollysMirror","Guide Book","Potion Belt","SalivaCoin","MawBank","AT_LudenTempest","ReplayFunnel","paleoftheancients:Timepiece","paleoftheancients:KeyRelic","Orichalcum","Ice Cream","paleoftheancients:SoulOfTheWokeBloke","Orrery","TheAbacus","Broom","SumBook","reliquary:Knoch","reliquary:BallBearing","Strawberry"],"acts_visited":["Exordium","TheCity","TheBeyond","TheBeyond"],"potions_floor_usage":[62,62,62,62],"damage_taken":[{"damage":4,"enemies":"Gensokyo:2_Kodama","floor":1,"turns":2},{"damage":9,"enemies":"Gensokyo:Gryphon","floor":2,"turns":3},{"damage":15,"enemies":"Gensokyo:3_Fairies","floor":4,"turns":3},{"damage":33,"enemies":"Gensokyo:Aya","floor":6,"turns":7},{"damage":0,"enemies":"Gensokyo:Mamizou","floor":12,"turns":8},{"damage":21,"enemies":"Gensokyo:3_Kodama","floor":13,"turns":4},{"damage":0,"enemies":"Gensokyo:Yukari","floor":16,"turns":4},{"damage":3,"enemies":"Shell Parasite","floor":18,"turns":2},{"damage":0,"enemies":"Masked Bandits","floor":19,"turns":2},{"damage":3,"enemies":"Chosen","floor":20,"turns":2},{"damage":0,"enemies":"Snake Plant","floor":21,"turns":1},{"damage":0,"enemies":"Snecko","floor":22,"turns":2},{"damage":0,"enemies":"Centurion and Healer","floor":24,"turns":1},{"damage":0,"enemies":"Snake Plant","floor":25,"turns":1},{"damage":0,"enemies":"Gremlin Leader","floor":28,"turns":1},{"damage":0,"enemies":"Sentry and Sphere","floor":31,"turns":2},{"damage":0,"enemies":"Automaton","floor":33,"turns":3},{"damage":0,"enemies":"3 Darklings","floor":35,"turns":1},{"damage":0,"enemies":"Orb Walker","floor":36,"turns":1},{"damage":0,"enemies":"Mind Bloom Boss Battle","floor":38,"turns":2},{"damage":0,"enemies":"R_Hoarder","floor":41,"turns":1},{"damage":0,"enemies":"Maw","floor":44,"turns":1},{"damage":0,"enemies":"Reptomancer","floor":46,"turns":1},{"damage":5,"enemies":"4 Shapes","floor":49,"turns":2},{"damage":0,"enemies":"R_Hoarder","floor":50,"turns":1},{"damage":10,"enemies":"Donu and Deca","floor":52,"turns":4},{"damage":0,"enemies":"Donu and Deca","floor":53,"turns":4},{"damage":0,"enemies":"Donu and Deca","floor":54,"turns":3},{"damage":0,"enemies":"Donu and Deca","floor":58,"turns":2},{"damage":110,"enemies":"LittleHush","floor":62,"turns":10}],"seed_played":"-7650115539082815222","potions_obtained":[{"floor":4,"key":"Elixir"},{"floor":12,"key":"Flashbang"},{"floor":16,"key":"PowerPotion"},{"floor":31,"key":"ZuzhouPotion:ReiMu"},{"floor":33,"key":"ColorlessPotion"},{"floor":35,"key":"Swift Potion"},{"floor":44,"key":"SteroidPotion"},{"floor":49,"key":"Reflective Coating"}],"is_trial":false,"path_per_floor":["M","M","?","M","?","E","R","?","T","COS","?","E","M","$","R","B",null,"M","?","M","M","M","R","M","M","T","?","E","T","$","M","R","B",null,"M","M","?","?","$","R","E","R","T","M","R","E","PTL","PTL","M","E","R","B","M","M","?","$","R","M","R","$","?","B",null],"character_chosen":"THE_SERVANT","items_purchased":["Omamori","ReplayTheSpireMod:CursedCoin","Vajra","Pan","GuppysCollar","GuppysHairball","FlawlessForm","KillingDoll","Gremlin Food","Boot","reliquary:Bookmark","DollysMirror","Guide Book","Potion Belt","Orrery","MurderousAura","TheAbacus","Broom","SumBook","reliquary:Knoch","Energy Potion","Luminosity","reliquary:BallBearing","Dexterity Potion","Strawberry"],"campfire_rested":0,"item_purchase_floors":[14,14,14,14,17,17,17,17,30,30,30,39,39,39,56,56,56,56,56,56,56,60,60,60,60],"current_hp_per_floor":[61,56,56,41,41,13,13,13,13,13,13,65,44,44,44,44,45,43,44,42,42,43,43,43,43,43,43,43,43,51,51,51,51,46,46,46,46,46,47,47,53,53,53,59,59,59,59,59,60,66,66,80,81,84,69,96,96,98,98,105,105,143],"gold":225,"neow_bonus":"ONE_RANDOM_RARE_CARD","is_daily":false,"chose_seed":false,"campfire_upgraded":5,"win_rate":0.0,"timestamp":1612503564,"path_taken":["M","M","?","M","?","E","R","?","T","COS","?","E","M","$","R","BOSS","M","?","M","?","M","R","M","M","T","?","E","?","$","M","R","BOSS","M","M","?","?","$","R","E","R","T","M","R","E","PTL","PTL","M","E","R","BOSS","M","M","?","$","R","M","R","$","?","BOSS"],"items_purchased_type":["Relic","Relic","Relic","Relic","Relic","Relic","Card","Card","Relic","Relic","Relic","Relic","Relic","Relic","Relic","Card","Relic","Relic","Relic","Relic","Potion","Card","Relic","Potion","Relic"],"build_version":"2020-12-22","purchased_purges":4,"victory":true,"max_hp_per_floor":[65,65,65,65,65,65,65,65,65,65,65,65,72,72,72,73,45,47,49,51,51,51,51,51,51,51,51,51,51,51,51,51,53,46,46,46,46,47,47,47,53,53,53,59,59,59,59,59,68,74,74,80,81,86,86,98,98,98,98,105,105,157],"card_choices":[{"not_picked":[],"picked":"BettingIsNotGood","floor":0},{"not_picked":["Starlight","Spin","Barrier"],"picked":"SKIP","floor":1},{"not_picked":["Rewind","Spin"],"picked":"Moonlight","floor":2},{"not_picked":[],"picked":"MoonPhase","floor":3},{"not_picked":[],"picked":"FloweringNight","floor":3},{"not_picked":["Unruled","Misdirection"],"picked":"Ricochet","floor":4},{"not_picked":["DualDimension","Spin","DoubleEdge"],"picked":"SKIP","floor":6},{"not_picked":["Revamp","Unruled"],"picked":"BottledTime","floor":12},{"not_picked":["BestPractice","Hightail"],"picked":"MurderousAura","floor":13},{"not_picked":["ForgedInTime","Initiator"],"picked":"TheWorld","floor":16},{"not_picked":["Rewind+1","Defy","Foresight+1"],"picked":"SKIP","floor":18},{"not_picked":["FastForward","DoubleEdge","Defy+1"],"picked":"SKIP","floor":20},{"not_picked":["Starlight+1","TimeWarp","Comet"],"picked":"SKIP","floor":21},{"not_picked":["ReturningBlade+1","InstantArmor+1","Alleviate+1"],"picked":"SKIP","floor":22},{"not_picked":["StarChef","FastForward"],"picked":"Rearm","floor":24},{"not_picked":["Gouge","Starlight+1"],"picked":"BottledTime","floor":25},{"not_picked":["TimeTheft","Solidify"],"picked":"Rearm","floor":28},{"not_picked":["DoubleEdge+1","FastForward","Revamp"],"picked":"SKIP","floor":31},{"not_picked":["SilverMatrix","KillingDoll"],"picked":"SoulSculpture","floor":33},{"not_picked":["Starlight+1","Replace+1","downfall:Icky"],"picked":"BottledTime","floor":35},{"not_picked":["TimeWarp+1","FanOfKnives","Pain"],"picked":"Rearm","floor":36},{"not_picked":["Starlight+1","Ricochet+1","Looming Evil"],"picked":"Rearm+1","floor":38},{"not_picked":["Dilation","Defy","Ricochet"],"picked":"ReplayTheSpireMod:Splinters","floor":41},{"not_picked":["TimeWarp+1","DoubleEdge+1","FastForward"],"picked":"downfall:Icky","floor":44},{"not_picked":["Gouge","Moonlight+1","Reset+1","ReplayTheSpireMod:Faulty Equipment"],"picked":"SKIP","floor":46},{"not_picked":["Replace+1","Read+1","Revamp+1"],"picked":"Delirium","floor":49},{"not_picked":["DoubleEdge","InstantArmor","Revamp+1"],"picked":"ReplayTheSpireMod:IOU","floor":50},{"not_picked":["Replace+1","Barrier","Amnesia"],"picked":"Luminosity+1","floor":53},{"not_picked":["Ricochet+1","Starlight","RealityMarble","Overencumbered"],"picked":"SKIP","floor":54},{"not_picked":["Replace","RealityMarble+1","FastForward"],"picked":"ReplayTheSpireMod:IOU","floor":56},{"not_picked":["Spin","Defy","Regret"],"picked":"Luminosity","floor":56},{"not_picked":["Read","Alleviate+1","Collapse"],"picked":"Decay","floor":56},{"not_picked":["Potential+1","FastForward+1","Replace","Gensokyo:AllTheWorldsEvil"],"picked":"SKIP","floor":58}],"player_experience":206525,"relics_obtained":[{"floor":6,"key":"PlanX"},{"floor":9,"key":"Mummified Hand"},{"floor":12,"key":"AnarchistCookbook"},{"floor":19,"key":"Red Mask"},{"floor":28,"key":"Darkstone Periapt"},{"floor":29,"key":"reliquary:TatteredRug"},{"floor":37,"key":"Ring of Searing"},{"floor":37,"key":"Ring of Peace"},{"floor":38,"key":"Dead Branch"},{"floor":41,"key":"SalivaCoin"},{"floor":43,"key":"MawBank"},{"floor":46,"key":"AT_LudenTempest"},{"floor":50,"key":"ReplayFunnel"},{"floor":54,"key":"paleoftheancients:SoulOfTheWokeBloke"},{"floor":58,"key":"paleoftheancients:SoulOfTheVixen"}],"event_choices":[{"damage_healed":0,"gold_gain":0,"player_choice":"Fought Bandits","damage_taken":0,"max_hp_gain":0,"max_hp_loss":0,"event_name":"Masked Bandits","floor":19,"gold_loss":0},{"damage_healed":0,"gold_gain":0,"player_choice":"Fight","damage_taken":0,"max_hp_gain":0,"max_hp_loss":0,"event_name":"MindBloom","floor":38,"gold_loss":0}],"is_beta":false,"boss_relics":[{"not_picked":["SoulBox","Painkiller Herb"],"picked":"MagicMushroom"},{"not_picked":[]},{"not_picked":["Ring of Chaos","Calling Bell"],"picked":"REME_DemonsWealth"},{"not_picked":[]}],"items_purged_floors":[17,30,34,56],"is_endless":false,"potions_floor_spawned":[4,12,16,21,24,31,33,35,44,49],"ascension_level":1}}