{"host":"xg4r5pv6chpuampg","time":1612550193,"event":{"mods":["AchievementEnabler","BaseMod","Googly Eyes","Minty Spire (QoL Compilation)"],"gold_per_floor":[114,114,114,129,154,184,184,184,209,239,254,284,299,329,329,429,429,444,459,474,474,151,151,166,166,191,191,206,206,221,251,251,351,351,366,381,381,431,431,431,431,431],"floor_reached":41,"language":"ENG","playtime":5267,"items_purged":[],"score":487,"play_id":"fdc68cae-647f-4fbf-b42d-f1d6d644f16f","local_time":"20210205213633","daily_mods":["Specialized","ControlledChaos","Elite Swarm"],"is_ascension_mode":false,"campfire_choices":[{"floor":7,"key":"REST"},{"floor":15,"key":"REST"},{"floor":23,"key":"REST"},{"floor":25,"key":"REST"},{"data":"Wish","floor":27,"key":"SMITH"},{"floor":29,"key":"REST"},{"floor":32,"key":"REST"},{"floor":40,"key":"REST"}],"circlet_count":0,"master_deck":["Strike_P","Strike_P","Strike_P","Defend_P","Defend_P","Defend_P","Defend_P","Eruption+1","Vigilance","FlyingSleeves","FlyingSleeves+1","FlyingSleeves","FlyingSleeves","FlyingSleeves","Consecrate","Vault+1","DeusExMachina","LessonLearned","Wish+1","MasterReality","Dark Shackles"],"relics":["PureWater","Frozen Eye","Centennial Puzzle","Art of War","Omamori","Potion Belt","Torii","Nunchaku","Calling Bell","Lantern","Question Card","Peace Pipe","Red Mask","Tiny Chest","Damaru","Gremlin Horn","SlaversCollar","Ice Cream","Mummified Hand"],"acts_visited":["Exordium","TheCity","TheBeyond"],"potions_floor_usage":[6,10,16,22,24,24,31,31,33,33,33,38],"damage_taken":[{"damage":0,"enemies":"2 Louse","floor":1,"turns":2},{"damage":0,"enemies":"Small Slimes","floor":4,"turns":2},{"damage":6,"enemies":"3 Sentries","floor":6,"turns":4},{"damage":16,"enemies":"Gremlin Nob","floor":10,"turns":3},{"damage":0,"enemies":"Cultist","floor":11,"turns":3},{"damage":0,"enemies":"Lagavulin","floor":12,"turns":6},{"damage":8,"enemies":"Exordium Wildlife","floor":13,"turns":3},{"damage":8,"enemies":"Gremlin Nob","floor":14,"turns":4},{"damage":32,"enemies":"Hexaghost","floor":16,"turns":6},{"damage":0,"enemies":"Spheric Guardian","floor":18,"turns":4},{"damage":20,"enemies":"2 Thieves","floor":19,"turns":3},{"damage":14,"enemies":"Masked Bandits","floor":20,"turns":4},{"damage":18,"enemies":"Snake Plant","floor":24,"turns":6},{"damage":7,"enemies":"Snecko","floor":28,"turns":4},{"damage":1,"enemies":"Chosen and Byrds","floor":30,"turns":3},{"damage":10,"enemies":"Gremlin Leader","floor":31,"turns":6},{"damage":54,"enemies":"Automaton","floor":33,"turns":8},{"damage":8,"enemies":"Orb Walker","floor":35,"turns":4},{"damage":0,"enemies":"3 Shapes","floor":36,"turns":4},{"damage":28,"enemies":"Mind Bloom Boss Battle","floor":38,"turns":7},{"damage":75,"enemies":"Nemesis","floor":41,"turns":5}],"seed_played":"-8643747277835071688","potions_obtained":[{"floor":1,"key":"BottledMiracle"},{"floor":6,"key":"ColorlessPotion"},{"floor":12,"key":"StancePotion"},{"floor":13,"key":"Energy Potion"},{"floor":24,"key":"EssenceOfSteel"},{"floor":30,"key":"SkillPotion"},{"floor":33,"key":"StancePotion"},{"floor":36,"key":"ColorlessPotion"}],"is_trial":false,"path_per_floor":["M","?","?","M","T","E","R","?","T","E","M","E","M","E","R","B",null,"M","M","?","?","$","R","M","R","T","R","M","R","M","E","R","B",null,"M","M","?","?","T","R","E"],"character_chosen":"WATCHER","items_purchased":["EntropicBrew","MasterReality","Tiny Chest"],"campfire_rested":7,"item_purchase_floors":[22,22,22],"current_hp_per_floor":[72,72,72,72,72,66,72,72,72,56,56,56,48,40,61,29,72,72,52,38,38,38,59,41,62,62,62,55,72,71,61,72,18,72,64,64,64,36,36,57,0,0],"gold":431,"neow_bonus":"","is_daily":true,"chose_seed":false,"campfire_upgraded":1,"win_rate":0.0,"timestamp":1612550193,"path_taken":["M","?","?","?","?","E","R","?","T","E","?","E","M","E","R","BOSS","M","M","?","?","$","R","?","R","T","R","M","R","M","E","R","BOSS","M","M","?","?","?","R","E"],"items_purchased_type":["Potion","Card","Relic"],"build_version":"2020-12-22","purchased_purges":0,"victory":false,"max_hp_per_floor":[72,72,72,72,72,72,72,72,72,72,72,72,72,72,72,72,72,72,72,72,72,72,72,72,72,72,72,72,72,72,72,72,72,72,72,72,72,72,72,72,72,72],"card_choices":[{"not_picked":["Sanctity","Conclude","BowlingBash"],"picked":"SKIP","floor":1},{"not_picked":["CrushJoints","CutThroughFate"],"picked":"Consecrate","floor":4},{"not_picked":["Devotion","Scrawl"],"picked":"Vault","floor":6},{"not_picked":["Alpha","MasterReality","Scrawl"],"picked":"SKIP","floor":10},{"not_picked":["InnerPeace","Swivel","BowlingBash"],"picked":"SKIP","floor":11},{"not_picked":["Wish","Omniscience"],"picked":"DeusExMachina","floor":12},{"not_picked":["FollowUp","Evaluate","JustLucky"],"picked":"SKIP","floor":13},{"not_picked":["DevaForm","DeusExMachina"],"picked":"LessonLearned","floor":14},{"not_picked":["Consecrate","Sanctity","ClearTheMind+1","ThirdEye"],"picked":"SKIP","floor":18},{"not_picked":["FlurryOfBlows","FollowUp","Adaptation+1","Pray"],"picked":"SKIP","floor":19},{"not_picked":["WreathOfFlame+1","FollowUp","EmptyFist","Conclude+1"],"picked":"SKIP","floor":24},{"not_picked":["PathToVictory","Wireheading","FearNoEvil+1","CrushJoints"],"picked":"SKIP","floor":28},{"not_picked":["BowlingBash","Fasting2+1","LikeWater","EmptyBody+1"],"picked":"SKIP","floor":30},{"not_picked":["Establishment","DeusExMachina","Brilliance","MasterReality"],"picked":"SKIP","floor":31},{"not_picked":["WreathOfFlame+1","Adaptation+1","PathToVictory","BowlingBash"],"picked":"SKIP","floor":35},{"not_picked":["Consecrate+1","EmptyMind","Halt","ThirdEye+1"],"picked":"SKIP","floor":36},{"not_picked":["Sadistic Nature","Violence","Metamorphosis"],"picked":"Dark Shackles","floor":37}],"player_experience":83760,"relics_obtained":[{"floor":5,"key":"Centennial Puzzle"},{"floor":6,"key":"Art of War"},{"floor":9,"key":"Omamori"},{"floor":10,"key":"Potion Belt"},{"floor":12,"key":"Torii"},{"floor":14,"key":"Nunchaku"},{"floor":17,"key":"Lantern"},{"floor":17,"key":"Question Card"},{"floor":17,"key":"Peace Pipe"},{"floor":20,"key":"Red Mask"},{"floor":26,"key":"Damaru"},{"floor":31,"key":"Gremlin Horn"},{"floor":38,"key":"Ice Cream"},{"floor":39,"key":"Mummified Hand"}],"event_choices":[{"damage_healed":0,"gold_gain":0,"player_choice":"Ignored","damage_taken":0,"max_hp_gain":0,"max_hp_loss":0,"event_name":"Liars Game","floor":2,"gold_loss":0},{"cards_removed":["Strike_P"],"damage_healed":0,"gold_gain":0,"player_choice":"Purged","damage_taken":0,"max_hp_gain":0,"max_hp_loss":0,"event_name":"Purifier","floor":3,"gold_loss":0},{"damage_healed":0,"gold_gain":0,"player_choice":"Forge","damage_taken":0,"max_hp_gain":0,"max_hp_loss":0,"event_name":"Accursed Blacksmith","floor":8,"gold_loss":0,"cards_upgraded":["Vault"]},{"damage_healed":0,"gold_gain":0,"player_choice":"Fought Bandits","damage_taken":0,"max_hp_gain":0,"max_hp_loss":0,"event_name":"Masked Bandits","floor":20,"gold_loss":0},{"damage_healed":0,"gold_gain":0,"player_choice":"1 cards matched","damage_taken":0,"max_hp_gain":0,"max_hp_loss":0,"event_name":"Match and Keep!","floor":21,"gold_loss":0,"cards_obtained":["Wish"]},{"damage_healed":0,"gold_gain":0,"player_choice":"Memory 1","damage_taken":0,"max_hp_gain":0,"max_hp_loss":0,"event_name":"SensoryStone","floor":37,"gold_loss":0},{"damage_healed":0,"gold_gain":0,"player_choice":"Fight","damage_taken":0,"max_hp_gain":0,"max_hp_loss":0,"event_name":"MindBloom","floor":38,"gold_loss":0}],"is_beta":false,"boss_relics":[{"not_picked":["HolyWater","Velvet Choker"],"picked":"Calling Bell"},{"not_picked":["Runic Pyramid","Snecko Eye"],"picked":"SlaversCollar"}],"items_purged_floors":[],"is_endless":false,"potions_floor_spawned":[1,6,12,13,24,30,33,36],"killed_by":"Nemesis","ascension_level":0}}