{"host":"rolltorest","time":1612496294,"event":{"mods":["BaseMod","Minty Spire (QoL Compilation)","Relic Stats","Slay the Relics Exporter","StSLib"],"gold_per_floor":[113,113,113,128,147,180,70,99,99,112,112,142,161,161,161,236,236,252,281,281,281,301,301,329,329,329,348,382,397,52,77,77,149,149,169,215,232,454,470,497,510,539,592,604,9,9,23,47,47,47,47,47,47,47,72,72,72],"floor_reached":56,"language":"ENG","playtime":2242,"items_purged":["Strike_P","Doubt"],"score":2491,"play_id":"21d5e3c7-bcab-4238-b29b-a944d8c9f561","local_time":"20210204193814","is_ascension_mode":true,"campfire_choices":[{"data":"Eruption","floor":15,"key":"SMITH"},{"data":"Wallop","floor":23,"key":"SMITH"},{"data":"1","floor":32,"key":"LIFT"},{"data":"2","floor":46,"key":"LIFT"},{"floor":49,"key":"RECALL"},{"data":"3","floor":53,"key":"LIFT"}],"circlet_count":0,"master_deck":["AscendersBane","Strike_P","Strike_P","Strike_P","Defend_P","Defend_P+1","Defend_P","Defend_P","Eruption+1","Vigilance+1","SashWhip","Wallop+1","SashWhip","Wireheading","Fasting2+1","CutThroughFate","FlurryOfBlows","WheelKick","ThirdEye","Adaptation","Blasphemy","JustLucky","ForeignInfluence+1","Halt","Indignation+1","FearNoEvil","Conclude","Weave","Devotion","Perseverance+1","Wireheading+1","EmptyBody+1","EmptyMind+1","ClearTheMind+1","Prostrate+1","Tantrum","CutThroughFate","MentalFortress"],"relics":["Coffee Dripper","MealTicket","Question Card","Yang","Gambling Chip","Potion Belt","Runic Pyramid","Red Mask","Damaru","Matryoshka","Tiny Chest","Shuriken","Girya","VioletLotus","Calipers","Nunchaku","Unceasing Top","MawBank","War Paint","TeardropLocket","Pear","Ancient Tea Set","InkBottle"],"acts_visited":["Exordium","TheCity","TheBeyond","TheEnding"],"potions_floor_usage":[6,6,10,10,16,27,29,29,36,36,39,40,50,56,56,56],"damage_taken":[{"damage":0,"enemies":"Small Slimes","floor":1,"turns":5},{"damage":4,"enemies":"Cultist","floor":4,"turns":5},{"damage":1,"enemies":"Jaw Worm","floor":5,"turns":4},{"damage":17,"enemies":"3 Sentries","floor":6,"turns":6},{"damage":11,"enemies":"Gremlin Nob","floor":8,"turns":3},{"damage":0,"enemies":"Looter","floor":10,"turns":1},{"damage":13,"enemies":"3 Sentries","floor":12,"turns":6},{"damage":3,"enemies":"3 Louse","floor":13,"turns":3},{"damage":0,"enemies":"Slime Boss","floor":16,"turns":4},{"damage":0,"enemies":"Spheric Guardian","floor":18,"turns":1},{"damage":0,"enemies":"Masked Bandits","floor":19,"turns":2},{"damage":0,"enemies":"Chosen","floor":22,"turns":3},{"damage":15,"enemies":"Book of Stabbing","floor":24,"turns":4},{"damage":4,"enemies":"3 Cultists","floor":27,"turns":3},{"damage":0,"enemies":"Gremlin Leader","floor":28,"turns":4},{"damage":0,"enemies":"Shelled Parasite and Fungi","floor":29,"turns":1},{"damage":0,"enemies":"Book of Stabbing","floor":31,"turns":3},{"damage":0,"enemies":"Automaton","floor":33,"turns":5},{"damage":6,"enemies":"3 Shapes","floor":35,"turns":2},{"damage":11,"enemies":"2 Orb Walkers","floor":36,"turns":4},{"damage":23,"enemies":"3 Darklings","floor":37,"turns":3},{"damage":0,"enemies":"Spire Growth","floor":39,"turns":3},{"damage":0,"enemies":"Nemesis","floor":40,"turns":5},{"damage":16,"enemies":"Sphere and 2 Shapes","floor":41,"turns":4},{"damage":0,"enemies":"Giant Head","floor":42,"turns":5},{"damage":0,"enemies":"Maw","floor":47,"turns":4},{"damage":24,"enemies":"Awakened One","floor":50,"turns":6},{"damage":23,"enemies":"Donu and Deca","floor":51,"turns":5},{"damage":0,"enemies":"Shield and Spear","floor":55,"turns":2},{"damage":88,"enemies":"The Heart","floor":56,"turns":6}],"seed_played":"3852659960981380796","potions_obtained":[{"floor":3,"key":"Swift Potion"},{"floor":3,"key":"SteroidPotion"},{"floor":5,"key":"PowerPotion"},{"floor":6,"key":"EntropicBrew"},{"floor":12,"key":"Swift Potion"},{"floor":22,"key":"Fire Potion"},{"floor":24,"key":"Regen Potion"},{"floor":27,"key":"Energy Potion"},{"floor":31,"key":"Block Potion"},{"floor":33,"key":"Energy Potion"},{"floor":36,"key":"Strength Potion"},{"floor":39,"key":"Block Potion"},{"floor":41,"key":"Fire Potion"}],"is_trial":false,"path_per_floor":["M","?","?","M","M","E","$","E","T","M","?","E","M","?","R","B",null,"M","?","?","?","M","R","E","?","T","M","E","M","$","E","R","B",null,"M","?","M","?","M","E","M","E","T","?","$","R","M","T","R","B","B",null,"R","$","E","B"],"character_chosen":"WATCHER","items_purchased":["Fasting2","CutThroughFate","Shuriken","Tantrum","TeardropLocket","Strength Potion","LiquidBronze"],"campfire_rested":0,"item_purchase_floors":[7,7,30,45,45,45,45],"current_hp_per_floor":[61,66,66,62,61,44,59,48,48,48,48,35,32,21,21,21,60,60,60,39,39,39,39,24,24,24,29,29,29,44,44,44,44,70,64,53,30,30,30,30,14,14,14,78,78,78,78,88,88,64,41,76,76,88,88,0,0],"gold":72,"neow_bonus":"BOSS_RELIC","is_daily":false,"chose_seed":false,"campfire_upgraded":2,"win_rate":0.0,"timestamp":1612496294,"path_taken":["M","?","?","M","M","E","$","E","T","?","?","E","M","?","R","BOSS","M","?","?","?","?","R","E","?","T","M","E","M","$","E","R","BOSS","M","?","M","?","M","E","M","E","T","?","$","R","M","?","R","BOSS","BOSS","R","$","E","BOSS"],"items_purchased_type":["Card","Card","Relic","Card","Relic","Potion","Potion"],"build_version":"2020-12-18","purchased_purges":2,"victory":false,"max_hp_per_floor":[68,73,73,73,73,73,73,73,73,73,73,73,73,73,73,73,73,73,73,78,78,78,78,78,78,78,78,78,78,78,78,78,78,78,78,78,78,78,78,78,78,78,78,78,78,78,78,88,88,88,88,88,88,88,88,88,88],"relic_stats":{"counters":[30,112],"Yang":[292],"War Paint":["Vigilance","Defend_P"],"Question Card":22,"MawBank":24,"Nunchaku":[12],"Shuriken":[52],"Gambling Chip":[42],"MealTicket":42,"Tiny Chest":1,"VioletLotus":[27],"obtain_stats":[{"Potion Belt":14,"Girya":31,"Calipers":36,"Pear":48,"Damaru":24,"Yang":11,"TeardropLocket":45,"War Paint":43,"Question Card":8,"MawBank":43,"Ancient Tea Set":48,"Nunchaku":40,"Matryoshka":26,"Shuriken":30,"Gambling Chip":12,"MealTicket":6,"Tiny Chest":28,"VioletLotus":34,"Coffee Dripper":0,"Red Mask":19,"PureWater":0,"Unceasing Top":42,"InkBottle":55,"Runic Pyramid":17},{"Potion Belt":8,"Girya":17,"Calipers":20,"Pear":26,"Damaru":13,"Yang":6,"TeardropLocket":25,"War Paint":25,"Question Card":5,"MawBank":25,"Ancient Tea Set":26,"Nunchaku":23,"Matryoshka":13,"Shuriken":16,"Gambling Chip":7,"MealTicket":4,"Tiny Chest":15,"VioletLotus":18,"Coffee Dripper":0,"Red Mask":11,"PureWater":0,"Unceasing Top":25,"InkBottle":29,"Runic Pyramid":9},{"Potion Belt":33,"Girya":58,"Calipers":69,"Pear":93,"Damaru":47,"Yang":24,"TeardropLocket":89,"War Paint":89,"Question Card":23,"MawBank":89,"Ancient Tea Set":93,"Nunchaku":80,"Matryoshka":47,"Shuriken":55,"Gambling Chip":30,"MealTicket":20,"Tiny Chest":54,"VioletLotus":63,"Coffee Dripper":0,"Red Mask":40,"PureWater":0,"Unceasing Top":89,"InkBottle":106,"Runic Pyramid":37}],"Unceasing Top":[1],"InkBottle":[4]},"card_choices":[{"not_picked":["FollowUp","FlurryOfBlows"],"picked":"SashWhip","floor":1},{"not_picked":["Swivel","CarveReality"],"picked":"Wallop","floor":4},{"not_picked":["Evaluate","ClearTheMind"],"picked":"SashWhip","floor":5},{"not_picked":["ClearTheMind","Indignation"],"picked":"Wireheading","floor":6},{"not_picked":["FollowUp","SpiritShield"],"picked":"FlurryOfBlows","floor":8},{"not_picked":["Protect","EmptyMind","DeceiveReality"],"picked":"WheelKick","floor":10},{"not_picked":["Protect","Halt","InnerPeace"],"picked":"ThirdEye","floor":12},{"not_picked":["JustLucky","CrushJoints","FollowUp"],"picked":"Adaptation","floor":13},{"not_picked":["DevaForm","ConjureBlade","SpiritShield"],"picked":"Blasphemy","floor":16},{"not_picked":["Halt+1","FlyingSleeves","SignatureMove"],"picked":"JustLucky","floor":18},{"not_picked":["Worship+1","ReachHeaven","CrushJoints"],"picked":"ForeignInfluence+1","floor":19},{"not_picked":["FlyingSleeves","Fasting2","CrushJoints"],"picked":"Halt","floor":22},{"not_picked":["Brilliance","FlyingSleeves","ForeignInfluence"],"picked":"Indignation+1","floor":24},{"not_picked":["Crescendo","Consecrate","CutThroughFate"],"picked":"FearNoEvil","floor":27},{"not_picked":["SashWhip","Collect+1","BattleHymn"],"picked":"Conclude","floor":28},{"not_picked":["FlurryOfBlows+1","ClearTheMind","FollowUp"],"picked":"Weave","floor":29},{"not_picked":["SignatureMove","ReachHeaven","LikeWater","PathToVictory"],"picked":"SKIP","floor":31},{"not_picked":["Wish","MasterReality","Alpha"],"picked":"Devotion","floor":33},{"not_picked":["PathToVictory","FollowUp","WreathOfFlame"],"picked":"Perseverance+1","floor":35},{"not_picked":["SashWhip","EmptyBody","WreathOfFlame"],"picked":"Wireheading+1","floor":36},{"not_picked":["Crescendo","Consecrate","FlyingSleeves"],"picked":"EmptyBody+1","floor":37},{"not_picked":["PathToVictory","ReachHeaven+1","Protect","Crescendo"],"picked":"SKIP","floor":39},{"not_picked":["ForeignInfluence","Study","Wish"],"picked":"EmptyMind+1","floor":40},{"not_picked":["Evaluate","WreathOfFlame","SignatureMove"],"picked":"ClearTheMind+1","floor":41},{"not_picked":["Study","ClearTheMind","FollowUp"],"picked":"Prostrate+1","floor":42},{"not_picked":["FlurryOfBlows","FlyingSleeves+1","WaveOfTheHand"],"picked":"CutThroughFate","floor":47},{"not_picked":["Evaluate","Alpha","CutThroughFate+1"],"picked":"MentalFortress","floor":55}],"player_experience":1846237,"relics_obtained":[{"floor":6,"key":"MealTicket"},{"floor":8,"key":"Question Card"},{"floor":12,"key":"Gambling Chip"},{"floor":19,"key":"Red Mask"},{"floor":24,"key":"Damaru"},{"floor":26,"key":"Matryoshka"},{"floor":28,"key":"Tiny Chest"},{"floor":31,"key":"Girya"},{"floor":36,"key":"Calipers"},{"floor":40,"key":"Nunchaku"},{"floor":42,"key":"Unceasing Top"},{"floor":43,"key":"MawBank"},{"floor":43,"key":"War Paint"},{"floor":48,"key":"Pear"},{"floor":48,"key":"Ancient Tea Set"},{"floor":55,"key":"InkBottle"}],"event_choices":[{"damage_healed":0,"gold_gain":0,"player_choice":"Donut","damage_taken":0,"max_hp_gain":5,"max_hp_loss":0,"event_name":"Big Fish","floor":2,"gold_loss":0},{"damage_healed":0,"gold_gain":0,"player_choice":"Got Potions","damage_taken":0,"max_hp_gain":0,"max_hp_loss":0,"event_name":"Lab","floor":3,"gold_loss":0},{"damage_healed":0,"gold_gain":0,"player_choice":"Searched \u00272\u0027 times","damage_taken":0,"relics_obtained":["Yang"],"max_hp_gain":0,"max_hp_loss":0,"event_name":"Dead Adventurer","floor":11,"gold_loss":0},{"damage_healed":0,"gold_gain":0,"player_choice":"Success","damage_taken":11,"relics_obtained":["Potion Belt"],"max_hp_gain":0,"max_hp_loss":0,"event_name":"Scrap Ooze","floor":14,"gold_loss":0},{"damage_healed":0,"gold_gain":0,"player_choice":"Fought Bandits","damage_taken":0,"max_hp_gain":0,"max_hp_loss":0,"event_name":"Masked Bandits","floor":19,"gold_loss":0},{"damage_healed":0,"gold_gain":0,"player_choice":"Shed Blood","damage_taken":26,"max_hp_gain":5,"max_hp_loss":0,"event_name":"Forgotten Altar","floor":20,"gold_loss":0},{"damage_healed":0,"gold_gain":0,"player_choice":"Forge","damage_taken":0,"max_hp_gain":0,"max_hp_loss":0,"event_name":"Accursed Blacksmith","floor":21,"gold_loss":0,"cards_upgraded":["Fasting2"]},{"damage_healed":0,"gold_gain":0,"player_choice":"Ignored","damage_taken":0,"max_hp_gain":0,"max_hp_loss":0,"event_name":"The Mausoleum","floor":25,"gold_loss":0},{"damage_healed":0,"gold_gain":0,"player_choice":"Fight","damage_taken":0,"max_hp_gain":0,"max_hp_loss":0,"event_name":"Mysterious Sphere","floor":36,"gold_loss":0},{"damage_healed":0,"gold_gain":222,"player_choice":"Wore Mask","damage_taken":0,"max_hp_gain":0,"max_hp_loss":0,"event_name":"Tomb of Lord Red Mask","floor":38,"gold_loss":0},{"damage_healed":64,"gold_gain":0,"player_choice":"Heal","damage_taken":0,"max_hp_gain":0,"max_hp_loss":0,"event_name":"MindBloom","floor":44,"gold_loss":0,"cards_obtained":["Doubt"]}],"is_beta":true,"boss_relics":[{"not_picked":["Fusion Hammer","Philosopher\u0027s Stone"],"picked":"Runic Pyramid"},{"not_picked":["Velvet Choker","Snecko Eye"],"picked":"VioletLotus"}],"items_purged_floors":[30,45],"is_endless":false,"potions_floor_spawned":[4,5,6,12,22,24,27,31,33,36,39,41,47],"killed_by":"The Heart","ascension_level":20}}