{"host":"tq11g1xvjhf4r9h6","time":1612510582,"event":{"mods":["2.2 Compatiblity","BaseMod","Colored Powertips","Communication Mod","DeckTracker","Minty Spire (QoL Compilation)","Permanent Neow","Quick Restart","Rare Cards Sparkle","Relic Stats","StSLib","Unknown Chances","everything is the same but u backflip on backflip"],"gold_per_floor":[116,116,130,149,149,177,177,188,214,214,227,246,114,114,114],"floor_reached":14,"language":"KOR","playtime":434,"items_purged":["Strike_B"],"score":184,"play_id":"ee392ed1-6301-4a45-b092-81b1208e15eb","local_time":"20210205163622","is_ascension_mode":true,"campfire_choices":[{"floor":10,"key":"REST"}],"circlet_count":0,"master_deck":["AscendersBane","Strike_B","Strike_B","Defend_B","Defend_B","Defend_B+1","Defend_B","Zap","Dualcast+1","Core Surge","Redo","Coolheaded","Rainbow","Capacitor","Cold Snap","Self Repair","Hologram","Loop","Coolheaded"],"relics":["Cracked Core","War Paint","Dream Catcher"],"acts_visited":["Exordium"],"potions_floor_usage":[8],"damage_taken":[{"damage":0.0,"enemies":"2 Louse","floor":1.0,"turns":2.0},{"damage":5.0,"enemies":"Cultist","floor":3.0,"turns":4.0},{"damage":0.0,"enemies":"Small Slimes","floor":4.0,"turns":4.0},{"damage":48.0,"enemies":"Gremlin Nob","floor":6.0,"turns":5.0},{"damage":2,"enemies":"Blue Slaver","floor":8,"turns":4},{"damage":13,"enemies":"Exordium Thugs","floor":11,"turns":5},{"damage":20,"enemies":"3 Louse","floor":12,"turns":3},{"damage":18,"enemies":"3 Sentries","floor":14,"turns":3}],"seed_played":"-126462514327325772","potions_obtained":[{"floor":1.0,"key":"Swift Potion"},{"floor":3.0,"key":"Swift Potion"},{"floor":12,"key":"FearPotion"}],"is_trial":false,"path_per_floor":["M","?","M","M","?","E","?","M","T","R","M","M","$","E"],"character_chosen":"DEFECT","items_purchased":["Coolheaded"],"campfire_rested":1,"item_purchase_floors":[13],"current_hp_per_floor":[64,64,59,59,59,11,11,16,16,35,29,16,16,0,0],"gold":114,"neow_bonus":"THREE_RARE_CARDS","is_daily":false,"chose_seed":false,"campfire_upgraded":0,"win_rate":0.0,"timestamp":1612510582,"path_taken":["M","?","M","?","?","E","?","M","T","R","M","?","$","E"],"items_purchased_type":["Card"],"build_version":"2020-12-22","purchased_purges":1,"victory":false,"max_hp_per_floor":[64,64,64,64,64,64,64,64,64,64,64,64,64,64,64],"relic_stats":{"Dream Catcher":1,"counters":[8,30],"War Paint":["Defend_B","Dualcast"],"obtain_stats":[{"Dream Catcher":9,"War Paint":6,"Cracked Core":0},{"Dream Catcher":5,"War Paint":4,"Cracked Core":0},{"Dream Catcher":19,"War Paint":15,"Cracked Core":0}]},"card_choices":[{"not_picked":["Multi-Cast","Amplify"],"picked":"Core Surge","floor":0.0},{"not_picked":["Blizzard","Stack"],"picked":"Redo","floor":1.0},{"not_picked":["Steam","Gash"],"picked":"Capacitor","floor":3.0},{"not_picked":["Lockon","Steam"],"picked":"Cold Snap","floor":4.0},{"not_picked":["Darkness","Sweeping Beam"],"picked":"Self Repair","floor":6.0},{"not_picked":["Turbo","Stack"],"picked":"Hologram","floor":8},{"not_picked":["Aggregate","Storm","Beam Cell"],"picked":"SKIP","floor":11},{"not_picked":["Sweeping Beam","Sunder"],"picked":"Loop","floor":12}],"player_experience":351484,"relics_obtained":[{"floor":6.0,"key":"War Paint"},{"floor":9,"key":"Dream Catcher"}],"event_choices":[{"damage_healed":0.0,"max_hp_gain":0.0,"max_hp_loss":0.0,"gold_gain":0.0,"event_name":"Match and Keep!","player_choice":"2 cards matched","floor":2.0,"gold_loss":0.0,"damage_taken":0.0,"cards_obtained":["Coolheaded","Rainbow"]},{"damage_healed":0.0,"max_hp_gain":0.0,"max_hp_loss":0.0,"gold_gain":0.0,"cards_transformed":["Strike_B"],"event_name":"Living Wall","player_choice":"Change","floor":5.0,"gold_loss":0.0,"damage_taken":0.0,"cards_obtained":["Doom and Gloom"]},{"cards_removed":["Doom and Gloom"],"damage_healed":0.0,"max_hp_gain":0.0,"max_hp_loss":0.0,"gold_gain":0.0,"event_name":"Purifier","player_choice":"Purged","floor":7.0,"gold_loss":0.0,"damage_taken":0.0}],"is_beta":false,"boss_relics":[],"items_purged_floors":[13],"is_endless":false,"potions_floor_spawned":[1,3,12],"killed_by":"3 Sentries","ascension_level":20}}