{"host":"zf1gvustpgbojd4t","time":1612502143,"event":{"mods":["Act Like it!","BaseMod","Downfall","Hallownest","Map Debug Mod","Minty Spire (QoL Compilation)","MostiFishMod","Replay The Spire","StSLib"],"gold_per_floor":[99,99,99,99,99,99,99,99,112,112,127,183,208,118,128,226,226,26,36,36,46,66,66,66,81,116,128,128,28,59,76,92,197,297,297,311,526,526,621,636,636,636,651,651,698,714,747,765,782,782,782,811,363,363,363,363],"floor_reached":57,"language":"ZHS","playtime":2511,"items_purged":["Slimebound:Strike_Slimebound","Slimebound:CorrosiveSpit"],"score":1252,"play_id":"e739b27c-8d96-4140-9bd4-9648c0b9062c","local_time":"20210205131543","is_ascension_mode":false,"campfire_choices":[{"floor":1,"key":"RECALL"},{"data":"Slimebound:SlimeBarrage","floor":8,"key":"SMITH"},{"data":"Slimebound:TagTeam","floor":10,"key":"SMITH"},{"data":"Slimebound:SelfFormingGoo","floor":23,"key":"SMITH"},{"data":"Slimebound:Repurpose","floor":29,"key":"SMITH"},{"data":"Slimebound:RallyTheTroops","floor":35,"key":"SMITH"},{"data":"Slimebound:Teamwork","floor":42,"key":"SMITH"},{"data":"Slimebound:ForwardTackle","floor":44,"key":"SMITH"},{"data":"Slimebound:Overexert","floor":54,"key":"SMITH"}],"circlet_count":0,"master_deck":["Slimebound:Defend_Slimebound","Slimebound:Defend_Slimebound","Slimebound:Defend_Slimebound","Slimebound:Defend_Slimebound","Slimebound:Split","Slimebound:SlimeBarrage+1","Slimebound:SplitBruiser","Slimebound:SplitAcid","Slimebound:TagTeam+1","Slimebound:SplitAcid","Slimebound:SplitLeeching","Slimebound:SelfFormingGoo+1","Slimebound:Teamwork+1","Slimebound:PressTheAttack+1","Slimebound:Tackle+1","Slimebound:Tackle+1","Slimebound:Tackle+1","Slimebound:ForwardTackle+1","Slimebound:DivideAndConquer","Slimebound:Repurpose+1","Slimebound:SplitMire","Slimebound:SplitAcid","Slimebound:RallyTheTroops+1","Slimebound:SplitMire","Slimebound:ComboTackle+1","Slimebound:Repurpose+1","Slimebound:ComboTackle","Slimebound:SlimeSpikes","Slimebound:SelfFormingGoo","Slimebound:ProtectTheBoss","Slimebound:DisruptingSlam+1","Slimebound:Overexert+1"],"relics":["Slimebound:AbsorbEndCombat","DaveBox","GuanYuAspect","downfall:HeartsMalice","Pear","Chameleon Ring","SlaversCollar","downfall:HeartBlessingBlue","downfall:HeartBlessingRed","Onion Ring","Pen Nib","downfall:HeartBlessingGreen","SynthV:C4","Replay:Wanted Poster","Slimebound:AggressiveSlimeRelic","Lizard Tail","Centennial Puzzle","Calipers","Boot","Turnip"],"acts_visited":["Exordium","TheCity","TheBeyond","TheEnding"],"potions_floor_usage":[56,56,56,56,56,56,56,56],"damage_taken":[{"damage":0,"enemies":"Small Slimes","floor":2,"turns":1},{"damage":0,"enemies":"Cultist","floor":3,"turns":1},{"damage":0,"enemies":"Jaw Worm","floor":5,"turns":1},{"damage":11,"enemies":"Large Slime","floor":9,"turns":3},{"damage":2,"enemies":"Blue Slaver","floor":11,"turns":2},{"damage":4,"enemies":"Lagavulin Event","floor":12,"turns":4},{"damage":8,"enemies":"Lagavulin","floor":13,"turns":3},{"damage":4,"enemies":"downfall:FleeingMerchant","floor":14,"turns":4},{"damage":0,"enemies":"Large Slime","floor":15,"turns":3},{"damage":23,"enemies":"IC_STATUS_ARCHETYPE","floor":16,"turns":5},{"damage":0,"enemies":"Spheric Guardian","floor":19,"turns":4},{"damage":15,"enemies":"Snake Plant","floor":21,"turns":3},{"damage":10,"enemies":"3 Cultists","floor":22,"turns":3},{"damage":3,"enemies":"Snecko","floor":25,"turns":3},{"damage":37,"enemies":"Replay:Snechameleon","floor":26,"turns":4},{"damage":7,"enemies":"Sentry and Sphere","floor":27,"turns":4},{"damage":20,"enemies":"Slavers","floor":30,"turns":3},{"damage":33,"enemies":"Snake Plant","floor":31,"turns":3},{"damage":0,"enemies":"Centurion and Healer","floor":32,"turns":4},{"damage":10,"enemies":"WA_ARCHETYPE_CALM","floor":33,"turns":5},{"damage":7,"enemies":"Orb Walker","floor":36,"turns":3},{"damage":17,"enemies":"downfall:FleeingMerchant","floor":37,"turns":3},{"damage":22,"enemies":"3 Shapes","floor":40,"turns":2},{"damage":32,"enemies":"Spire Growth","floor":43,"turns":4},{"damage":9,"enemies":"R_Hoarder","floor":45,"turns":5},{"damage":6,"enemies":"Transient","floor":46,"turns":5},{"damage":18,"enemies":"Giant Head","floor":47,"turns":5},{"damage":2,"enemies":"Sphere and 2 Shapes","floor":48,"turns":3},{"damage":7,"enemies":"3 Darklings","floor":49,"turns":2},{"damage":73,"enemies":"DF_ARCHETYPE_ORBS","floor":50,"turns":6},{"damage":63,"enemies":"downfall:CharBossMerchant","floor":52,"turns":8},{"damage":24,"enemies":"downfall:NeowBoss","floor":55,"turns":8},{"damage":25,"enemies":"downfall:NeowBossFinal","floor":56,"turns":7}],"seed_played":"-7641900014816378478","potions_obtained":[{"floor":9,"key":"Block Potion"},{"floor":11,"key":"EntropicBrew"},{"floor":12,"key":"Weak Potion"},{"floor":15,"key":"EntropicBrew"},{"floor":16,"key":"Elixir"}],"is_trial":false,"path_per_floor":["R","M","M","?","M","?","T","R","M","R","M","?","E","$","M","B",null,"R","M","?","M","M","R","T","M","E","M","?","R","E","M","M","B",null,"R","M","?","$","?","M","T","R","M","R","E","M","E","M","M","B",null,"E","$","R","B","B",null],"character_chosen":"SLIMEBOUND","items_purchased":["Turnip","Slimebound:Overexert"],"campfire_rested":0,"item_purchase_floors":[53,53],"current_hp_per_floor":[33,33,33,33,33,33,33,33,33,33,33,38,43,43,43,43,43,48,53,53,44,53,53,53,53,29,31,31,31,36,18,53,53,53,53,53,53,53,40,43,43,43,38,38,52,53,53,53,53,28,53,23,23,23,53,53],"gold":363,"neow_bonus":"THREE_ENEMY_KILL","is_daily":false,"chose_seed":false,"campfire_upgraded":8,"win_rate":0.0,"timestamp":1612502143,"path_taken":["R","M","M","?","?","?","T","R","M","R","M","?","E","?","M","BOSS","R","M","?","M","M","R","T","M","E","M","?","R","E","M","M","BOSS","R","M","?","$","?","M","T","R","M","R","E","M","E","M","M","BOSS","E","$","R","BOSS","BOSS"],"items_purchased_type":["Relic","Card"],"build_version":"2020-12-22","purchased_purges":2,"victory":true,"max_hp_per_floor":[33,33,33,33,33,33,33,33,33,33,33,43,43,43,43,43,43,53,53,53,53,53,53,53,53,53,53,53,53,53,53,53,53,53,53,53,53,53,53,53,53,53,53,53,53,53,53,53,53,53,53,53,53,53,53,53],"card_choices":[{"not_picked":["Slimebound:SamplingLick","Slimebound:SplitMire"],"picked":"Slimebound:SlimeBarrage","floor":2},{"not_picked":["Slimebound:SplitMire","Slimebound:ProtectTheBoss"],"picked":"Slimebound:SplitBruiser","floor":3},{"not_picked":["Slimebound:Schlurp","Slimebound:Recollect"],"picked":"Slimebound:SplitAcid","floor":5},{"not_picked":["Slimebound:SplitBruiser","Slimebound:FinishingTackle"],"picked":"Slimebound:TagTeam","floor":9},{"not_picked":["Slimebound:Prepare","Slimebound:GoopTackle"],"picked":"Slimebound:SplitAcid","floor":11},{"not_picked":["Slimebound:GoopSpray","Slimebound:LivingWall"],"picked":"Slimebound:SplitLeeching","floor":13},{"not_picked":["Slimebound:GoopTackle","Slimebound:Chomp"],"picked":"Slimebound:SelfFormingGoo","floor":14},{"not_picked":["Slimebound:Schlurp","Slimebound:LivingWall","Slimebound:RainOfGoop"],"picked":"SKIP","floor":15},{"not_picked":["Slimebound:MassRepurpose","Slimebound:SlimeSlap"],"picked":"Slimebound:Teamwork","floor":16},{"not_picked":["Slimebound:GoopTackle","Slimebound:SplitMire"],"picked":"Slimebound:PressTheAttack+1","floor":19},{"not_picked":["Slimebound:LeechingTouch","Slimebound:RejuvenatingLick+1","Slimebound:GoopSpray"],"picked":"SKIP","floor":21},{"not_picked":["Slimebound:LivingWall+1","Slimebound:Prepare","Slimebound:ComboTackle+1"],"picked":"SKIP","floor":22},{"not_picked":["Slimebound:ProtectTheBoss+1","Slimebound:Recollect"],"picked":"Slimebound:ForwardTackle","floor":25},{"not_picked":["Slimebound:SplitMire","Slimebound:Nibble"],"picked":"Slimebound:DivideAndConquer","floor":26},{"not_picked":["Slimebound:Schlurp","Slimebound:RainOfGoop"],"picked":"Slimebound:Repurpose","floor":27},{"not_picked":["Slimebound:ComboTackle","Slimebound:DuplicatedForm","Slimebound:SlimeTap"],"picked":"SKIP","floor":30},{"not_picked":["Slimebound:GoopTackle","Slimebound:ComboTackle"],"picked":"Slimebound:SplitMire","floor":31},{"not_picked":["Slimebound:GoopTackle+1","Slimebound:FinishingTackle+1"],"picked":"Slimebound:SplitAcid","floor":32},{"not_picked":["Slimebound:SelfFormingGoo","Slimebound:SlimeSlap"],"picked":"Slimebound:RallyTheTroops","floor":33},{"not_picked":["Slimebound:LivingWall","Slimebound:PressTheAttack+1"],"picked":"Slimebound:SplitMire","floor":36},{"not_picked":["Slimebound:Grow+1","Slimebound:LivingWall","Slimebound:Chomp"],"picked":"SKIP","floor":37},{"not_picked":["Slimebound:SpikyOuterGoop+1","Slimebound:SamplingLick"],"picked":"Slimebound:ComboTackle+1","floor":39},{"not_picked":["Slimebound:LeadByExample+1","Slimebound:Grow"],"picked":"Slimebound:Repurpose+1","floor":40},{"not_picked":["Slimebound:ItLooksTasty","Slimebound:LivingWall","Slimebound:GoopSpray+1"],"picked":"SKIP","floor":43},{"not_picked":["Slimebound:PressTheAttack+1","Slimebound:RollThrough","Slimebound:BestDefense"],"picked":"SKIP","floor":45},{"not_picked":["Slimebound:HungryTackle","Slimebound:FlameTackle+1"],"picked":"Slimebound:ComboTackle","floor":46},{"not_picked":["Slimebound:Schlurp+1","Slimebound:RollThrough"],"picked":"Slimebound:SlimeSpikes","floor":47},{"not_picked":["Slimebound:Nibble","Slimebound:Replication"],"picked":"Slimebound:SelfFormingGoo","floor":48},{"not_picked":["Slimebound:SplitBruiser","Slimebound:MegaLick+1"],"picked":"Slimebound:ProtectTheBoss","floor":49},{"not_picked":["Slimebound:DuplicatedForm","Slimebound:ForwardTackle+1"],"picked":"Slimebound:DisruptingSlam+1","floor":52}],"player_experience":94056,"relics_obtained":[{"floor":12,"key":"Pear"},{"floor":13,"key":"Chameleon Ring"},{"floor":24,"key":"Onion Ring"},{"floor":26,"key":"Pen Nib"},{"floor":30,"key":"SynthV:C4"},{"floor":39,"key":"Slimebound:AggressiveSlimeRelic"},{"floor":41,"key":"Lizard Tail"},{"floor":45,"key":"Centennial Puzzle"},{"floor":47,"key":"Calipers"},{"floor":52,"key":"Boot"}],"event_choices":[{"damage_healed":0,"gold_gain":0,"player_choice":"Ignored","damage_taken":0,"max_hp_gain":0,"max_hp_loss":0,"event_name":"NoteForYourself","floor":4,"gold_loss":0},{"damage_healed":0,"gold_gain":0,"player_choice":"Ignored","damage_taken":0,"max_hp_gain":0,"max_hp_loss":0,"event_name":"Ghosts","floor":18,"gold_loss":0}],"is_beta":false,"boss_relics":[{"not_picked":["RhineFirstAidKit","Snecko Eye"],"picked":"SlaversCollar"},{"not_picked":["FixedStarFall","Ring of Chaos"],"picked":"Replay:Wanted Poster"}],"items_purged_floors":[14,37],"is_endless":false,"potions_floor_spawned":[9,11,12,15,16,22,27,30,31,36,40,45,46],"ascension_level":0}}