{"host":"7sni158j623xchr2","time":1612499706,"event":{"mods":["BaseMod","Colored Map","Highlight Path","Minty Spire (QoL Compilation)","Permanent Neow","Potion Indicator Mod","Rare Cards Sparkle","Relic Sorter","Relic Stats","StSLib","everything is the same but u backflip on backflip"],"gold_per_floor":[16,16,28,42,62,62,95,95,121,196,196,196,222,235,235,330,330,341,341,353,366,380,380,394,425,425,443,176,201,201,42,42,145,195,207,207,225,239,249,283,297,313,337,385,385,385,410,199,199,199,199,199,5,36,36,36],"floor_reached":55,"language":"ENG","playtime":2247,"items_purged":["Decay","Strike_G","Strike_G"],"score":817,"play_id":"bb1f757f-5633-402a-8d76-bd2a0ae8fd24","local_time":"20210204223506","is_ascension_mode":true,"campfire_choices":[{"data":"Die Die Die","floor":6,"key":"SMITH"},{"data":"Poisoned Stab","floor":11,"key":"SMITH"},{"data":"Deadly Poison","floor":15,"key":"SMITH"},{"data":"Crippling Poison","floor":23,"key":"SMITH"},{"data":"All Out Attack","floor":30,"key":"SMITH"},{"data":"Quick Slash","floor":32,"key":"SMITH"},{"floor":49,"key":"RECALL"},{"data":"Well Laid Plans","floor":52,"key":"SMITH"}],"circlet_count":0,"master_deck":["Strike_G","Strike_G","Defend_G","Defend_G+1","Defend_G","Defend_G","Defend_G+1","Survivor","Neutralize","Die Die Die+1","Leg Sweep","Slice","Poisoned Stab+1","All Out Attack+1","Backflip","Deadly Poison+1","Venomology+1","Crippling Poison+1","Quick Slash+1","Die Die Die","Terror","Acrobatics+1","Caltrops","Well Laid Plans+1","Dodge and Roll+1"],"relics":["Ring of the Snake","Blood Vial","Pear","Anchor","Ginger","Busted Crown","Nilry\u0027s Codex","Strawberry","White Beast Statue","Membership Card","War Paint","Bronze Scales","TwistedFunnel","Tiny House","MealTicket","Tingsha","Singing Bowl","Chemical X","Pen Nib","Thread and Needle","InkBottle"],"acts_visited":["Exordium","TheCity","TheBeyond","TheEnding"],"potions_floor_usage":[18,18,21,21,24,24,27,27,29,29,29,33,33,33,37,38,39,40,40,41,42,42,44,44,47,47,50,50,54,55,55,55,55],"damage_taken":[{"damage":0,"enemies":"Small Slimes","floor":1,"turns":2},{"damage":3,"enemies":"Cultist","floor":3,"turns":4},{"damage":0,"enemies":"Jaw Worm","floor":4,"turns":6},{"damage":0,"enemies":"Looter","floor":5,"turns":4},{"damage":25,"enemies":"3 Sentries","floor":7,"turns":8},{"damage":1,"enemies":"Gremlin Nob","floor":13,"turns":4},{"damage":2,"enemies":"Exordium Thugs","floor":14,"turns":4},{"damage":6,"enemies":"The Guardian","floor":16,"turns":12},{"damage":13,"enemies":"Spheric Guardian","floor":18,"turns":6},{"damage":1,"enemies":"Shell Parasite","floor":20,"turns":5},{"damage":1,"enemies":"Centurion and Healer","floor":21,"turns":5},{"damage":0,"enemies":"Snecko","floor":22,"turns":4},{"damage":9,"enemies":"3 Cultists","floor":24,"turns":5},{"damage":23,"enemies":"Book of Stabbing","floor":25,"turns":5},{"damage":0,"enemies":"Chosen and Byrds","floor":27,"turns":4},{"damage":16,"enemies":"Gremlin Leader","floor":29,"turns":8},{"damage":39,"enemies":"Automaton","floor":33,"turns":9},{"damage":0,"enemies":"Orb Walker","floor":35,"turns":3},{"damage":3,"enemies":"3 Shapes","floor":37,"turns":2},{"damage":8,"enemies":"Transient","floor":38,"turns":5},{"damage":22,"enemies":"Jaw Worm Horde","floor":39,"turns":2},{"damage":28,"enemies":"Nemesis","floor":40,"turns":7},{"damage":10,"enemies":"Maw","floor":41,"turns":6},{"damage":5,"enemies":"Writhing Mass","floor":42,"turns":5},{"damage":1,"enemies":"2 Orb Walkers","floor":44,"turns":4},{"damage":29,"enemies":"Giant Head","floor":47,"turns":6},{"damage":41,"enemies":"Awakened One","floor":50,"turns":19},{"damage":44,"enemies":"Shield and Spear","floor":54,"turns":9},{"damage":56,"enemies":"The Heart","floor":55,"turns":8}],"seed_played":"-3635555812593467761","potions_obtained":[{"floor":4,"key":"Regen Potion"},{"floor":5,"key":"FairyPotion"},{"floor":13,"key":"ColorlessPotion"},{"floor":20,"key":"LiquidMemories"},{"floor":21,"key":"SpeedPotion"},{"floor":27,"key":"EssenceOfSteel"},{"floor":29,"key":"Regen Potion"},{"floor":33,"key":"SteroidPotion"},{"floor":34,"key":"Regen Potion"},{"floor":35,"key":"DistilledChaos"},{"floor":39,"key":"Regen Potion"},{"floor":40,"key":"EssenceOfSteel"},{"floor":42,"key":"EssenceOfSteel"},{"floor":44,"key":"Poison Potion"},{"floor":47,"key":"Block Potion"},{"floor":54,"key":"DistilledChaos"}],"is_trial":false,"path_per_floor":["M","?","M","M","M","R","E","T","T","?","R","?","E","M","R","B",null,"M","?","M","M","M","R","M","E","T","M","$","E","R","$","R","B",null,"M","?","M","M","M","E","M","M","T","?","?","?","E","$","R","B",null,"R","$","E","B"],"character_chosen":"THE_SILENT","items_purchased":["Membership Card","War Paint","TwistedFunnel","Quick Slash","Explosive Potion","Chemical X","Pen Nib","Thread and Needle","Ancient Potion"],"campfire_rested":0,"item_purchase_floors":[28,28,31,31,31,48,48,53,53],"current_hp_per_floor":[70,70,67,67,67,67,42,52,52,41,41,46,47,47,47,43,85,74,58,59,60,62,62,55,41,41,43,43,29,29,29,29,46,97,97,97,97,89,69,58,50,47,47,48,48,45,20,35,35,28,94,94,94,52,0,0],"gold":36,"neow_bonus":"THREE_RARE_CARDS","is_daily":false,"chose_seed":false,"campfire_upgraded":7,"win_rate":0.0,"timestamp":1612499706,"path_taken":["M","?","?","M","M","R","E","?","T","?","R","?","E","M","R","BOSS","M","?","M","M","M","R","M","E","T","M","$","E","R","$","R","BOSS","M","?","M","M","?","E","M","M","T","?","?","?","E","$","R","BOSS","R","$","E","BOSS"],"items_purchased_type":["Relic","Relic","Relic","Card","Potion","Relic","Relic","Relic","Potion"],"build_version":"2020-12-22","purchased_purges":3,"victory":false,"max_hp_per_floor":[70,70,70,70,70,70,70,80,80,80,80,85,85,85,85,85,85,85,85,85,85,85,85,85,92,92,92,92,92,92,92,92,92,97,97,97,97,97,97,97,97,97,97,97,92,92,94,94,94,94,94,94,94,96,96,96],"relic_stats":{"Singing Bowl":4,"counters":[29,171],"Tingsha":[102],"Pen Nib":[5],"Ginger":[14],"War Paint":["Venomology","Defend_G"],"Blood Vial":38,"Busted Crown":40,"Bronze Scales":[359],"MealTicket":15,"Chemical X":[3],"obtain_stats":[{"TwistedFunnel":31,"Pear":8,"Tiny House":34,"Singing Bowl":47,"Nilry\u0027s Codex":19,"Tingsha":44,"Thread and Needle":53,"Pen Nib":48,"Ginger":13,"War Paint":28,"White Beast Statue":26,"Blood Vial":7,"Anchor":9,"Busted Crown":17,"Strawberry":25,"Bronze Scales":29,"MealTicket":40,"Membership Card":28,"Chemical X":48,"InkBottle":54,"Ring of the Snake":0},{"TwistedFunnel":16,"Pear":5,"Tiny House":17,"Singing Bowl":26,"Nilry\u0027s Codex":9,"Tingsha":25,"Thread and Needle":27,"Pen Nib":26,"Ginger":6,"War Paint":15,"White Beast Statue":14,"Blood Vial":5,"Anchor":5,"Busted Crown":8,"Strawberry":14,"Bronze Scales":16,"MealTicket":22,"Membership Card":15,"Chemical X":26,"InkBottle":28,"Ring of the Snake":0},{"TwistedFunnel":86,"Pear":24,"Tiny House":95,"Singing Bowl":135,"Nilry\u0027s Codex":50,"Tingsha":129,"Thread and Needle":154,"Pen Nib":135,"Ginger":28,"War Paint":78,"White Beast Statue":74,"Blood Vial":24,"Anchor":24,"Busted Crown":44,"Strawberry":74,"Bronze Scales":86,"MealTicket":114,"Membership Card":78,"Chemical X":135,"InkBottle":163,"Ring of the Snake":0}],"InkBottle":[3],"Ring of the Snake":[58]},"card_choices":[{"not_picked":["Phantasmal Killer","Storm of Steel"],"picked":"Die Die Die","floor":0},{"not_picked":["Outmaneuver","Eviscerate","Prepared"],"picked":"SKIP","floor":1},{"not_picked":["Dodge and Roll","Concentrate"],"picked":"Leg Sweep","floor":3},{"not_picked":["Acrobatics","Setup"],"picked":"Slice","floor":4},{"not_picked":["Predator","Blade Dance"],"picked":"Poisoned Stab","floor":5},{"not_picked":["Sucker Punch","Escape Plan"],"picked":"All Out Attack","floor":7},{"not_picked":["Eviscerate","Acrobatics"],"picked":"Backflip","floor":13},{"not_picked":["Dagger Throw","Eviscerate"],"picked":"Deadly Poison","floor":14},{"not_picked":["Storm of Steel","Tools of the Trade"],"picked":"Venomology","floor":16},{"not_picked":["Choke"],"picked":"SKIP","floor":18},{"not_picked":["Outmaneuver"],"picked":"SKIP","floor":20},{"not_picked":["Sucker Punch"],"picked":"SKIP","floor":21},{"not_picked":[],"picked":"Crippling Poison","floor":22},{"not_picked":["Finisher"],"picked":"SKIP","floor":24},{"not_picked":["Tactician"],"picked":"SKIP","floor":25},{"not_picked":["Backflip"],"picked":"SKIP","floor":27},{"not_picked":["Prepared"],"picked":"SKIP","floor":29},{"not_picked":[],"picked":"Die Die Die","floor":33},{"not_picked":[],"picked":"Terror","floor":34},{"not_picked":[],"picked":"Acrobatics+1","floor":35},{"not_picked":["Caltrops+1"],"picked":"SKIP","floor":37},{"not_picked":[],"picked":"Well Laid Plans","floor":38},{"not_picked":[],"picked":"Dodge and Roll+1","floor":39},{"not_picked":["Wraith Form v2"],"picked":"SKIP","floor":40},{"not_picked":["Acrobatics"],"picked":"SKIP","floor":41},{"not_picked":["Backstab"],"picked":"SKIP","floor":42},{"not_picked":["Backflip"],"picked":"Singing Bowl","floor":47},{"not_picked":["Flying Knee"],"picked":"Singing Bowl","floor":54}],"player_experience":1754008,"relics_obtained":[{"floor":7,"key":"Blood Vial"},{"floor":8,"key":"Pear"},{"floor":9,"key":"Anchor"},{"floor":13,"key":"Ginger"},{"floor":19,"key":"Nilry\u0027s Codex"},{"floor":25,"key":"Strawberry"},{"floor":26,"key":"White Beast Statue"},{"floor":29,"key":"Bronze Scales"},{"floor":40,"key":"MealTicket"},{"floor":44,"key":"Tingsha"},{"floor":47,"key":"Singing Bowl"},{"floor":54,"key":"InkBottle"}],"event_choices":[{"damage_healed":0,"gold_gain":0,"player_choice":"Cursed","damage_taken":0,"max_hp_gain":0,"max_hp_loss":0,"event_name":"Wheel of Change","floor":2,"gold_loss":0,"cards_obtained":["Decay"]},{"damage_healed":0,"gold_gain":75,"player_choice":"Gather Gold","damage_taken":11,"max_hp_gain":0,"max_hp_loss":0,"event_name":"World of Goop","floor":10,"gold_loss":0},{"damage_healed":0,"gold_gain":0,"player_choice":"Donut","damage_taken":0,"max_hp_gain":5,"max_hp_loss":0,"event_name":"Big Fish","floor":12,"gold_loss":0},{"damage_healed":0,"gold_gain":0,"player_choice":"Obtained Book","damage_taken":16,"max_hp_gain":0,"max_hp_loss":0,"event_name":"Cursed Tome","floor":19,"gold_loss":0},{"damage_healed":0,"gold_gain":0,"cards_transformed":["Strike_G"],"player_choice":"Transformed","damage_taken":0,"max_hp_gain":0,"max_hp_loss":0,"event_name":"Transmorgrifier","floor":36,"gold_loss":0,"cards_obtained":["Caltrops"]},{"damage_healed":0,"gold_gain":0,"player_choice":"Fight","damage_taken":0,"max_hp_gain":0,"max_hp_loss":0,"event_name":"Mysterious Sphere","floor":44,"gold_loss":0},{"damage_healed":0,"gold_gain":0,"player_choice":"Max HP","damage_taken":0,"max_hp_gain":0,"max_hp_loss":5,"event_name":"Winding Halls","floor":45,"gold_loss":0},{"damage_healed":0,"gold_gain":0,"player_choice":"Punched","damage_taken":3,"max_hp_gain":0,"max_hp_loss":0,"event_name":"Designer","floor":46,"gold_loss":0}],"is_beta":false,"boss_relics":[{"not_picked":["Pandora\u0027s Box","Runic Pyramid"],"picked":"Busted Crown"},{"not_picked":["HoveringKite","Cursed Key"],"picked":"Tiny House"}],"items_purged_floors":[28,31,48],"is_endless":false,"potions_floor_spawned":[4,5,13,14,20,21,22,27,29,33,35,37,38,39,40,41,42,44,47,54],"killed_by":"The Heart","ascension_level":1}}