{"host":"wvcyfzs99um8is6a","time":1612567834,"event":{"mods":["AchievementEnabler","BaseMod","Colored Map","Colored Powertips","Highlight Path","Minty Spire (QoL Compilation)","Random Character Button","Relic Filter","StSLib","SuperFastMode"],"gold_per_floor":[117,117,117,132,145,145,175,175,175,175,192,192,3,3,3,98,98,110,110,122,47,62,76,76,76,100,100,190,206,3,3,3],"floor_reached":31,"language":"ENG","playtime":2288,"items_purged":["Strike_R","Strike_R"],"score":233,"play_id":"4f0da65b-4986-4ab1-8931-3015771c7493","local_time":"20210205183034","is_ascension_mode":false,"campfire_choices":[{"data":"Entrench","floor":6.0,"key":"SMITH"},{"data":"Body Slam","floor":8.0,"key":"SMITH"},{"floor":10.0,"key":"REST"},{"data":"Bash","floor":12.0,"key":"SMITH"},{"data":"Rampage","floor":15.0,"key":"SMITH"},{"floor":24,"key":"REST"},{"data":"Ghostly Armor","floor":25,"key":"SMITH"},{"data":"Juggernaut","floor":27,"key":"SMITH"}],"circlet_count":0,"master_deck":["Strike_R+1","Defend_R","Defend_R+1","Defend_R","Bash+1","Body Slam+1","Entrench+1","Rampage+1","Ghostly Armor+1","Juggernaut+1","Inflame","Fire Breathing","True Grit+1","Cleave+1","Power Through","Metallicize","Body Slam+1","Panacea"],"relics":["Burning Blood","Ginger","WingedGreaves","Membership Card","Sozu","Kunai","DollysMirror"],"acts_visited":["Exordium","TheCity"],"potions_floor_usage":[20],"damage_taken":[{"damage":2.0,"enemies":"Small Slimes","floor":1.0,"turns":6.0},{"damage":11.0,"enemies":"Jaw Worm","floor":4.0,"turns":3.0},{"damage":5.0,"enemies":"Cultist","floor":5.0,"turns":4.0},{"damage":37.0,"enemies":"Lagavulin","floor":7.0,"turns":8.0},{"damage":5.0,"enemies":"Red Slaver","floor":11.0,"turns":4.0},{"damage":19.0,"enemies":"Hexaghost","floor":16.0,"turns":9.0},{"damage":13.0,"enemies":"3 Byrds","floor":18.0,"turns":5.0},{"damage":17,"enemies":"Shell Parasite","floor":20,"turns":4},{"damage":29,"enemies":"Chosen and Byrds","floor":22,"turns":6},{"damage":16,"enemies":"Cultist and Chosen","floor":23,"turns":5},{"damage":28,"enemies":"Centurion and Healer","floor":29,"turns":5},{"damage":0,"enemies":"Colosseum Slavers","floor":31,"turns":5},{"damage":43,"enemies":"Colosseum Nobs","floor":31,"turns":4}],"seed_played":"6238066297040577523","potions_obtained":[{"floor":4.0,"key":"SteroidPotion"},{"floor":11.0,"key":"LiquidMemories"},{"floor":16.0,"key":"Strength Potion"}],"is_trial":false,"path_per_floor":["M","?","?","M","M","R","E","R","T","R","M","R","$","?","R","B",null,"M","?","M","?","M","M","R","R","T","R","?","M","$","?"],"character_chosen":"IRONCLAD","items_purchased":["Membership Card","Metallicize","DollysMirror","Panacea"],"campfire_rested":2,"item_purchase_floors":[13,30,30,30],"current_hp_per_floor":[60,60,60,55,56,56,25,25,25,49,50,50,50,34,34,21,80,73,73,62,62,39,29,53,53,53,53,41,19,19,0,0],"gold":3,"neow_bonus":"REMOVE_TWO","is_daily":false,"chose_seed":false,"campfire_upgraded":6,"win_rate":0.0,"timestamp":1612567834,"path_taken":["M","?","?","M","M","R","E","R","T","R","?","R","?","?","R","BOSS","M","?","M","?","?","M","R","R","T","R","?","?","$","?"],"items_purchased_type":["Relic","Card","Relic","Card"],"build_version":"2020-12-22","purchased_purges":2,"victory":false,"max_hp_per_floor":[80,80,80,80,80,80,80,80,80,80,80,80,80,80,80,80,80,80,80,80,80,80,80,80,80,80,80,80,80,80,80,80],"card_choices":[{"not_picked":["Twin Strike","Sword Boomerang"],"picked":"Body Slam","floor":1.0},{"not_picked":["Searing Blow","Clash","Clothesline"],"picked":"SKIP","floor":4.0},{"not_picked":["Shrug It Off","Bludgeon"],"picked":"Entrench","floor":5.0},{"not_picked":["Burning Pact","Feel No Pain"],"picked":"Rampage","floor":7.0},{"not_picked":["Pommel Strike","Second Wind"],"picked":"Ghostly Armor","floor":11.0},{"not_picked":["Exhume","Demon Form"],"picked":"Juggernaut","floor":16.0},{"not_picked":["Wild Strike","Cleave+1"],"picked":"Inflame","floor":18.0},{"not_picked":["Clash","Havoc"],"picked":"True Grit+1","floor":20},{"not_picked":["Headbutt","Wild Strike"],"picked":"Cleave+1","floor":22},{"not_picked":["Havoc","Cleave","Exhume"],"picked":"SKIP","floor":23},{"not_picked":["Headbutt","Heavy Blade"],"picked":"Power Through","floor":29}],"player_experience":996646,"relics_obtained":[{"floor":7.0,"key":"Ginger"},{"floor":9.0,"key":"WingedGreaves"},{"floor":26,"key":"Kunai"}],"event_choices":[{"damage_healed":0.0,"max_hp_gain":0.0,"max_hp_loss":0.0,"gold_gain":0.0,"event_name":"Liars Game","player_choice":"Ignored","floor":2.0,"gold_loss":0.0,"damage_taken":0.0},{"damage_healed":0.0,"max_hp_gain":0.0,"max_hp_loss":0.0,"gold_gain":0.0,"event_name":"The Woman in Blue","player_choice":"Bought 0 Potions","floor":3.0,"gold_loss":0.0,"damage_taken":0.0},{"damage_healed":0.0,"max_hp_gain":0.0,"max_hp_loss":0.0,"gold_gain":0.0,"event_name":"Shining Light","player_choice":"Entered Light","floor":14.0,"gold_loss":0.0,"damage_taken":16.0,"cards_upgraded":["Strike_R","Defend_R"]},{"damage_healed":0.0,"max_hp_gain":0.0,"max_hp_loss":0.0,"gold_gain":0.0,"event_name":"The Library","player_choice":"Read","floor":19.0,"gold_loss":0.0,"damage_taken":0.0,"cards_obtained":["Fire Breathing"]},{"cards_removed":["Strike_R"],"damage_healed":0,"gold_gain":0,"player_choice":"Gave Gold","damage_taken":0,"max_hp_gain":0,"max_hp_loss":0,"event_name":"Beggar","floor":21,"gold_loss":75},{"damage_healed":0,"gold_gain":90,"player_choice":"GOLD ","damage_taken":12,"max_hp_gain":0,"max_hp_loss":0,"event_name":"Knowing Skull","floor":28,"potions_obtained":[],"gold_loss":0,"cards_obtained":[]},{"damage_healed":0,"gold_gain":0,"player_choice":"Fight","damage_taken":0,"max_hp_gain":0,"max_hp_loss":0,"event_name":"Colosseum","floor":31,"gold_loss":0},{"damage_healed":0,"gold_gain":0,"player_choice":"Fought Nobs","damage_taken":0,"max_hp_gain":0,"max_hp_loss":0,"event_name":"Colosseum","floor":31,"gold_loss":0}],"is_beta":false,"boss_relics":[{"not_picked":["SlaversCollar","Cursed Key"],"picked":"Sozu"}],"items_purged_floors":[13,30],"is_endless":false,"potions_floor_spawned":[4,11,16,18,20,23],"killed_by":"Colosseum Nobs","ascension_level":0}}