{"host":"8e3sp1tozjyrh64l","time":1612496015,"event":{"mods":["BaseMod","Better Altar","Better Match","Better Note","Better Sensory Stone","Better Silent Start","Better Skull","Better Third Choice","BetterRewards","Curses Come First","Defuse TimeMaze Blight","Infinite Spire","Minty Spire (QoL Compilation)","Permanent Neow","Rare Cards Sparkle","Relic Sorter","Reliquary","Replay The Spire","Shop Mod","Spicy Shops","StSLib","SuperFastMode","Wandering Minibosses"],"gold_per_floor":[111,128,53,53,64,98,115,149,149,180,198,198,218,229,229,330,330,349,23,36,50,50,78,78,95,95,95,120,12,43,68,68,171,171,188,188,188,199,236,236,263,263,341,341,155,155,173,184,184,280,280,280],"floor_reached":51,"language":"ENG","playtime":1731,"items_purged":[],"score":873,"play_id":"66d64c1c-50a5-4c23-b28b-bb3ea87eb0b7","local_time":"20210204203335","is_ascension_mode":true,"campfire_choices":[{"data":"Noxious Fumes","floor":12,"key":"SMITH"},{"data":"Infinite Blades","floor":15,"key":"SMITH"},{"data":"infinitespire:Neurotoxin","floor":24,"key":"SMITH"},{"data":"Neutralize","floor":32,"key":"SMITH"},{"data":"Infinite Blades","floor":40,"key":"SMITH"},{"data":"Infinite Blades","floor":44,"key":"SMITH"},{"data":"After Image","floor":46,"key":"SMITH"},{"data":"Adrenaline","floor":49,"key":"SMITH"}],"circlet_count":0,"master_deck":["Strike_G","Strike_G","Strike_G","Strike_G","Defend_G","Defend_G","Defend_G","Defend_G","Survivor","Neutralize+1","Panache+1","Infinite Blades+1","Backstab","Blind+1","Cloak And Dagger","Hidden Blade","Caltrops","Noxious Fumes+1","Bane","infinitespire:Neurotoxin+1","Infinite Blades+1","Infinite Blades+1","Caltrops","Footwork","Blade Dance","Phantasmal Killer+1","Noxious Fumes+1","Blade Dance","Infinite Blades+1","Noxious Fumes+1","After Image+1","Adrenaline+1","Adrenaline"],"relics":["Replay:Wax Seal","Ring of the Snake","reliquary:KillPill","reliquary:RadioactivePellet","MerchantsRug","Pen Nib","Counterbalance","WristBlade","Bottled Tornado","reliquary:Bookmark","Ornamental Fan","reliquary:RoseTintedGlasses","Blood Vial","Prayer Wheel","PreservedInsect","wanderingMiniBosses:ThiefScarf","White Beast Statue","Tiny Chest","Bag of Marbles","Black Star"],"acts_visited":["Exordium","TheCity","TheBeyond","Exordium"],"potions_floor_usage":[28,33,33,33,50,50],"damage_taken":[{"damage":0,"enemies":"Jaw Worm","floor":1,"turns":3},{"damage":0,"enemies":"Cultist","floor":2,"turns":4},{"damage":0,"enemies":"Small Slimes","floor":5,"turns":2},{"damage":0,"enemies":"3 Sentries","floor":6,"turns":5},{"damage":1,"enemies":"Red Slaver","floor":7,"turns":3},{"damage":3,"enemies":"Gremlin Nob","floor":8,"turns":3},{"damage":10,"enemies":"3 Sentries","floor":10,"turns":3},{"damage":0,"enemies":"Large Slime","floor":11,"turns":3},{"damage":0,"enemies":"Looter","floor":13,"turns":2},{"damage":0,"enemies":"Gremlin Gang","floor":14,"turns":4},{"damage":3,"enemies":"Hexaghost","floor":16,"turns":5},{"damage":10,"enemies":"Chosen","floor":18,"turns":2},{"damage":0,"enemies":"Spheric Guardian","floor":20,"turns":1},{"damage":0,"enemies":"Centurion and Healer","floor":21,"turns":3},{"damage":12,"enemies":"Slavers","floor":23,"turns":2},{"damage":0,"enemies":"Chosen and Byrds","floor":25,"turns":2},{"damage":13,"enemies":"Gremlin Leader","floor":28,"turns":3},{"damage":0,"enemies":"Snecko","floor":29,"turns":6},{"damage":15,"enemies":"Nightmare","floor":30,"turns":4},{"damage":0,"enemies":"Automaton","floor":33,"turns":4},{"damage":1,"enemies":"3 Darklings","floor":35,"turns":3},{"damage":0,"enemies":"3 Shapes","floor":38,"turns":2},{"damage":2,"enemies":"3 Darklings","floor":39,"turns":3},{"damage":10,"enemies":"Nightmare","floor":41,"turns":4},{"damage":14,"enemies":"4 Shapes","floor":47,"turns":3},{"damage":0,"enemies":"Maw","floor":48,"turns":4},{"damage":60,"enemies":"infinitespire:MassOfShapes","floor":50,"turns":6}],"seed_played":"8811118960110442854","potions_obtained":[{"floor":1,"key":"Strength Potion"},{"floor":21,"key":"Strength Potion"},{"floor":30,"key":"SpeedPotion"},{"floor":33,"key":"FairyPotion"},{"floor":39,"key":"Languid Potion"},{"floor":41,"key":"ColorlessPotion"},{"floor":50,"key":"Milkshake"}],"is_trial":false,"path_per_floor":["M","M","?","?","M","E","M","E","T","E","M","R","M","M","R","B",null,"M","$","M","M","?","E","R","M","T","?","E","M","NM","T","R","B",null,"M","?","?","M","M","R","NM","?","T","R","$","R","M","M","R","B",null],"character_chosen":"THE_SILENT","items_purchased":["reliquary:RadioactivePellet","BargainBundle","Panache","Infinite Blades","Languid Potion","Cursed Concoction","Weak Potion","MerchantsRug","Replay:Wax Seal","Bottled Tornado","reliquary:Bookmark","Infinite Blades","Ornamental Fan","Tiny Chest","Bag of Marbles","After Image"],"campfire_rested":0,"item_purchase_floors":[0,0,0,0,0,0,0,0,19,19,19,19,19,45,45,45],"current_hp_per_floor":[38,38,38,38,38,38,37,34,34,24,24,24,24,24,24,21,70,60,60,60,60,60,55,55,55,55,35,24,26,13,13,13,15,77,76,76,76,77,75,75,67,67,67,67,67,67,55,57,57,42,77,77],"gold":280,"neow_bonus":"","is_daily":false,"chose_seed":false,"campfire_upgraded":8,"win_rate":0.0,"timestamp":1612496015,"path_taken":["M","M","?","?","M","E","M","E","T","E","?","R","M","M","R","BOSS","M","$","M","M","?","E","R","?","T","?","E","M","NM","?","R","BOSS","M","?","?","?","M","R","NM","?","T","R","$","R","M","?","R","BOSS"],"items_purchased_type":["Relic","Relic","Card","Card","Potion","Potion","Potion","Relic","Relic","Relic","Relic","Card","Relic","Relic","Relic","Card"],"build_version":"2020-12-22","purchased_purges":0,"victory":false,"max_hp_per_floor":[70,70,70,70,70,70,70,70,70,70,70,70,70,70,70,70,70,70,70,70,70,70,77,77,77,77,77,77,77,77,77,77,77,77,77,77,77,77,77,77,77,77,77,77,77,77,77,77,77,77,77,77],"card_choices":[{"not_picked":["Finisher","Dagger Throw"],"picked":"Backstab","floor":1},{"not_picked":["Backflip","PiercingWail","Flying Knee"],"picked":"SKIP","floor":2},{"not_picked":["ReplayTheSpireMod:Trickstab+1","Forethought+1"],"picked":"Blind+1","floor":3},{"not_picked":["Dagger Throw","Backflip"],"picked":"Cloak And Dagger","floor":5},{"not_picked":["ReplayTheSpireMod:Tripwire","Slice","Deflect"],"picked":"SKIP","floor":6},{"not_picked":["ReplayTheSpireMod:Tripwire","Slice","Deflect"],"picked":"SKIP","floor":6},{"not_picked":["Underhanded Strike","Prepared"],"picked":"Hidden Blade","floor":7},{"not_picked":["ReplayTheSpireMod:Necrosis","Fluid Movement"],"picked":"Caltrops","floor":8},{"not_picked":["Hidden Blade","ReplayTheSpireMod:Exploit Weakness","Distraction"],"picked":"SKIP","floor":10},{"not_picked":["Tactician","Slice"],"picked":"Noxious Fumes","floor":11},{"not_picked":["Dodge and Roll","Concentrate"],"picked":"Bane","floor":13},{"not_picked":["Tools of the Trade","Setup","Poisoned Stab"],"picked":"SKIP","floor":14},{"not_picked":["Tools of the Trade","Replay:Bag of Tricks"],"picked":"infinitespire:Neurotoxin","floor":16},{"not_picked":["Bouncing Flask","Distraction","Hidden Blade"],"picked":"SKIP","floor":18},{"not_picked":["Slice+1","Poisoned Stab","Setup"],"picked":"SKIP","floor":20},{"not_picked":["Backflip+1","Reflex","Bane+1"],"picked":"SKIP","floor":21},{"not_picked":["Bouncing Flask","Catalyst+1"],"picked":"Caltrops","floor":23},{"not_picked":["Prepared","Footwork","ReplayTheSpireMod:The Works+1"],"picked":"SKIP","floor":25},{"not_picked":["Prepared","ReplayTheSpireMod:The Works+1"],"picked":"Footwork","floor":25},{"not_picked":["PiercingWail+1","Blur","Backflip+1"],"picked":"SKIP","floor":28},{"not_picked":["Acrobatics","Poisoned Stab","Setup"],"picked":"SKIP","floor":29},{"not_picked":["Hidden Blade","Bouncing Flask","ReplayTheSpireMod:Shiv Toss"],"picked":"SKIP","floor":29},{"not_picked":["Setup","ReplayTheSpireMod:The Works"],"picked":"Blade Dance","floor":30},{"not_picked":["Poison Darts","Grand Finale"],"picked":"Phantasmal Killer","floor":33},{"not_picked":["Underhanded Strike","Well Laid Plans+1"],"picked":"Noxious Fumes+1","floor":35},{"not_picked":["Poisoned Stab+1","Calculated Gamble+1"],"picked":"Catalyst","floor":35},{"not_picked":["Escape Plan","Dagger Spray+1"],"picked":"Blade Dance","floor":38},{"not_picked":["Dash+1","Flying Knee+1","Outmaneuver"],"picked":"SKIP","floor":38},{"not_picked":["Dash+1","Flying Knee+1","Outmaneuver"],"picked":"SKIP","floor":38},{"not_picked":["ReplayTheSpireMod:Tripwire+1","Deflect+1"],"picked":"Infinite Blades","floor":39},{"not_picked":["Bane+1","Distraction+1","Escape Plan+1"],"picked":"SKIP","floor":39},{"not_picked":["Draining Mist+1","Slice"],"picked":"Noxious Fumes+1","floor":41},{"not_picked":["Sucker Punch","All Out Attack","Deadly Poison+1"],"picked":"SKIP","floor":47},{"not_picked":["Well Laid Plans","PiercingWail+1","Dodge and Roll+1"],"picked":"SKIP","floor":47},{"not_picked":["Dagger Throw+1","Deflect"],"picked":"Adrenaline","floor":48},{"not_picked":["Acrobatics","Blur","Deflect"],"picked":"SKIP","floor":48},{"not_picked":["Wraith Form v2","Corpse Explosion"],"picked":"Adrenaline","floor":50}],"player_experience":908999,"relics_obtained":[{"floor":6,"key":"Pen Nib"},{"floor":8,"key":"Counterbalance"},{"floor":9,"key":"infinitespire:Midas Blood"},{"floor":10,"key":"ReplayTheSpireMod:TigerMarble"},{"floor":23,"key":"Strawberry"},{"floor":26,"key":"reliquary:RoseTintedGlasses"},{"floor":28,"key":"Prayer Wheel"},{"floor":30,"key":"reliquary:KillPill"},{"floor":31,"key":"PreservedInsect"},{"floor":39,"key":"Ring of the Snake"},{"floor":39,"key":"wanderingMiniBosses:ThiefScarf"},{"floor":41,"key":"Pocketwatch"},{"floor":43,"key":"White Beast Statue"}],"event_choices":[{"damage_healed":0,"gold_gain":0,"player_choice":"2","damage_taken":0,"max_hp_gain":0,"max_hp_loss":0,"event_name":"betterMatch:BetterMatch","floor":3,"gold_loss":0,"cards_obtained":["betterMatch:ColorlessUncommonCard"]},{"damage_healed":0,"gold_gain":0,"player_choice":"Upgraded","damage_taken":0,"max_hp_gain":0,"max_hp_loss":0,"event_name":"Upgrade Shrine","floor":4,"gold_loss":0,"cards_upgraded":["Panache"]},{"cards_removed":["Infinite Blades"],"damage_healed":0,"gold_gain":0,"player_choice":"Take \u0026 Give","damage_taken":0,"max_hp_gain":0,"max_hp_loss":0,"event_name":"betterNote:BetterNote","floor":22,"gold_loss":0,"cards_obtained":["Infinite Blades"]},{"damage_healed":0,"gold_gain":0,"player_choice":" Vial ","damage_taken":20,"relics_obtained":["Blood Vial"],"max_hp_gain":55,"max_hp_loss":35,"event_name":"betterAltar:BetterAltar","floor":27,"potions_obtained":[],"relics_lost":[],"gold_loss":0},{"damage_healed":0,"gold_gain":0,"player_choice":"Forge","damage_taken":0,"max_hp_gain":0,"max_hp_loss":0,"event_name":"Accursed Blacksmith","floor":37,"gold_loss":0,"cards_upgraded":["Phantasmal Killer"]},{"cards_removed":["Catalyst"],"damage_healed":0,"gold_gain":0,"player_choice":"Card Removal","damage_taken":0,"max_hp_gain":0,"max_hp_loss":0,"event_name":"Wheel of Change","floor":42,"gold_loss":0}],"is_beta":false,"boss_relics":[{"not_picked":["Philosopher\u0027s Stone","Replay:Bronze Core"],"picked":"WristBlade"},{"not_picked":["reliquary:Ember","Replay:Drink Me","Replay:Wanted Poster"]},{"not_picked":["reliquary:KinkedSpring","Calling Bell"],"picked":"Black Star"}],"items_purged_floors":[],"is_endless":true,"potions_floor_spawned":[1,5,6,7,13,14,21,23,30,33,39,41,47,48,50],"ascension_level":1}}