{"host":"vyjryxuuuxkt43k4","time":1612536699,"event":{"mods":["AchievementEnabler","BaseMod","Colored Map","DeckTracker","Highlight Path","Keyboard Shortcuts","Minty Spire (QoL Compilation)","Permanent Neow","Quick Restart","StSLib","SuperFastMode","everything is the same but u backflip on backflip"],"gold_per_floor":[112,30,42,60,74,74,108,69,119,119,147,178,178,194,194,268,268,282,307,354,369,382,382,397,429,429,458,128,155,155,205,205,282,282,293,307,307,319,333,358,358,390,390,390,390,403,403,29,29,29,29,29,29,62,62],"floor_reached":56,"language":"KOR","playtime":3186,"items_purged":["Strike_P","Defend_P"],"score":2211,"play_id":"361ce810-0390-4ece-bfbd-19e78ce08cdf","local_time":"20210205235139","is_ascension_mode":true,"campfire_choices":[{"data":"CrushJoints","floor":6.0,"key":"SMITH"},{"floor":13.0,"key":"REST"},{"data":"MentalFortress","floor":15.0,"key":"SMITH"},{"floor":23.0,"key":"REST"},{"data":"DevaForm","floor":30.0,"key":"SMITH"},{"data":"Wallop","floor":32.0,"key":"SMITH"},{"data":"SandsOfTime","floor":41.0,"key":"SMITH"},{"floor":47,"key":"RECALL"},{"data":"Ragnarok","floor":49,"key":"SMITH"},{"data":"MentalFortress","floor":52,"key":"SMITH"}],"circlet_count":0,"master_deck":["AscendersBane","Strike_P","Strike_P","Strike_P","Defend_P","Defend_P","Defend_P+1","Eruption","Vigilance","Swivel+1","CrushJoints+1","Study","InnerPeace","Wallop+1","WheelKick","MentalFortress+1","DevaForm+1","Swivel+1","Scrawl","Ragnarok+1","SandsOfTime+1","Adaptation","SpiritShield","Madness","Madness","MentalFortress+1"],"relics":["Snecko Eye","Kunai","Bag of Preparation","Ancient Tea Set","CaptainsWheel","Odd Mushroom","Regal Pillow","Black Star","Red Mask","MealTicket","Darkstone Periapt","Meat on the Bone","Letter Opener","InkBottle","War Paint","Happy Flower","Matryoshka","Nunchaku","VioletLotus","Bag of Marbles","Boot","Toy Ornithopter","Blood Vial","Lantern","OrangePellets","White Beast Statue","Gremlin Horn"],"acts_visited":["Exordium","TheCity","TheBeyond","TheEnding"],"potions_floor_usage":[46,50],"damage_taken":[{"damage":0.0,"enemies":"Cultist","floor":1.0,"turns":2.0},{"damage":0.0,"enemies":"Small Slimes","floor":3.0,"turns":2.0},{"damage":5.0,"enemies":"2 Louse","floor":4.0,"turns":2.0},{"damage":2.0,"enemies":"Looter","floor":5.0,"turns":2.0},{"damage":10.0,"enemies":"Lagavulin","floor":7.0,"turns":4.0},{"damage":9.0,"enemies":"The Mushroom Lair","floor":11.0,"turns":3.0},{"damage":2.0,"enemies":"3 Sentries","floor":12.0,"turns":5.0},{"damage":0.0,"enemies":"Exordium Wildlife","floor":14.0,"turns":2.0},{"damage":23.0,"enemies":"Slime Boss","floor":16.0,"turns":9.0},{"damage":0.0,"enemies":"Spheric Guardian","floor":18.0,"turns":1.0},{"damage":50.0,"enemies":"Masked Bandits","floor":19.0,"turns":6.0},{"damage":0.0,"enemies":"Chosen","floor":21.0,"turns":3.0},{"damage":9.0,"enemies":"Snake Plant","floor":22.0,"turns":5.0},{"damage":6.0,"enemies":"Cultist and Chosen","floor":24.0,"turns":4.0},{"damage":6.0,"enemies":"Book of Stabbing","floor":25.0,"turns":4.0},{"damage":0.0,"enemies":"Slavers","floor":27.0,"turns":4.0},{"damage":0.0,"enemies":"Book of Stabbing","floor":29.0,"turns":2.0},{"damage":17.0,"enemies":"Automaton","floor":33.0,"turns":7.0},{"damage":0.0,"enemies":"Orb Walker","floor":35.0,"turns":1.0},{"damage":0.0,"enemies":"3 Shapes","floor":36.0,"turns":6.0},{"damage":17.0,"enemies":"Jaw Worm Horde","floor":38.0,"turns":4.0},{"damage":12.0,"enemies":"Spire Growth","floor":39.0,"turns":3.0},{"damage":0.0,"enemies":"Reptomancer","floor":40.0,"turns":5.0},{"damage":9,"enemies":"Giant Head","floor":42,"turns":5},{"damage":0,"enemies":"3 Darklings","floor":46,"turns":3},{"damage":13,"enemies":"Time Eater","floor":50,"turns":5},{"damage":29,"enemies":"Shield and Spear","floor":54,"turns":6},{"damage":47,"enemies":"The Heart","floor":55,"turns":8}],"seed_played":"5829053059438094896","potions_obtained":[{"floor":3.0,"key":"AttackPotion"},{"floor":4.0,"key":"Fruit Juice"},{"floor":14.0,"key":"Dexterity Potion"},{"floor":16.0,"key":"Block Potion"},{"floor":18.0,"key":"Regen Potion"},{"floor":22.0,"key":"BlessingOfTheForge"},{"floor":24.0,"key":"Fire Potion"},{"floor":25.0,"key":"LiquidMemories"},{"floor":39.0,"key":"Ancient Potion"},{"floor":42,"key":"ColorlessPotion"},{"floor":46,"key":"Weak Potion"}],"is_trial":false,"path_per_floor":["M","?","M","M","M","R","E","$","T","?","?","E","R","M","R","B",null,"M","?","T","M","M","R","M","E","T","E","$","E","R","?","R","B",null,"M","M","?","M","M","E","R","E","T","?","?","M","R","$","R","B",null,"R","$","E","B",null],"character_chosen":"WATCHER","items_purchased":["WheelKick","Happy Flower","GamblersBrew","FairyPotion","OrangePellets"],"campfire_rested":2,"item_purchase_floors":[8,28,28,48,48],"current_hp_per_floor":[61,61,61,56,54,54,44,44,44,23,14,12,48,48,48,25,61,61,25,25,25,16,52,46,40,40,40,55,55,55,55,55,38,64,64,64,64,47,47,47,47,38,38,25,60,60,60,60,60,47,57,57,60,31,25],"gold":62,"neow_bonus":"BOSS_RELIC","is_daily":false,"chose_seed":false,"campfire_upgraded":7,"win_rate":0.0,"timestamp":1612536699,"path_taken":["M","?","?","M","M","R","E","$","T","?","?","E","R","M","R","BOSS","M","?","?","M","?","R","M","E","T","E","$","E","R","?","R","BOSS","M","?","?","M","M","E","R","E","T","?","?","?","R","$","R","BOSS","R","$","E","BOSS"],"items_purchased_type":["Card","Relic","Potion","Potion","Relic"],"build_version":"2020-12-22","purchased_purges":2,"victory":true,"max_hp_per_floor":[68,68,68,68,68,68,68,68,68,73,73,73,73,73,73,73,73,73,73,73,73,73,73,73,73,73,73,73,73,73,73,73,73,73,73,73,73,73,73,73,73,73,73,73,60,60,60,60,60,60,60,60,60,60,60],"card_choices":[{"not_picked":["Halt","ClearTheMind"],"picked":"Swivel","floor":1.0},{"not_picked":["Consecrate","Evaluate"],"picked":"CrushJoints","floor":3.0},{"not_picked":["Halt","FlyingSleeves"],"picked":"Study","floor":4.0},{"not_picked":["SashWhip","Crescendo"],"picked":"InnerPeace","floor":5.0},{"not_picked":["SashWhip","Conclude"],"picked":"Wallop","floor":7.0},{"not_picked":["Vengeance","CarveReality","ClearTheMind"],"picked":"SKIP","floor":12.0},{"not_picked":["BowlingBash","BattleHymn"],"picked":"MentalFortress","floor":14.0},{"not_picked":["Scrawl","Brilliance"],"picked":"DevaForm","floor":16.0},{"not_picked":["SashWhip","Consecrate","ClearTheMind"],"picked":"SKIP","floor":18.0},{"not_picked":["JustLucky+1","Collect","CrushJoints"],"picked":"SKIP","floor":21.0},{"not_picked":["Wallop","Consecrate","WindmillStrike"],"picked":"SKIP","floor":22.0},{"not_picked":["Conclude","ClearTheMind","CrushJoints"],"picked":"SKIP","floor":24.0},{"not_picked":["BattleHymn","CrushJoints+1"],"picked":"Swivel+1","floor":25.0},{"not_picked":["Consecrate","Crescendo"],"picked":"Scrawl","floor":27.0},{"not_picked":["FollowUp","SashWhip","Perseverance"],"picked":"SKIP","floor":29.0},{"not_picked":["ConjureBlade","DevaForm"],"picked":"Ragnarok","floor":33.0},{"not_picked":["CrushJoints+1","EmptyFist","ClearTheMind"],"picked":"SKIP","floor":35.0},{"not_picked":["Fasting2","FlurryOfBlows"],"picked":"SandsOfTime","floor":36.0},{"not_picked":["FlyingSleeves+1","SignatureMove"],"picked":"Adaptation","floor":38.0},{"not_picked":["CarveReality","SashWhip+1"],"picked":"SpiritShield","floor":39.0},{"not_picked":["Sanctity+1","ForeignInfluence+1","BattleHymn"],"picked":"SKIP","floor":40.0},{"not_picked":["Protect+1","Meditate","Indignation"],"picked":"SKIP","floor":42},{"not_picked":["ThirdEye","CutThroughFate+1"],"picked":"MentalFortress","floor":46},{"not_picked":["JustLucky+1","FollowUp","WaveOfTheHand"],"picked":"SKIP","floor":54}],"player_experience":761887,"relics_obtained":[{"floor":7.0,"key":"Bag of Preparation"},{"floor":9.0,"key":"Ancient Tea Set"},{"floor":11.0,"key":"Odd Mushroom"},{"floor":12.0,"key":"Regal Pillow"},{"floor":19.0,"key":"Red Mask"},{"floor":20.0,"key":"MealTicket"},{"floor":25.0,"key":"Darkstone Periapt"},{"floor":25.0,"key":"Meat on the Bone"},{"floor":26.0,"key":"Letter Opener"},{"floor":27.0,"key":"InkBottle"},{"floor":27.0,"key":"War Paint"},{"floor":29.0,"key":"Matryoshka"},{"floor":29.0,"key":"Nunchaku"},{"floor":40.0,"key":"Bag of Marbles"},{"floor":40.0,"key":"Boot"},{"floor":42,"key":"Toy Ornithopter"},{"floor":42,"key":"Blood Vial"},{"floor":43,"key":"Lantern"},{"floor":54,"key":"White Beast Statue"},{"floor":54,"key":"Gremlin Horn"}],"event_choices":[{"damage_healed":0.0,"max_hp_gain":0.0,"max_hp_loss":0.0,"gold_gain":0.0,"event_name":"WeMeetAgain","player_choice":"Paid Gold","floor":2.0,"gold_loss":82.0,"damage_taken":0.0,"relics_obtained":["Kunai"]},{"damage_healed":0.0,"max_hp_gain":0.0,"max_hp_loss":0.0,"gold_gain":0.0,"event_name":"Scrap Ooze","player_choice":"Success","floor":10.0,"gold_loss":0.0,"damage_taken":26.0,"relics_obtained":["CaptainsWheel"]},{"damage_healed":0.0,"max_hp_gain":0.0,"max_hp_loss":0.0,"gold_gain":0.0,"event_name":"Mushrooms","player_choice":"Fought Mushrooms","floor":11.0,"gold_loss":0.0,"damage_taken":0.0},{"damage_healed":0.0,"max_hp_gain":0.0,"max_hp_loss":0.0,"gold_gain":0.0,"event_name":"Masked Bandits","player_choice":"Fought Bandits","floor":19.0,"gold_loss":0.0,"damage_taken":0.0},{"damage_healed":0.0,"max_hp_gain":0.0,"max_hp_loss":0.0,"gold_gain":50.0,"event_name":"Golden Shrine","player_choice":"Pray","floor":31.0,"gold_loss":0.0,"damage_taken":0.0},{"damage_healed":0.0,"max_hp_gain":0.0,"max_hp_loss":0.0,"gold_gain":0.0,"event_name":"Tomb of Lord Red Mask","player_choice":"Ignored","floor":37.0,"gold_loss":0.0,"damage_taken":0.0},{"damage_healed":0,"gold_gain":0,"player_choice":"Embrace Madness","damage_taken":13,"max_hp_gain":0,"max_hp_loss":0,"event_name":"Winding Halls","floor":44,"gold_loss":0,"cards_obtained":["Madness","Madness"]},{"damage_healed":60,"gold_gain":0,"player_choice":"Heal","damage_taken":0,"max_hp_gain":0,"max_hp_loss":13,"event_name":"The Moai Head","floor":45,"gold_loss":0}],"is_beta":false,"boss_relics":[{"not_picked":["SlaversCollar","Tiny House"],"picked":"Black Star"},{"not_picked":["SacredBark","Calling Bell"],"picked":"VioletLotus"}],"items_purged_floors":[28,48],"is_endless":false,"potions_floor_spawned":[3,4,14,16,18,22,24,25,39,42,46],"ascension_level":16}}