{"host":"eketvm4dld8igxnv","time":1612508900,"event":{"mods":["BaseMod","Better Skull","Better Third Choice","Downfall","Googly Eyes","Minty Spire (QoL Compilation)","StSLib"],"gold_per_floor":[99,113,388,398,107,107,189,201,217,249,149,166,166,1,20,115,115,115,134,134,134,1,34,34,34,34,34,52,2,2,21,36,140,140,140,156,156,23,42,6,6,6,38,38,138,153,153,16,33,33],"floor_reached":51,"language":"ENG","playtime":3610,"items_purged":["Regret"],"score":750,"play_id":"6d4d7f0d-49f1-44a2-b9c3-08d890db469e","local_time":"20210205020820","is_ascension_mode":true,"campfire_choices":[{"data":"Slimebound:Split","floor":1,"key":"SMITH"},{"data":"Slimebound:GoopSpray","floor":6,"key":"SMITH"},{"data":"Slimebound:SplitSpecialist","floor":11,"key":"SMITH"},{"data":"Slimebound:SplitBruiser","floor":13,"key":"SMITH"},{"floor":18,"key":"RECALL"},{"data":"Slimebound:DisruptingSlam","floor":27,"key":"SMITH"},{"data":"Slimebound:SlimeBarrage","floor":30,"key":"SMITH"},{"data":"Slimebound:MassFeed","floor":35,"key":"SMITH"},{"floor":42,"key":"REST"},{"floor":44,"key":"REST"},{"data":"Slimebound:Equalize","floor":47,"key":"SMITH"}],"circlet_count":0,"master_deck":["Slimebound:Tackle","Slimebound:Defend_Slimebound","Slimebound:Defend_Slimebound","Slimebound:Defend_Slimebound","Slimebound:Defend_Slimebound","Slimebound:Split+1","Slimebound:CorrosiveSpit","Slimebound:RollThrough+1","Slimebound:GoopSpray+1","Slimebound:SlimeTap","Slimebound:FinishingTackle","Slimebound:SplitSpecialist+1","Slimebound:Schlurp","Slimebound:HauntingLick","Slimebound:SplitBruiser+1","Slimebound:LevelUp","Slimebound:Gluttony","Slimebound:SpikyOuterGoop","Slimebound:RallyTheTroops","Slimebound:HauntingLick+1","Slimebound:Tackle+1","Slimebound:Tackle+1","Slimebound:Tackle+1","Slimebound:LeechEnergy","Slimebound:DisruptingSlam+1","Slimebound:SlimeTap","Slimebound:SlimeBarrage+1","Slimebound:MegaLick+1","Slimebound:CheckThePlaybook","Slimebound:MassFeed+1","Slimebound:GoopSpray","downfall:Icky","Slimebound:RollThrough","Slimebound:SlimeTap+1","Slimebound:Prepare","Slimebound:Equalize+1","Slimebound:MassRepurpose+1","Slimebound:MegaLick+1","Slimebound:Split+1","Slimebound:LeechingTouch","Slimebound:Gluttony","Slimebound:TagTeam","Enlightenment+1","Writhe","Slimebound:AcidTongue","Slimebound:PressTheAttack","Slimebound:PressTheAttack","Slimebound:PressTheAttack+1"],"relics":["Slimebound:AbsorbEndCombat","Matryoshka","The Courier","Sundial","Blood Vial","downfall:HeartBlessingGreen","Whetstone","Black Star","InkBottle","Question Card","Dream Catcher","sneckomod:BabySnecko","Ornamental Fan","Slimebound:TarBlob","WingedGreaves","Ginger","Pantograph","Toxic Egg 2","Happy Flower","downfall:GremlinSack","Bag of Marbles"],"acts_visited":["Exordium","TheCity","TheBeyond"],"potions_floor_usage":[4,10,16,32,33,36,46,49],"damage_taken":[{"damage":0,"enemies":"Small Slimes","floor":2,"turns":3},{"damage":3,"enemies":"Cultist","floor":4,"turns":4},{"damage":7,"enemies":"downfall:FleeingMerchant","floor":5,"turns":4},{"damage":5,"enemies":"2 Louse","floor":8,"turns":2},{"damage":0,"enemies":"2 Fungi Beasts","floor":9,"turns":3},{"damage":3,"enemies":"Gremlin Nob","floor":10,"turns":3},{"damage":1,"enemies":"Large Slime","floor":12,"turns":4},{"damage":17,"enemies":"downfall:FleeingMerchant","floor":14,"turns":4},{"damage":2,"enemies":"Blue Slaver","floor":15,"turns":2},{"damage":21,"enemies":"IC_STATUS_ARCHETYPE","floor":16,"turns":6},{"damage":10,"enemies":"Spheric Guardian","floor":19,"turns":4},{"damage":6,"enemies":"downfall:FleeingMerchant","floor":22,"turns":4},{"damage":20,"enemies":"Gremlin Leader","floor":23,"turns":7},{"damage":26,"enemies":"Snake Plant","floor":28,"turns":4},{"damage":6,"enemies":"Cultist and Chosen","floor":31,"turns":4},{"damage":3,"enemies":"Shelled Parasite and Fungi","floor":32,"turns":3},{"damage":41,"enemies":"WA_ARCHETYPE_CALM","floor":33,"turns":8},{"damage":27,"enemies":"3 Darklings","floor":36,"turns":4},{"damage":12,"enemies":"downfall:FleeingMerchant","floor":38,"turns":4},{"damage":18,"enemies":"Orb Walker","floor":39,"turns":3},{"damage":44,"enemies":"Reptomancer","floor":43,"turns":5},{"damage":0,"enemies":"Reptomancer","floor":45,"turns":2},{"damage":6,"enemies":"3 Darklings","floor":46,"turns":3},{"damage":8,"enemies":"Writhing Mass","floor":49,"turns":4},{"damage":81,"enemies":"DF_ARCHETYPE_ORBS","floor":50,"turns":7}],"seed_played":"-6336829210879779887","potions_obtained":[{"floor":4,"key":"Fruit Juice"},{"floor":9,"key":"AttackPotion"},{"floor":10,"key":"Guardian:BlockOnCardUsePotion"},{"floor":15,"key":"Dexterity Potion"},{"floor":31,"key":"PowerPotion"},{"floor":32,"key":"Fire Potion"},{"floor":33,"key":"SkillPotion"},{"floor":43,"key":"Slimebound:SpawnSlimePotion"},{"floor":46,"key":"ColorlessPotion"}],"is_trial":false,"path_per_floor":["R","M","?","M","$","R","T","M","M","E","R","M","R","$","M","B",null,"R","M","?","?","$","E","T","?","T","R","M","?","R","M","M","B",null,"R","M","?","$","M","$","T","R","E","R","?","M","R","$","M","B",null],"character_chosen":"SLIMEBOUND","items_purchased":["Slimebound:FinishingTackle","Matryoshka","Whetstone","Slimebound:Gluttony","Slimebound:DisruptingSlam","WingedGreaves","Ginger","Slimebound:Prepare","Slimebound:PressTheAttack","Bag of Marbles"],"campfire_rested":2,"item_purchase_floors":[5,5,14,14,22,38,38,40,48,48],"current_hp_per_floor":[71,71,71,76,74,74,74,71,75,75,75,76,76,63,67,56,76,76,68,68,68,70,60,60,60,60,60,40,69,69,72,73,42,76,76,53,53,51,37,37,37,61,35,59,73,78,78,78,80,23],"gold":33,"neow_bonus":"TEN_PERCENT_HP_BONUS","is_daily":false,"chose_seed":false,"campfire_upgraded":8,"win_rate":0.0,"timestamp":1612508900,"path_taken":["R","M","?","?","$","R","T","M","?","E","R","M","R","$","M","BOSS","R","M","?","?","$","E","T","?","?","R","M","?","R","?","M","BOSS","R","M","?","$","?","?","T","R","E","R","?","M","R","$","M","BOSS"],"items_purchased_type":["Card","Relic","Relic","Card","Card","Relic","Relic","Card","Card","Relic"],"build_version":"2020-12-22","purchased_purges":1,"victory":true,"max_hp_per_floor":[71,71,71,76,76,76,76,76,76,76,76,76,76,76,76,76,76,76,76,76,76,76,76,76,76,76,76,76,76,76,76,76,76,76,76,80,80,80,80,80,80,80,80,80,84,84,84,84,84,84],"card_choices":[{"not_picked":["Slimebound:GoopTackle","Slimebound:ItLooksTasty"],"picked":"Slimebound:RollThrough","floor":2},{"not_picked":["Slimebound:ServeAndProtect","Slimebound:RejuvenatingLick"],"picked":"Slimebound:GoopSpray","floor":4},{"not_picked":["Slimebound:OneTwoCombo","Slimebound:RainOfGoop"],"picked":"Slimebound:SlimeTap","floor":5},{"not_picked":["Slimebound:FinishingTackle","Slimebound:SplitLeeching"],"picked":"Slimebound:SplitSpecialist","floor":8},{"not_picked":["Slimebound:Prepare","Slimebound:Grow"],"picked":"Slimebound:Schlurp","floor":9},{"not_picked":["Slimebound:SelfFormingGoo","Slimebound:LivingWall"],"picked":"Slimebound:HauntingLick","floor":10},{"not_picked":["Slimebound:SlimeBarrage","Slimebound:SlimeSpikes"],"picked":"Slimebound:SplitBruiser","floor":12},{"not_picked":["Slimebound:ComboTackle","Slimebound:ItLooksTasty"],"picked":"Slimebound:LevelUp","floor":14},{"not_picked":["Slimebound:Prepare","Slimebound:AcidTongue"],"picked":"Slimebound:SpikyOuterGoop","floor":15},{"not_picked":["Slimebound:OozeBath","Slimebound:SelfFormingGoo"],"picked":"Slimebound:RallyTheTroops","floor":16},{"not_picked":["Slimebound:SplitAcid","Slimebound:SpikyOuterGoop"],"picked":"Slimebound:HauntingLick+1","floor":19},{"not_picked":["Slimebound:SplitBruiser","Slimebound:ProtectTheBoss"],"picked":"Slimebound:LeechEnergy","floor":22},{"not_picked":["Slimebound:Schlurp","Slimebound:FormOfPuddle"],"picked":"Slimebound:SlimeTap","floor":23},{"not_picked":["Slimebound:SlimeTap+1","Slimebound:RejuvenatingLick","Slimebound:DisruptingSlam+1"],"picked":"Slimebound:SlimeBarrage","floor":28},{"not_picked":["Slimebound:Chomp","Slimebound:Repurpose","Slimebound:LeechingTouch"],"picked":"Slimebound:MegaLick+1","floor":31},{"not_picked":["Slimebound:ViciousTackle","Slimebound:Prepare","Slimebound:LeechEnergy"],"picked":"Slimebound:CheckThePlaybook","floor":32},{"not_picked":["Slimebound:RallyTheTroops","Slimebound:Teamwork","Slimebound:OozeBath"],"picked":"Slimebound:MassFeed","floor":33},{"not_picked":["Slimebound:Schlurp","Slimebound:HauntingLick","Slimebound:SplitBruiser"],"picked":"Slimebound:GoopSpray","floor":36},{"not_picked":["Slimebound:LevelUp","Slimebound:SplitLeeching","Slimebound:Dissolve+1"],"picked":"Slimebound:RollThrough","floor":38},{"not_picked":["Slimebound:Dissolve+1","Slimebound:GoopTackle+1","Slimebound:ViciousTackle"],"picked":"Slimebound:SlimeTap+1","floor":39},{"not_picked":["Slimebound:RejuvenatingLick","Slimebound:Nibble","Slimebound:ForwardTackle"],"picked":"Slimebound:Equalize","floor":42},{"not_picked":["Slimebound:Darklings+1","Slimebound:ComboTackle+1","Slimebound:PressTheAttack+1"],"picked":"Slimebound:MassRepurpose+1","floor":43},{"not_picked":["Slimebound:SlimeSpikes+1","Slimebound:GoopSpray+1","Slimebound:Prepare+1"],"picked":"Slimebound:MegaLick+1","floor":44},{"not_picked":["Slimebound:SplitLeeching+1","Slimebound:Schlurp+1","Slimebound:GoopTackle+1"],"picked":"Slimebound:AcidTongue","floor":45},{"not_picked":["Slimebound:LeechEnergy+1","Slimebound:SplitLeeching+1","Slimebound:LevelUp"],"picked":"Slimebound:PressTheAttack","floor":46},{"not_picked":["Slimebound:Darklings+1","Slimebound:SlimeSpikes+1","Slimebound:RainOfGoop+1"],"picked":"Slimebound:PressTheAttack+1","floor":49}],"player_experience":312456,"relics_obtained":[{"floor":7,"key":"The Courier"},{"floor":7,"key":"Sundial"},{"floor":10,"key":"Blood Vial"},{"floor":23,"key":"InkBottle"},{"floor":23,"key":"Question Card"},{"floor":24,"key":"Dream Catcher"},{"floor":26,"key":"Ornamental Fan"},{"floor":41,"key":"Pantograph"},{"floor":43,"key":"Toxic Egg 2"},{"floor":43,"key":"Happy Flower"},{"floor":45,"key":"downfall:GremlinSack"}],"event_choices":[{"damage_healed":0,"gold_gain":0,"player_choice":"Ignored","damage_taken":0,"max_hp_gain":0,"max_hp_loss":0,"event_name":"Ghosts","floor":21,"gold_loss":0}],"is_beta":false,"boss_relics":[{"not_picked":["Philosopher\u0027s Stone","Coffee Dripper"],"picked":"Black Star"},{"not_picked":["Velvet Choker","bronze:MakeshiftBattery"],"picked":"Slimebound:TarBlob"}],"items_purged_floors":[22],"is_endless":false,"potions_floor_spawned":[4,9,10,15,31,32,33,43,46],"ascension_level":1}}