{"host":"k7udt7atmcuzf6l0","time":1612512652,"event":{"mods":["AchievementEnabler","BaseMod","BetterRewards","Colored Map","Colored Powertips","Highlight Path","Minty Spire (QoL Compilation)","Quick Restart","Rare Cards Sparkle","Relic Stats","StSLib","UnlockEverythingMod"],"gold_per_floor":[117,137,137,86,100,132,132,97,175,175,175,175,175],"floor_reached":12,"language":"ZHS","playtime":158,"items_purged":[],"score":76,"play_id":"6bb5a630-b4de-4bdd-af3b-408133098af4","local_time":"20210205161052","is_ascension_mode":false,"campfire_choices":[{"data":"Flex","floor":7,"key":"SMITH"},{"data":"Whirlwind","floor":11,"key":"SMITH"}],"circlet_count":0,"master_deck":["Strike_R","Strike_R","Strike_R","Strike_R","Strike_R","Defend_R","Defend_R","Defend_R","Bash","Whirlwind+1","Pommel Strike","Flex+1","Headbutt"],"relics":["Burning Blood","NeowsBlessing","Ancient Tea Set","Blue Candle"],"acts_visited":["Exordium"],"potions_floor_usage":[6,6],"damage_taken":[{"damage":0.0,"enemies":"Small Slimes","floor":1.0,"turns":1.0},{"damage":0.0,"enemies":"2 Louse","floor":2.0,"turns":1.0},{"damage":0.0,"enemies":"Jaw Worm","floor":5.0,"turns":1.0},{"damage":36,"enemies":"Lagavulin","floor":6,"turns":6},{"damage":0,"enemies":"3 Sentries","floor":12,"turns":2}],"seed_played":"5537182469727724415","potions_obtained":[{"floor":1.0,"key":"ColorlessPotion"},{"floor":2.0,"key":"CultistPotion"},{"floor":6,"key":"LiquidMemories"}],"is_trial":false,"path_per_floor":["M","M","?","$","M","E","R","?","T","?","R","E"],"character_chosen":"IRONCLAD","items_purchased":["Flex"],"campfire_rested":0,"item_purchase_floors":[4],"current_hp_per_floor":[80,80,73,73,79,49,49,69,69,74,74,74,74],"gold":175,"neow_bonus":"THREE_ENEMY_KILL","is_daily":false,"chose_seed":false,"campfire_upgraded":2,"win_rate":0.0,"timestamp":1612512652,"path_taken":["M","M","?","$","M","E","R","?","T","?","R","E"],"items_purchased_type":["Card"],"build_version":"2020-12-22","purchased_purges":0,"victory":false,"max_hp_per_floor":[80,80,80,80,80,80,80,80,80,85,85,85,85],"relic_stats":{"counters":[5,11],"Blue Candle":[0],"obtain_stats":[{"NeowsBlessing":0,"Blue Candle":9,"Ancient Tea Set":6,"Burning Blood":0},{"NeowsBlessing":0,"Blue Candle":4,"Ancient Tea Set":4,"Burning Blood":0},{"NeowsBlessing":0,"Blue Candle":9,"Ancient Tea Set":9,"Burning Blood":0}],"Burning Blood":12},"card_choices":[{"not_picked":["Twin Strike","True Grit"],"picked":"Whirlwind","floor":1.0},{"not_picked":["Burning Pact","Searing Blow"],"picked":"Pommel Strike","floor":2.0},{"not_picked":["Fire Breathing","Dropkick"],"picked":"Headbutt","floor":5.0},{"not_picked":["Ghostly Armor","Warcry","Clothesline"],"picked":"SKIP","floor":6}],"player_experience":51650,"relics_obtained":[{"floor":6,"key":"Ancient Tea Set"},{"floor":9,"key":"Blue Candle"}],"event_choices":[{"cards_removed":["Defend_R"],"damage_healed":0.0,"max_hp_gain":0.0,"max_hp_loss":0.0,"gold_gain":0.0,"event_name":"Golden Wing","player_choice":"Card Removal","floor":3.0,"gold_loss":0.0,"damage_taken":7.0},{"damage_healed":20,"gold_gain":0,"player_choice":"Healed","damage_taken":0,"max_hp_gain":0,"max_hp_loss":0,"event_name":"The Cleric","floor":8,"gold_loss":35},{"damage_healed":0,"gold_gain":0,"player_choice":"Donut","damage_taken":0,"max_hp_gain":5,"max_hp_loss":0,"event_name":"Big Fish","floor":10,"gold_loss":0}],"is_beta":false,"boss_relics":[],"items_purged_floors":[],"is_endless":false,"potions_floor_spawned":[1,2,6],"killed_by":"3 Sentries","ascension_level":0}}