{"host":"Lucas","time":1612528455,"event":{"mods":["BaseMod","Downfall","Minty Spire (QoL Compilation)","READ ME - Guardian Mod","StSLib","The Cursed","The Disciple","The Necromancer","The Servant 0.9.4"],"gold_per_floor":[99,118,79,179,191,142,142,157,432,448,479,479,479,489,509,614,614,614,625,641,209,227,262,262,262,262,280,380,409,424,424,438,541,541,541,557,557,570,530,540,540,540,573,573,271,298,154,174,193,193],"floor_reached":51,"language":"ENG","playtime":3234,"items_purged":[],"score":1076,"play_id":"1e205a0c-f298-4e59-85fd-23874bdd3699","local_time":"20210205123415","is_ascension_mode":true,"campfire_choices":[{"floor":1,"key":"RECALL"},{"data":"champ:PerfectedStrike","floor":13,"key":"SMITH"},{"data":"champ:HoldFirm","floor":18,"key":"SMITH"},{"data":"champ:PerfectedStrike","floor":35,"key":"SMITH"},{"floor":42,"key":"REST"},{"floor":44,"key":"REST"}],"circlet_count":0,"master_deck":["champ:Strike","champ:Strike","champ:Strike","champ:Strike","champ:Defend","champ:Defend","champ:Defend","champ:Defend","champ:Execute","champ:Taunt","champ:Shatter","champ:HoldFirm+1","champ:FlashCut","champ:DefensiveShout","champ:PerfectedStrike+1","champ:RisingSlash","champ:FlashCut","champ:BladeFlurry","champ:RecklessLeap","champ:CalledShot","champ:TripleStrike","champ:SwordSigil+1","champ:FlashCut+1","champ:StanceDance","expansioncontent:Hexaburn","champ:RisingSlash","champ:ArenaPreparation","champ:CrookedStrike","champ:PerfectedStrike+1","champ:FanOfKnives","J.A.X.","champ:TornadoPunch+1","champ:CrookedStrike+1","champ:FlashCut","champ:EnGarde+1","champ:IgnorePain+1","champ:BringItOn","champ:RageSigil","champ:CalledShot+1","expansioncontent:StudyTheSpire","champ:RisingSlash","champ:CrookedStrike+1","champ:SwordSigil","champ:FlashCut","champ:Shatter+1","champ:Haymaker+1","champ:DefensiveStyle+1"],"relics":["champ:ChampionCrown","Omamori","CaptainsWheel","Bird Faced Urn","Philosopher\u0027s Stone","Meat on the Bone","Oddly Smooth Stone","StrikeDummy","Ginger","Kunai","MutagenicStrength","Lizard Tail","Necronomicon","Black Star","Boot","Du-Vu Doll","Blood Vial","Eternal Feather","Bottled Tornado","Sundial","HornCleat","Bag of Marbles"],"acts_visited":["Exordium","TheCity","TheBeyond"],"potions_floor_usage":[16,16,23,28,29],"damage_taken":[{"damage":2,"enemies":"2 Louse","floor":2,"turns":2},{"damage":10,"enemies":"downfall:FleeingMerchant","floor":3,"turns":4},{"damage":10,"enemies":"Cultist","floor":5,"turns":4},{"damage":25,"enemies":"downfall:FleeingMerchant","floor":6,"turns":4},{"damage":17,"enemies":"Jaw Worm","floor":8,"turns":3},{"damage":9,"enemies":"Red Slaver","floor":10,"turns":3},{"damage":24,"enemies":"Lagavulin","floor":11,"turns":8},{"damage":13,"enemies":"Large Slime","floor":14,"turns":2},{"damage":0,"enemies":"2 Fungi Beasts","floor":15,"turns":2},{"damage":15,"enemies":"DF_ARCHETYPE_STREAMLINE","floor":16,"turns":8},{"damage":14,"enemies":"Shell Parasite","floor":19,"turns":3},{"damage":0,"enemies":"Spheric Guardian","floor":20,"turns":2},{"damage":10,"enemies":"downfall:FleeingMerchant","floor":21,"turns":4},{"damage":10,"enemies":"Chosen and Byrds","floor":22,"turns":4},{"damage":5,"enemies":"Gremlin Leader","floor":23,"turns":4},{"damage":40,"enemies":"Centurion and Healer","floor":27,"turns":3},{"damage":20,"enemies":"downfall:Augmenter","floor":28,"turns":4},{"damage":44,"enemies":"Slavers","floor":29,"turns":3},{"damage":0,"enemies":"Cultist and Chosen","floor":30,"turns":2},{"damage":0,"enemies":"Snecko","floor":32,"turns":1},{"damage":3,"enemies":"WA_ARCHETYPE_CALM","floor":33,"turns":4},{"damage":0,"enemies":"Orb Walker","floor":36,"turns":1},{"damage":10,"enemies":"3 Shapes","floor":38,"turns":3},{"damage":0,"enemies":"downfall:FleeingMerchant","floor":39,"turns":2},{"damage":33,"enemies":"Jaw Worm Horde","floor":40,"turns":2},{"damage":37,"enemies":"Reptomancer","floor":43,"turns":4},{"damage":42,"enemies":"Giant Head","floor":46,"turns":5},{"damage":20,"enemies":"Spire Growth","floor":48,"turns":3},{"damage":0,"enemies":"Writhing Mass","floor":49,"turns":1},{"damage":47,"enemies":"SI_POISON_ARCHETYPE","floor":50,"turns":6}],"seed_played":"-8024680204124288705","potions_obtained":[{"floor":8,"key":"LiquidMemories"},{"floor":10,"key":"Explosive Potion"},{"floor":14,"key":"AttackPotion"},{"floor":16,"key":"DuplicationPotion"},{"floor":19,"key":"FearPotion"},{"floor":23,"key":"champ:OpenerPotion"},{"floor":29,"key":"Dexterity Potion"},{"floor":30,"key":"Energy Potion"}],"is_trial":false,"path_per_floor":["R","M","$","?","M","$","T","M","?","M","E","T","R","M","M","B",null,"R","M","M","$","M","E","T","T","?","M","?","E","M","?","M","B",null,"R","M","?","M","$","M","T","R","E","R","$","E","$","M","M","B",null],"character_chosen":"THE_CHAMP","items_purchased":["champ:FlashCut","champ:RisingSlash","Meat on the Bone","expansioncontent:Hexaburn","champ:RisingSlash","Boot","expansioncontent:StudyTheSpire","champ:RisingSlash","champ:FlashCut","Bottled Tornado","Bag of Marbles"],"campfire_rested":2,"item_purchase_floors":[3,6,21,21,21,39,39,39,45,45,47],"current_hp_per_floor":[90,88,88,88,88,83,83,76,76,67,53,53,53,40,40,25,90,90,86,86,86,88,88,88,88,88,88,78,48,48,32,44,53,90,90,90,90,80,80,67,67,90,58,90,90,88,88,90,90,65],"gold":193,"neow_bonus":"RANDOM_COMMON_RELIC","is_daily":false,"chose_seed":false,"campfire_upgraded":3,"win_rate":0.0,"timestamp":1612528455,"path_taken":["R","M","$","?","M","$","T","M","?","?","E","?","R","M","M","BOSS","R","M","M","$","M","E","T","?","?","M","?","E","M","?","M","BOSS","R","M","?","M","$","M","T","R","E","R","$","E","$","M","M","BOSS"],"items_purchased_type":["Card","Card","Relic","Card","Card","Relic","Card","Card","Card","Relic","Relic"],"build_version":"2020-12-18","purchased_purges":0,"victory":true,"max_hp_per_floor":[90,90,90,90,90,90,90,90,90,90,90,90,90,90,90,90,90,90,90,90,90,90,90,90,90,90,90,90,90,90,90,90,90,90,90,90,90,90,90,90,90,90,90,90,90,90,90,90,90,90],"card_choices":[{"not_picked":["champ:BerserkersShout","champ:GladiatorStyle"],"picked":"champ:Shatter","floor":2},{"not_picked":["champ:RisingSlash","champ:GutPunch"],"picked":"champ:HoldFirm","floor":3},{"not_picked":["champ:PreciseThrust","champ:RecklessLeap"],"picked":"champ:DefensiveShout","floor":5},{"not_picked":["champ:ShieldThrow","champ:RecklessLeap"],"picked":"champ:PerfectedStrike","floor":6},{"not_picked":["champ:RapidStrikes","champ:ViciousMockery"],"picked":"champ:FlashCut","floor":8},{"not_picked":["champ:Haymaker","champ:Circumvent"],"picked":"champ:BladeFlurry","floor":10},{"not_picked":["champ:CrownThrow","champ:FalseCounter"],"picked":"champ:DeathBlow","floor":11},{"not_picked":["champ:BladeFlurry","champ:Backstep"],"picked":"champ:RecklessLeap","floor":14},{"not_picked":["champ:ShieldSlam","champ:Haymaker"],"picked":"champ:CalledShot","floor":15},{"not_picked":["champ:UltimateStance","champ:GladiatorForm"],"picked":"champ:TripleStrike","floor":16},{"not_picked":["champ:EndlessRage","champ:Shatter+1"],"picked":"champ:SwordSigil+1","floor":19},{"not_picked":["champ:StanceDance+1","champ:CrownThrow+1"],"picked":"champ:FlashCut+1","floor":20},{"not_picked":["champ:DefensiveShout","champ:MurderStrike"],"picked":"champ:StanceDance","floor":21},{"not_picked":["champ:DefensiveShout","champ:BerserkerStyle"],"picked":"champ:ArenaPreparation","floor":22},{"not_picked":["champ:PreciseThrust+1","champ:Circumvent"],"picked":"champ:CrookedStrike","floor":23},{"not_picked":["champ:EnGarde","champ:Backstep"],"picked":"champ:PerfectedStrike","floor":27},{"not_picked":[],"picked":"J.A.X.","floor":28},{"not_picked":["champ:Backstep","champ:ShieldWall+1"],"picked":"champ:TornadoPunch+1","floor":28},{"not_picked":["champ:Shatter","champ:SwordThrow"],"picked":"champ:CrookedStrike+1","floor":29},{"not_picked":["champ:DefensiveShout+1","champ:ShieldWall+1"],"picked":"champ:FlashCut","floor":30},{"not_picked":["champ:BerserkerStyle","champ:ShieldSigil+1"],"picked":"champ:EnGarde+1","floor":32},{"not_picked":["champ:HeavySlash","champ:TripleStrike"],"picked":"champ:IgnorePain","floor":33},{"not_picked":["champ:EnGarde","champ:CrownThrow"],"picked":"champ:BringItOn","floor":36},{"not_picked":["champ:BringItOn","champ:FalseCounter+1"],"picked":"champ:RageSigil","floor":38},{"not_picked":["champ:HeartStrike","champ:DefensiveShout"],"picked":"champ:CalledShot+1","floor":39},{"not_picked":["champ:BerserkersShout+1","champ:StanceDance+1"],"picked":"champ:CrookedStrike+1","floor":40},{"not_picked":["champ:BringItOn+1","champ:ViciousMockery"],"picked":"champ:SwordSigil","floor":43},{"not_picked":["champ:FancyFootwork+1","champ:DeathBlow+1"],"picked":"champ:Shatter+1","floor":46},{"not_picked":["champ:ShieldSlam","champ:DancingMaster"],"picked":"champ:Haymaker+1","floor":48},{"not_picked":["champ:Circumvent","champ:FanOfKnives"],"picked":"champ:DefensiveStyle+1","floor":49}],"player_experience":1267901,"relics_obtained":[{"floor":11,"key":"CaptainsWheel"},{"floor":12,"key":"Bird Faced Urn"},{"floor":23,"key":"Oddly Smooth Stone"},{"floor":24,"key":"StrikeDummy"},{"floor":25,"key":"Ginger"},{"floor":28,"key":"MutagenicStrength"},{"floor":29,"key":"Lizard Tail"},{"floor":31,"key":"Necronomicon"},{"floor":41,"key":"Du-Vu Doll"},{"floor":43,"key":"Blood Vial"},{"floor":43,"key":"Eternal Feather"},{"floor":46,"key":"Sundial"},{"floor":46,"key":"HornCleat"}],"event_choices":[],"is_beta":true,"boss_relics":[{"not_picked":["Empty Cage","Fusion Hammer"],"picked":"Philosopher\u0027s Stone"},{"not_picked":["Sozu","Runic Pyramid"],"picked":"Black Star"}],"items_purged_floors":[],"is_endless":false,"potions_floor_spawned":[8,10,14,16,19,23,29,30,32,38,40,43],"ascension_level":3}}