{"host":"usru02jcpe2a942d","time":1612485826,"event":{"mods":["ATMod(°¢èªMod)","Act Like it!","BaseMod","Better Note","Better Vampires","Challenge The Spire","Colored Powertips","Friendly Minions","GifTheSpireLib","Highlight Path","Hubris","Infinite Spire","Jedi Mod","Minty Spire (QoL Compilation)","MostiFishMod","Pale of the Ancients","Quick Restart","Relic Stats","RumiaBox-Â¶Ã×æ«µÄÉñÃØºÐ×Ó","StSLib","The Hayseed","noobMod","¡¾ÒÅÎï¿¨ÅÆ¡¿REMEMod","óô»ðÖ¸ÄÏ"],"gold_per_floor":[625,97,123,153,180,180,180,180,208,236,261,261,261,11,38,63,89,116],"floor_reached":19,"language":"ZHS","playtime":754,"items_purged":["TheSimpletonMod:Strike_TheSimpleton","TheSimpletonMod:Strike_TheSimpleton"],"score":445,"play_id":"87cbe3a0-0c06-40c4-9ad7-6330f8171c79","local_time":"20210205084346","daily_mods":["challengethespire:Bronze Difficulty","challengethespire:Modded Elite Rush","Uncertain Future"],"is_ascension_mode":false,"campfire_choices":[{"data":"AT_FamilyPortrait","floor":7,"key":"SMITH"},{"data":"TheSimpletonMod:SoilSample","floor":8,"key":"SMITH"},{"data":"TheSimpletonMod:OnionBloom","floor":13,"key":"SMITH"}],"circlet_count":0,"master_deck":["TheSimpletonMod:Strike_TheSimpleton","TheSimpletonMod:Strike_TheSimpleton","TheSimpletonMod:Defend_TheSimpleton","TheSimpletonMod:Defend_TheSimpleton","TheSimpletonMod:Defend_TheSimpleton","TheSimpletonMod:Defend_TheSimpleton","TheSimpletonMod:Haymaker+1","TheSimpletonMod:ReapAndSow+1","MostiFishMod:TemporaryOutbreak","AT_FamilyPortrait+1","TheSimpletonMod:BumperCrop","TheSimpletonMod:Sunseed+1","TheSimpletonMod:RootDown+1","TheSimpletonMod:BumperCrop","TheSimpletonMod:SoilSample+1","TheSimpletonMod:BumperCrop","TheSimpletonMod:RootDown+1","TheSimpletonMod:Sunseed","TheSimpletonMod:OnionBloom+1","TheSimpletonMod:DoubleDigging","TheSimpletonMod:Mulch","TheSimpletonMod:Photosynthesis"],"relics":["TheSimpletonMod:SpudOfTheInnocent","TheSimpletonMod:NightSoil","TheSimpletonMod:TheHarvester","Black Star","Sling","PreservedInsect","DaveBox","ice","REME_ComplimentaryCards","AT_ATBox","Technique","GodSword4","infinitespire:Satchel","Mercury Hourglass","jedi:heavyjacket","hubris:BottledRain","hubris:SphereOfDissonance","hubris:ToyBattleship","Orichalcum","AT_ImmortalShieldbow","SoulBox","Lantern","AT_EbonyIvory","AT_BladeRuinedKing","Whetstone","infinitespire:Beetle Shell","Anchor","GreenFoldingFan","MostiFishMod:AdaptiveDefenses","TheSimpletonMod:HornOfPlenty","TheSimpletonMod:PicklingJar","Blood Vial","White Beast Statue","REME_PuzzleBoxRelic","Oddly Smooth Stone","GodSword6","Sundial"],"acts_visited":["Exordium"],"potions_floor_usage":[10,18],"damage_taken":[{"damage":11,"enemies":"Lagavulin","floor":3,"turns":4},{"damage":1,"enemies":"Gremlin Nob","floor":4,"turns":3},{"damage":0,"enemies":"3 Sentries","floor":5,"turns":2},{"damage":0,"enemies":"Book of Stabbing","floor":9,"turns":2},{"damage":4,"enemies":"REME_1_Revenger","floor":10,"turns":3},{"damage":0,"enemies":"Gremlin Leader","floor":11,"turns":3},{"damage":6,"enemies":"Giant Head","floor":15,"turns":3},{"damage":6,"enemies":"Reptomancer","floor":16,"turns":3},{"damage":29,"enemies":"Nemesis","floor":17,"turns":3},{"damage":6,"enemies":"Shield and Spear","floor":18,"turns":3}],"seed_played":"-8696326857682588644","potions_obtained":[{"floor":3,"key":"Dexterity Potion"},{"floor":9,"key":"Weak Potion"},{"floor":11,"key":"REME_GoldPotion"},{"floor":15,"key":"ColorlessPotion"},{"floor":17,"key":"TheSimpletonMod:KindlingPotion"},{"floor":18,"key":"PowerPotion"}],"is_trial":true,"path_per_floor":["$","$","E","E","E","T","R","R","E","E","E","T","R","R","E","E","E","E",null],"character_chosen":"THE_SIMPLETON","items_purchased":["GodSword4","TheSimpletonMod:BumperCrop","infinitespire:Satchel","Mercury Hourglass","TheSimpletonMod:Sunseed","TheSimpletonMod:RootDown","MostiFishMod:AdaptiveDefenses"],"campfire_rested":0,"item_purchase_floors":[1,1,2,2,2,2,14],"current_hp_per_floor":[75,75,64,63,63,63,63,63,63,65,71,71,71,71,75,75,60,75],"gold":116,"neow_bonus":"","is_daily":false,"chose_seed":false,"campfire_upgraded":3,"win_rate":0.0,"timestamp":1612485826,"path_taken":["$","$","E","E","E","T","R","R","E","E","E","T","R","R","E","E","E","E"],"items_purchased_type":["Relic","Card","Relic","Relic","Card","Card","Relic"],"build_version":"2020-12-22","purchased_purges":2,"victory":true,"max_hp_per_floor":[75,75,75,75,75,75,75,75,75,75,75,75,75,75,75,75,75,75],"relic_stats":{"Blood Vial":2,"counters":[10,28],"Sundial":[0],"PreservedInsect":502,"Black Star":10,"Whetstone":["TheSimpletonMod:Sunseed","TheSimpletonMod:RootDown"],"Orichalcum":[18],"obtain_stats":[{"Lantern":9,"AT_ATBox":0,"DaveBox":0,"MostiFishMod:AdaptiveDefenses":14,"SoulBox":6,"ice":0,"Whetstone":10,"Sling":0,"TheSimpletonMod:TheHarvester":0,"Blood Vial":16,"GreenFoldingFan":12,"Sundial":18,"TheSimpletonMod:SpudOfTheInnocent":0,"TheSimpletonMod:NightSoil":0,"TheSimpletonMod:PicklingJar":15,"hubris:SphereOfDissonance":4,"Oddly Smooth Stone":17,"PreservedInsect":0,"AT_EbonyIvory":9,"AT_BladeRuinedKing":10,"infinitespire:Beetle Shell":11,"Orichalcum":5,"White Beast Statue":16,"Mercury Hourglass":2,"AT_ImmortalShieldbow":5,"jedi:heavyjacket":3,"Anchor":11,"infinitespire:Satchel":2,"Black Star":0,"hubris:ToyBattleship":4,"GodSword6":18,"Technique":0,"GodSword4":1,"REME_PuzzleBoxRelic":17,"TheSimpletonMod:HornOfPlenty":15,"REME_ComplimentaryCards":0,"hubris:BottledRain":3},{"Lantern":4,"AT_ATBox":0,"DaveBox":0,"MostiFishMod:AdaptiveDefenses":6,"SoulBox":3,"ice":0,"Whetstone":5,"Sling":0,"TheSimpletonMod:TheHarvester":0,"Blood Vial":8,"GreenFoldingFan":6,"Sundial":10,"TheSimpletonMod:SpudOfTheInnocent":0,"TheSimpletonMod:NightSoil":0,"TheSimpletonMod:PicklingJar":7,"hubris:SphereOfDissonance":2,"Oddly Smooth Stone":9,"PreservedInsect":0,"AT_EbonyIvory":4,"AT_BladeRuinedKing":5,"infinitespire:Beetle Shell":6,"Orichalcum":3,"White Beast Statue":8,"Mercury Hourglass":0,"AT_ImmortalShieldbow":3,"jedi:heavyjacket":1,"Anchor":6,"infinitespire:Satchel":0,"Black Star":0,"hubris:ToyBattleship":2,"GodSword6":10,"Technique":0,"GodSword4":0,"REME_PuzzleBoxRelic":9,"TheSimpletonMod:HornOfPlenty":7,"REME_ComplimentaryCards":0,"hubris:BottledRain":1},{"Lantern":10,"AT_ATBox":0,"DaveBox":0,"MostiFishMod:AdaptiveDefenses":16,"SoulBox":8,"ice":0,"Whetstone":13,"Sling":0,"TheSimpletonMod:TheHarvester":0,"Blood Vial":22,"GreenFoldingFan":16,"Sundial":28,"TheSimpletonMod:SpudOfTheInnocent":0,"TheSimpletonMod:NightSoil":0,"TheSimpletonMod:PicklingJar":19,"hubris:SphereOfDissonance":6,"Oddly Smooth Stone":25,"PreservedInsect":0,"AT_EbonyIvory":10,"AT_BladeRuinedKing":13,"infinitespire:Beetle Shell":16,"Orichalcum":8,"White Beast Statue":22,"Mercury Hourglass":0,"AT_ImmortalShieldbow":8,"jedi:heavyjacket":4,"Anchor":16,"infinitespire:Satchel":0,"Black Star":0,"hubris:ToyBattleship":6,"GodSword6":28,"Technique":0,"GodSword4":0,"REME_PuzzleBoxRelic":25,"TheSimpletonMod:HornOfPlenty":19,"REME_ComplimentaryCards":0,"hubris:BottledRain":4}],"Mercury Hourglass":[112]},"card_choices":[],"player_experience":249145,"relics_obtained":[{"floor":3,"key":"jedi:heavyjacket"},{"floor":3,"key":"hubris:BottledRain"},{"floor":4,"key":"hubris:SphereOfDissonance"},{"floor":4,"key":"hubris:ToyBattleship"},{"floor":5,"key":"Orichalcum"},{"floor":5,"key":"AT_ImmortalShieldbow"},{"floor":9,"key":"Lantern"},{"floor":9,"key":"AT_EbonyIvory"},{"floor":10,"key":"AT_BladeRuinedKing"},{"floor":10,"key":"Whetstone"},{"floor":11,"key":"infinitespire:Beetle Shell"},{"floor":11,"key":"Anchor"},{"floor":15,"key":"TheSimpletonMod:HornOfPlenty"},{"floor":15,"key":"TheSimpletonMod:PicklingJar"},{"floor":16,"key":"Blood Vial"},{"floor":16,"key":"White Beast Statue"},{"floor":17,"key":"REME_PuzzleBoxRelic"},{"floor":17,"key":"Oddly Smooth Stone"},{"floor":18,"key":"GodSword6"},{"floor":18,"key":"Sundial"}],"event_choices":[],"is_beta":false,"boss_relics":[{"not_picked":["Astrolabe","hubris:ScarierMask"],"picked":"SoulBox"},{"not_picked":["hubris:HollowSoul","RhineFirstAidKit"],"picked":"GreenFoldingFan"}],"items_purged_floors":[1,14],"is_endless":false,"potions_floor_spawned":[3,9,11,15,17,18],"ascension_level":0}}