{"host":"hkj1blq6xqcrzx6o","time":1612533169,"event":{"mods":["Act Like it!","BaseMod","Downfall","Gensokyo","Lobotomy","Marisa£®ÏF”Í°°ƒß¿Ì…≥£©","Minty Spire (QoL Compilation)","Quick Restart","Reimu£®≤©¿ˆ¡È√Œ£©","Remilia£®¿Ÿ√◊¿Ú—«£©","Replay The Spire","StSLib","The Servant 0.9.4","Youmu£®ªÍ∆«—˝√Œ£©"],"gold_per_floor":[113,131,131,131,131,163,176,186,237,287,311,311,349,349,349,363,363],"floor_reached":16,"language":"ZHS","playtime":528,"items_purged":[],"score":135,"play_id":"c7405d30-4568-4e7c-b50a-f9675193329c","local_time":"20210205215249","is_ascension_mode":false,"campfire_choices":[{"floor":12,"key":"REST"},{"floor":15,"key":"REST"}],"circlet_count":0,"master_deck":["Strike_YM","Strike_YM","Strike_YM","Strike_YM","Defend_YM","Defend_YM","Defend_YM","Defend_YM","SlashOfPresentWorld","WheelOfPainOfLivingAndDead","SuddenPhantomFormationSlashOfKarmicWind+1","TransmigrationSlash+1","Clumsy","Injury","CrescentMoonSlash","FlashingScatteredFlowers","SpiderLilyBurial","PreachingAvici"],"relics":["HalfPhantom","NeowsBlessing","Gensokyo:NagashiBinaDoll","Replay:Bottled Steam","Gensokyo:CelestialsFlawlessClothing","Gremlin Food","Replay:Bandana","ScarletDevilRocket","Nunchaku","Gensokyo:OccultBall"],"acts_visited":["Exordium"],"potions_floor_usage":[11,13,16],"damage_taken":[{"damage":0,"enemies":"Gensokyo:2_Kodama","floor":1,"turns":1},{"damage":0,"enemies":"Gensokyo:Gryphon","floor":2,"turns":1},{"damage":0,"enemies":"Gensokyo:Mamizou","floor":6,"turns":2},{"damage":4,"enemies":"Gensokyo:Python","floor":7,"turns":4},{"damage":14,"enemies":"Gensokyo:5_Fairies","floor":8,"turns":6},{"damage":0,"enemies":"Gensokyo:LivingMonolith","floor":11,"turns":3},{"damage":31,"enemies":"Gensokyo:Aya","floor":13,"turns":7},{"damage":18,"enemies":"Gensokyo:Reimu","floor":16,"turns":5}],"seed_played":"-3995950318342171553","potions_obtained":[{"floor":2,"key":"Explosive Potion"},{"floor":7,"key":"Fire Potion"},{"floor":11,"key":"ColorlessPotion"}],"is_trial":false,"path_per_floor":["M","M","?","?","?","E","M","M","T","T","M","R","E","?","R","B"],"character_chosen":"YOUMU","items_purchased":[],"campfire_rested":2,"item_purchase_floors":[],"current_hp_per_floor":[75,75,75,75,57,57,53,39,39,39,39,61,30,30,52,34,34],"gold":363,"neow_bonus":"THREE_ENEMY_KILL","is_daily":false,"chose_seed":false,"campfire_upgraded":0,"win_rate":0.0,"timestamp":1612533169,"path_taken":["M","M","?","?","?","E","M","?","T","?","M","R","E","?","R","BOSS"],"items_purchased_type":[],"build_version":"2020-12-22","purchased_purges":0,"victory":false,"max_hp_per_floor":[75,75,75,75,75,75,75,75,75,75,75,75,75,75,75,75,75],"card_choices":[{"not_picked":["LowerRealmReflectionSlash","ThreeKonsSevenHakus"],"picked":"SuddenPhantomFormationSlashOfKarmicWind","floor":1},{"not_picked":["GhostSword","FourBirthsSword"],"picked":"TransmigrationSlash","floor":2},{"not_picked":["DispleasureOfTheSevenHakus","ConstancyOfTheConventionalTruth"],"picked":"CrescentMoonSlash","floor":6},{"not_picked":["LowerRealmReflectionSlash","SanzenSekai"],"picked":"FlashingScatteredFlowers","floor":7},{"not_picked":["FlashingScatteredFlowers","LifeCuttingSword"],"picked":"SpiderLilyBurial","floor":8},{"not_picked":["SlashOfDepartureFromHesitation","SlashOfDelusionalInnerEye"],"picked":"PreachingAvici","floor":11},{"not_picked":["SlashClearingTheSixSenses","FiveSignsOfTheDyingDeva"],"picked":"CelestialStarSword","floor":13}],"player_experience":41208,"relics_obtained":[{"floor":6,"key":"Gremlin Food"},{"floor":9,"key":"Replay:Bandana"},{"floor":10,"key":"ScarletDevilRocket"},{"floor":13,"key":"Nunchaku"}],"event_choices":[],"is_beta":false,"boss_relics":[],"items_purged_floors":[],"is_endless":false,"potions_floor_spawned":[2,7,11],"killed_by":"Gensokyo:Reimu","ascension_level":0}}