{"host":"oehe2dxjvdgux73m","time":1612545158,"event":{"mods":["AchievementEnabler","BaseMod","Colored Map","Colored Powertips","DeckTracker","Keyboard Shortcuts","Minty Spire (QoL Compilation)","Permanent Neow","Quick Restart","StSLib","SuperFastMode"],"gold_per_floor":[413,424,141,141,151,151,168,180,231,231,256,256,287,310,322,413,425,456,260,270,303,228,228,245,245,270,285,302,302,317,366,366,366,366],"floor_reached":33,"language":"KOR","playtime":1285,"items_purged":["Parasite","Strike_G"],"score":518,"play_id":"6203f14e-7f37-4e8e-9b4e-44e3460bd43b","local_time":"20210206021238","is_ascension_mode":true,"campfire_choices":[{"floor":6.0,"key":"REST"},{"data":"Terror","floor":10.0,"key":"SMITH"},{"data":"Blade Dance","floor":12.0,"key":"SMITH"},{"data":"Neutralize","floor":15.0,"key":"SMITH"},{"data":"Prepared","floor":23.0,"key":"SMITH"},{"floor":25.0,"key":"REST"},{"data":"Well Laid Plans","floor":29.0,"key":"SMITH"},{"data":"Reflex","floor":32.0,"key":"SMITH"}],"circlet_count":0,"master_deck":["AscendersBane","Defend_G","Defend_G","Defend_G","Defend_G","Defend_G","Survivor","Neutralize+1","Blade Dance+1","Dash+1","Well Laid Plans+1","PiercingWail","Acrobatics","Terror+1","Escape Plan","Backstab","Reflex+1","Grand Finale","Quick Slash+1","Unload+1","All Out Attack+1","Prepared+1","PiercingWail","Backflip+1","Backflip"],"relics":["Ring of the Snake","Old Coin","Centennial Puzzle","Lantern","Question Card","MawBank","Astrolabe","Red Mask","Bag of Marbles","Potion Belt"],"acts_visited":["Exordium","TheCity"],"potions_floor_usage":[33],"damage_taken":[{"damage":7.0,"enemies":"Jaw Worm","floor":1.0,"turns":6.0},{"damage":4.0,"enemies":"2 Louse","floor":2.0,"turns":3.0},{"damage":0.0,"enemies":"Small Slimes","floor":5.0,"turns":3.0},{"damage":6.0,"enemies":"Gremlin Gang","floor":7.0,"turns":5.0},{"damage":6.0,"enemies":"Exordium Wildlife","floor":8.0,"turns":4.0},{"damage":1.0,"enemies":"Gremlin Nob","floor":11.0,"turns":3.0},{"damage":12.0,"enemies":"3 Sentries","floor":13.0,"turns":9.0},{"damage":0.0,"enemies":"Lots of Slimes","floor":14.0,"turns":3.0},{"damage":22.0,"enemies":"The Guardian","floor":16.0,"turns":12.0},{"damage":10.0,"enemies":"Shell Parasite","floor":18.0,"turns":5.0},{"damage":0.0,"enemies":"3 Byrds","floor":20.0,"turns":4.0},{"damage":14.0,"enemies":"Masked Bandits","floor":21.0,"turns":4.0},{"damage":5.0,"enemies":"Snake Plant","floor":24.0,"turns":2.0},{"damage":3.0,"enemies":"Cultist and Chosen","floor":27.0,"turns":6.0},{"damage":2.0,"enemies":"Centurion and Healer","floor":28.0,"turns":6.0},{"damage":0.0,"enemies":"Snecko","floor":30.0,"turns":4.0},{"damage":61,"enemies":"Champ","floor":33,"turns":8}],"seed_played":"-3134783170999614380","potions_obtained":[{"floor":1.0,"key":"Fruit Juice"},{"floor":2.0,"key":"BlessingOfTheForge"},{"floor":7.0,"key":"AttackPotion"},{"floor":8.0,"key":"LiquidMemories"},{"floor":21.0,"key":"Strength Potion"},{"floor":24.0,"key":"SkillPotion"}],"is_trial":false,"path_per_floor":["M","M","$","?","M","R","M","M","T","R","E","R","E","M","R","B",null,"M","$","M","?","?","R","M","R","T","M","M","R","M","T","R","B"],"character_chosen":"THE_SILENT","items_purchased":["Well Laid Plans","Centennial Puzzle","Prepared","Energy Potion"],"campfire_rested":2,"item_purchase_floors":[3,3,19,19],"current_hp_per_floor":[52,48,48,29,29,47,41,40,40,40,39,39,27,27,27,5,52,42,42,42,28,28,28,23,43,43,40,38,38,38,38,38,0,0],"gold":366,"neow_bonus":"ONE_RARE_RELIC","is_daily":false,"chose_seed":false,"campfire_upgraded":6,"win_rate":0.0,"timestamp":1612545158,"path_taken":["M","M","$","?","M","R","M","M","T","R","E","R","E","M","R","BOSS","M","$","M","?","?","R","M","R","T","M","M","R","M","?","R","BOSS"],"items_purchased_type":["Card","Relic","Card","Potion"],"build_version":"2020-12-22","purchased_purges":2,"victory":false,"max_hp_per_floor":[66,66,63,63,63,63,63,68,68,68,68,68,68,68,68,68,68,68,68,68,68,68,68,68,68,68,68,68,68,68,68,68,68,68],"card_choices":[{"not_picked":["Dagger Spray","Flying Knee"],"picked":"Blade Dance","floor":1.0},{"not_picked":["Reflex","Cloak And Dagger"],"picked":"Dash","floor":2.0},{"not_picked":["Distraction","Choke"],"picked":"PiercingWail","floor":5.0},{"not_picked":["Dodge and Roll","Dash"],"picked":"Acrobatics","floor":7.0},{"not_picked":["Footwork","Bouncing Flask"],"picked":"Terror","floor":8.0},{"not_picked":["PiercingWail","Catalyst"],"picked":"Escape Plan","floor":11.0},{"not_picked":["Tools of the Trade","PiercingWail","Cloak And Dagger"],"picked":"Backstab","floor":13.0},{"not_picked":["Outmaneuver","Distraction","Dagger Spray"],"picked":"Reflex","floor":14.0},{"not_picked":["Tools of the Trade","Wraith Form v2","After Image"],"picked":"Grand Finale","floor":16.0},{"not_picked":["Dodge and Roll","Slice","Flying Knee","Underhanded Strike"],"picked":"SKIP","floor":18.0},{"not_picked":["Flying Knee","Blade Dance","Dagger Spray"],"picked":"PiercingWail","floor":20.0},{"not_picked":["Envenom","PiercingWail","Cloak And Dagger"],"picked":"Backflip+1","floor":24.0},{"not_picked":["Reflex","Sucker Punch","Dash","Cloak And Dagger"],"picked":"SKIP","floor":27.0},{"not_picked":["Outmaneuver+1","Choke","Dodge and Roll+1"],"picked":"Backflip","floor":28.0},{"not_picked":["Endless Agony","Slice","Outmaneuver","Poisoned Stab"],"picked":"SKIP","floor":30.0}],"player_experience":383901,"relics_obtained":[{"floor":9.0,"key":"Lantern"},{"floor":11.0,"key":"Question Card"},{"floor":13.0,"key":"MawBank"},{"floor":21.0,"key":"Red Mask"},{"floor":26.0,"key":"Bag of Marbles"},{"floor":31.0,"key":"Potion Belt"}],"event_choices":[{"damage_healed":0.0,"max_hp_gain":0.0,"max_hp_loss":0.0,"gold_gain":0.0,"event_name":"Shining Light","player_choice":"Entered Light","floor":4.0,"gold_loss":0.0,"damage_taken":19.0,"cards_upgraded":["Strike_G","Dash"]},{"damage_healed":0.0,"max_hp_gain":0.0,"max_hp_loss":0.0,"gold_gain":0.0,"event_name":"Masked Bandits","player_choice":"Fought Bandits","floor":21.0,"gold_loss":0.0,"damage_taken":0.0},{"cards_removed":["Strike_G"],"damage_healed":0.0,"max_hp_gain":0.0,"max_hp_loss":0.0,"gold_gain":0.0,"event_name":"Beggar","player_choice":"Gave Gold","floor":22.0,"gold_loss":75.0,"damage_taken":0.0}],"is_beta":false,"boss_relics":[{"not_picked":["Pandora\u0027s Box","Busted Crown"],"picked":"Astrolabe"}],"items_purged_floors":[3,19],"is_endless":false,"potions_floor_spawned":[1,2,7,8,21,24,27],"killed_by":"Champ","ascension_level":20}}