{"host":"kxz5izodaorfb9am","time":1612565364,"event":{"mods":["BaseMod","GifTheSpireLib","Minty Spire (QoL Compilation)","Shop Mod","StSLib"],"gold_per_floor":[115,190,18,18,33,68,68,34,34,48,64,84,96,96,96,196,196,213,213,193,205,232,232,266,266,266,266,191,205,232,244,244,244,244],"floor_reached":33,"language":"ENG","playtime":1518,"items_purged":["Strike_B"],"score":441,"play_id":"087e3e8e-fe0c-4bff-b7b7-610c0235d133","local_time":"20210205234924","is_ascension_mode":true,"campfire_choices":[{"floor":7,"key":"REST"},{"data":"Defragment","floor":15,"key":"SMITH"},{"data":"Creative AI","floor":23,"key":"SMITH"},{"data":"Biased Cognition","floor":25,"key":"SMITH"},{"data":"Dualcast","floor":27,"key":"SMITH"},{"data":"Self Repair","floor":32,"key":"SMITH"}],"circlet_count":0,"master_deck":["Zap","Dualcast+1","Redo","Conserve Battery","Defragment+1","Gash","Gash","Hologram","Self Repair+1","Leap","Electrodynamics","Conserve Battery","Barrage","Biased Cognition+1","Static Discharge","Undo","Barrage","FTL","Force Field","Echo Form","Darkness","Coolheaded+1","Writhe","Leap","Creative AI+1","Seek","Cold Snap"],"relics":["Cracked Core","Incense Burner","FossilizedHelix","Pandora\u0027s Box","Question Card","Red Mask","Matryoshka","Tiny Chest","Bronze Scales","Blood Vial","Lantern"],"acts_visited":["Exordium","TheCity"],"potions_floor_usage":[12,16,16,22,24,31],"damage_taken":[{"damage":7,"enemies":"2 Louse","floor":1,"turns":2},{"damage":0,"enemies":"Small Slimes","floor":5,"turns":3},{"damage":46,"enemies":"Gremlin Nob","floor":6,"turns":5},{"damage":0,"enemies":"Cultist","floor":10,"turns":3},{"damage":1,"enemies":"3 Louse","floor":11,"turns":4},{"damage":0,"enemies":"Exordium Thugs","floor":12,"turns":2},{"damage":1,"enemies":"Blue Slaver","floor":13,"turns":3},{"damage":0,"enemies":"Slime Boss","floor":16,"turns":6},{"damage":33,"enemies":"3 Byrds","floor":18,"turns":4},{"damage":0,"enemies":"Chosen","floor":21,"turns":4},{"damage":0,"enemies":"Masked Bandits","floor":22,"turns":3},{"damage":16,"enemies":"Slavers","floor":24,"turns":4},{"damage":0,"enemies":"Snake Plant","floor":29,"turns":3},{"damage":24,"enemies":"Centurion and Healer","floor":31,"turns":5},{"damage":51,"enemies":"Collector","floor":33,"turns":5}],"seed_played":"-3991310537230199928","potions_obtained":[{"floor":5,"key":"Explosive Potion"},{"floor":10,"key":"Energy Potion"},{"floor":13,"key":"BlessingOfTheForge"},{"floor":20,"key":"AttackPotion"},{"floor":22,"key":"EssenceOfDarkness"},{"floor":29,"key":"Regen Potion"}],"is_trial":false,"path_per_floor":["M","?","$","?","M","E","R","$","T","M","M","M","M","?","R","B",null,"M","?","?","M","?","R","E","R","T","R","?","M","T","M","R","B"],"character_chosen":"DEFECT","items_purchased":["Defragment","Gash","Self Repair"],"campfire_rested":1,"item_purchase_floors":[3,3,8],"current_hp_per_floor":[61,50,50,50,50,4,26,26,26,33,39,39,38,38,38,45,68,42,42,42,56,56,56,40,40,40,40,40,40,40,46,46,0,0],"gold":244,"neow_bonus":"THREE_CARDS","is_daily":false,"chose_seed":false,"campfire_upgraded":5,"win_rate":0.0,"timestamp":1612565364,"path_taken":["M","?","$","?","M","E","R","$","T","M","?","M","M","?","R","BOSS","M","?","?","?","?","R","E","R","T","R","?","M","?","?","R","BOSS"],"items_purchased_type":["Card","Card","Card"],"build_version":"2020-12-22","purchased_purges":1,"victory":false,"max_hp_per_floor":[75,75,75,75,75,75,75,75,75,75,75,75,75,75,75,75,75,75,75,75,75,75,75,75,75,75,75,75,75,75,75,75,75,75],"card_choices":[{"not_picked":["Turbo","Coolheaded"],"picked":"Redo","floor":0},{"not_picked":["Compile Driver","Ball Lightning"],"picked":"Conserve Battery","floor":1},{"not_picked":["Steam","Coolheaded"],"picked":"Gash","floor":5},{"not_picked":["Conserve Battery","Compile Driver"],"picked":"Hologram","floor":6},{"not_picked":["Gash","Turbo"],"picked":"Leap","floor":10},{"not_picked":["Hologram","Rip and Tear"],"picked":"Electrodynamics","floor":11},{"not_picked":["Stack","Consume"],"picked":"Conserve Battery","floor":12},{"not_picked":["Compile Driver","Sunder"],"picked":"Barrage","floor":13},{"not_picked":["Fission","Multi-Cast"],"picked":"Biased Cognition","floor":16},{"not_picked":["Steam Power+1","Sweeping Beam"],"picked":"Coolheaded+1","floor":18},{"not_picked":["FTL","Compile Driver","Sweeping Beam"],"picked":"Leap","floor":21},{"not_picked":["Chill+1","Streamline","Steam+1"],"picked":"Creative AI","floor":22},{"not_picked":["Go for the Eyes","Skim+1","Cold Snap+1"],"picked":"Seek","floor":24},{"not_picked":["Sweeping Beam","Coolheaded","Steam+1","Cold Snap"],"picked":"SKIP","floor":29},{"not_picked":["Rip and Tear+1","Hologram","Rebound"],"picked":"Cold Snap","floor":31}],"player_experience":298586,"relics_obtained":[{"floor":6,"key":"Incense Burner"},{"floor":9,"key":"FossilizedHelix"},{"floor":22,"key":"Red Mask"},{"floor":24,"key":"Matryoshka"},{"floor":26,"key":"Tiny Chest"},{"floor":26,"key":"Bronze Scales"},{"floor":30,"key":"Blood Vial"},{"floor":30,"key":"Lantern"}],"event_choices":[{"damage_healed":0,"gold_gain":75,"player_choice":"Gather Gold","damage_taken":11,"max_hp_gain":0,"max_hp_loss":0,"event_name":"World of Goop","floor":2,"gold_loss":0},{"damage_healed":0,"gold_gain":0,"player_choice":"0 cards matched","damage_taken":0,"max_hp_gain":0,"max_hp_loss":0,"event_name":"Match and Keep!","floor":4,"gold_loss":0,"cards_obtained":[]},{"damage_healed":0,"gold_gain":0,"player_choice":"Cursed","damage_taken":0,"max_hp_gain":0,"max_hp_loss":0,"event_name":"Wheel of Change","floor":14,"gold_loss":0,"cards_obtained":["Decay"]},{"damage_healed":0,"gold_gain":0,"player_choice":"Opened","damage_taken":0,"relics_obtained":["Question Card"],"max_hp_gain":0,"max_hp_loss":0,"event_name":"The Mausoleum","floor":19,"gold_loss":0,"cards_obtained":["Writhe"]},{"damage_healed":0,"gold_gain":0,"player_choice":"Bought 1 Potion","damage_taken":0,"max_hp_gain":0,"max_hp_loss":0,"event_name":"The Woman in Blue","floor":20,"gold_loss":0},{"damage_healed":0,"gold_gain":0,"player_choice":"Fought Bandits","damage_taken":0,"max_hp_gain":0,"max_hp_loss":0,"event_name":"Masked Bandits","floor":22,"gold_loss":0},{"cards_removed":["Decay"],"damage_healed":0,"gold_gain":0,"player_choice":"Gave Gold","damage_taken":0,"max_hp_gain":0,"max_hp_loss":0,"event_name":"Beggar","floor":28,"gold_loss":75}],"is_beta":false,"boss_relics":[{"not_picked":["Cursed Key","Black Star"],"picked":"Pandora\u0027s Box"}],"items_purged_floors":[3],"is_endless":false,"potions_floor_spawned":[5,10,13,22,29],"killed_by":"Collector","ascension_level":8}}