{"host":"vqs1j3qalc1cciyt","time":1612484691,"event":{"mods":["2.2 Compatiblity","AchievementEnabler","Aspiration","Bard","BaseMod","Beaked The Cultist","Better Altar","Better Match","Better Note","Better Sensory Stone","Better Skull","Better Third Choice","Clockwork Mod","Colored Map","Conspire","Downfall","Friendly Minions","GifTheSpireLib","Glutton Mod","Halation","Highlight Path","Hubris","Infinite Spire","Minty Spire (QoL Compilation)","RRrroohrrRGHHhhh!!","Replay The Spire","Spicy Shops","StSLib","Stuff the Spire","The Construct","The Cursed","The Disciple","The Hierophant"],"gold_per_floor":[113,113,113,129,129,159,50,50,97,126,143,162,190,207,207,305,305,319,319,337,337,352,352,366,401,427,437,437,472,491,491,491,589,589,601,601,621,638,638,652,671,688,688,708,738,738,433,466,466,466],"floor_reached":51,"language":"ENG","playtime":3122,"items_purged":["Defend_R","Defend_R","Defend_R","Defend_R","Strike_R"],"score":1060,"play_id":"d926a923-f567-4d9d-b1f2-c83730f06727","local_time":"20210204162451","is_ascension_mode":true,"campfire_choices":[{"floor":15.0,"key":"DIG"},{"floor":23.0,"key":"REST"},{"floor":32.0,"key":"REST"},{"data":"StuffTheSpire:PestControl","floor":46,"key":"SMITH"},{"data":"Flex","floor":49,"key":"SMITH"}],"circlet_count":0,"master_deck":["Strike_R","Strike_R","Strike_R","Bash","Armaments+1","Core Surge+1","hubris:CleavingFinish","Armaments+1","Jack Of All Trades","Sword Boomerang","Heavy Blade+1","conspire:HitWhereItHurts","Disarm","Ghostly Armor","Twin Strike","Iron Wave+1","Armaments+1","StuffTheSpire:PestControl+1","conspire:Charge+1","Thunderclap+1","Dropkick","Cleave+1","Flex+1","Life Link+1"],"relics":["Burning Blood","NeowsBlessing","PreservedInsect","beaked:ShinyBauble","hubris:TenFootPole","Durian","aspiration:ChemicalBlood","Replay:Mystery Machine","hubris:Backtick","beaked:MendingPlumage","hubris:FruitBowl","Centennial Puzzle","Strawberry","halation:TwoAmDonut","SlaversCollar","infinitespire:PuzzleCube","halation:Prosthetics","Ornamental Fan","StuffTheSpire:HeavyRock","TungstenRod"],"acts_visited":["Exordium","TheCity","TheBeyond"],"potions_floor_usage":[40,40,41,42,44,44,45,45,45,48,50,50,50,50],"damage_taken":[{"damage":0.0,"enemies":"conspire:RoseBush","floor":1.0,"turns":1.0},{"damage":0.0,"enemies":"Small Slimes","floor":4.0,"turns":1.0},{"damage":0.0,"enemies":"3 Sentries","floor":6.0,"turns":2.0},{"damage":25.0,"enemies":"Replay:BlueRogue","floor":10.0,"turns":5.0},{"damage":0.0,"enemies":"2 Louse","floor":11.0,"turns":2.0},{"damage":12.0,"enemies":"Exordium Thugs","floor":12.0,"turns":3.0},{"damage":30.0,"enemies":"Lagavulin","floor":13.0,"turns":5.0},{"damage":8.0,"enemies":"Red Slaver","floor":14.0,"turns":3.0},{"damage":28.0,"enemies":"Fading Forest","floor":16.0,"turns":11.0},{"damage":42.0,"enemies":"Chosen","floor":18.0,"turns":5.0},{"damage":23.0,"enemies":"Spheric Guardian","floor":20.0,"turns":4.0},{"damage":28.0,"enemies":"Centurion and Healer","floor":22.0,"turns":5.0},{"damage":17.0,"enemies":"Snecko","floor":24.0,"turns":4.0},{"damage":46.0,"enemies":"Slavers","floor":25.0,"turns":5.0},{"damage":28.0,"enemies":"Cultist and Chosen","floor":27.0,"turns":7.0},{"damage":11.0,"enemies":"Book of Stabbing","floor":29.0,"turns":4.0},{"damage":39.0,"enemies":"Shelled Parasite and Fungi","floor":30.0,"turns":7.0},{"damage":54.0,"enemies":"Collector","floor":33.0,"turns":8.0},{"damage":42.0,"enemies":"3 Shapes","floor":35.0,"turns":6.0},{"damage":15.0,"enemies":"Orb Walker","floor":37.0,"turns":3.0},{"damage":41.0,"enemies":"4 Shapes","floor":38.0,"turns":7.0},{"damage":19,"enemies":"Jaw Worm Horde","floor":40,"turns":3},{"damage":17,"enemies":"Writhing Mass","floor":41,"turns":6},{"damage":16,"enemies":"Spire Growth","floor":42,"turns":4},{"damage":37,"enemies":"Sphere and 2 Shapes","floor":44,"turns":6},{"damage":0,"enemies":"Nemesis","floor":45,"turns":3},{"damage":2,"enemies":"Giant Head","floor":48,"turns":5},{"damage":19,"enemies":"Time Eater","floor":50,"turns":3}],"seed_played":"-7010773905699603254","potions_obtained":[{"floor":1.0,"key":"SteroidPotion"},{"floor":6.0,"key":"sneckomod:MuddlingPotion"},{"floor":11.0,"key":"EssenceOfSteel"},{"floor":12.0,"key":"BloodPotion"},{"floor":20.0,"key":"Slimebound:ThreeZeroPotion"},{"floor":24.0,"key":"Fire Potion"},{"floor":27.0,"key":"Flashbang"},{"floor":33.0,"key":"Block Potion"},{"floor":39,"key":"Adrenaline Potion"},{"floor":40,"key":"AttackPotion"},{"floor":41,"key":"Venom Potion"},{"floor":42,"key":"Slimebound:ThreeZeroPotion"},{"floor":44,"key":"Regen Potion"},{"floor":45,"key":"Adrenaline Potion"}],"is_trial":false,"path_per_floor":["M","?","?","M","?","E","$","?","T","E","M","M","E","M","R_BF","B",null,"M","$","M","?","M","R","M","E","T","M","AVR","E","M","?","R","B",null,"M","?","M","M","?","M","M","M","T","M","E","R","$","E","R","B",null],"character_chosen":"IRONCLAD","items_purchased":["Armaments+1","hubris:FruitBowl","Flex","CultistPotion"],"campfire_rested":2,"item_purchase_floors":[7,19,47,47],"current_hp_per_floor":[78,78,69,75,75,80,80,80,80,66,72,66,59,57,57,35,73,52,28,24,24,22,47,49,25,35,31,31,41,31,22,50,29,40,25,25,27,16,16,12,18,21,21,29,43,43,43,43,43,37],"gold":466,"neow_bonus":"THREE_ENEMY_KILL","is_daily":false,"chose_seed":false,"campfire_upgraded":2,"win_rate":0.0,"timestamp":1612484691,"path_taken":["M","?","?","M","?","E","$","?","T","E","M","M","E","?","R_BF","BOSS","M","?","M","?","M","R","M","E","T","?","AVR","E","M","?","R","BOSS","M","?","?","M","?","?","M","M","T","?","E","R","$","E","R","BOSS"],"items_purchased_type":["Card","Relic","Card","Potion"],"build_version":"2020-12-22","purchased_purges":5,"victory":true,"max_hp_per_floor":[80,80,80,80,80,80,80,80,80,85,85,85,85,85,85,85,85,85,85,85,85,85,85,85,85,95,95,95,95,95,95,95,95,43,43,43,43,43,43,43,43,43,43,43,43,43,43,43,43,43],"card_choices":[{"not_picked":["StuffTheSpire:RockThrow","ReplayReversal"],"picked":"Armaments","floor":1.0},{"not_picked":["StuffTheSpire:Slingshot","Havoc"],"picked":"hubris:CleavingFinish","floor":4.0},{"not_picked":["True Grit","Reaper","Metallicize"],"picked":"SKIP","floor":6.0},{"not_picked":["Replay:Sssssssssshield","Mind Blast"],"picked":"Jack Of All Trades","floor":8.0},{"not_picked":["Iron Wave","StuffTheSpire:RockThrow","Eclipse"],"picked":"SKIP","floor":10.0},{"not_picked":["Combust","Rampage"],"picked":"Sword Boomerang","floor":11.0},{"not_picked":["Headbutt","StuffTheSpire:Slingshot","Armaments"],"picked":"SKIP","floor":12.0},{"not_picked":["Body Slam","Feel No Pain","StuffTheSpire:Incineration"],"picked":"SKIP","floor":13.0},{"not_picked":["StuffTheSpire:Slingshot","Metallicize"],"picked":"Heavy Blade","floor":14.0},{"not_picked":["Impervious","Eclipse"],"picked":"conspire:HitWhereItHurts","floor":16.0},{"not_picked":["Combust","StuffTheSpire:Slingshot","Life Link+1"],"picked":"SKIP","floor":18.0},{"not_picked":["StuffTheSpire:Slingshot","StuffTheSpire:Pyroclast","Shrug It Off"],"picked":"SKIP","floor":20.0},{"not_picked":["Perfected Strike+1","StuffTheSpire:RockThrow+1"],"picked":"Disarm","floor":22.0},{"not_picked":["Feed","Clash"],"picked":"Ghostly Armor","floor":24.0},{"not_picked":["Havoc+1","Hemogenesis","StuffTheSpire:Incineration+1"],"picked":"SKIP","floor":25.0},{"not_picked":["ReplayTheSpireMod:LeadingStrike","StuffTheSpire:Incineration"],"picked":"Twin Strike","floor":27.0},{"not_picked":["StuffTheSpire:RockThrow+1","StuffTheSpire:Slingshot"],"picked":"Iron Wave+1","floor":29.0},{"not_picked":["Evolve","Whirlwind+1"],"picked":"Armaments+1","floor":30.0},{"not_picked":["Pummel","Clothesline+1"],"picked":"conspire:Charge+1","floor":35.0},{"not_picked":["Havoc+1","Life Link"],"picked":"Thunderclap+1","floor":37.0},{"not_picked":["Blood for Blood","conspire:Charge+1","Metallicize+1"],"picked":"SKIP","floor":38},{"not_picked":["Feel No Pain","hubris:CleavingFinish","StuffTheSpire:Pyroclast"],"picked":"SKIP","floor":40},{"not_picked":["Clothesline","Rupture"],"picked":"Dropkick","floor":41},{"not_picked":["Run Through","StuffTheSpire:RagingBull+1","StuffTheSpire:Incineration"],"picked":"SKIP","floor":42},{"not_picked":["Armaments+1","StuffTheSpire:BloodClot+1","Run Through"],"picked":"SKIP","floor":44},{"not_picked":["Fiend Fire","hubris:CleavingFinish"],"picked":"Cleave+1","floor":45},{"not_picked":["Run Through","Body Slam+1"],"picked":"Life Link+1","floor":48}],"player_experience":930531,"relics_obtained":[{"floor":6.0,"key":"beaked:ShinyBauble"},{"floor":9.0,"key":"hubris:TenFootPole"},{"floor":10.0,"key":"Durian"},{"floor":13.0,"key":"aspiration:ChemicalBlood"},{"floor":15.0,"key":"Replay:Mystery Machine"},{"floor":25.0,"key":"Centennial Puzzle"},{"floor":26.0,"key":"Strawberry"},{"floor":29.0,"key":"infinitespire:PuzzleCube"},{"floor":43,"key":"Ornamental Fan"},{"floor":45,"key":"StuffTheSpire:HeavyRock"},{"floor":48,"key":"TungstenRod"}],"event_choices":[{"damage_healed":0.0,"max_hp_gain":0.0,"max_hp_loss":0.0,"gold_gain":1.0,"event_name":"betterStone:BetterStone","player_choice":"1","floor":8.0,"gold_loss":0.0,"damage_taken":0.0},{"damage_healed":0.0,"max_hp_gain":0.0,"max_hp_loss":0.0,"gold_gain":0.0,"event_name":"Upgrade Shrine","player_choice":"Upgraded","floor":21.0,"gold_loss":0.0,"damage_taken":0.0,"cards_upgraded":["Heavy Blade"]},{"cards_removed":["Strike_R"],"damage_healed":0.0,"max_hp_gain":0.0,"max_hp_loss":0.0,"gold_gain":0.0,"event_name":"Purifier","player_choice":"Purged","floor":36.0,"gold_loss":0.0,"damage_taken":0.0},{"damage_healed":0,"gold_gain":0,"player_choice":"Got Potions","damage_taken":0,"max_hp_gain":0,"max_hp_loss":0,"event_name":"Lab","floor":39,"gold_loss":0}],"is_beta":false,"boss_relics":[{"not_picked":["beaked:MawFillet","Honey Jar"],"picked":"hubris:Backtick"},{"not_picked":["Replay:Cursed D8","Busted Crown"],"picked":"halation:Prosthetics"}],"items_purged_floors":[7,19,19,28,47],"is_endless":false,"potions_floor_spawned":[1,6,11,12,20,27,33,41,42,45],"ascension_level":6}}