{"host":"j4g6ia6asvpyu2b0","time":1612541218,"event":{"mods":["BaseMod","Colored Map","Downfall","Minty Spire (QoL Compilation)","Permanent Neow","Quick Restart","Relic Stats","StSLib","Unceasing Turn Reminder"],"gold_per_floor":[199,213,663,683,520,540,563,369,369,394,405,422,572,600,620,620,620,620],"floor_reached":16,"language":"ENG","playtime":774,"items_purged":["downfall:Icky","downfall:Icky"],"score":112,"play_id":"0dfe57be-1964-44e2-adb7-2ec4d33d0782","local_time":"20210205090658","is_ascension_mode":false,"campfire_choices":[{"data":"champ:Execute","floor":1,"key":"SMITH"},{"data":"champ:SteelEdge","floor":9,"key":"SMITH"}],"circlet_count":0,"master_deck":["champ:Strike","champ:Strike","champ:Strike","champ:Strike","champ:Defend","champ:Defend","champ:Defend","champ:Defend","champ:Execute+1","champ:Taunt","champ:Parry","downfall:Icky","champ:GutPunch","champ:RisingSlash","champ:IronFortress","champ:SteelEdge+1","champ:CalledShot","champ:ShieldWall","champ:PreemptiveStrike","champ:Encircle","champ:BringItOn","champ:UltimateStance","champ:FanOfKnives"],"relics":["champ:ChampionCrown","Centennial Puzzle","Nunchaku"],"acts_visited":["Exordium"],"potions_floor_usage":[16,16],"damage_taken":[{"damage":16,"enemies":"Jaw Worm","floor":2,"turns":5},{"damage":12,"enemies":"Small Slimes","floor":4,"turns":4},{"damage":20,"enemies":"downfall:FleeingMerchant","floor":5,"turns":4},{"damage":17,"enemies":"Cultist","floor":6,"turns":3},{"damage":15,"enemies":"downfall:FleeingMerchant","floor":8,"turns":4},{"damage":44,"enemies":"3 Sentries","floor":10,"turns":7},{"damage":17,"enemies":"Blue Slaver","floor":11,"turns":3},{"damage":26,"enemies":"Lots of Slimes","floor":12,"turns":3},{"damage":11,"enemies":"Gremlin Nob","floor":14,"turns":4},{"damage":20,"enemies":"3 Louse","floor":15,"turns":3},{"damage":13,"enemies":"IC_STATUS_ARCHETYPE","floor":16,"turns":6}],"seed_played":"-3754421278089242466","potions_obtained":[{"floor":10,"key":"DuplicationPotion"},{"floor":11,"key":"LiquidBronze"},{"floor":12,"key":"SpeedPotion"}],"is_trial":false,"path_per_floor":["R","M","?","M","$","M","T","$","R","E","M","M","?","E","M","B"],"character_chosen":"THE_CHAMP","items_purchased":["champ:IronFortress","champ:ShieldWall"],"campfire_rested":0,"item_purchase_floors":[5,8],"current_hp_per_floor":[90,89,89,87,87,80,80,80,80,51,44,28,28,22,12,0,0,0],"gold":620,"neow_bonus":"HUNDRED_GOLD","is_daily":false,"chose_seed":false,"campfire_upgraded":2,"win_rate":0.0,"timestamp":1612541218,"path_taken":["R","M","?","M","$","M","T","$","R","E","M","M","?","E","M","BOSS"],"items_purchased_type":["Card","Card"],"build_version":"2020-12-22","purchased_purges":2,"victory":false,"max_hp_per_floor":[90,90,90,90,90,90,90,90,90,90,90,90,90,90,90,90,90,90],"relic_stats":{"Centennial Puzzle":[15],"Nunchaku":[1],"counters":[11,46],"obtain_stats":[{"Centennial Puzzle":10,"Nunchaku":14,"Bronze Scales":7,"champ:ChampionCrown":0},{"Centennial Puzzle":6,"Nunchaku":9,"Bronze Scales":4,"champ:ChampionCrown":0},{"Centennial Puzzle":27,"Nunchaku":37,"Bronze Scales":16,"champ:ChampionCrown":0}]},"card_choices":[{"not_picked":["champ:FlashCut","champ:BringItOn"],"picked":"champ:Parry","floor":2},{"not_picked":["champ:Backstep","champ:CrownThrow"],"picked":"champ:GutPunch","floor":4},{"not_picked":["champ:StanceDance","champ:BerserkersShout"],"picked":"champ:RisingSlash","floor":5},{"not_picked":["champ:Backstep","champ:FalseCounter"],"picked":"champ:SteelEdge","floor":6},{"not_picked":["champ:RapidStrikes","champ:TornadoPunch"],"picked":"champ:CalledShot","floor":8},{"not_picked":["champ:PerfectedStrike","champ:Parry"],"picked":"champ:PreemptiveStrike","floor":10},{"not_picked":["champ:PreciseThrust","champ:IronFortress"],"picked":"champ:Encircle","floor":11},{"not_picked":["champ:Backstep","champ:CrownThrow"],"picked":"champ:BringItOn","floor":12},{"not_picked":["champ:EnGarde","champ:BerserkersShout"],"picked":"champ:UltimateStance","floor":14},{"not_picked":["champ:BladeFlurry","champ:GutPunch"],"picked":"champ:FanOfKnives","floor":15}],"player_experience":1174048,"relics_obtained":[{"floor":7,"key":"Bronze Scales"},{"floor":10,"key":"Centennial Puzzle"},{"floor":14,"key":"Nunchaku"}],"event_choices":[],"is_beta":false,"boss_relics":[],"items_purged_floors":[5,8],"is_endless":false,"potions_floor_spawned":[10,11,12,14],"killed_by":"IC_STATUS_ARCHETYPE","ascension_level":0}}