{"host":"8is2j71l4wmybkoi","time":1612516288,"event":{"mods":["AchievementEnabler","BaseMod","Colored Map","Minty Spire (QoL Compilation)","Rare Cards Sparkle","StSLib","SuperFastMode"],"gold_per_floor":[216,226,4,17,28,28,46,46,96,123,123,157,157,6,6,84,84,104,464,489,508,523,523,523],"floor_reached":23,"language":"KOR","playtime":859,"items_purged":["Strike_R"],"score":377,"play_id":"ee209e4c-7410-4697-9530-f6460c4ced44","local_time":"20210205181128","is_ascension_mode":true,"campfire_choices":[{"data":"Carnage","floor":6,"key":"SMITH"},{"data":"Feed","floor":11,"key":"SMITH"},{"data":"Pommel Strike","floor":13,"key":"SMITH"},{"data":"Bash","floor":15,"key":"SMITH"}],"circlet_count":0,"master_deck":["AscendersBane","Strike_R","Strike_R","Strike_R","Defend_R","Defend_R","Defend_R","Defend_R","Bash+1","Sword Boomerang","Carnage+1","Power Through","Pommel Strike+1","Second Wind","Feed+1","Double Tap","Exhume","Shrug It Off","Sentinel","Burning Pact"],"relics":["Burning Blood","Bag of Marbles","Juzu Bracelet","Mummified Hand","Omamori","PreservedInsect","Cursed Key","Red Mask"],"acts_visited":["Exordium","TheCity"],"potions_floor_usage":[12,20,20,23],"damage_taken":[{"damage":2,"enemies":"Small Slimes","floor":1,"turns":5},{"damage":1,"enemies":"Cultist","floor":2,"turns":3},{"damage":2,"enemies":"Jaw Worm","floor":4,"turns":3},{"damage":2,"enemies":"2 Fungi Beasts","floor":5,"turns":3},{"damage":0,"enemies":"Blue Slaver","floor":7,"turns":2},{"damage":10,"enemies":"Lagavulin","floor":10,"turns":4},{"damage":20,"enemies":"3 Sentries","floor":12,"turns":7},{"damage":29,"enemies":"The Guardian","floor":16,"turns":8},{"damage":12,"enemies":"Chosen","floor":18,"turns":2},{"damage":12,"enemies":"Masked Bandits","floor":20,"turns":5},{"damage":34,"enemies":"3 Byrds","floor":21,"turns":6},{"damage":3,"enemies":"Snake Plant","floor":22,"turns":4},{"damage":28,"enemies":"Gremlin Leader","floor":23,"turns":6}],"seed_played":"-4954950115680835675","potions_obtained":[{"floor":2,"key":"ColorlessPotion"},{"floor":4,"key":"Dexterity Potion"},{"floor":5,"key":"Fire Potion"},{"floor":16,"key":"Strength Potion"},{"floor":18,"key":"Weak Potion"},{"floor":21,"key":"Block Potion"}],"is_trial":false,"path_per_floor":["M","M","$","M","M","R","M","?","T","E","R","E","R","$","R","B",null,"M","?","?","M","M","E"],"character_chosen":"IRONCLAD","items_purchased":["Bag of Marbles","PreservedInsect"],"campfire_rested":0,"item_purchase_floors":[3,14],"current_hp_per_floor":[72,75,75,75,75,75,75,75,75,71,71,61,61,61,61,42,73,71,35,37,13,20,0,0],"gold":523,"neow_bonus":"HUNDRED_GOLD","is_daily":false,"chose_seed":false,"campfire_upgraded":4,"win_rate":0.0,"timestamp":1612516288,"path_taken":["M","M","$","M","M","R","M","?","T","E","R","E","R","$","R","BOSS","M","?","?","M","M","E"],"items_purchased_type":["Relic","Relic"],"build_version":"2020-12-22","purchased_purges":1,"victory":false,"max_hp_per_floor":[75,75,75,75,75,75,75,75,75,75,75,79,79,79,79,83,83,87,87,95,99,103,103,103],"card_choices":[{"not_picked":["Thunderclap","Warcry"],"picked":"Sword Boomerang","floor":1},{"not_picked":["Shrug It Off","Clash"],"picked":"Carnage","floor":2},{"not_picked":["Warcry","Intimidate"],"picked":"Power Through","floor":4},{"not_picked":["Infernal Blade","Clash"],"picked":"Pommel Strike","floor":5},{"not_picked":["Clash","Pommel Strike"],"picked":"Second Wind","floor":7},{"not_picked":["Cleave","Rampage"],"picked":"Feed","floor":10},{"not_picked":["Evolve","True Grit"],"picked":"Double Tap","floor":12},{"not_picked":["Limit Break","Reaper"],"picked":"Exhume","floor":16},{"not_picked":["Cleave","Hemokinesis"],"picked":"Shrug It Off","floor":18},{"not_picked":["Shockwave","Havoc"],"picked":"Sentinel","floor":20},{"not_picked":["Havoc","Carnage","Iron Wave"],"picked":"SKIP","floor":21},{"not_picked":["Infernal Blade","Clothesline"],"picked":"Burning Pact","floor":22}],"player_experience":982941,"relics_obtained":[{"floor":9,"key":"Juzu Bracelet"},{"floor":10,"key":"Mummified Hand"},{"floor":12,"key":"Omamori"},{"floor":20,"key":"Red Mask"}],"event_choices":[{"cards_removed":["Strike_R"],"damage_healed":0,"gold_gain":0,"player_choice":"Purged","damage_taken":0,"max_hp_gain":0,"max_hp_loss":0,"event_name":"Purifier","floor":8,"gold_loss":0},{"damage_healed":0,"gold_gain":360,"player_choice":"GOLD GOLD GOLD GOLD ","damage_taken":36,"max_hp_gain":0,"max_hp_loss":0,"event_name":"Knowing Skull","floor":19,"potions_obtained":[],"gold_loss":0,"cards_obtained":[]},{"damage_healed":0,"gold_gain":0,"player_choice":"Fought Bandits","damage_taken":0,"max_hp_gain":0,"max_hp_loss":0,"event_name":"Masked Bandits","floor":20,"gold_loss":0}],"is_beta":false,"boss_relics":[{"not_picked":["Astrolabe","Mark of Pain"],"picked":"Cursed Key"}],"items_purged_floors":[3],"is_endless":false,"potions_floor_spawned":[2,4,5,16,18,21],"killed_by":"Gremlin Leader","ascension_level":15}}