{"host":"jys9955eae8vozk5","time":1612543563,"event":{"mods":["2.2 Compatiblity","Act Like it!","Aspiration","BaseMod","Beaked The Cultist","Better Note","Better Sensory Stone","Better Silent Start","Better Skull","Better Third Choice","Better Vampires","BetterRewards","Clockwork Mod","Colored Powertips","Colorless Booster Pack","Conspire","Custom Start","Defuse TimeMaze Blight","Disable Question Mark Monsters","Displayed Cursed Tome","Downfall","Elementarium","Emptier Cage","Energized Spire","Fox Events","Friendly Minions","Hermit","Hubris","Humility","Infinite Spire","Marked Mod","Menagerie","Minty Spire (QoL Compilation)","Monster B Gone","Poor People Problems","Quarter Circle Forward PUNCH!","Quick Restart","Reliquary","Replay The Spire","Retaliation","Shop Mod","Smile Girya","Spicy Shops","Spikes Relics","Spire Arcade","StS++","StSLib","Swap Starting Deck Mod","The Blackbeard","The Blue Laboratory","The Disciple","The Exordian Avenger","The Problem Sleuth","The Runesmith","The Wild Card","Uncapped","Useless Jewels Mod","Wide Potions","slay the spire mod where everything is the same but ironclad has a cowboy hat"],"gold_per_floor":[99,12,30,15,465,365,365,399,399,199,217,217,26,36,47,145,145,145,155,4,15,31,131,131,131,131,131,150,168,43,54,69,172,172,172,183,203,222,233,56,109,109,122,122,138,138,138,138,138,138],"floor_reached":48,"language":"ENG","playtime":3156,"items_purged":["Guardian:Strike_Guardian","Guardian:Strike_Guardian"],"score":534,"play_id":"560aa8b5-70bf-4e82-9288-c892eb6da4ab","local_time":"20210205164603","is_ascension_mode":false,"campfire_choices":[{"floor":1,"key":"RECALL"},{"data":"Guardian:ChargeUp","floor":6,"key":"SMITH"},{"data":"Guardian:StasisField","floor":10,"key":"SMITH"},{"floor":12,"key":"REST"},{"data":"Guardian:FierceBash","floor":18,"key":"SMITH"},{"floor":25,"key":"REST"},{"floor":35,"key":"DIG"},{"data":"Guardian:BodySlam","floor":42,"key":"SMITH"},{"floor":46,"key":"REST"}],"circlet_count":0,"master_deck":["Guardian:Strike_Guardian","Guardian:Strike_Guardian","Guardian:Defend_Guardian","Guardian:Defend_Guardian","Guardian:Defend_Guardian","Guardian:Defend_Guardian","Guardian:CurlUp+1","Guardian:TwinSlam","Guardian:ArmoredProtocol","Guardian:ChargeUp+1","Guardian:FierceBash+1","Guardian:StasisField+1","Guardian:DecasProtection","Guardian:ArmoredProtocol","Guardian:Incinerate","Guardian:SpikerProtocol","Guardian:BodySlam+1","Guardian:SphericShield","Guardian:Harden+1","Guardian:StasisStrike","Guardian:BodySlam+1","Guardian:PiercingHide","Guardian:Gem_Green","Guardian:Orbwalk","Guardian:BaubleBeam","Guardian:PrimingBeam+1","Guardian:SpikerProtocol+1","Guardian:TimeSifter","Guardian:VentSteam+1","Guardian:BodySlam+1"],"relics":["Guardian:ModeShifter","downfall:HeartBlessingRed","InkBottle","downfall:HeartBlessingBlue","downfall:HeartBlessingGreen","Empty Cage","Potion Belt","ReplayTheSpireMod:TigerMarble","Runesmith:AutoHammer","ReplayTheSpireMod:Lightbulb"],"acts_visited":["Exordium","TheCity","TheBeyond"],"potions_floor_usage":[23,23,30,33,36,39,40],"damage_taken":[{"damage":0,"enemies":"downfall:FleeingMerchant","floor":2,"turns":4},{"damage":0,"enemies":"Cultist","floor":3,"turns":5},{"damage":10,"enemies":"downfall:FleeingMerchant","floor":4,"turns":4},{"damage":21,"enemies":"Lagavulin","floor":8,"turns":7},{"damage":2,"enemies":"Small Slimes","floor":11,"turns":4},{"damage":20,"enemies":"downfall:FleeingMerchant","floor":13,"turns":4},{"damage":0,"enemies":"Jaw Worm","floor":14,"turns":5},{"damage":7,"enemies":"Blue Slaver","floor":15,"turns":5},{"damage":56,"enemies":"DF_ARCHETYPE_STREAMLINE","floor":16,"turns":12},{"damage":24,"enemies":"conspire:FuzzyDice","floor":19,"turns":5},{"damage":0,"enemies":"downfall:FleeingMerchant","floor":20,"turns":4},{"damage":6,"enemies":"Shell Parasite","floor":21,"turns":5},{"damage":16,"enemies":"Snecko","floor":22,"turns":5},{"damage":31,"enemies":"downfall:LadyInBlue","floor":23,"turns":12},{"damage":14,"enemies":"Centurion and Healer","floor":28,"turns":6},{"damage":1,"enemies":"Shelled Parasite and Fungi","floor":29,"turns":6},{"damage":0,"enemies":"downfall:FleeingMerchant","floor":30,"turns":4},{"damage":6,"enemies":"Cultist and Chosen","floor":31,"turns":6},{"damage":14,"enemies":"Sentry and Sphere","floor":32,"turns":5},{"damage":0,"enemies":"WA_ARCHETYPE_CALM","floor":33,"turns":8},{"damage":21,"enemies":"Orb Walker","floor":36,"turns":4},{"damage":37,"enemies":"3 Shapes","floor":37,"turns":10},{"damage":32,"enemies":"Sphere and 2 Shapes","floor":38,"turns":10},{"damage":19,"enemies":"Jaw Worm Horde","floor":39,"turns":6},{"damage":0,"enemies":"downfall:FleeingMerchant","floor":40,"turns":4},{"damage":53,"enemies":"Maw","floor":43,"turns":7},{"damage":40,"enemies":"Transient","floor":45,"turns":6},{"damage":0,"enemies":"4 Shapes","floor":48,"turns":1}],"seed_played":"-490138150749062599","potions_obtained":[{"floor":11,"key":"Fire Potion"},{"floor":14,"key":"blueLaboratory:AbyssPotion"},{"floor":15,"key":"StSpp:ScatteredWeakPotion"},{"floor":16,"key":"blueLaboratory:FrostheartPotion"},{"floor":22,"key":"blueLaboratory:LouseDecoction"},{"floor":23,"key":"PowerPotion"},{"floor":23,"key":"FairyPotion"},{"floor":23,"key":"LiquidMemories"},{"floor":31,"key":"AttackPotion"},{"floor":32,"key":"DistilledChaos"},{"floor":33,"key":"Block Potion"},{"floor":38,"key":"blueLaboratory:CorrosionFlask"},{"floor":45,"key":"Weak Potion"}],"is_trial":false,"path_per_floor":["R","$","M","$","?","R","T","E","?","R","M","R","$","M","M","B",null,"R","M","$","M","M","?","T","R","AVR","?","M","M","$","M","M","B",null,"R","M","M","M","M","$","T","R","M","?","M","R","?","M"],"character_chosen":"GUARDIAN","items_purchased":["Guardian:ChargeUp","Guardian:Gem_Fragmented","Guardian:Incinerate","Guardian:SpikerProtocol","Guardian:StasisStrike","Guardian:Orbwalk","Guardian:TimeSifter"],"campfire_rested":3,"item_purchase_floors":[2,13,13,13,20,30,40],"current_hp_per_floor":[88,88,88,78,78,78,78,57,57,67,65,94,74,74,67,11,98,98,74,74,68,52,21,21,50,50,50,36,35,35,29,15,15,98,98,77,40,9,98,98,98,98,45,45,5,34,34,34,34,34],"gold":138,"neow_bonus":"TEN_PERCENT_HP_BONUS","is_daily":false,"chose_seed":false,"campfire_upgraded":4,"win_rate":0.0,"timestamp":1612543563,"path_taken":["R","$","M","$","?","R","T","E","?","R","M","R","?","M","M","BOSS","R","M","?","M","?","?","T","R","AVR","?","M","M","?","?","M","BOSS","R","M","M","M","M","$","T","R","M","?","M","R","?","?"],"items_purchased_type":["Card","Card","Card","Card","Card","Card","Card"],"build_version":"2020-12-22","purchased_purges":2,"victory":false,"max_hp_per_floor":[88,88,88,88,88,88,88,88,88,98,98,98,98,98,98,98,98,98,98,98,98,98,98,98,98,98,98,98,98,98,98,98,98,98,98,98,98,99,99,99,99,99,99,99,99,99,99,99,99,99],"card_choices":[{"not_picked":["Guardian:RollAttack","Guardian:Suspension"],"picked":"Guardian:ArmoredProtocol","floor":2},{"not_picked":["Guardian:Gem_Cyan","Guardian:Gem_White"],"picked":"Guardian:Gem_Lightblue","floor":3},{"not_picked":["Guardian:Gem_Red","Guardian:Incinerate"],"picked":"Guardian:FierceBash","floor":4},{"not_picked":["Guardian:Gem_Yellow","Guardian:RefractedBeam"],"picked":"Guardian:StasisField","floor":8},{"not_picked":["Guardian:Recover","Guardian:DonusPower"],"picked":"Guardian:DecasProtection","floor":11},{"not_picked":["Guardian:WalkerClaw","Guardian:Gem_Cyan"],"picked":"Guardian:ArmoredProtocol","floor":13},{"not_picked":["Guardian:Gem_Cyan","Guardian:Gem_Lightblue"],"picked":"Guardian:BodySlam","floor":14},{"not_picked":["Guardian:BronzeOrb","Guardian:TimeCapacitor"],"picked":"Guardian:Gem_Cyan","floor":15},{"not_picked":["Guardian:TimeSifter","Guardian:StasisField"],"picked":"Guardian:SphericShield","floor":16},{"not_picked":["Guardian:RollAttack","Guardian:PiercingHide+1"],"picked":"Guardian:Harden+1","floor":19},{"not_picked":["Guardian:Harden","Guardian:VentSteam","Guardian:BronzeOrb"],"picked":"SKIP","floor":20},{"not_picked":["Guardian:Recover","Guardian:Incinerate+1"],"picked":"Guardian:BodySlam","floor":21},{"not_picked":["Guardian:Suspension","Guardian:ArmoredProtocol","Guardian:FierceBash"],"picked":"SKIP","floor":22},{"not_picked":["Guardian:VentSteam","Guardian:TemporalStrike"],"picked":"Guardian:Gem_Lightblue","floor":23},{"not_picked":["Guardian:TemporalShield","Guardian:FuturePlans"],"picked":"Guardian:PiercingHide","floor":28},{"not_picked":["Guardian:VentSteam+1","Guardian:BodySlam+1"],"picked":"Guardian:Gem_Crimson","floor":29},{"not_picked":["Guardian:FuturePlans","Guardian:Gem_Lightblue"],"picked":"Guardian:Gem_Green","floor":30},{"not_picked":["Guardian:Suspension","Guardian:TemporalShield+1"],"picked":"Guardian:Gem_Purple","floor":31},{"not_picked":["Guardian:Recover","Guardian:VentSteam"],"picked":"Guardian:Gem_Purple","floor":32},{"not_picked":["Guardian:HyperBeam_Guardian","Guardian:StasisField"],"picked":"Guardian:BaubleBeam","floor":33},{"not_picked":["Guardian:Recover","Guardian:Gem_Green","Guardian:Gem_Crimson"],"picked":"SKIP","floor":36},{"not_picked":["Guardian:Gem_Red","Guardian:Clone+1"],"picked":"Guardian:Gem_Cyan","floor":37},{"not_picked":["Guardian:Gem_Red","Guardian:ShieldCharger+1"],"picked":"Guardian:PrimingBeam+1","floor":38},{"not_picked":["Guardian:Gem_Red","Guardian:PrimingBeam"],"picked":"Guardian:SpikerProtocol+1","floor":39},{"not_picked":["Guardian:Gem_Fragmented","Guardian:FuturePlans"],"picked":"Guardian:Gem_Yellow","floor":40},{"not_picked":["Guardian:ArmoredProtocol","Guardian:Gem_Crimson"],"picked":"Guardian:VentSteam+1","floor":43},{"not_picked":["Guardian:AncientConstruct","Guardian:Gem_Green"],"picked":"Guardian:BodySlam+1","floor":45}],"player_experience":886579,"relics_obtained":[{"floor":8,"key":"InkBottle"},{"floor":23,"key":"Potion Belt"},{"floor":24,"key":"ReplayTheSpireMod:TigerMarble"},{"floor":35,"key":"Runesmith:AutoHammer"},{"floor":41,"key":"ReplayTheSpireMod:Lightbulb"}],"event_choices":[],"is_beta":false,"boss_relics":[{"not_picked":["conspire:SeveredTorchhead","Sozu"],"picked":"Empty Cage"},{"not_picked":["ReplayTheSpireMod:DimensionalGlitch","reliquary:RedPaperclip","qcfpunch:Crimson_Sash"]}],"items_purged_floors":[26,30],"is_endless":false,"potions_floor_spawned":[11,14,15,16,21,22,28,31,32,33,38,45],"killed_by":"4 Shapes","ascension_level":0,"is_humility":true}}