{"host":"ke6y67jksn1m64jb","time":1612540068,"event":{"mods":["BaseMod","Downfall","Lobotomy","LobotomyExtend","Minty Spire (QoL Compilation)","Replay The Spire","StSLib"],"gold_per_floor":[99,112,129,142,142,142,142,162,3,21,51,51,51,69,87,185,185,85,85,85,85,41,41,64,121,121,121,136,13,123,39,95,95,95,95],"floor_reached":33,"language":"ZHS","playtime":2392,"items_purged":["downfall:Bewildered"],"score":369,"play_id":"c7130ded-688a-41aa-9e61-0d2c7e4db956","local_time":"20210205234748","is_ascension_mode":false,"campfire_choices":[{"floor":1,"key":"DIG"},{"floor":18,"key":"RECALL"},{"data":"sneckomod:SerpentIdol","floor":23,"key":"SMITH"}],"circlet_count":0,"master_deck":["sneckomod:Strike","sneckomod:Strike","sneckomod:Strike","sneckomod:Defend","sneckomod:Defend","sneckomod:Defend","sneckomod:TailWhip","sneckomod:SnekBite","sneckomod:RainOfDice+1","sneckomod:SerpentIdol+1","sneckomod:SnakeSap","sneckomod:QuickMove+1","sneckomod:Restock+1","sneckomod:UnknownCommonSkill+1","ExecuteAim","sneckomod:UnknownUncommonPower","sneckomod:SoulExchange+1","sneckomod:UnknownBoss+1","CENSORED_ego+1","sneckomod:UnendingSupply","hexamod:RecurringNightmare+1","sneckomod:SerpentIdol+1","Pride","sneckomod:CheapStock+1","sneckomod:MorePower","sneckomod:TrashToTreasure+1","sneckomod:UnknownDraw+1","sneckomod:UnknownRareAttack+1","sneckomod:UnknownVulnerable+1","sneckomod:Nope+1","sneckomod:UnknownWeak+1"],"relics":["sneckomod:SuperSneckoSoul","Replay:Wax Seal","LetterFromLob","Toxic Egg 2","ReplayTheSpireMod:Ninjato","Replay:Multitool","StoneCalendar","downfall:HeartBlessingGreen","downfall:KnowingSkull","sneckomod:LoadedDie","Replay:Accelerometer","sneckomod:BabySnecko","Membership Card","Happy Flower","Bird Faced Urn"],"acts_visited":["Exordium","TheCity"],"potions_floor_usage":[11,11,16,16,31,31,31,33,33,33,33],"damage_taken":[{"damage":7,"enemies":"Small Slimes","floor":2,"turns":3},{"damage":0,"enemies":"Cultist","floor":3,"turns":2},{"damage":0,"enemies":"2 Louse","floor":4,"turns":1},{"damage":13,"enemies":"Exordium Wildlife","floor":8,"turns":2},{"damage":0,"enemies":"downfall:FleeingMerchant","floor":9,"turns":4},{"damage":9,"enemies":"2 Fungi Beasts","floor":10,"turns":3},{"damage":10,"enemies":"Gremlin Nob","floor":11,"turns":5},{"damage":5,"enemies":"Exordium Thugs","floor":14,"turns":2},{"damage":0,"enemies":"3 Louse","floor":15,"turns":2},{"damage":0,"enemies":"SI_SHIV_ARCHETYPE","floor":16,"turns":4},{"damage":7,"enemies":"Chosen","floor":22,"turns":5},{"damage":35,"enemies":"Snake Plant","floor":25,"turns":6},{"damage":9,"enemies":"3 Cultists","floor":28,"turns":5},{"damage":6,"enemies":"downfall:FleeingMerchant","floor":29,"turns":4},{"damage":10,"enemies":"Gremlin Leader","floor":30,"turns":3},{"damage":32,"enemies":"Centurion and Healer","floor":31,"turns":4},{"damage":6,"enemies":"Snake Plant","floor":32,"turns":3},{"damage":20,"enemies":"IC_MUSHROOM_ARCHETYPE","floor":33,"turns":1}],"seed_played":"6590849204336848125","potions_obtained":[{"floor":6,"key":"LifebloodPotion"},{"floor":6,"key":"GamblersBrew"},{"floor":6,"key":"PowerPotion"},{"floor":10,"key":"Languid Potion"},{"floor":11,"key":"AttackPotion"},{"floor":14,"key":"AttackPotion"},{"floor":31,"key":"Slimebound:ThreeZeroPotion"}],"is_trial":false,"path_per_floor":["R","M","M","M","?","?","T","M","$","M","E","T","R","M","M","B",null,"R","M","?","?","M","R","T","M","?","?","M","$","E","M","M","B"],"character_chosen":"THE_SNECKO","items_purchased":["ReplayTheSpireMod:Ninjato","Membership Card","sneckomod:TrashToTreasure+1","Happy Flower"],"campfire_rested":0,"item_purchase_floors":[9,29,29,29],"current_hp_per_floor":[99,92,92,92,85,85,85,72,72,63,53,53,53,48,48,48,99,99,99,99,92,85,85,85,50,50,50,41,35,25,11,15,0,0,0],"gold":95,"neow_bonus":"TEN_PERCENT_HP_BONUS","is_daily":false,"chose_seed":false,"campfire_upgraded":1,"win_rate":0.0,"timestamp":1612540068,"path_taken":["R","M","M","M","?","?","T","?","$","M","E","?","R","?","M","BOSS","R","M","?","?","M","R","T","?","?","?","M","$","E","M","M","BOSS"],"items_purchased_type":["Relic","Relic","Card","Relic"],"build_version":"2020-12-22","purchased_purges":1,"victory":false,"max_hp_per_floor":[99,99,99,99,99,99,99,99,99,99,99,99,99,99,99,99,99,99,99,99,99,99,99,99,99,99,99,99,99,99,99,99,99,99,99],"card_choices":[{"not_picked":["sneckomod:SoulRoll","sneckomod:Unknown1Cost"],"picked":"sneckomod:RainOfDice","floor":2},{"not_picked":["sneckomod:UnknownX","sneckomod:MasterEye"],"picked":"sneckomod:SerpentIdol","floor":3},{"not_picked":["sneckomod:DefensiveFlair","sneckomod:UnknownUncommonAttack"],"picked":"sneckomod:SnakeSap","floor":4},{"not_picked":["sneckomod:UnendingSupply","sneckomod:Nope+1"],"picked":"sneckomod:QuickMove+1","floor":8},{"not_picked":["sneckomod:SoulCleanse+1","sneckomod:SoulDraw+1"],"picked":"sneckomod:Restock+1","floor":9},{"not_picked":["sneckomod:DiceCrush","sneckomod:SoulRoll+1"],"picked":"sneckomod:UnknownWeak+1","floor":10},{"not_picked":["sneckomod:UnknownBlock+1","sneckomod:UnknownDraw+1"],"picked":"sneckomod:UnknownCommonSkill+1","floor":11},{"not_picked":["sneckomod:WideSting","sneckomod:SoulDraw+1"],"picked":"sneckomod:UnknownUncommonPower","floor":14},{"not_picked":["sneckomod:QuickBite","sneckomod:IronFang"],"picked":"sneckomod:SoulExchange+1","floor":15},{"not_picked":["sneckomod:Unknown3Cost+1","sneckomod:SoulExchange+1"],"picked":"sneckomod:UnknownBoss+1","floor":16},{"not_picked":["sneckomod:UnknownCommonSkill+1","sneckomod:UnknownClassAngela+1"],"picked":"sneckomod:UnendingSupply","floor":22},{"not_picked":["sneckomod:DiceBoulder","sneckomod:Unknown2Cost+1"],"picked":"sneckomod:SerpentIdol+1","floor":25},{"not_picked":["sneckomod:UnendingSupply","sneckomod:UnknownBlock+1"],"picked":"sneckomod:CheapStock+1","floor":28},{"not_picked":["sneckomod:DiceBlock+1","sneckomod:UnknownUncommonSkill+1"],"picked":"sneckomod:MorePower","floor":29},{"not_picked":["sneckomod:DangerNoodle","sneckomod:DiceCrush+1"],"picked":"sneckomod:UnknownDraw+1","floor":30},{"not_picked":["sneckomod:UnknownClassSLIMEBOUND+1","sneckomod:Unknown0Cost+1"],"picked":"sneckomod:UnknownRareAttack+1","floor":31},{"not_picked":["sneckomod:UnknownCommonAttack","sneckomod:DiceBlock+1"],"picked":"sneckomod:UnknownVulnerable+1","floor":31},{"not_picked":["sneckomod:CheapStock","sneckomod:Unknown1Cost+1"],"picked":"sneckomod:Nope+1","floor":32},{"not_picked":["sneckomod:UnknownClassSLIMEBOUND+1","sneckomod:UnknownClassAngela+1"],"picked":"sneckomod:UnknownWeak+1","floor":32}],"player_experience":265194,"relics_obtained":[{"floor":1,"key":"Replay:Wax Seal"},{"floor":2,"key":"LetterFromLob"},{"floor":11,"key":"Replay:Multitool"},{"floor":12,"key":"StoneCalendar"},{"floor":24,"key":"sneckomod:LoadedDie"},{"floor":30,"key":"Bird Faced Urn"}],"event_choices":[{"damage_healed":0,"gold_gain":0,"player_choice":"Success","damage_taken":7,"relics_obtained":["Toxic Egg 2"],"max_hp_gain":0,"max_hp_loss":0,"event_name":"Scrap Ooze","floor":5,"gold_loss":0},{"damage_healed":0,"gold_gain":0,"player_choice":"Got Potions","damage_taken":0,"max_hp_gain":0,"max_hp_loss":0,"event_name":"Lab","floor":6,"gold_loss":0},{"damage_healed":0,"gold_gain":0,"player_choice":"Ignored","damage_taken":0,"max_hp_gain":0,"max_hp_loss":0,"event_name":"Ghosts","floor":20,"gold_loss":0},{"damage_healed":0,"gold_gain":0,"player_choice":"Stole Relic","damage_taken":0,"relics_obtained":["Replay:Accelerometer"],"max_hp_gain":0,"max_hp_loss":0,"event_name":"Addict","floor":26,"gold_loss":0,"cards_obtained":["Pride"]}],"is_beta":false,"boss_relics":[{"not_picked":["Honey Jar","Kintsugi"],"picked":"sneckomod:SuperSneckoSoul"}],"items_purged_floors":[29],"is_endless":false,"potions_floor_spawned":[10,11,14,31],"killed_by":"IC_MUSHROOM_ARCHETYPE","ascension_level":0}}