{"host":"3ovdp3kj1t94ivgi","time":1612552360,"event":{"mods":["BaseMod","Downfall","Luminous","Minty Spire (QoL Compilation)","Shade Mod","StSLib","The Necromancer"],"gold_per_floor":[116,45,64,80,80,355,380,145,145,145,172,192,192,210,210,311,311,330,341,354,354,373,373,373],"floor_reached":23,"language":"ENG","playtime":2175,"items_purged":["Regret"],"score":203,"play_id":"41566ce5-8942-431e-b197-e25c18932d34","local_time":"20210206031240","is_ascension_mode":false,"campfire_choices":[{"floor":10,"key":"REST"},{"data":"Luminous:Dark_Extract","floor":13,"key":"SMITH"},{"floor":15,"key":"REST"}],"circlet_count":0,"master_deck":["Luminous:Light_Flash_Shower","Luminous:Light_Flash_Shower","Luminous:Light_Flash_Shower","Luminous:Dark_Abyssal_Drop","Luminous:Dark_Abyssal_Drop","Luminous:Dark_Abyssal_Drop","Luminous:Defend_Luminous","Luminous:Defend_Luminous","Luminous:Defend_Luminous","Luminous:Defend_Luminous","Luminous:Switch_Luminous","Luminous:Fast_Spell_Luminous","Luminous:Ethereal_Form_Luminous","Luminous:Dark_Raid","Luminous:Dusk_Guard_Luminous","Luminous:Balance_Ender","Luminous:Dark_Extract+1","Luminous:Dark_Pressure_Void","Luminous:Phantom_Treasure_Luminous","Luminous:Magic_Guard_Luminous","Luminous:Dark_Raid","Luminous:Balance_Death_Scythe","Luminous:Balance_Aether_Conduit+1","Luminous:Light_Wash_Luminous+1","Luminous:Light_Reflection","Luminous:Lunar_Tide_Luminous+1","Luminous:Accumulation_Luminous+1"],"relics":["Luminous:MirrorRelic","NeowsBlessing","Ornamental Fan","Pantograph","Bottled Lightning","Vajra","Coffee Dripper"],"acts_visited":["Exordium","TheCity"],"potions_floor_usage":[16,20,23,23,23,23,23],"damage_taken":[{"damage":0,"enemies":"Jaw Worm","floor":1,"turns":1},{"damage":0,"enemies":"Small Slimes","floor":3,"turns":1},{"damage":0,"enemies":"Cultist","floor":4,"turns":1},{"damage":48,"enemies":"3 Sentries","floor":7,"turns":14},{"damage":21,"enemies":"Gremlin Nob","floor":11,"turns":4},{"damage":0,"enemies":"2 Fungi Beasts","floor":12,"turns":3},{"damage":6,"enemies":"Exordium Thugs","floor":14,"turns":5},{"damage":19,"enemies":"Hexaghost","floor":16,"turns":9},{"damage":10,"enemies":"Spheric Guardian","floor":18,"turns":4},{"damage":6,"enemies":"Shell Parasite","floor":19,"turns":4},{"damage":11,"enemies":"Shelled Parasite and Fungi","floor":20,"turns":6},{"damage":12,"enemies":"Centurion and Healer","floor":22,"turns":7},{"damage":37,"enemies":"Slavers","floor":23,"turns":3}],"seed_played":"-4136774508448377424","potions_obtained":[{"floor":1,"key":"Strength Potion"},{"floor":3,"key":"LiquidBronze"},{"floor":4,"key":"EntropicBrew"},{"floor":18,"key":"Weak Potion"},{"floor":22,"key":"Dexterity Potion"}],"is_trial":false,"path_per_floor":["M","$","M","M","?","?","E","$","T","R","E","M","R","M","R","B",null,"M","M","M","?","M","E"],"character_chosen":"LuminousClass","items_purchased":["Luminous:Ethereal_Form_Luminous","Luminous:Dark_Extract","Luminous:Dark_Pressure_Void","Luminous:Phantom_Treasure_Luminous"],"campfire_rested":2,"item_purchase_floors":[2,8,8,8],"current_hp_per_floor":[75,75,75,75,68,68,20,20,20,42,21,21,21,15,37,43,75,65,59,48,48,36,0,0],"gold":373,"neow_bonus":"THREE_ENEMY_KILL","is_daily":false,"chose_seed":false,"campfire_upgraded":1,"win_rate":0.0,"timestamp":1612552360,"path_taken":["M","$","M","M","?","?","E","$","T","R","E","M","R","M","R","BOSS","M","?","M","?","M","E"],"items_purchased_type":["Card","Card","Card","Card"],"build_version":"2020-12-13","purchased_purges":1,"victory":false,"max_hp_per_floor":[75,75,75,75,75,75,75,75,75,75,75,75,75,75,75,75,75,75,75,75,75,75,75,75],"card_choices":[{"not_picked":["Luminous:Light_Gather","Luminous:Accumulation_Luminous"],"picked":"Luminous:Fast_Spell_Luminous","floor":1},{"not_picked":["Luminous:Light_Wash_Luminous","Luminous:Light_Disperse"],"picked":"Luminous:Dark_Raid","floor":3},{"not_picked":["Luminous:Light_Wash_Luminous","Luminous:Concentrate_Luminous"],"picked":"Luminous:Dusk_Guard_Luminous","floor":4},{"not_picked":["Luminous:Light_Glare","Luminous:Dark_Extract"],"picked":"Luminous:Balance_Ender","floor":7},{"not_picked":["Luminous:Chaos_Field_Luminous","Luminous:Accumulation_Luminous"],"picked":"Luminous:Magic_Guard_Luminous","floor":11},{"not_picked":["Luminous:Concentrate_Luminous","Luminous:Tune_Luminous"],"picked":"Luminous:Dark_Raid","floor":12},{"not_picked":["Luminous:Magic_Boost_Luminous","Luminous:Accumulation_Luminous"],"picked":"Luminous:Balance_Death_Scythe","floor":14},{"not_picked":["Luminous:Armageddon_Luminous","Luminous:Ethereal_Form_Luminous"],"picked":"Luminous:Balance_Aether_Conduit","floor":16},{"not_picked":["Luminous:Concentrate_Luminous","Luminous:Dark_Dim_Erosion"],"picked":"Luminous:Light_Wash_Luminous+1","floor":18},{"not_picked":["Luminous:Accumulation_Luminous","Luminous:Blinding_Pillar_Luminous"],"picked":"Luminous:Light_Reflection","floor":19},{"not_picked":["Luminous:Dark_Pressure_Void","Luminous:Dark_Dim_Erosion"],"picked":"Luminous:Lunar_Tide_Luminous+1","floor":20},{"not_picked":["Luminous:Light_Wash_Luminous","Luminous:Light_Reflection"],"picked":"Luminous:Accumulation_Luminous+1","floor":22}],"player_experience":39454,"relics_obtained":[{"floor":7,"key":"Pantograph"},{"floor":9,"key":"Bottled Lightning"},{"floor":11,"key":"Vajra"}],"event_choices":[{"damage_healed":0,"gold_gain":0,"player_choice":"Success","damage_taken":7,"relics_obtained":["Ornamental Fan"],"max_hp_gain":0,"max_hp_loss":0,"event_name":"Scrap Ooze","floor":5,"gold_loss":0},{"damage_healed":0,"gold_gain":275,"player_choice":"Desecrate","damage_taken":0,"max_hp_gain":0,"max_hp_loss":0,"event_name":"Golden Shrine","floor":6,"gold_loss":0,"cards_obtained":["Regret"]},{"damage_healed":0,"gold_gain":0,"player_choice":"Upgraded","damage_taken":0,"max_hp_gain":0,"max_hp_loss":0,"event_name":"Upgrade Shrine","floor":21,"gold_loss":0,"cards_upgraded":["Luminous:Balance_Aether_Conduit"]}],"is_beta":false,"boss_relics":[{"not_picked":["Snecko Eye","Ectoplasm"],"picked":"Coffee Dripper"}],"items_purged_floors":[8],"is_endless":false,"potions_floor_spawned":[1,3,4,18,22],"killed_by":"Slavers","ascension_level":0}}