{"host":"gooba","time":1612513945,"event":{"mods":["AchievementEnabler","BaseMod","Downfall","Minty Spire (QoL Compilation)","StSLib","Trackpad"],"gold_per_floor":[99,112,126,126,142,0,52,52,72,122,122,145,145,168,186,186,186,186],"floor_reached":16,"language":"ENG","playtime":916,"items_purged":[],"score":94,"play_id":"162651dc-1121-4e63-8a8c-439ca894bf33","local_time":"20210205093225","is_ascension_mode":false,"campfire_choices":[{"data":"hexamod:Sear","floor":1,"key":"SMITH"},{"data":"hexamod:HeatCrush","floor":8,"key":"SMITH"},{"floor":11,"key":"RECALL"},{"data":"hexamod:HeatCrush","floor":13,"key":"SMITH"}],"circlet_count":0,"master_deck":["hexamod:Strike","hexamod:Strike","hexamod:Strike","hexamod:Defend","hexamod:Defend","hexamod:Defend","hexamod:Defend","hexamod:Sear+1","hexamod:Float","hexamod:HeatCrush+1","hexamod:GhostShield","hexamod:SecondSeal","hexamod:HeatCrush+1","hexamod:TimeOfNeed","hexamod:Rewind"],"relics":["hexamod:SpiritBrand","Juzu Bracelet"],"acts_visited":["Exordium"],"potions_floor_usage":[6,15,16,16],"damage_taken":[{"damage":1,"enemies":"Jaw Worm","floor":2,"turns":3},{"damage":0,"enemies":"Cultist","floor":3,"turns":4},{"damage":0,"enemies":"Small Slimes","floor":5,"turns":3},{"damage":0,"enemies":"downfall:FleeingMerchant","floor":6,"turns":4},{"damage":0,"enemies":"2 Fungi Beasts","floor":9,"turns":4},{"damage":17,"enemies":"Large Slime","floor":12,"turns":6},{"damage":8,"enemies":"Blue Slaver","floor":14,"turns":3},{"damage":14,"enemies":"Gremlin Gang","floor":15,"turns":5},{"damage":54,"enemies":"DF_ARCHETYPE_STREAMLINE","floor":16,"turns":9}],"seed_played":"8534207566783870993","potions_obtained":[{"floor":3,"key":"hexamod:SoulburnPotion"},{"floor":5,"key":"SkillPotion"},{"floor":12,"key":"BlessingOfTheForge"},{"floor":15,"key":"Swift Potion"}],"is_trial":false,"path_per_floor":["R","M","M","?","M","$","T","R","M","T","R","M","R","M","M","B"],"character_chosen":"THE_SPIRIT","items_purchased":["hexamod:TimeOfNeed"],"campfire_rested":0,"item_purchase_floors":[6],"current_hp_per_floor":[77,76,76,76,76,76,76,76,76,76,76,59,59,51,37,0,0,0],"gold":186,"neow_bonus":"TEN_PERCENT_HP_BONUS","is_daily":false,"chose_seed":false,"campfire_upgraded":3,"win_rate":0.0,"timestamp":1612513945,"path_taken":["R","M","M","?","M","?","T","R","M","?","R","M","R","M","M","BOSS"],"items_purchased_type":["Card"],"build_version":"2020-12-18","purchased_purges":0,"victory":false,"max_hp_per_floor":[77,77,77,77,77,77,77,77,77,77,77,77,77,77,77,77,77,77],"card_choices":[{"not_picked":["hexamod:ShieldOfDarkness","hexamod:NecessarySacrifice"],"picked":"hexamod:HeatCrush","floor":2},{"not_picked":["hexamod:NecessarySacrifice","hexamod:NightmareStrike"],"picked":"hexamod:GhostShield","floor":3},{"not_picked":["hexamod:RetreatToShadows","hexamod:BacktrackSmack"],"picked":"hexamod:SecondSeal","floor":5},{"not_picked":["hexamod:ThermalTransfer","hexamod:HeatMetal"],"picked":"hexamod:HeatCrush","floor":6},{"not_picked":["hexamod:TimeWarp","hexamod:InspiringFlames","hexamod:ShieldOfDarkness"],"picked":"SKIP","floor":9},{"not_picked":["hexamod:AdvancingGuard","hexamod:GhostLash","hexamod:ThermalTransfer"],"picked":"SKIP","floor":12},{"not_picked":["hexamod:RadiantFlame","hexamod:Firestarter","hexamod:SpectralAdrenaline"],"picked":"SKIP","floor":14},{"not_picked":["hexamod:HauntingEcho","hexamod:ForkedFlame"],"picked":"hexamod:Rewind","floor":15}],"player_experience":244781,"relics_obtained":[{"floor":10,"key":"Juzu Bracelet"}],"event_choices":[{"cards_removed":["hexamod:Strike"],"damage_healed":0,"gold_gain":0,"player_choice":"Offered Basic","damage_taken":0,"max_hp_gain":0,"max_hp_loss":0,"event_name":"Bonfire Elementals","floor":4,"gold_loss":0}],"is_beta":true,"boss_relics":[],"items_purged_floors":[],"is_endless":false,"potions_floor_spawned":[3,5,12,15],"killed_by":"DF_ARCHETYPE_STREAMLINE","ascension_level":0}}