{"host":"8srk5r1dwtmjotwd","time":1612492790,"event":{"mods":["AchievementEnabler","Act Like it!","BaseMod","Beaked The Cultist","Bestiary","Better Note","Better Third Choice","Colored Map","Colored Powertips","Friendly Minions","GifTheSpireLib","Halation","Hallownest","Hermit","Hubris","Infinite Spire","Mimic Mod","Minty Spire (QoL Compilation)","Morshu Shopkeeper - ENHANCED","Quick Restart","Rare Cards Sparkle","Reliquary","Replay The Spire","Shop Mod","StSLib","SuperFastMode","Synergy Search","The Bug Knight","The Construct","The Cursed","Thieving Mod","Yohane!","everything is the same but u backflip on backflip","slay the spire mod where everything is the same but ironclad has a cowboy hat"],"gold_per_floor":[216,235,250,325,341,375,375,375,400,433,12,22,32,47,47,47,47],"floor_reached":16,"language":"ENG","playtime":1201,"items_purged":["Decay"],"score":114,"play_id":"0cdbeea2-52db-4a55-99bb-442251cddf5f","local_time":"20210204213950","is_ascension_mode":false,"campfire_choices":[{"floor":7,"key":"REST"}],"circlet_count":0,"master_deck":["Strike_R","Strike_R","Strike_R","Strike_R","Strike_R","Defend_R","Defend_R","Defend_R","Defend_R","Bash","hubris:CleavingFinish","Cleave","Rage","Rampage","hubris:ReadiedAction","Twin Strike","Twin Strike+1"],"relics":["Burning Blood","halation:LettersToHer","HollowMod:PaleOreRelic","Ancient Tea Set","hubris:ChampionShield"],"acts_visited":["Exordium"],"potions_floor_usage":[5,6,10,12,16,16],"damage_taken":[{"damage":5,"enemies":"Cultist","floor":1,"turns":4},{"damage":0,"enemies":"Small Slimes","floor":2,"turns":3},{"damage":2,"enemies":"2 Louse","floor":3,"turns":2},{"damage":11,"enemies":"Gremlin Gang","floor":5,"turns":3},{"damage":36,"enemies":"3 Sentries","floor":6,"turns":5},{"damage":29,"enemies":"Gremlin Nob","floor":10,"turns":4},{"damage":5,"enemies":"Looter","floor":12,"turns":2},{"damage":2,"enemies":"Blue Slaver","floor":13,"turns":3},{"damage":13,"enemies":"Red Slaver","floor":14,"turns":2},{"damage":65,"enemies":"Slime Boss","floor":16,"turns":11}],"seed_played":"-322926132423475819","potions_obtained":[{"floor":1,"key":"Block Potion"},{"floor":5,"key":"Strength Potion"},{"floor":6,"key":"Elixir"},{"floor":14,"key":"SkillPotion"}],"is_trial":false,"path_per_floor":["M","M","M","?","M","E","R","?","T","E","$","M","M","M","R_BF","B"],"character_chosen":"IRONCLAD","items_purchased":["Fire Potion","hubris:ChampionShield","infinitespire:BlackPotion"],"campfire_rested":1,"item_purchase_floors":[11,11,11],"current_hp_per_floor":[80,80,80,69,64,34,58,58,58,35,35,36,40,33,57,0,0],"gold":47,"neow_bonus":"HUNDRED_GOLD","is_daily":false,"chose_seed":false,"campfire_upgraded":0,"win_rate":0.0,"timestamp":1612492790,"path_taken":["M","?","M","?","M","E","R","?","T","E","$","M","?","M","R_BF","BOSS"],"items_purchased_type":["Potion","Relic","Potion"],"build_version":"2020-12-22","purchased_purges":1,"victory":false,"max_hp_per_floor":[80,80,80,80,80,80,80,80,80,80,80,80,80,80,80,80,80],"card_choices":[{"not_picked":["Dual Wield","Run Through","Armaments"],"picked":"SKIP","floor":1},{"not_picked":["Reckless Charge","Shockwave"],"picked":"hubris:CleavingFinish","floor":2},{"not_picked":["Uppercut","Anger"],"picked":"Cleave","floor":3},{"not_picked":["Abandon","ReplayTheSpireMod:Stacked","Armaments"],"picked":"SKIP","floor":5},{"not_picked":["Berserk","Cleave"],"picked":"Rage","floor":6},{"not_picked":["hubris:SharpeningStone","Body Slam"],"picked":"Rampage","floor":10},{"not_picked":["Havoc","Warcry"],"picked":"hubris:ReadiedAction","floor":12},{"not_picked":["Dual Wield","Warcry"],"picked":"Twin Strike","floor":13},{"not_picked":["True Grit","Body Slam"],"picked":"Twin Strike","floor":14}],"player_experience":102987,"relics_obtained":[{"floor":6,"key":"halation:LettersToHer"},{"floor":9,"key":"halation:LettersToHer"},{"floor":9,"key":"HollowMod:PaleOreRelic"},{"floor":10,"key":"Ancient Tea Set"}],"event_choices":[{"damage_healed":0,"gold_gain":75,"player_choice":"Gold","damage_taken":11,"max_hp_gain":0,"max_hp_loss":0,"event_name":"betterThird:BetterGoop","floor":4,"gold_loss":0},{"damage_healed":0,"gold_gain":0,"player_choice":"Cursed","damage_taken":0,"max_hp_gain":0,"max_hp_loss":0,"event_name":"Wheel of Change","floor":8,"gold_loss":0,"cards_obtained":["Decay"]}],"is_beta":false,"boss_relics":[],"items_purged_floors":[11],"is_endless":false,"potions_floor_spawned":[1,5,6,14],"killed_by":"Slime Boss","ascension_level":0}}