{"host":"eaiphzh066bwqdh7","time":1612531248,"event":{"mods":["BaseMod","Better Note","Halation","Hubris","Minty Spire (QoL Compilation)","Reliquary","Replay The Spire","StSLib"],"gold_per_floor":[109,109,184,184,197,227,250,281,281,281,281,281],"floor_reached":11,"language":"ENG","playtime":203,"items_purged":[],"score":120,"play_id":"d0f156f1-57fd-41c3-aa1d-faab2c470305","local_time":"20210205082048","is_ascension_mode":true,"campfire_choices":[{"floor":10,"key":"REST"}],"circlet_count":0,"master_deck":["Strike_P","Strike_P","Strike_P","Strike_P","Defend_P","Defend_P","Defend_P","Defend_P","Vigilance","PathToVictory"],"relics":["PureWater","NeowsBlessing","hubris:Towel","Mercury Hourglass","reliquary:RoseTintedGlasses","reliquary:Solitaire","Question Card"],"acts_visited":["Exordium"],"potions_floor_usage":[5],"damage_taken":[{"damage":0,"enemies":"2 Louse","floor":1,"turns":1},{"damage":0,"enemies":"Small Slimes","floor":5,"turns":1},{"damage":0,"enemies":"Gremlin Nob","floor":6,"turns":1},{"damage":47,"enemies":"3 Sentries","floor":8,"turns":10},{"damage":43,"enemies":"Gremlin Nob","floor":11,"turns":4}],"seed_played":"-5530097748432760075","potions_obtained":[{"floor":5,"key":"Fruit Juice"},{"floor":8,"key":"Venom Potion"}],"is_trial":false,"path_per_floor":["M","?","?","?","M","E","T","E","T","R","E"],"character_chosen":"WATCHER","items_purchased":[],"campfire_rested":1,"item_purchase_floors":[],"current_hp_per_floor":[72,72,61,61,66,66,66,19,19,42,0,0],"gold":281,"neow_bonus":"THREE_ENEMY_KILL","is_daily":false,"chose_seed":false,"campfire_upgraded":0,"win_rate":0.0,"timestamp":1612531248,"path_taken":["M","?","?","?","?","E","?","E","T","R","E"],"items_purchased_type":[],"build_version":"2020-12-22","purchased_purges":0,"victory":false,"max_hp_per_floor":[72,72,72,72,77,77,77,77,77,77,77,77],"card_choices":[{"not_picked":["Crescendo","SashWhip"],"picked":"PathToVictory","floor":1},{"not_picked":["SashWhip","TalkToTheHand","Protect"],"picked":"SKIP","floor":5},{"not_picked":["Wallop","Replay:BluntJabs","SashWhip"],"picked":"SKIP","floor":6},{"not_picked":["WindmillStrike","ConjureBlade","FlyingSleeves"],"picked":"SKIP","floor":8}],"player_experience":258522,"relics_obtained":[{"floor":6,"key":"Mercury Hourglass"},{"floor":7,"key":"reliquary:RoseTintedGlasses"},{"floor":8,"key":"reliquary:Solitaire"},{"floor":9,"key":"Question Card"}],"event_choices":[{"damage_healed":0,"gold_gain":75,"player_choice":"Gather Gold","damage_taken":11,"max_hp_gain":0,"max_hp_loss":0,"event_name":"World of Goop","floor":3,"gold_loss":0},{"cards_removed":["Eruption"],"damage_healed":0,"gold_gain":0,"player_choice":"Offered Basic","damage_taken":0,"max_hp_gain":0,"max_hp_loss":0,"event_name":"Bonfire Elementals","floor":4,"gold_loss":0}],"is_beta":false,"boss_relics":[],"items_purged_floors":[],"is_endless":false,"potions_floor_spawned":[5,8],"killed_by":"Gremlin Nob","ascension_level":3}}