{"host":"8kweeulvvasqx820","time":1612567365,"event":{"mods":["Aspiration","BaseMod","Better Altar","Better Match","Better Note","Better Sensory Stone","Better Skull","Better Third Choice","BetterRewards","Colored Map","Conspire","Displayed Cursed Tome","Downfall","Hubris","Infinite Spire","Jorbs\u0027s Wanderer Trilogy","Minty Spire (QoL Compilation)","Relic Stats","Replay The Spire","Spicy Shops","StSLib","SuperFastMode","Swap Starting Deck Mod","The Construct","The Marked","The Servant 0.9.4","everything is the same but u backflip on backflip","slay the spire mod where everything is the same but ironclad has a cowboy hat"],"gold_per_floor":[216,246,274,118,118,149,205,226,252,3,3,3,31,31,31,130,130,169,191,207,230,118,145,168,168,194,194,194,239,239,258,258,359,359,399,426,448,448,474,520,520,520,520,520,563,598,624,592,592,592,592,592,71,111,111],"floor_reached":56,"language":"ENG","playtime":7088,"items_purged":["stsjorbsmod:Strike_Wanderer","stsjorbsmod:Strike_Wanderer","stsjorbsmod:Defend_Wanderer"],"score":1432,"play_id":"fad0b1e3-487a-49bd-816d-d7c9eacd21e7","local_time":"20210205182245","is_ascension_mode":false,"campfire_choices":[{"data":"stsjorbsmod:Entangle","floor":12,"key":"SMITH"},{"data":"stsjorbsmod:Channel","floor":15,"key":"SMITH"},{"data":"stsjorbsmod:LocateObject","floor":28,"key":"SMITH"},{"data":"stsjorbsmod:FindFamiliar","floor":30,"key":"SMITH"},{"data":"stsjorbsmod:Thorns","floor":32,"key":"SMITH"},{"data":"stsjorbsmod:Fireball","floor":42,"key":"SMITH"},{"floor":44,"key":"RECALL"},{"data":"stsjorbsmod:MageArmor","floor":49,"key":"SMITH"},{"data":"stsjorbsmod:Rediscovery","floor":52,"key":"SMITH"}],"circlet_count":0,"master_deck":["stsjorbsmod:ForbiddenGrimoire+1","stsjorbsmod:Defend_Wanderer+1","stsjorbsmod:Defend_Wanderer+1","stsjorbsmod:Defend_Wanderer","stsjorbsmod:FreshAdventure","stsjorbsmod:EyeOfTheStorm","stsjorbsmod:LocateObject+1","stsjorbsmod:Channel+1","stsjorbsmod:ColorSpray","stsjorbsmod:MageArmor+1","stsjorbsmod:CorrodingBarrier+1","stsjorbsmod:Entangle+1","stsjorbsmod:FaerieFire+1","stsjorbsmod:FracturedMind+1","stsjorbsmod:FindFamiliar+1","TheWorld+1","stsjorbsmod:Rediscovery+1","stsjorbsmod:ScorchingRay+1","stsjorbsmod:Inferno+1","stsjorbsmod:Message","stsjorbsmod:RayOfFrost+1","stsjorbsmod:Thorns+1","stsjorbsmod:Fireball+1","stsjorbsmod:TrueStrike+1","stsjorbsmod:MageArmor+1","hubris:NaturalOne","stsjorbsmod:MageArmor","Flash of Steel","ReplayUltimateDefense","Dramatic Entrance","Finesse","stsjorbsmod:FlameWard+1"],"relics":["stsjorbsmod:GrimoireRelic","Orrery","hubris:Towel","Ornamental Fan","Bronze Scales","Membership Card","PreservedInsect","Pondfish Scales","Bottled Lightning","Replay:Grab Bag","ReplayTheSpireMod:Onyx Gauntlets","bronze:MakeshiftBattery","Empty Cage","Oddly Smooth Stone","aspiration:SeaSaltIceCream","hubris:Icosahedron","Pet Ghost","Blue Doll","hubris:ScarierMask","White Beast Statue","Bag of Preparation","War Paint","hubris:HerbalPaste","ReplayTheSpireMod:Shallot","ReplayTheSpireMod:ShopPack","infinitespire:Lucky Rock","Garlic"],"acts_visited":["Exordium","TheCity","TheBeyond","TheEnding"],"potions_floor_usage":[8,13,33,33,37,45,50,55,55,55,55,55,55],"damage_taken":[{"damage":7,"enemies":"Jaw Worm","floor":1,"turns":7},{"damage":1,"enemies":"2 Louse","floor":2,"turns":4},{"damage":2,"enemies":"Small Slimes","floor":3,"turns":4},{"damage":17,"enemies":"Lagavulin","floor":6,"turns":10},{"damage":0,"enemies":"Looter","floor":8,"turns":5},{"damage":0,"enemies":"Replay:BlueRogue","floor":13,"turns":4},{"damage":15,"enemies":"Hexaghost","floor":16,"turns":10},{"damage":4,"enemies":"conspire:FuzzyDice","floor":18,"turns":5},{"damage":0,"enemies":"Spheric Guardian","floor":19,"turns":3},{"damage":0,"enemies":"Snake Plant","floor":20,"turns":5},{"damage":0,"enemies":"Snecko","floor":21,"turns":4},{"damage":0,"enemies":"conspire:SneckoGhost","floor":23,"turns":6},{"damage":34,"enemies":"Sentry and Sphere","floor":24,"turns":7},{"damage":0,"enemies":"Book of Stabbing","floor":29,"turns":4},{"damage":0,"enemies":"Snake Plant","floor":31,"turns":2},{"damage":20,"enemies":"Champ","floor":33,"turns":8},{"damage":0,"enemies":"3 Shapes","floor":35,"turns":3},{"damage":0,"enemies":"3 Darklings","floor":36,"turns":3},{"damage":0,"enemies":"Writhing Mass","floor":37,"turns":5},{"damage":0,"enemies":"conspire:MimicChest","floor":39,"turns":1},{"damage":0,"enemies":"Nemesis","floor":40,"turns":4},{"damage":0,"enemies":"4 Shapes","floor":45,"turns":2},{"damage":0,"enemies":"Reptomancer","floor":46,"turns":4},{"damage":0,"enemies":"Maw","floor":47,"turns":6},{"damage":0,"enemies":"Transient","floor":48,"turns":5},{"damage":21,"enemies":"Time Eater","floor":50,"turns":9},{"damage":0,"enemies":"Shield and Spear","floor":54,"turns":2},{"damage":34,"enemies":"The Heart","floor":55,"turns":9}],"seed_played":"-8898633408751741522","potions_obtained":[{"floor":2,"key":"BlessingOfTheForge"},{"floor":6,"key":"Block Potion"},{"floor":7,"key":"Regen Potion"},{"floor":7,"key":"AttackPotion"},{"floor":13,"key":"Strength Potion"},{"floor":19,"key":"Block Potion"},{"floor":23,"key":"Reflective Coating"},{"floor":29,"key":"Dexterity Potion"},{"floor":33,"key":"Energy Potion"},{"floor":36,"key":"Regen Potion"},{"floor":37,"key":"stsjorbsmod:BurningPotion"},{"floor":45,"key":"DistilledChaos"},{"floor":46,"key":"Strength Potion"},{"floor":48,"key":"AttackPotion"},{"floor":54,"key":"EntropicBrew"}],"is_trial":false,"path_per_floor":["M","M","M","$","?","E","?","M","T","$","?","R","E","T","R","B",null,"M","M","M","M","$","E","M","?","T","?","R","E","R","M","R","B",null,"M","M","M","?","?","E","?","R","T","R","M","E","M","M","R","B",null,"R","$","E","B",null],"character_chosen":"WANDERER","items_purchased":["Orrery","Membership Card","stsjorbsmod:FindFamiliar","PreservedInsect","stsjorbsmod:Message","stsjorbsmod:MageArmor","hubris:HerbalPaste","ReplayTheSpireMod:Shallot","ReplayTheSpireMod:ShopPack","Flash of Steel","Fire Potion","infinitespire:Lucky Rock"],"campfire_rested":0,"item_purchase_floors":[4,10,10,10,22,53,53,53,53,53,53,53],"current_hp_per_floor":[64,64,64,64,64,47,20,22,22,22,22,22,36,36,36,21,68,68,68,68,68,68,68,34,34,34,41,41,48,48,52,52,32,70,72,72,74,56,56,61,61,61,61,61,64,68,74,74,74,53,74,74,74,76,42],"gold":111,"neow_bonus":"HUNDRED_GOLD","is_daily":false,"chose_seed":false,"campfire_upgraded":8,"win_rate":0.0,"timestamp":1612567365,"path_taken":["M","M","M","$","?","E","?","M","T","$","?","R","E","?","R","BOSS","M","M","M","M","$","E","M","?","T","?","R","E","R","?","R","BOSS","M","?","M","?","?","E","?","R","T","R","M","E","M","M","R","BOSS","R","$","E","BOSS"],"items_purchased_type":["Relic","Relic","Card","Relic","Card","Card","Relic","Relic","Relic","Card","Potion","Relic"],"build_version":"2020-12-22","purchased_purges":3,"victory":true,"max_hp_per_floor":[68,68,68,68,68,68,68,68,68,68,68,68,68,68,68,68,68,68,68,68,68,68,68,68,68,68,68,68,70,70,70,70,70,70,72,72,74,74,74,74,74,74,74,74,74,74,74,74,74,74,74,74,74,76,76],"relic_stats":{"counters":[73,368],"Ornamental Fan":[60],"Bronze Scales":[359],"PreservedInsect":243,"Bag of Preparation":[14],"War Paint":["stsjorbsmod:CorrodingBarrier","stsjorbsmod:ScorchingRay"],"obtain_stats":[{"Replay:Accelerometer":7,"Uniform":0,"Whetstone":26,"Bottled Tornado":26,"Boot":6,"hubris:TerracottaHorce":17,"hubris:HerbalPaste":53,"hubris:DeckOfHolding":7,"hubris:TinFlute":14,"conspire:TreasureMap":23,"Happy Flower":30,"aspiration:Nostalgia":0,"Replay:Grab Bag":17,"Guardian:ModeShifter":7,"Oddly Smooth Stone":23,"aspiration:TrustyKnives":8,"aspiration:SeaSaltIceCream":25,"War Paint":5,"Replay:Baseball":9,"ReplayTheSpireMod:Shallot":53,"hubris:BottledHeart":27,"Bronze Scales":9,"Simple Rune":0,"Grinning Jar":6,"bronze:MakeshiftBattery":17,"Meat on the Bone":14,"SacredBark":17,"Blue Doll":29,"Incense Burner":7,"Bag of Preparation":40,"hubris:EmptyBottle":0,"Empty Cage":17,"Pet Ghost":26,"conspire:InfiniteJournal":25,"hubris:BlackHole":19,"Replay:Bandana":11,"hubris:Icosahedron":25,"hubris:ScarierMask":34,"hubris:IronBody":7,"Replay:Bottled Snecko":23,"infinitespire:Chaos":7,"aspiration:VileToxins":9,"Lee\u0027s Waffle":23,"NeowsBlessing":0,"infinitespire:EmptyRelic":7,"hubris:MedicalManual":23,"PreservedInsect":10,"Omamori":8,"infinitespire:Lucky Rock":25,"hubris:Towel":5,"White Beast Statue":39,"Anchor":22,"Pondfish Scales":13,"Ornamental Fan":6,"Orrery":4,"Garlic":54,"Membership Card":10,"Bottled Lightning":14,"PureWater":0,"ReplayTheSpireMod:Onyx Gauntlets":17,"Toy Ornithopter":16,"ReplayTheSpireMod:ShopPack":53},{"Replay:Accelerometer":34,"Uniform":0,"Whetstone":42,"Bottled Tornado":28,"Boot":19,"hubris:TerracottaHorce":38,"hubris:HerbalPaste":71,"hubris:DeckOfHolding":34,"hubris:TinFlute":5,"conspire:TreasureMap":9,"Happy Flower":29,"aspiration:Nostalgia":31,"Replay:Grab Bag":52,"Guardian:ModeShifter":34,"Oddly Smooth Stone":57,"aspiration:TrustyKnives":3,"aspiration:SeaSaltIceCream":58,"War Paint":33,"Replay:Baseball":35,"ReplayTheSpireMod:Shallot":71,"hubris:BottledHeart":42,"Bronze Scales":50,"Simple Rune":13,"Grinning Jar":34,"bronze:MakeshiftBattery":52,"Meat on the Bone":22,"SacredBark":23,"Blue Doll":59,"Incense Burner":34,"Bag of Preparation":66,"hubris:EmptyBottle":13,"Empty Cage":52,"Pet Ghost":58,"conspire:InfiniteJournal":11,"hubris:BlackHole":7,"Replay:Bandana":4,"hubris:Icosahedron":58,"hubris:ScarierMask":61,"hubris:IronBody":34,"Replay:Bottled Snecko":41,"infinitespire:Chaos":34,"aspiration:VileToxins":20,"Lee\u0027s Waffle":9,"NeowsBlessing":0,"infinitespire:EmptyRelic":34,"hubris:MedicalManual":27,"PreservedInsect":50,"Omamori":35,"infinitespire:Lucky Rock":42,"hubris:Towel":48,"White Beast Statue":65,"Anchor":26,"Pondfish Scales":51,"Ornamental Fan":49,"Orrery":48,"Garlic":72,"Membership Card":50,"Bottled Lightning":51,"PureWater":31,"ReplayTheSpireMod:Onyx Gauntlets":52,"Toy Ornithopter":6,"ReplayTheSpireMod:ShopPack":71},{"Replay:Accelerometer":168,"Uniform":0,"Whetstone":209,"Bottled Tornado":134,"Boot":82,"hubris:TerracottaHorce":189,"hubris:HerbalPaste":357,"hubris:DeckOfHolding":168,"hubris:TinFlute":9,"conspire:TreasureMap":32,"Happy Flower":141,"aspiration:Nostalgia":152,"Replay:Grab Bag":271,"Guardian:ModeShifter":168,"Oddly Smooth Stone":294,"aspiration:TrustyKnives":3,"aspiration:SeaSaltIceCream":301,"War Paint":161,"Replay:Baseball":172,"ReplayTheSpireMod:Shallot":357,"hubris:BottledHeart":209,"Bronze Scales":257,"Simple Rune":61,"Grinning Jar":168,"bronze:MakeshiftBattery":271,"Meat on the Bone":96,"SacredBark":106,"Blue Doll":305,"Incense Burner":168,"Bag of Preparation":331,"hubris:EmptyBottle":61,"Empty Cage":271,"Pet Ghost":301,"conspire:InfiniteJournal":48,"hubris:BlackHole":28,"Replay:Bandana":7,"hubris:Icosahedron":301,"hubris:ScarierMask":315,"hubris:IronBody":168,"Replay:Bottled Snecko":202,"infinitespire:Chaos":168,"aspiration:VileToxins":86,"Lee\u0027s Waffle":32,"NeowsBlessing":0,"infinitespire:EmptyRelic":168,"hubris:MedicalManual":128,"PreservedInsect":257,"Omamori":172,"infinitespire:Lucky Rock":209,"hubris:Towel":242,"White Beast Statue":327,"Anchor":120,"Pondfish Scales":261,"Ornamental Fan":252,"Orrery":242,"Garlic":359,"Membership Card":257,"Bottled Lightning":261,"PureWater":152,"ReplayTheSpireMod:Onyx Gauntlets":271,"Toy Ornithopter":13,"ReplayTheSpireMod:ShopPack":357}]},"card_choices":[{"not_picked":["stsjorbsmod:FindFamiliar","stsjorbsmod:Mindworm"],"picked":"stsjorbsmod:LocateObject","floor":1},{"not_picked":["stsjorbsmod:TollTheDead","stsjorbsmod:LocateObject","stsjorbsmod:DisguiseSelf"],"picked":"SKIP","floor":2},{"not_picked":["stsjorbsmod:Prepare","stsjorbsmod:Will","stsjorbsmod:DoubleCheck"],"picked":"SKIP","floor":3},{"not_picked":["stsjorbsmod:TrueStrike","stsjorbsmod:DoubleCheck"],"picked":"stsjorbsmod:Channel","floor":4},{"not_picked":["stsjorbsmod:FranticSearch","stsjorbsmod:MistyStep"],"picked":"stsjorbsmod:ColorSpray","floor":4},{"not_picked":["stsjorbsmod:ScorchingRay","stsjorbsmod:BlackTentacles"],"picked":"stsjorbsmod:MageArmor","floor":4},{"not_picked":["stsjorbsmod:MagicMissiles","stsjorbsmod:Prestidigitation"],"picked":"stsjorbsmod:CorrodingBarrier","floor":4},{"not_picked":["stsjorbsmod:Aid","stsjorbsmod:BlackTentacles"],"picked":"stsjorbsmod:Entangle","floor":6},{"not_picked":["stsjorbsmod:MagicMissiles","stsjorbsmod:ParryingBlow"],"picked":"stsjorbsmod:FaerieFire","floor":7},{"not_picked":["stsjorbsmod:BlackTentacles","stsjorbsmod:Prestidigitation"],"picked":"stsjorbsmod:FracturedMind","floor":8},{"not_picked":["stsjorbsmod:OldPocket","stsjorbsmod:Will","stsjorbsmod:FaerieFire"],"picked":"SKIP","floor":13},{"not_picked":["stsjorbsmod:IvoryTower","stsjorbsmod:Trauma"],"picked":"stsjorbsmod:Rediscovery","floor":16},{"not_picked":["stsjorbsmod:Hurt","stsjorbsmod:ChainLightning"],"picked":"stsjorbsmod:ScorchingRay","floor":18},{"not_picked":["stsjorbsmod:Firebolt","stsjorbsmod:ArcaneWeapon+1","stsjorbsmod:ColorSpray"],"picked":"SKIP","floor":19},{"not_picked":["stsjorbsmod:Materialize+1","stsjorbsmod:Channel"],"picked":"stsjorbsmod:Inferno","floor":20},{"not_picked":["stsjorbsmod:FaerieFire","stsjorbsmod:ColorSpray","stsjorbsmod:MagicMirror+1"],"picked":"SKIP","floor":21},{"not_picked":["stsjorbsmod:CorrodingBarrier","stsjorbsmod:WeightOfMemory"],"picked":"stsjorbsmod:RayOfFrost+1","floor":23},{"not_picked":["stsjorbsmod:LocateObject+1","stsjorbsmod:Hurt"],"picked":"stsjorbsmod:Thorns","floor":24},{"not_picked":["stsjorbsmod:BlackTentacles","stsjorbsmod:FracturedMind+1","stsjorbsmod:UnseenServant"],"picked":"SKIP","floor":29},{"not_picked":["stsjorbsmod:MagicMissiles+1","stsjorbsmod:Index","stsjorbsmod:Message"],"picked":"SKIP","floor":31},{"not_picked":["stsjorbsmod:MirrorImage","stsjorbsmod:DeathThroes"],"picked":"stsjorbsmod:Fireball","floor":33},{"not_picked":["stsjorbsmod:Will+1","stsjorbsmod:DoubleCheck+1","stsjorbsmod:TrueStrike+1"],"picked":"SKIP","floor":35},{"not_picked":["stsjorbsmod:WeightOfMemory","stsjorbsmod:Prestidigitation+1","stsjorbsmod:RefuseToForget+1"],"picked":"SKIP","floor":36},{"not_picked":["stsjorbsmod:ArcaneWeapon","stsjorbsmod:RayOfFrost+1","stsjorbsmod:Prepare"],"picked":"SKIP","floor":37},{"not_picked":["infinitespire:Gouge","infinitespire:FinalStrike"],"picked":"infinitespire:SealOfDarkness+","floor":38},{"not_picked":["stsjorbsmod:Prestidigitation","stsjorbsmod:Materialize+1"],"picked":"stsjorbsmod:TrueStrike+1","floor":39},{"not_picked":["stsjorbsmod:PurgeMind","stsjorbsmod:WanderingMind+1","stsjorbsmod:RayOfFrost"],"picked":"SKIP","floor":40},{"not_picked":["stsjorbsmod:FracturedMind","stsjorbsmod:Thorns","stsjorbsmod:Prepare"],"picked":"SKIP","floor":45},{"not_picked":["stsjorbsmod:Hurt","stsjorbsmod:RayOfFrost","stsjorbsmod:MistyStep"],"picked":"SKIP","floor":46},{"not_picked":["stsjorbsmod:Introspection+1","stsjorbsmod:Hurt+1","stsjorbsmod:SmithingStrike"],"picked":"SKIP","floor":47},{"not_picked":["stsjorbsmod:FracturedMind+1","stsjorbsmod:Index"],"picked":"stsjorbsmod:MageArmor+1","floor":48},{"not_picked":["Magnetism","Violence"],"picked":"ReplayUltimateDefense","floor":53},{"not_picked":["Bandage Up","ReplayTheSpireMod:Trickstab"],"picked":"Dramatic Entrance","floor":53},{"not_picked":["The Bomb","Mind Blast"],"picked":"Finesse","floor":53},{"not_picked":["stsjorbsmod:Firebolt+1","stsjorbsmod:TrueStrike"],"picked":"stsjorbsmod:FlameWard+1","floor":54}],"player_experience":152386,"relics_obtained":[{"floor":6,"key":"Ornamental Fan"},{"floor":9,"key":"Bronze Scales"},{"floor":13,"key":"Pondfish Scales"},{"floor":14,"key":"Bottled Lightning"},{"floor":23,"key":"Oddly Smooth Stone"},{"floor":26,"key":"Pet Ghost"},{"floor":29,"key":"Blue Doll"},{"floor":39,"key":"White Beast Statue"},{"floor":40,"key":"Bag of Preparation"},{"floor":46,"key":"War Paint"},{"floor":54,"key":"Garlic"}],"event_choices":[{"damage_healed":0,"gold_gain":1,"player_choice":"4","damage_taken":0,"max_hp_gain":0,"max_hp_loss":0,"event_name":"betterStone:BetterStone","floor":11,"gold_loss":0,"cards_obtained":["TheWorld"]},{"damage_healed":0,"gold_gain":0,"player_choice":"Gave Potion","damage_taken":0,"relics_obtained":["aspiration:SeaSaltIceCream"],"max_hp_gain":0,"max_hp_loss":0,"event_name":"WeMeetAgain","floor":25,"gold_loss":0},{"damage_healed":0,"gold_gain":0,"player_choice":"Random: Yellow","damage_taken":0,"max_hp_gain":0,"max_hp_loss":0,"event_name":"betterThird:BetterPortal","floor":41,"gold_loss":0},{"cards_removed":["TheWorld"],"damage_healed":0,"gold_gain":0,"player_choice":"Give","damage_taken":0,"max_hp_gain":0,"max_hp_loss":0,"event_name":"betterNote:BetterNote","floor":41,"gold_loss":0,"cards_obtained":["None"]}],"is_beta":false,"boss_relics":[{"not_picked":["Runic Pyramid","Tiny House"],"picked":"Replay:Grab Bag"},{"not_picked":["hubris:VirtuousBlindfold","ChewingGum"],"picked":"ReplayTheSpireMod:Onyx Gauntlets"},{"not_picked":["Sozu","Coffee Dripper"],"picked":"bronze:MakeshiftBattery"},{"not_picked":["ReplayTheSpireMod:SealedPack","SlaversCollar"],"picked":"Empty Cage"},{"not_picked":["Honey Jar","aspiration:FutureDiary"],"picked":"hubris:ScarierMask"}],"items_purged_floors":[22,22,53],"is_endless":false,"potions_floor_spawned":[2,6,13,19,23,29,31,33,36,37,39,40,45,46,47,48,54],"ascension_level":0}}