{"host":"06t6i6dwlvtvdxau","time":1612514225,"event":{"mods":["BaseMod","Colored Map","Colored Powertips","GifTheSpireLib","Minty Spire (QoL Compilation)","Quick Restart","Shop Mod","StSLib"],"gold_per_floor":[113,129,129,129,143,143,169,169,169,169,15,28,40,57,57,133,133,133,133],"floor_reached":18,"language":"FRA","playtime":893,"items_purged":["Strike_G"],"score":300,"play_id":"2b80b309-705c-427e-a772-af9731cb06bf","local_time":"20210205093705","is_ascension_mode":true,"campfire_choices":[{"data":"Glass Knife","floor":6.0,"key":"SMITH"},{"data":"Neutralize","floor":8.0,"key":"SMITH"},{"data":"Adrenaline","floor":10.0,"key":"SMITH"},{"data":"Accuracy","floor":15.0,"key":"SMITH"}],"circlet_count":0,"master_deck":["AscendersBane","Strike_G","Strike_G","Strike_G","Defend_G","Defend_G","Defend_G","Defend_G","Defend_G","Survivor","Neutralize+1","Glass Knife+1","Adrenaline+1","Accuracy+1","Infinite Blades","Infinite Blades","Acrobatics","Tools of the Trade"],"relics":["Ring of the Snake","White Beast Statue","PreservedInsect","WristBlade"],"acts_visited":["Exordium","TheCity"],"potions_floor_usage":[16,18],"damage_taken":[{"damage":19.0,"enemies":"Jaw Worm","floor":1.0,"turns":6.0},{"damage":3.0,"enemies":"Small Slimes","floor":2.0,"turns":3.0},{"damage":0.0,"enemies":"Cultist","floor":5.0,"turns":4.0},{"damage":10.0,"enemies":"Gremlin Nob","floor":7.0,"turns":3.0},{"damage":0.0,"enemies":"2 Fungi Beasts","floor":12.0,"turns":3.0},{"damage":1.0,"enemies":"Exordium Wildlife","floor":13.0,"turns":4.0},{"damage":0.0,"enemies":"Large Slime","floor":14.0,"turns":4.0},{"damage":18,"enemies":"The Guardian","floor":16,"turns":9},{"damage":16,"enemies":"3 Byrds","floor":18,"turns":5}],"seed_played":"-6178041571857885893","potions_obtained":[{"floor":2.0,"key":"PowerPotion"},{"floor":7.0,"key":"SneckoOil"},{"floor":12.0,"key":"BlessingOfTheForge"},{"floor":13.0,"key":"Strength Potion"},{"floor":16,"key":"BlessingOfTheForge"}],"is_trial":false,"path_per_floor":["M","M","?","?","M","R","E","R","T","R","$","M","M","M","R","B",null,"M"],"character_chosen":"THE_SILENT","items_purchased":["Infinite Blades"],"campfire_rested":0,"item_purchase_floors":[11],"current_hp_per_floor":[40,37,30,30,30,30,20,20,20,20,20,20,19,19,19,1,50,34,34],"gold":133,"neow_bonus":"THREE_RARE_CARDS","is_daily":false,"chose_seed":false,"campfire_upgraded":4,"win_rate":0.0,"timestamp":1612514225,"path_taken":["M","M","?","?","M","R","E","R","T","R","$","M","M","M","R","BOSS","M"],"items_purchased_type":["Card"],"build_version":"2020-12-22","purchased_purges":1,"victory":false,"max_hp_per_floor":[66,66,66,66,66,66,66,66,66,66,66,66,66,66,66,66,66,66,66],"card_choices":[{"not_picked":["Envenom","Venomology"],"picked":"Glass Knife","floor":0.0},{"not_picked":["Underhanded Strike","Sucker Punch","Deadly Poison"],"picked":"SKIP","floor":1.0},{"not_picked":["Setup","Dagger Throw","Quick Slash"],"picked":"SKIP","floor":2.0},{"not_picked":["Flying Knee","Dash","Predator"],"picked":"SKIP","floor":5.0},{"not_picked":["Setup","Night Terror"],"picked":"Accuracy","floor":7.0},{"not_picked":["Deadly Poison","Eviscerate"],"picked":"Infinite Blades","floor":12.0},{"not_picked":["Crippling Poison","Dagger Throw"],"picked":"Acrobatics","floor":13.0},{"not_picked":["Underhanded Strike","Distraction","Deflect"],"picked":"SKIP","floor":14.0},{"not_picked":["Corpse Explosion","Phantasmal Killer"],"picked":"Tools of the Trade","floor":16}],"player_experience":786298,"relics_obtained":[{"floor":7.0,"key":"White Beast Statue"},{"floor":9.0,"key":"PreservedInsect"}],"event_choices":[{"cards_removed":["Decay"],"damage_healed":0.0,"max_hp_gain":0.0,"max_hp_loss":0.0,"gold_gain":0.0,"event_name":"Golden Wing","player_choice":"Card Removal","floor":3.0,"gold_loss":0.0,"damage_taken":7.0},{"damage_healed":0.0,"max_hp_gain":0.0,"max_hp_loss":0.0,"gold_gain":0.0,"cards_transformed":["Strike_G"],"event_name":"Transmorgrifier","player_choice":"Transformed","floor":4.0,"gold_loss":0.0,"damage_taken":0.0,"cards_obtained":["Adrenaline"]}],"is_beta":false,"boss_relics":[{"not_picked":["Pandora\u0027s Box","Black Star"],"picked":"WristBlade"}],"items_purged_floors":[11],"is_endless":false,"potions_floor_spawned":[2,7,12,13,14,16],"killed_by":"3 Byrds","ascension_level":17}}