{"host":"gl5rgsfncjl28cj1","time":1612519019,"event":{"mods":["BaseMod","Colored Map","Highlight Path","Minty Spire (QoL Compilation)","Permanent Neow","StSLib"],"gold_per_floor":[13,24,24,42,55,55,86,86,86,86,119,119,119,31,31,31,31],"floor_reached":16,"language":"KOR","playtime":399,"items_purged":[],"score":216,"play_id":"4ce48969-c61c-45a3-b1ae-351f508465d7","local_time":"20210205185659","is_ascension_mode":true,"campfire_choices":[{"data":"Poisoned Stab","floor":6,"key":"SMITH"},{"floor":8,"key":"REST"},{"floor":10,"key":"REST"},{"data":"Deadly Poison","floor":13,"key":"SMITH"},{"data":"Tactician","floor":15,"key":"SMITH"}],"circlet_count":0,"master_deck":["AscendersBane","Strike_G","Strike_G","Strike_G","Strike_G","Defend_G","Defend_G","Defend_G","Defend_G","Defend_G","Survivor","Neutralize","Grand Finale","Deadly Poison+1","Dagger Throw","Blur","Poisoned Stab+1","Escape Plan","Tactician+1"],"relics":["Ring of the Snake","Meat on the Bone","Shuriken","Ornamental Fan"],"acts_visited":["Exordium"],"potions_floor_usage":[7,16],"damage_taken":[{"damage":0,"enemies":"Cultist","floor":1,"turns":4},{"damage":1,"enemies":"Small Slimes","floor":2,"turns":5},{"damage":0,"enemies":"2 Louse","floor":4,"turns":2},{"damage":8,"enemies":"Gremlin Gang","floor":5,"turns":7},{"damage":38,"enemies":"Gremlin Nob","floor":7,"turns":5},{"damage":20,"enemies":"Lagavulin","floor":11,"turns":6},{"damage":44,"enemies":"The Guardian","floor":16,"turns":7}],"seed_played":"-458261506715490070","potions_obtained":[{"floor":2,"key":"Block Potion"},{"floor":11,"key":"Fire Potion"}],"is_trial":false,"path_per_floor":["M","M","?","M","M","R","E","R","T","R","E","?","R","$","R","B"],"character_chosen":"THE_SILENT","items_purchased":["Tactician"],"campfire_rested":2,"item_purchase_floors":[14],"current_hp_per_floor":[59,58,58,58,50,50,12,31,31,50,42,42,42,42,42,0,0],"gold":31,"neow_bonus":"THREE_RARE_CARDS","is_daily":false,"chose_seed":false,"campfire_upgraded":3,"win_rate":0.0,"timestamp":1612519019,"path_taken":["M","M","?","M","M","R","E","R","T","R","E","?","R","$","R","BOSS"],"items_purchased_type":["Card"],"build_version":"2020-12-22","purchased_purges":0,"victory":false,"max_hp_per_floor":[66,66,66,66,66,66,66,66,66,66,66,66,66,66,66,66,66],"card_choices":[{"not_picked":["Night Terror","Doppelganger"],"picked":"Grand Finale","floor":0},{"not_picked":["Outmaneuver","Dodge and Roll"],"picked":"Deadly Poison","floor":1},{"not_picked":["Slice","Backflip"],"picked":"Dagger Throw","floor":2},{"not_picked":["Dodge and Roll","Backflip"],"picked":"Blur","floor":4},{"not_picked":["Deflect","Quick Slash"],"picked":"Poisoned Stab","floor":5},{"not_picked":["Outmaneuver","Bane","Sucker Punch"],"picked":"SKIP","floor":7},{"not_picked":["Deflect","Quick Slash"],"picked":"Escape Plan","floor":11}],"player_experience":1017692,"relics_obtained":[{"floor":7,"key":"Meat on the Bone"},{"floor":9,"key":"Shuriken"},{"floor":11,"key":"Ornamental Fan"}],"event_choices":[{"damage_healed":0,"gold_gain":0,"player_choice":"Ignored","damage_taken":0,"max_hp_gain":0,"max_hp_loss":0,"event_name":"Golden Idol","floor":3,"gold_loss":0},{"cards_removed":["Strike_G"],"damage_healed":0,"gold_gain":0,"player_choice":"Purged","damage_taken":0,"max_hp_gain":0,"max_hp_loss":0,"event_name":"Purifier","floor":12,"gold_loss":0}],"is_beta":false,"boss_relics":[],"items_purged_floors":[],"is_endless":false,"potions_floor_spawned":[2,11],"killed_by":"The Guardian","ascension_level":20}}