{"host":"6kyqgln1ip325a4v","time":1612540314,"event":{"mods":["BaseMod","Minty Spire (QoL Compilation)"],"gold_per_floor":[110,110,130,80,95,138,138,93,117,156,170,201,201,215,215,346,346,366,281,306,321,321,321],"floor_reached":22,"language":"ENG","playtime":851,"items_purged":[],"score":237,"play_id":"dbed4dfb-2577-4840-9495-05a5c265193f","local_time":"20210205105154","is_ascension_mode":true,"campfire_choices":[{"data":"Poisoned Stab","floor":7,"key":"SMITH"},{"floor":13,"key":"REST"},{"floor":15,"key":"REST"}],"circlet_count":0,"master_deck":["Strike_G+1","Strike_G","Strike_G+1","Strike_G","Strike_G","Defend_G","Defend_G","Defend_G","Defend_G","Defend_G","Survivor","Neutralize","Underhanded Strike","Poisoned Stab+1","Deadly Poison","Well Laid Plans","Finisher","Dagger Spray","Bane","Deadly Poison","Venomology","Quick Slash+1","Flying Knee+1"],"relics":["SlaversCollar","Golden Idol","Orichalcum","Whetstone","Ninja Scroll","Sundial","Cursed Key","The Courier"],"acts_visited":["Exordium","TheCity"],"potions_floor_usage":[6,6,12,16,18,21,21,22],"damage_taken":[{"damage":0,"enemies":"2 Louse","floor":1,"turns":3},{"damage":3,"enemies":"Jaw Worm","floor":3,"turns":5},{"damage":0,"enemies":"Small Slimes","floor":5,"turns":4},{"damage":17,"enemies":"Lagavulin","floor":6,"turns":5},{"damage":12,"enemies":"3 Sentries","floor":10,"turns":9},{"damage":0,"enemies":"Blue Slaver","floor":11,"turns":1},{"damage":15,"enemies":"Lagavulin","floor":12,"turns":4},{"damage":19,"enemies":"Exordium Thugs","floor":14,"turns":2},{"damage":18,"enemies":"Hexaghost","floor":16,"turns":8},{"damage":7,"enemies":"Shell Parasite","floor":18,"turns":3},{"damage":7,"enemies":"Chosen","floor":20,"turns":3},{"damage":20,"enemies":"3 Cultists","floor":21,"turns":5},{"damage":44,"enemies":"Masked Bandits","floor":22,"turns":3}],"seed_played":"-1075443823952864316","potions_obtained":[{"floor":1,"key":"Swift Potion"},{"floor":5,"key":"CunningPotion"},{"floor":11,"key":"EssenceOfSteel"},{"floor":12,"key":"EssenceOfSteel"},{"floor":16,"key":"Poison Potion"},{"floor":18,"key":"Weak Potion"}],"is_trial":false,"path_per_floor":["M","?","M","?","M","E","R","?","T","E","M","E","R","M","R","B",null,"M","?","M","M","?"],"character_chosen":"THE_SILENT","items_purchased":[],"campfire_rested":2,"item_purchase_floors":[],"current_hp_per_floor":[70,70,67,67,67,50,50,50,50,38,38,23,44,25,46,28,70,63,63,56,36,0,0],"gold":321,"neow_bonus":"BOSS_RELIC","is_daily":false,"chose_seed":false,"campfire_upgraded":1,"win_rate":0.0,"timestamp":1612540314,"path_taken":["M","?","M","?","M","E","R","?","T","E","M","E","R","M","R","BOSS","M","?","M","M","?"],"items_purchased_type":[],"build_version":"2020-12-22","purchased_purges":0,"victory":false,"max_hp_per_floor":[70,70,70,70,70,70,70,70,70,70,70,70,70,70,70,70,70,70,70,70,70,70,70],"card_choices":[{"not_picked":["Heel Hook","Slice"],"picked":"Underhanded Strike","floor":1},{"not_picked":["Dagger Throw","Eviscerate"],"picked":"Poisoned Stab","floor":3},{"not_picked":["Outmaneuver","Underhanded Strike"],"picked":"Deadly Poison","floor":5},{"not_picked":["Backflip","Setup"],"picked":"Well Laid Plans","floor":6},{"not_picked":["Choke","Poisoned Stab"],"picked":"Finisher","floor":10},{"not_picked":["Dodge and Roll","Backflip"],"picked":"Dagger Spray","floor":11},{"not_picked":["A Thousand Cuts","Sucker Punch"],"picked":"Bane","floor":12},{"not_picked":["Dodge and Roll","Skewer"],"picked":"Deadly Poison","floor":14},{"not_picked":["Grand Finale","Phantasmal Killer"],"picked":"Venomology","floor":16},{"not_picked":["Acrobatics","Dagger Spray+1","Bouncing Flask"],"picked":"SKIP","floor":18},{"not_picked":["Prepared+1","Acrobatics"],"picked":"Quick Slash+1","floor":20},{"not_picked":["Blur","Endless Agony+1"],"picked":"Flying Knee+1","floor":21}],"player_experience":176881,"relics_obtained":[{"floor":6,"key":"Orichalcum"},{"floor":9,"key":"Whetstone"},{"floor":10,"key":"Ninja Scroll"},{"floor":12,"key":"Sundial"}],"event_choices":[{"damage_healed":0,"gold_gain":0,"player_choice":"Take Wound","damage_taken":0,"relics_obtained":["Golden Idol"],"max_hp_gain":0,"max_hp_loss":0,"event_name":"Golden Idol","floor":2,"gold_loss":0,"cards_obtained":["Injury"]},{"cards_removed":["Injury"],"damage_healed":0,"gold_gain":0,"player_choice":"Card Removal","damage_taken":0,"max_hp_gain":0,"max_hp_loss":0,"event_name":"The Cleric","floor":4,"gold_loss":50},{"damage_healed":0,"gold_gain":0,"player_choice":"Left Gold","damage_taken":0,"max_hp_gain":0,"max_hp_loss":0,"event_name":"World of Goop","floor":8,"gold_loss":45},{"damage_healed":0,"gold_gain":0,"player_choice":"Obtained Relic","damage_taken":0,"relics_obtained":["The Courier"],"max_hp_gain":0,"max_hp_loss":0,"event_name":"Addict","floor":19,"gold_loss":85},{"damage_healed":0,"gold_gain":0,"player_choice":"Fought Bandits","damage_taken":0,"max_hp_gain":0,"max_hp_loss":0,"event_name":"Masked Bandits","floor":22,"gold_loss":0}],"is_beta":false,"boss_relics":[{"not_picked":["Coffee Dripper","Runic Dome"],"picked":"Cursed Key"}],"items_purged_floors":[],"is_endless":false,"potions_floor_spawned":[1,5,11,12,16,18],"killed_by":"Masked Bandits","ascension_level":3}}