{"host":"5mo0809oo9tcrmpl","time":1612483862,"event":{"mods":["BaseMod","Highlight Path","Minty Spire (QoL Compilation)","Relic Stats","Slay the Relics Exporter"],"gold_per_floor":[144,189,234,234,279,324,6,96,96,141,231,231,276,321,321,621,621,666,711,761,806,405,495,495,495,545,590,635,135,180,225,225,525,525,570,615,233,233,233,323,173,218,218,55,145,145,145,190,190,190],"floor_reached":51,"language":"ENG","playtime":2762,"items_purged":["Pain","Warcry","Warcry"],"score":868,"play_id":"c0f57205-5543-48e3-a948-b3d6d86e7f96","local_time":"20210204181102","daily_mods":["Insanity","Red Cards","Midas"],"is_ascension_mode":false,"campfire_choices":[{"floor":12.0,"key":"REST"},{"floor":15.0,"key":"REST"},{"floor":24.0,"key":"REST"},{"floor":32.0,"key":"REST"},{"floor":49,"key":"REST"}],"circlet_count":0,"master_deck":["Stack+1","Flex+1","Shrug It Off+1","Fire Breathing+1","Rip and Tear+1","Havoc+1","Bloodletting+1","Disarm+1","Anger+1","Flex+1","Barrage+1","Barrage+1","Go for the Eyes+1","Hello World+1","Dual Wield+1","Steam+1","Leap+1","Blood for Blood+1","Warcry+1","Metallicize+1","Shrug It Off+1","Flame Barrier+1","Shrug It Off+1","Reckless Charge+1","Conserve Battery+1","Clothesline+1","Clothesline+1","Barrage+1","Wild Strike+1","Genetic Algorithm+1","Shrug It Off+1","Hologram+1","Cleave+1","Force Field+1","Loop+1","Scrape+1","Whirlwind+1","Undo+1","Chaos+1","Chaos+1","Gash+1","Ball Lightning+1","Heavy Blade+1","Tempest+1","Clash+1","Double Energy+1","Wild Strike+1","Stack+1","Leap+1","Capacitor+1","White Noise+1","Metallicize+1","Self Repair+1","Aggregate+1","Demon Form+1","Glacier+1","Gash+1","Echo Form+1","Hologram+1","Creative AI+1","Heatsinks+1","Buffer+1","Defragment+1","Sunder+1","Capacitor+1","All For One+1","Gash+1","Reckless Charge","Juggernaut"],"relics":["Cracked Core","WarpedTongs","Eternal Feather","Gremlin Horn","Cables","Orichalcum","Philosopher\u0027s Stone","Akabeko","Whetstone","Happy Flower","Bronze Scales","Bag of Marbles","Shuriken","Nuclear Battery","Anchor","Ornamental Fan","ClockworkSouvenir","InkBottle","The Courier","Mark of the Bloom"],"acts_visited":["Exordium","TheCity","TheBeyond"],"potions_floor_usage":[50,50],"damage_taken":[{"damage":0.0,"enemies":"Small Slimes","floor":1.0,"turns":2.0},{"damage":0.0,"enemies":"Cultist","floor":2.0,"turns":2.0},{"damage":0.0,"enemies":"2 Louse","floor":3.0,"turns":1.0},{"damage":9.0,"enemies":"Exordium Thugs","floor":5.0,"turns":4.0},{"damage":2.0,"enemies":"Looter","floor":6.0,"turns":3.0},{"damage":29.0,"enemies":"3 Sentries","floor":8.0,"turns":4.0},{"damage":8.0,"enemies":"Large Slime","floor":10.0,"turns":5.0},{"damage":10.0,"enemies":"Lagavulin","floor":11.0,"turns":5.0},{"damage":7.0,"enemies":"Exordium Wildlife","floor":13.0,"turns":4.0},{"damage":0.0,"enemies":"3 Louse","floor":14.0,"turns":2.0},{"damage":17.0,"enemies":"Hexaghost","floor":16.0,"turns":8.0},{"damage":6.0,"enemies":"Shell Parasite","floor":18.0,"turns":5.0},{"damage":0.0,"enemies":"3 Byrds","floor":19.0,"turns":3.0},{"damage":10.0,"enemies":"Snake Plant","floor":21.0,"turns":3.0},{"damage":21.0,"enemies":"Slavers","floor":23.0,"turns":4.0},{"damage":19.0,"enemies":"Sentry and Sphere","floor":27.0,"turns":5.0},{"damage":0.0,"enemies":"Chosen and Byrds","floor":28.0,"turns":4.0},{"damage":19.0,"enemies":"Shelled Parasite and Fungi","floor":30.0,"turns":5.0},{"damage":14.0,"enemies":"Snake Plant","floor":31.0,"turns":3.0},{"damage":32.0,"enemies":"Collector","floor":33.0,"turns":9.0},{"damage":8.0,"enemies":"Orb Walker","floor":35.0,"turns":2.0},{"damage":1.0,"enemies":"3 Shapes","floor":36.0,"turns":5.0},{"damage":6.0,"enemies":"Reptomancer","floor":40.0,"turns":6.0},{"damage":0.0,"enemies":"Jaw Worm Horde","floor":42.0,"turns":7.0},{"damage":0.0,"enemies":"Nemesis","floor":45.0,"turns":5.0},{"damage":0,"enemies":"Sphere and 2 Shapes","floor":48,"turns":3},{"damage":16,"enemies":"Time Eater","floor":50,"turns":7}],"seed_played":"2514053361250750194","potions_obtained":[{"floor":5.0,"key":"Weak Potion"},{"floor":6.0,"key":"Dexterity Potion"},{"floor":8.0,"key":"EntropicBrew"},{"floor":11.0,"key":"DistilledChaos"},{"floor":14.0,"key":"SkillPotion"},{"floor":19.0,"key":"Weak Potion"},{"floor":23.0,"key":"GamblersBrew"},{"floor":28.0,"key":"SkillPotion"},{"floor":35.0,"key":"Block Potion"},{"floor":40.0,"key":"FocusPotion"},{"floor":45.0,"key":"LiquidBronze"}],"is_trial":false,"path_per_floor":["M","M","M","?","M","M","$","E","T","M","E","R","M","M","R","B",null,"M","M","?","M","$","E","R","?","T","M","M","$","M","M","R","B",null,"M","M","$","?","?","E","$","M","T","$","E","?","?","M","R","B",null],"character_chosen":"DEFECT","items_purchased":["Eternal Feather","Capacitor","Akabeko","Whetstone","Gash","Bag of Marbles","Shuriken","Anchor","Defragment","Sunder","ClockworkSouvenir","All For One"],"campfire_rested":5,"item_purchase_floors":[7,7,22,22,22,29,29,37,37,37,41,44],"current_hp_per_floor":[75,75,75,75,66,64,64,35,35,27,17,72,65,65,75,58,75,69,75,75,65,65,44,75,75,75,70,70,70,51,37,75,50,75,67,66,66,66,66,60,60,67,67,67,67,67,67,67,67,51],"gold":190,"neow_bonus":"","is_daily":true,"chose_seed":false,"campfire_upgraded":0,"win_rate":0.0,"timestamp":1612483862,"path_taken":["M","M","M","?","M","M","$","E","T","M","E","R","M","?","R","BOSS","M","?","?","?","$","E","R","?","T","M","M","?","M","M","R","BOSS","M","M","$","?","?","E","?","M","T","$","E","?","?","M","R","BOSS"],"items_purchased_type":["Relic","Card","Relic","Relic","Card","Relic","Relic","Relic","Card","Card","Relic","Card"],"build_version":"2020-12-22","purchased_purges":3,"victory":true,"max_hp_per_floor":[75,75,75,75,75,75,75,75,75,75,75,75,75,75,75,75,75,75,75,75,75,75,75,75,75,75,75,75,75,75,75,75,75,75,75,75,75,75,75,75,75,75,75,75,75,75,75,75,75,75],"relic_stats":{"Mark of the Bloom":71,"Gremlin Horn":[24,24],"Happy Flower":[20],"counters":[27,115],"Eternal Feather":110,"Whetstone":["Rip and Tear","Ball Lightning"],"Orichalcum":[102],"WarpedTongs":[108],"Cables":[86,72,4,0,10],"Shuriken":[14],"Ornamental Fan":[32],"Bronze Scales":[160],"obtain_stats":[{"Mark of the Bloom":46,"Gremlin Horn":8,"Happy Flower":23,"Eternal Feather":7,"The Courier":45,"Whetstone":22,"Orichalcum":11,"Akabeko":22,"WarpedTongs":4,"Cables":9,"Nuclear Battery":34,"ClockworkSouvenir":41,"Anchor":37,"Shuriken":29,"Ornamental Fan":40,"Bronze Scales":26,"Philosopher\u0027s Stone":17,"Bag of Marbles":29,"Cracked Core":0,"InkBottle":43},{"Mark of the Bloom":25,"Gremlin Horn":6,"Happy Flower":15,"Eternal Feather":5,"The Courier":25,"Whetstone":14,"Orichalcum":8,"Akabeko":14,"WarpedTongs":3,"Cables":6,"Nuclear Battery":20,"ClockworkSouvenir":23,"Anchor":22,"Shuriken":17,"Ornamental Fan":23,"Bronze Scales":15,"Philosopher\u0027s Stone":11,"Bag of Marbles":17,"Cracked Core":0,"InkBottle":24},{"Mark of the Bloom":105,"Gremlin Horn":16,"Happy Flower":55,"Eternal Feather":12,"The Courier":105,"Whetstone":51,"Orichalcum":26,"Akabeko":51,"WarpedTongs":5,"Cables":16,"Nuclear Battery":80,"ClockworkSouvenir":93,"Anchor":87,"Shuriken":64,"Ornamental Fan":93,"Bronze Scales":55,"Philosopher\u0027s Stone":40,"Bag of Marbles":64,"Cracked Core":0,"InkBottle":100}],"InkBottle":[9]},"card_choices":[{"not_picked":["Rebound","Havoc","Barrage"],"picked":"SKIP","floor":1.0},{"not_picked":["Heavy Blade","Thunderclap"],"picked":"Wild Strike","floor":2.0},{"not_picked":["Armaments","Sweeping Beam"],"picked":"Stack","floor":3.0},{"not_picked":["Dual Wield","Searing Blow","True Grit"],"picked":"SKIP","floor":5.0},{"not_picked":["Disarm","Spot Weakness"],"picked":"Leap","floor":6.0},{"not_picked":["Limit Break","Twin Strike"],"picked":"White Noise","floor":8.0},{"not_picked":["Streamline","Clothesline","Compile Driver"],"picked":"SKIP","floor":10.0},{"not_picked":["Coolheaded","Flame Barrier"],"picked":"Metallicize","floor":11.0},{"not_picked":["Heavy Blade","Capacitor"],"picked":"Self Repair","floor":13.0},{"not_picked":["Brutality","Wild Strike"],"picked":"Aggregate","floor":14.0},{"not_picked":["Fission","Impervious"],"picked":"Demon Form","floor":16.0},{"not_picked":["Steam","Tempest","Warcry"],"picked":"SKIP","floor":18.0},{"not_picked":["Scrape","Perfected Strike","Flex"],"picked":"SKIP","floor":19.0},{"not_picked":["Pommel Strike","Clash+1"],"picked":"Glacier","floor":21.0},{"not_picked":["Beam Cell+1","Clash","Twin Strike"],"picked":"SKIP","floor":23.0},{"not_picked":["Sever Soul","Iron Wave+1"],"picked":"Creative AI","floor":27.0},{"not_picked":["Shrug It Off","Beam Cell+1","Entrench+1"],"picked":"SKIP","floor":28.0},{"not_picked":["White Noise","Armaments","Gash"],"picked":"SKIP","floor":30.0},{"not_picked":["Shrug It Off","Heavy Blade"],"picked":"Heatsinks","floor":31.0},{"not_picked":["Exhume","Limit Break"],"picked":"Buffer","floor":33.0},{"not_picked":["Thunderclap","Wild Strike","Body Slam"],"picked":"SKIP","floor":35.0},{"not_picked":["Heavy Blade+1","Combust","Sword Boomerang+1"],"picked":"SKIP","floor":36.0},{"not_picked":["Go for the Eyes+1","Reboot"],"picked":"Capacitor","floor":40.0},{"not_picked":["Pommel Strike","Headbutt+1","Anger+1"],"picked":"SKIP","floor":42.0},{"not_picked":["Conserve Battery+1","Chill"],"picked":"Gash+1","floor":45.0},{"not_picked":["Flex+1","Turbo"],"picked":"Juggernaut","floor":48}],"player_experience":1243098,"relics_obtained":[{"floor":8.0,"key":"Gremlin Horn"},{"floor":9.0,"key":"Cables"},{"floor":11.0,"key":"Orichalcum"},{"floor":23.0,"key":"Happy Flower"},{"floor":26.0,"key":"Bronze Scales"},{"floor":40.0,"key":"Ornamental Fan"},{"floor":43.0,"key":"InkBottle"},{"floor":45.0,"key":"The Courier"}],"event_choices":[{"damage_healed":0.0,"max_hp_gain":0.0,"max_hp_loss":0.0,"gold_gain":0.0,"event_name":"Accursed Blacksmith","player_choice":"Rummage","floor":4.0,"gold_loss":0.0,"damage_taken":0.0,"relics_obtained":["WarpedTongs"],"cards_obtained":["Pain"]},{"damage_healed":0.0,"max_hp_gain":0.0,"max_hp_loss":0.0,"gold_gain":100.0,"event_name":"The Joust","player_choice":"Bet on Murderer","floor":20.0,"gold_loss":50.0,"damage_taken":0.0},{"damage_healed":0.0,"max_hp_gain":0.0,"max_hp_loss":0.0,"gold_gain":0.0,"event_name":"Match and Keep!","player_choice":"2 cards matched","floor":25.0,"gold_loss":0.0,"damage_taken":0.0,"cards_obtained":["Echo Form","Hologram"]},{"cards_removed":["Cold Snap"],"damage_healed":0.0,"max_hp_gain":0.0,"max_hp_loss":0.0,"gold_gain":0.0,"event_name":"Falling","player_choice":"Removed Attack","floor":38.0,"gold_loss":0.0,"damage_taken":0.0},{"damage_healed":0.0,"max_hp_gain":0.0,"max_hp_loss":0.0,"gold_gain":0.0,"event_name":"Tomb of Lord Red Mask","player_choice":"Ignored","floor":39.0,"gold_loss":0.0,"damage_taken":0.0},{"damage_healed":0,"gold_gain":0,"player_choice":"Upgrade","damage_taken":0,"relics_obtained":["Mark of the Bloom"],"max_hp_gain":0,"max_hp_loss":0,"event_name":"MindBloom","floor":46,"gold_loss":0,"cards_upgraded":["Stack","Flex","Shrug It Off","Fire Breathing","Havoc","Bloodletting","Disarm","Anger","Flex","Barrage","Warcry","Barrage","Go for the Eyes","Hello World","Dual Wield","Steam","Leap","Blood for Blood","Warcry","Metallicize","Shrug It Off","Flame Barrier","Shrug It Off","Reckless Charge","Conserve Battery","Clothesline","Clothesline","Barrage","Wild Strike","Genetic Algorithm","Shrug It Off","Hologram","Cleave","Force Field","Loop","Scrape","Whirlwind","Undo","Chaos","Chaos","Gash","Heavy Blade","Tempest","Clash","Double Energy","Wild Strike","Stack","Leap","Capacitor","White Noise","Metallicize","Self Repair","Aggregate","Demon Form","Glacier","Gash","Echo Form","Hologram","Creative AI","Heatsinks","Buffer","Defragment","Sunder","Capacitor","All For One"]},{"damage_healed":0,"gold_gain":0,"cards_transformed":["Warcry"],"player_choice":"Transformed","damage_taken":0,"max_hp_gain":0,"max_hp_loss":0,"event_name":"Transmorgrifier","floor":47,"gold_loss":0,"cards_obtained":["Reckless Charge"]}],"is_beta":false,"boss_relics":[{"not_picked":["Empty Cage","Runic Dome"],"picked":"Philosopher\u0027s Stone"},{"not_picked":["Sozu","SacredBark"],"picked":"Nuclear Battery"}],"items_purged_floors":[22,29,37],"is_endless":false,"potions_floor_spawned":[5,6,8,11,14,19,21,23,28,35,36,40,45],"ascension_level":0}}