{"host":"6p0attdrtjqaih7v","time":1612533944,"event":{"mods":["2.2 Compatiblity","AchievementEnabler","Bard","BaseMod","Better Skull","Better Third Choice","Colored Powertips","Hermit","Highlight Path","Key Reminder","Minty Spire (QoL Compilation)","Permanent Neow","Quick Restart","Random Character Button","Relic Stats","Reliquary","Replay The Spire","Robot Space Explorer","StSLib","The Witch"],"gold_per_floor":[116,128,145,160,0,33,33,62,62,94,106,118,155,180,192,276,288,312,324,350,362,362],"floor_reached":21,"language":"ENG","playtime":807,"items_purged":[],"score":402,"play_id":"7071d2ee-3f37-4469-bae0-005ff35091c3","local_time":"20210205090544","is_ascension_mode":true,"campfire_choices":[{"data":"Doom and Gloom","floor":7,"key":"SMITH"},{"data":"Static Discharge","floor":11,"key":"SMITH"},{"data":"Coolheaded","floor":15,"key":"SMITH"}],"circlet_count":0,"master_deck":["AscendersBane","Strike_B","Strike_B","Strike_B","Strike_B","Defend_B","Defend_B","Defend_B","Defend_B","Zap+1","Dualcast","Doom and Gloom+1","Coolheaded+1","Leap","Static Discharge+1","ReplayTheSpireMod:Calculation Training","Rebound","Ball Lightning","Echo Form","Coolheaded","ReplayTheSpireMod:Calculation Training+1"],"relics":["Velvet Choker","Tiny Chest","keyreminder:keyreminder","Toy Ornithopter","MawBank","The Courier","Runic Pyramid"],"acts_visited":["Exordium","TheCity"],"potions_floor_usage":[6,6,13,13,16,21],"damage_taken":[{"damage":1,"enemies":"Cultist","floor":1,"turns":4},{"damage":10,"enemies":"2 Louse","floor":2,"turns":2},{"damage":7,"enemies":"Small Slimes","floor":3,"turns":3},{"damage":15,"enemies":"Exordium Wildlife","floor":4,"turns":5},{"damage":3,"enemies":"Lagavulin","floor":6,"turns":7},{"damage":28,"enemies":"Gremlin Nob","floor":8,"turns":4},{"damage":1,"enemies":"Looter","floor":10,"turns":3},{"damage":10,"enemies":"3 Sentries","floor":13,"turns":5},{"damage":10,"enemies":"Large Slime","floor":14,"turns":3},{"damage":4,"enemies":"Hexaghost","floor":16,"turns":9},{"damage":24,"enemies":"Shell Parasite","floor":18,"turns":4},{"damage":32,"enemies":"2 Thieves","floor":20,"turns":4},{"damage":10,"enemies":"3 Cultists","floor":21,"turns":3}],"seed_played":"-3505453756789679058","potions_obtained":[{"floor":2,"key":"Reflective Coating"},{"floor":4,"key":"Weak Potion"},{"floor":6,"key":"Milkshake"},{"floor":10,"key":"Regen Potion"},{"floor":13,"key":"Elixir"},{"floor":20,"key":"ColorlessPotion"}],"is_trial":false,"path_per_floor":["M","M","M","M","$","E","R","E","T","M","R","?","E","M","R","B",null,"M","?","M","M"],"character_chosen":"DEFECT","items_purchased":["Static Discharge","Regen Potion"],"campfire_rested":0,"item_purchase_floors":[5,5],"current_hp_per_floor":[63,53,46,31,31,43,43,15,15,14,14,14,28,18,18,19,58,34,36,4,0,0],"gold":362,"neow_bonus":"BOSS_RELIC","is_daily":false,"chose_seed":false,"campfire_upgraded":3,"win_rate":0.0,"timestamp":1612533944,"path_taken":["M","?","M","M","$","E","R","E","T","M","R","?","E","M","R","BOSS","M","?","M","?"],"items_purchased_type":["Card","Potion"],"build_version":"2020-12-22","purchased_purges":0,"victory":false,"max_hp_per_floor":[71,71,71,71,71,71,71,71,71,71,71,71,71,71,71,71,71,71,71,71,71,71],"relic_stats":{"counters":[13,56],"Tiny Chest":0,"MawBank":144,"obtain_stats":[{"keyreminder:keyreminder":6,"Velvet Choker":0,"Tiny Chest":6,"The Courier":13,"Cracked Core":0,"MawBank":9,"Toy Ornithopter":8,"Runic Pyramid":17},{"keyreminder:keyreminder":5,"Velvet Choker":0,"Tiny Chest":5,"The Courier":8,"Cracked Core":0,"MawBank":6,"Toy Ornithopter":6,"Runic Pyramid":10},{"keyreminder:keyreminder":21,"Velvet Choker":0,"Tiny Chest":21,"The Courier":33,"Cracked Core":0,"MawBank":25,"Toy Ornithopter":25,"Runic Pyramid":45}],"Toy Ornithopter":20},"card_choices":[{"not_picked":["Ball Lightning","Barrage"],"picked":"Doom and Gloom","floor":1},{"not_picked":["BasicCrystalCard","Conserve Battery"],"picked":"Coolheaded","floor":2},{"not_picked":["BootSequence","Gash"],"picked":"Leap","floor":3},{"not_picked":["White Noise","Barrage","Gash"],"picked":"SKIP","floor":4},{"not_picked":["Heatsinks","Amplify","Conserve Battery"],"picked":"SKIP","floor":6},{"not_picked":["Recycle","Gash"],"picked":"ReplayTheSpireMod:Calculation Training","floor":8},{"not_picked":["Reprogram","Storm"],"picked":"Rebound","floor":10},{"not_picked":["Stack","Rebound"],"picked":"Ball Lightning","floor":13},{"not_picked":["Streamline","Barrage","Scrape"],"picked":"SKIP","floor":14},{"not_picked":["Electrodynamics","Multi-Cast"],"picked":"Echo Form","floor":16},{"not_picked":["Streamline","Stack"],"picked":"Coolheaded","floor":18},{"not_picked":["ReplayTheSpireMod:System Scan","Static Discharge"],"picked":"ReplayTheSpireMod:Calculation Training+1","floor":20}],"player_experience":1007752,"relics_obtained":[{"floor":6,"key":"Tiny Chest"},{"floor":8,"key":"Toy Ornithopter"},{"floor":9,"key":"MawBank"},{"floor":13,"key":"The Courier"}],"event_choices":[{"damage_healed":2,"gold_gain":0,"player_choice":"LEAVE ","damage_taken":0,"relics_obtained":[],"max_hp_gain":0,"max_hp_loss":0,"event_name":"betterSkull:BetterSkull","floor":19,"gold_loss":0,"cards_upgraded":[]}],"is_beta":false,"boss_relics":[{"not_picked":["ChewingGum","Nuclear Battery"],"picked":"Runic Pyramid"}],"items_purged_floors":[],"is_endless":false,"potions_floor_spawned":[2,4,6,10,13,20],"killed_by":"3 Cultists","ascension_level":20}}