{"host":"n605f8gctjc87d7h","time":1612485093,"event":{"mods":["Aspiration","Bard","BaseMod","Better Match","Better Note","Better Skull","Better Third Choice","Conspire","Downfall","Halation","Hermit","Infinite Spire","Minty Spire (QoL Compilation)","Replay The Spire","Retaliation","Shade Mod","Spicy Shops","StSLib","The IronCluck","The Jungle"],"gold_per_floor":[116,132,132,145,145,145,145,165,234,251,251,149,149,149,149],"floor_reached":14,"language":"ENG","playtime":517,"items_purged":["Injury"],"score":140,"play_id":"f7c2eeb1-31d7-42c1-8235-b01fb0c1e8e2","local_time":"20210204163133","is_ascension_mode":true,"campfire_choices":[{"data":"Redo","floor":6,"key":"SMITH"},{"floor":11,"key":"REST"},{"data":"ReplayTheSpireMod:Calculation Training","floor":13,"key":"SMITH"}],"circlet_count":0,"master_deck":["AscendersBane","Strike_B","Strike_B","Strike_B","Defend_B","Defend_B","Defend_B","Defend_B","Zap","Dualcast","ReplayTheSpireMod:Calculation Training+1","Redo+1","Hologram+1","Panic Button+1","Skim+1","Conserve Battery+1"],"relics":["Cracked Core","Toxic Egg 2","Replay:Bottled Steam"],"acts_visited":["Exordium"],"potions_floor_usage":[14],"damage_taken":[{"damage":0,"enemies":"conspire:RoseBush","floor":1,"turns":3},{"damage":0,"enemies":"2 Louse","floor":2,"turns":1},{"damage":7,"enemies":"Jaw Worm","floor":4,"turns":3},{"damage":19,"enemies":"Gremlin Gang","floor":8,"turns":4},{"damage":9,"enemies":"Red Slaver","floor":10,"turns":3},{"damage":76,"enemies":"Gremlin Nob","floor":14,"turns":4}],"seed_played":"-6050189592862999082","potions_obtained":[{"floor":8,"key":"bronze:BurnAndBuffPotion"},{"floor":10,"key":"Swift Potion"}],"is_trial":false,"path_per_floor":["M","M","?","M","?","R","?","M","T","M","R","$","R","E"],"character_chosen":"DEFECT","items_purchased":["Conserve Battery+1"],"campfire_rested":1,"item_purchase_floors":[12],"current_hp_per_floor":[64,64,64,57,57,57,62,43,43,34,56,56,56,0,0],"gold":149,"neow_bonus":"TRANSFORM_CARD","is_daily":false,"chose_seed":false,"campfire_upgraded":2,"win_rate":0.0,"timestamp":1612485093,"path_taken":["M","M","?","M","?","R","?","M","T","?","R","$","R","E"],"items_purchased_type":["Card"],"build_version":"2020-12-22","purchased_purges":1,"victory":false,"max_hp_per_floor":[71,71,71,71,71,71,76,76,76,76,76,76,76,76,76],"card_choices":[{"not_picked":["Turbo","Sunder","Compile Driver"],"picked":"SKIP","floor":1},{"not_picked":["Blizzard","Stack"],"picked":"Redo","floor":2},{"not_picked":["ReplaySort+1","Streamline"],"picked":"Hologram+1","floor":4},{"not_picked":["Ball Lightning","Hologram+1"],"picked":"Panic Button+1","floor":8},{"not_picked":["Compile Driver","Steam Power+1"],"picked":"Skim+1","floor":10}],"player_experience":815984,"relics_obtained":[{"floor":9,"key":"Replay:Bottled Steam"}],"event_choices":[{"damage_healed":0,"gold_gain":0,"player_choice":"Donut","damage_taken":0,"max_hp_gain":5,"max_hp_loss":0,"event_name":"Big Fish","floor":7,"gold_loss":0}],"is_beta":false,"boss_relics":[],"items_purged_floors":[12],"is_endless":false,"potions_floor_spawned":[8,10],"killed_by":"Gremlin Nob","ascension_level":15}}