{"host":"bpnwh7vpv9k3tssc","time":1612531812,"event":{"mods":["BaseMod","Colored Map","Colored Powertips","Curses Come First","Highlight Path","Minty Spire (QoL Compilation)","Quick Restart","Random Character Button","Relic Sorter","StSLib"],"gold_per_floor":[111,126,23,36,36,36,71,95,119,119,119,131,199,219,219,293,293,304,12,12,12,12,12,22,57,109,109,109,109],"floor_reached":28,"language":"ENG","playtime":760,"items_purged":[],"score":585,"play_id":"169b76f2-1005-4ab1-9dbb-0d3aa79ad0c7","local_time":"20210205143012","is_ascension_mode":true,"campfire_choices":[{"data":"Perfected Strike","floor":6,"key":"SMITH"},{"data":"Flex","floor":11,"key":"SMITH"},{"data":"Armaments","floor":15,"key":"SMITH"},{"floor":23,"key":"REST"},{"floor":27,"key":"REST"}],"circlet_count":0,"master_deck":["AscendersBane","Strike_R","Strike_R","Strike_R","Strike_R","Strike_R","Defend_R","Defend_R","Defend_R","Defend_R","Bash","Wild Strike","Armaments+1","Perfected Strike+1","Wild Strike","Pommel Strike","Flex+1","Flame Barrier","Bloodletting","Shrug It Off","Barricade","True Grit","Pommel Strike","Shame","Wild Strike","Thunderclap"],"relics":["Burning Blood","Art of War","Odd Mushroom","Ornamental Fan","Sozu","Bottled Flame","Nilry\u0027s Codex","Dream Catcher","Lizard Tail","Orichalcum"],"acts_visited":["Exordium","TheCity"],"potions_floor_usage":[8,18],"damage_taken":[{"damage":0,"enemies":"Small Slimes","floor":1,"turns":3},{"damage":3,"enemies":"2 Louse","floor":2,"turns":2},{"damage":1,"enemies":"Cultist","floor":4,"turns":3},{"damage":25,"enemies":"3 Sentries","floor":7,"turns":7},{"damage":27,"enemies":"The Mushroom Lair","floor":8,"turns":3},{"damage":0,"enemies":"Exordium Wildlife","floor":12,"turns":2},{"damage":2,"enemies":"Lots of Slimes","floor":14,"turns":3},{"damage":40,"enemies":"The Guardian","floor":16,"turns":11},{"damage":13,"enemies":"2 Thieves","floor":18,"turns":4},{"damage":7,"enemies":"Chosen","floor":24,"turns":4},{"damage":59,"enemies":"Book of Stabbing","floor":25,"turns":5},{"damage":57,"enemies":"Shelled Parasite and Fungi","floor":28,"turns":7}],"seed_played":"4602079752243687371","potions_obtained":[{"floor":4,"key":"BlessingOfTheForge"},{"floor":8,"key":"Energy Potion"},{"floor":12,"key":"LiquidMemories"},{"floor":16,"key":"Swift Potion"}],"is_trial":false,"path_per_floor":["M","M","$","M","?","R","E","?","T","?","R","M","T","M","R","B",null,"M","$","?","?","$","R","M","E","T","R","M"],"character_chosen":"IRONCLAD","items_purchased":["Perfected Strike","Wild Strike","Bottled Flame","Pommel Strike"],"campfire_rested":2,"item_purchase_floors":[3,3,19,19],"current_hp_per_floor":[70,73,73,78,78,78,59,38,38,38,38,44,44,48,48,14,70,63,63,42,42,42,68,67,14,14,40,44,44],"gold":109,"neow_bonus":"TWENTY_PERCENT_HP_BONUS","is_daily":false,"chose_seed":false,"campfire_upgraded":3,"win_rate":0.0,"timestamp":1612531812,"path_taken":["M","M","$","M","?","R","E","?","T","?","R","?","?","M","R","BOSS","M","?","?","?","$","R","?","E","T","R","M"],"items_purchased_type":["Card","Card","Relic","Card"],"build_version":"2020-12-22","purchased_purges":0,"victory":false,"max_hp_per_floor":[89,89,89,89,89,89,89,89,89,89,89,89,89,89,89,89,89,89,89,89,89,89,89,89,89,89,89,89,89],"card_choices":[{"not_picked":["Sword Boomerang","Heavy Blade"],"picked":"Wild Strike","floor":1},{"not_picked":["Fiend Fire","Shrug It Off"],"picked":"Armaments","floor":2},{"not_picked":["Metallicize","Shrug It Off"],"picked":"Pommel Strike","floor":4},{"not_picked":["Rampage","Iron Wave"],"picked":"Flex","floor":7},{"not_picked":["Dual Wield","Dropkick"],"picked":"Flame Barrier","floor":8},{"not_picked":["Anger","Limit Break"],"picked":"Shrug It Off","floor":12},{"not_picked":["True Grit","Whirlwind","Dropkick"],"picked":"SKIP","floor":14},{"not_picked":["Berserk","Limit Break"],"picked":"Barricade","floor":16},{"not_picked":["Headbutt","Inflame"],"picked":"True Grit","floor":18},{"not_picked":["Clash","Havoc+1"],"picked":"Wild Strike","floor":23},{"not_picked":["Thunderclap","Clothesline","Hemokinesis"],"picked":"SKIP","floor":24},{"not_picked":["Combust","Rampage","Iron Wave"],"picked":"SKIP","floor":25},{"not_picked":["Battle Trance","Seeing Red"],"picked":"Thunderclap","floor":27}],"player_experience":357176,"relics_obtained":[{"floor":7,"key":"Art of War"},{"floor":8,"key":"Odd Mushroom"},{"floor":13,"key":"Ornamental Fan"},{"floor":20,"key":"Nilry\u0027s Codex"},{"floor":25,"key":"Lizard Tail"},{"floor":26,"key":"Orichalcum"}],"event_choices":[{"damage_healed":0,"gold_gain":0,"player_choice":"Leave","damage_taken":0,"max_hp_gain":0,"max_hp_loss":0,"event_name":"The Cleric","floor":5,"gold_loss":0},{"damage_healed":0,"gold_gain":0,"player_choice":"Fought Mushrooms","damage_taken":0,"max_hp_gain":0,"max_hp_loss":0,"event_name":"Mushrooms","floor":8,"gold_loss":0},{"damage_healed":0,"gold_gain":0,"player_choice":"1 cards matched","damage_taken":0,"max_hp_gain":0,"max_hp_loss":0,"event_name":"Match and Keep!","floor":10,"gold_loss":0,"cards_obtained":["Bloodletting"]},{"damage_healed":0,"gold_gain":0,"player_choice":"Obtained Book","damage_taken":21,"max_hp_gain":0,"max_hp_loss":0,"event_name":"Cursed Tome","floor":20,"gold_loss":0},{"damage_healed":0,"gold_gain":0,"player_choice":"Stole Relic","damage_taken":0,"relics_obtained":["Dream Catcher"],"max_hp_gain":0,"max_hp_loss":0,"event_name":"Addict","floor":21,"gold_loss":0,"cards_obtained":["Shame"]}],"is_beta":false,"boss_relics":[{"not_picked":["Philosopher\u0027s Stone","Coffee Dripper"],"picked":"Sozu"}],"items_purged_floors":[],"is_endless":false,"potions_floor_spawned":[4,8,12,16,24,25],"killed_by":"Shelled Parasite and Fungi","ascension_level":15}}