{"host":"0tiuc76yumknr6qf","time":1612496955,"event":{"mods":["BaseMod","Bestiary","Colored Map","DeckTracker","Highlight Path","Jedi Mod","Minty Spire (QoL Compilation)","StSLib"],"gold_per_floor":[111,123,136,61,61,88,103,103,129,155,182,182,192,206,206,305,305,325,325,325,342,358,358,389,400,400,431,446,477,477,477,477,581,581,595,194,194,206,206,235,235,235,289,308,327,340,354,384,384,384],"floor_reached":51,"language":"ENG","playtime":4396,"items_purged":["Reckless Charge","Writhe"],"score":1004,"play_id":"04c64767-f157-4c68-95ec-e362e6a4b7c5","local_time":"20210204214915","daily_mods":["Draft","Diverse"],"is_ascension_mode":false,"campfire_choices":[{"data":"TalkToTheHand","floor":8,"key":"SMITH"},{"data":"Armaments","floor":12,"key":"SMITH"},{"data":"Shockwave","floor":15,"key":"SMITH"},{"data":"Omniscience","floor":23,"key":"SMITH"},{"data":"Adrenaline","floor":32,"key":"SMITH"},{"data":"1","floor":41,"key":"LIFT"},{"data":"2","floor":49,"key":"LIFT"}],"circlet_count":0,"master_deck":["Dagger Spray","Shrug It Off","Footwork","Headbutt","Twin Strike","Skewer","ReachHeaven","Dagger Throw","TalkToTheHand+1","Stack","Sword Boomerang","Ball Lightning","Flying Knee","Cold Snap","Armaments+1","Turbo","Spot Weakness","Shockwave+1","Backflip","Adrenaline+1","Genetic Algorithm","Omniscience+1","PiercingWail","Skim","Malaise","Conserve Battery+1","JustLucky+1","Perseverance+1","Outmaneuver+1","InnerPeace"],"relics":["Burning Blood","PreservedInsect","Bronze Scales","Blood Vial","Odd Mushroom","Incense Burner","Coffee Dripper","Tiny Chest","Dream Catcher","InkBottle","Letter Opener","Regal Pillow","StrikeDummy","Darkstone Periapt","Enchiridion","Runic Pyramid","Calipers","Girya","Bird Faced Urn","jedi:shrinkray","Mango"],"acts_visited":["Exordium","TheCity","TheBeyond"],"potions_floor_usage":[],"damage_taken":[{"damage":0,"enemies":"Small Slimes","floor":1,"turns":2},{"damage":0,"enemies":"2 Louse","floor":2,"turns":2},{"damage":1,"enemies":"Jaw Worm","floor":3,"turns":3},{"damage":6,"enemies":"Gremlin Nob","floor":6,"turns":3},{"damage":0,"enemies":"Looter","floor":7,"turns":2},{"damage":0,"enemies":"The Mushroom Lair","floor":10,"turns":2},{"damage":0,"enemies":"Lagavulin","floor":11,"turns":6},{"damage":1,"enemies":"Exordium Wildlife","floor":13,"turns":2},{"damage":0,"enemies":"Gremlin Gang","floor":14,"turns":2},{"damage":10,"enemies":"Slime Boss","floor":16,"turns":7},{"damage":2,"enemies":"Chosen","floor":18,"turns":4},{"damage":0,"enemies":"Spheric Guardian","floor":21,"turns":4},{"damage":0,"enemies":"Snecko","floor":22,"turns":3},{"damage":0,"enemies":"Gremlin Leader","floor":24,"turns":4},{"damage":1,"enemies":"Snake Plant","floor":25,"turns":4},{"damage":19,"enemies":"Slavers","floor":27,"turns":4},{"damage":0,"enemies":"Shelled Parasite and Fungi","floor":28,"turns":3},{"damage":0,"enemies":"Gremlin Leader","floor":29,"turns":4},{"damage":8,"enemies":"Champ","floor":33,"turns":8},{"damage":0,"enemies":"Orb Walker","floor":35,"turns":2},{"damage":3,"enemies":"3 Darklings","floor":38,"turns":3},{"damage":0,"enemies":"Giant Head","floor":40,"turns":7},{"damage":0,"enemies":"Transient","floor":44,"turns":5},{"damage":0,"enemies":"Sphere and 2 Shapes","floor":45,"turns":4},{"damage":5,"enemies":"4 Shapes","floor":46,"turns":4},{"damage":0,"enemies":"Maw","floor":47,"turns":6},{"damage":0,"enemies":"Reptomancer","floor":48,"turns":3},{"damage":0,"enemies":"Time Eater","floor":50,"turns":9}],"seed_played":"4633921827746113455","potions_obtained":[{"floor":1,"key":"SkillPotion"},{"floor":10,"key":"LiquidBronze"},{"floor":11,"key":"Ancient Potion"},{"floor":21,"key":"jedi:tentaclejuice"}],"is_trial":true,"path_per_floor":["M","M","M","$","?","E","M","R","T","?","E","R","M","M","R","B",null,"M","?","?","M","M","R","E","M","T","E","M","E","T","?","R","B",null,"M","$","?","M","?","E","R","T","T","M","M","M","M","E","R","B",null],"character_chosen":"IRONCLAD","items_purchased":["Calipers"],"campfire_rested":0,"item_purchase_floors":[36],"current_hp_per_floor":[80,80,80,80,73,73,79,79,79,80,80,80,80,80,80,76,80,80,80,80,80,80,80,80,80,80,67,75,80,80,64,64,64,80,80,80,76,76,76,76,76,76,76,76,76,76,76,90,90,90],"gold":384,"neow_bonus":"","is_daily":false,"chose_seed":false,"campfire_upgraded":5,"win_rate":0.0,"timestamp":1612496955,"path_taken":["M","M","M","$","?","E","M","R","T","?","E","R","M","M","R","BOSS","M","?","?","?","M","R","E","M","T","E","?","E","?","?","R","BOSS","M","$","?","M","?","E","R","?","T","?","M","M","M","E","R","BOSS"],"items_purchased_type":["Relic"],"build_version":"2020-12-22","purchased_purges":2,"victory":true,"max_hp_per_floor":[80,80,80,80,80,80,80,80,80,80,80,80,80,80,80,80,80,80,80,80,80,80,80,80,80,80,80,80,80,80,80,80,80,80,80,80,76,76,76,76,76,76,76,76,76,76,76,90,90,90],"card_choices":[{"not_picked":["Reflex","PiercingWail"],"picked":"Dagger Spray","floor":0},{"not_picked":["Anger","jedi:collectorvenom"],"picked":"Shrug It Off","floor":0},{"not_picked":["Consecrate","Flame Barrier"],"picked":"Footwork","floor":0},{"not_picked":["Cleave","Leg Sweep"],"picked":"Headbutt","floor":0},{"not_picked":["Headbutt","Streamline"],"picked":"Twin Strike","floor":0},{"not_picked":["Bane","Conserve Battery"],"picked":"Skewer","floor":0},{"not_picked":["Intimidate","EmptyFist"],"picked":"ReachHeaven","floor":0},{"not_picked":["Clothesline","Wild Strike"],"picked":"Dagger Throw","floor":0},{"not_picked":["Inflame","Deflect"],"picked":"TalkToTheHand","floor":0},{"not_picked":["jedi:BurstLightning","All Out Attack"],"picked":"Stack","floor":0},{"not_picked":["jedi:unstablefumes","Heavy Blade"],"picked":"Sword Boomerang","floor":0},{"not_picked":["Escape Plan","PathToVictory"],"picked":"Reckless Charge","floor":0},{"not_picked":["Consume","Streamline"],"picked":"Ball Lightning","floor":0},{"not_picked":["Poisoned Stab","Clothesline"],"picked":"Flying Knee","floor":0},{"not_picked":["Sword Boomerang","jedi:fear"],"picked":"Cold Snap","floor":0},{"not_picked":["Gash","Twin Strike"],"picked":"Armaments","floor":1},{"not_picked":["Flex","Double Energy"],"picked":"Turbo","floor":2},{"not_picked":["PathToVictory","Headbutt"],"picked":"Spot Weakness","floor":3},{"not_picked":["Chaos","Consecrate","Dodge and Roll"],"picked":"SKIP","floor":6},{"not_picked":["Rebound","Flex","Clothesline"],"picked":"SKIP","floor":7},{"not_picked":["Prostrate","Recycle"],"picked":"Shockwave","floor":10},{"not_picked":["Scrape","CrushJoints"],"picked":"Backflip","floor":11},{"not_picked":["Genetic Algorithm","SashWhip"],"picked":"Adrenaline","floor":13},{"not_picked":["Pommel Strike","Doom and Gloom"],"picked":"Genetic Algorithm","floor":14},{"not_picked":["Devotion","Die Die Die"],"picked":"Omniscience","floor":16},{"not_picked":["Outmaneuver","Barrage"],"picked":"PiercingWail","floor":18},{"not_picked":["Turbo+1","Melter","Iron Wave"],"picked":"SKIP","floor":21},{"not_picked":["Prostrate","PathToVictory","Caltrops"],"picked":"SKIP","floor":22},{"not_picked":["Biased Cognition","BowlingBash+1"],"picked":"BattleHymn","floor":24},{"not_picked":["BattleHymn","jedi:spotbugs+1","Body Slam"],"picked":"SKIP","floor":25},{"not_picked":["Pommel Strike","CrushJoints","Indignation+1"],"picked":"SKIP","floor":27},{"not_picked":["Body Slam","Fire Breathing","True Grit"],"picked":"SKIP","floor":28},{"not_picked":["Indignation","jedi:hate"],"picked":"Skim","floor":29},{"not_picked":["Buffer","jedi:brewingpoison"],"picked":"Malaise","floor":33},{"not_picked":["jedi:BurstFrost","Stack"],"picked":"Conserve Battery+1","floor":35},{"not_picked":["jedi:hate+1","Feel No Pain+1"],"picked":"JustLucky+1","floor":38},{"not_picked":["Searing Blow","Dropkick"],"picked":"Perseverance+1","floor":40},{"not_picked":["Sever Soul+1","jedi:hate+1","Dash+1"],"picked":"SKIP","floor":44},{"not_picked":["Indignation+1","Genetic Algorithm+1","Blizzard+1"],"picked":"SKIP","floor":45},{"not_picked":["Perfected Strike+1","jedi:pocketpoison+1"],"picked":"Outmaneuver+1","floor":46},{"not_picked":["Dagger Spray","jedi:BurstFrost+1","Self Repair+1"],"picked":"SKIP","floor":47},{"not_picked":["Melter","Scrape+1"],"picked":"InnerPeace","floor":48}],"player_experience":1945904,"relics_obtained":[{"floor":6,"key":"Bronze Scales"},{"floor":9,"key":"Blood Vial"},{"floor":10,"key":"Odd Mushroom"},{"floor":11,"key":"Incense Burner"},{"floor":20,"key":"Dream Catcher"},{"floor":24,"key":"InkBottle"},{"floor":26,"key":"Letter Opener"},{"floor":27,"key":"Regal Pillow"},{"floor":29,"key":"StrikeDummy"},{"floor":30,"key":"Darkstone Periapt"},{"floor":31,"key":"Enchiridion"},{"floor":40,"key":"Girya"},{"floor":42,"key":"Bird Faced Urn"},{"floor":43,"key":"jedi:shrinkray"},{"floor":48,"key":"Mango"}],"event_choices":[{"damage_healed":0,"gold_gain":0,"player_choice":"Success","damage_taken":7,"relics_obtained":["PreservedInsect"],"max_hp_gain":0,"max_hp_loss":0,"event_name":"Scrap Ooze","floor":5,"gold_loss":0},{"damage_healed":0,"gold_gain":0,"player_choice":"Fought Mushrooms","damage_taken":0,"max_hp_gain":0,"max_hp_loss":0,"event_name":"Mushrooms","floor":10,"gold_loss":0},{"damage_healed":0,"gold_gain":0,"player_choice":"Opened","damage_taken":0,"relics_obtained":["Tiny Chest"],"max_hp_gain":0,"max_hp_loss":0,"event_name":"The Mausoleum","floor":19,"gold_loss":0,"cards_obtained":["Writhe"]},{"damage_healed":0,"gold_gain":0,"player_choice":"Obtained Book","damage_taken":16,"max_hp_gain":0,"max_hp_loss":0,"event_name":"Cursed Tome","floor":31,"gold_loss":0},{"damage_healed":0,"gold_gain":0,"player_choice":"Max HP","damage_taken":0,"max_hp_gain":0,"max_hp_loss":4,"event_name":"Winding Halls","floor":37,"gold_loss":0},{"cards_removed":["BattleHymn"],"damage_healed":0,"gold_gain":0,"player_choice":"Removed Power","damage_taken":0,"max_hp_gain":0,"max_hp_loss":0,"event_name":"Falling","floor":39,"gold_loss":0}],"is_beta":false,"boss_relics":[{"not_picked":["Black Star","Sozu"],"picked":"Coffee Dripper"},{"not_picked":["SacredBark","Runic Cube"],"picked":"Runic Pyramid"}],"items_purged_floors":[4,36],"is_endless":false,"potions_floor_spawned":[1,10,11,13,16,21,24,27,28,38,40,46,48],"ascension_level":0}}