{"host":"344lv32hnei0mdhu","time":1612512494,"event":{"mods":["Act Like it!","BaseMod","Better Match","Better Sensory Stone","Better Skull","Better Third Choice","Better Vampires","Colored Powertips","Highlight Path","Minty Spire (QoL Compilation)","Quick Restart","Random Character Button","Rare Cards Sparkle","StSLib"],"gold_per_floor":[112,287,60,73,73,73,111,126,126,164,187,112,135,150,150,150,150],"floor_reached":16,"language":"ENG","playtime":2343,"items_purged":["Injury"],"score":212,"play_id":"c724fa93-e452-44e2-bb66-5e7660ce21d1","local_time":"20210205020814","is_ascension_mode":true,"campfire_choices":[{"data":"Static Discharge","floor":6,"key":"SMITH"},{"floor":15,"key":"REST"}],"circlet_count":0,"master_deck":["AscendersBane","Strike_B","Strike_B","Strike_B","Strike_B","Defend_B","Defend_B","Defend_B","Defend_B","Zap","Dualcast","Static Discharge+1","Doubt","Loop","Coolheaded","Genetic Algorithm","White Noise","Cold Snap","Beam Cell","Leap"],"relics":["Cracked Core","NeowsBlessing","Lee\u0027s Waffle","Golden Idol","Ginger","Eternal Feather","Boot"],"acts_visited":["Exordium"],"potions_floor_usage":[10],"damage_taken":[{"damage":0,"enemies":"2 Louse","floor":1,"turns":1},{"damage":0,"enemies":"Jaw Worm","floor":4,"turns":1},{"damage":0,"enemies":"Lagavulin","floor":7,"turns":2},{"damage":5,"enemies":"Cultist","floor":8,"turns":4},{"damage":20,"enemies":"3 Sentries","floor":10,"turns":5},{"damage":20,"enemies":"Exordium Thugs","floor":11,"turns":4},{"damage":11,"enemies":"Looter","floor":13,"turns":2},{"damage":8,"enemies":"3 Louse","floor":14,"turns":3},{"damage":0,"enemies":"Slime Boss","floor":16,"turns":1}],"seed_played":"8857236589386130252","potions_obtained":[{"floor":1,"key":"Fire Potion"},{"floor":8,"key":"FocusPotion"},{"floor":13,"key":"FearPotion"}],"is_trial":false,"path_per_floor":["M","?","$","M","?","R","E","M","T","E","M","$","M","M","R","B"],"character_chosen":"DEFECT","items_purchased":["Lee\u0027s Waffle","Loop"],"campfire_rested":1,"item_purchase_floors":[3,3],"current_hp_per_floor":[68,68,82,82,82,82,82,77,77,57,37,37,26,18,54,54,54],"gold":150,"neow_bonus":"THREE_ENEMY_KILL","is_daily":false,"chose_seed":false,"campfire_upgraded":1,"win_rate":0.0,"timestamp":1612512494,"path_taken":["M","?","$","M","?","R","E","M","T","E","M","$","M","M","R","BOSS"],"items_purchased_type":["Relic","Card"],"build_version":"2020-12-22","purchased_purges":1,"victory":false,"max_hp_per_floor":[75,75,82,82,82,82,82,82,82,82,82,82,82,82,82,82,82],"card_choices":[{"not_picked":["Sweeping Beam","Ball Lightning"],"picked":"Static Discharge","floor":1},{"not_picked":["Chaos","Melter"],"picked":"Coolheaded","floor":4},{"not_picked":["Conserve Battery","Chaos"],"picked":"Genetic Algorithm","floor":7},{"not_picked":["Heatsinks","Recycle"],"picked":"White Noise","floor":8},{"not_picked":["Barrage","Rip and Tear"],"picked":"Cold Snap","floor":10},{"not_picked":["Chaos","Hologram"],"picked":"Beam Cell","floor":11},{"not_picked":["Go for the Eyes","Barrage"],"picked":"Leap","floor":13},{"not_picked":["Redo","Hologram","Recycle"],"picked":"SKIP","floor":14}],"player_experience":406948,"relics_obtained":[{"floor":7,"key":"Ginger"},{"floor":9,"key":"Eternal Feather"},{"floor":10,"key":"Boot"}],"event_choices":[{"damage_healed":0,"gold_gain":175,"player_choice":"AGREE","damage_taken":112,"max_hp_gain":0,"max_hp_loss":0,"event_name":"betterThird:BetterSerpent","floor":2,"gold_loss":0},{"damage_healed":0,"gold_gain":0,"player_choice":"Take Wound","damage_taken":0,"relics_obtained":["Golden Idol"],"max_hp_gain":0,"max_hp_loss":0,"event_name":"Golden Idol","floor":5,"gold_loss":0,"cards_obtained":["Injury"]}],"is_beta":false,"boss_relics":[],"items_purged_floors":[12],"is_endless":false,"potions_floor_spawned":[1,8,13],"killed_by":"Slime Boss","ascension_level":11}}