{"host":"2l3i55whvwk76mom","time":1612497685,"event":{"mods":["BaseMod","Googly Eyes","Hermit","Hubris","Minty Spire (QoL Compilation)","Replay The Spire","StSLib","The Cursed","The Disciple","The Hierophant","The Jungle","The Necromancer"],"gold_per_floor":[111,111,126,51,51,51,79,79,127,127,127,127,155,175,175,175,175],"floor_reached":16,"language":"ENG","playtime":525,"items_purged":["Strike_G"],"score":127,"play_id":"bccbe560-929c-485c-9bf8-e53490beae5d","local_time":"20210204200125","is_ascension_mode":true,"campfire_choices":[{"data":"Escape Plan","floor":6,"key":"SMITH"},{"data":"Bouncing Flask","floor":8,"key":"SMITH"},{"data":"Corpse Explosion","floor":10,"key":"SMITH"},{"floor":12,"key":"REST"},{"data":"Catalyst","floor":15,"key":"SMITH"}],"circlet_count":0,"master_deck":["Strike_G","Strike_G","Strike_G","Strike_G","Defend_G","Defend_G","Defend_G","Defend_G","Defend_G","Survivor","Neutralize","Corpse Explosion+1","Slice","Escape Plan+1","Bouncing Flask+1","Hallucinations","Catalyst+1","Deadly Poison"],"relics":["Ring of the Snake","Oddly Smooth Stone","Dream Catcher","Ring of Fury","hubris:CrystalStatue"],"acts_visited":["Exordium"],"potions_floor_usage":[7,16],"damage_taken":[{"damage":0,"enemies":"Cultist","floor":1,"turns":4},{"damage":0,"enemies":"Small Slimes","floor":3,"turns":4},{"damage":18,"enemies":"Replay:BlueRogue","floor":7,"turns":8},{"damage":9,"enemies":"Gremlin Nob","floor":13,"turns":3},{"damage":0,"enemies":"2 Louse","floor":14,"turns":2},{"damage":73,"enemies":"Slime Boss","floor":16,"turns":8}],"seed_played":"-1868203142992101203","potions_obtained":[{"floor":3,"key":"Strength Potion"},{"floor":7,"key":"Weak Potion"}],"is_trial":false,"path_per_floor":["M","$","M","$","?","R","E","R","T","R","?","R","E","M","R","B"],"character_chosen":"THE_SILENT","items_purchased":[],"campfire_rested":1,"item_purchase_floors":[],"current_hp_per_floor":[70,70,70,70,75,75,57,57,57,57,57,75,66,66,66,0,0],"gold":175,"neow_bonus":"ONE_RANDOM_RARE_CARD","is_daily":false,"chose_seed":false,"campfire_upgraded":4,"win_rate":0.0,"timestamp":1612497685,"path_taken":["M","?","M","$","?","R","E","R","T","R","?","R","E","M","R","BOSS"],"items_purchased_type":[],"build_version":"2020-12-22","purchased_purges":1,"victory":false,"max_hp_per_floor":[70,70,70,70,75,75,75,75,75,75,75,75,75,75,75,75,75],"card_choices":[{"not_picked":["ReplayTheSpireMod:Shiv Toss","hubris:Sniper"],"picked":"Slice","floor":1},{"not_picked":["ReplayTheSpireMod:Exploit Weakness","Calculated Gamble"],"picked":"Escape Plan","floor":3},{"not_picked":["ReplayTheSpireMod:Scrap Shanks","ReplayTheSpireMod:The Works"],"picked":"Bouncing Flask","floor":7},{"not_picked":["Distraction","hubris:SlightOfHand"],"picked":"Catalyst","floor":12},{"not_picked":["Bane","Flying Knee"],"picked":"Deadly Poison","floor":13},{"not_picked":["Sneak Up","Flying Knee","Underhanded Strike"],"picked":"SKIP","floor":14}],"player_experience":352047,"relics_obtained":[{"floor":7,"key":"Oddly Smooth Stone"},{"floor":9,"key":"Dream Catcher"},{"floor":11,"key":"Ring of Fury"},{"floor":13,"key":"hubris:CrystalStatue"}],"event_choices":[{"damage_healed":0,"gold_gain":0,"player_choice":"Donut","damage_taken":0,"max_hp_gain":5,"max_hp_loss":0,"event_name":"Big Fish","floor":5,"gold_loss":0}],"is_beta":false,"boss_relics":[],"items_purged_floors":[4],"is_endless":false,"potions_floor_spawned":[3,7],"killed_by":"Slime Boss","ascension_level":4}}