{"host":"zov10424ma9lu08x","time":1612547976,"event":{"mods":["Act Like it!","BaseMod","Card Forge","Hallownest","Highlight Path","Minty Spire (QoL Compilation)","Permanent Neow","Practice Mode","Quick Restart","StSLib","Synergy Search","The Bug Knight"],"gold_per_floor":[112,112,130,5,21,21,54,54,54,54,72,89,89,105,105,209,209,229,229,241,253,268,268,286,298,298,75,75,108,127,141,141,236,236,248,248,258,258,275,304,315,315,315,315,325,344,151,161,161,161],"floor_reached":51,"language":"ENG","playtime":4543,"items_purged":["Strike_G","Strike_G","Strike_G"],"score":682,"play_id":"07e789bb-70b2-47a1-b1b4-f2cb3fdbd4a9","local_time":"20210206015936","is_ascension_mode":false,"campfire_choices":[{"data":"Sucker Punch","floor":6.0,"key":"SMITH"},{"data":"Quick Slash","floor":10.0,"key":"SMITH"},{"data":"Dagger Spray","floor":13.0,"key":"SMITH"},{"data":"Dagger Spray","floor":15.0,"key":"SMITH"},{"data":"Blade Dance","floor":23.0,"key":"SMITH"},{"data":"Accuracy","floor":28.0,"key":"SMITH"},{"data":"Leg Sweep","floor":32.0,"key":"SMITH"},{"data":"Backflip","floor":42.0,"key":"SMITH"},{"data":"Survivor","floor":44.0,"key":"SMITH"},{"floor":49.0,"key":"REST"}],"circlet_count":0,"master_deck":["Defend_G","Defend_G","Defend_G","Defend_G","Survivor+1","Neutralize","Quick Slash","Quick Slash+1","Backflip+1","Sucker Punch+1","Dagger Throw","Dagger Spray+1","Dagger Spray+1","Caltrops","Cloak And Dagger","Iron Wave","Acrobatics","Acrobatics+1","Blade Dance+1","Leg Sweep+1","Accuracy+1","Cloak And Dagger","Backflip+1","Night Terror","Leg Sweep+1","Master of Strategy","Cloak And Dagger+1","Blur+1","Footwork","Infinite Blades","Parasite","Dodge and Roll+1"],"relics":["Hammer of Thor","Seething Fire","Anvil of the Gods","Sozu","Gremlin Horn","Strawberry","Cursed Key","Shuriken","WristBlade","PreservedInsect","Pear"],"acts_visited":["Exordium","TheCity","TheBeyond"],"potions_floor_usage":[],"damage_taken":[{"damage":1.0,"enemies":"Jaw Worm","floor":1.0,"turns":5.0},{"damage":0.0,"enemies":"Cultist","floor":3.0,"turns":4.0},{"damage":0.0,"enemies":"2 Louse","floor":5.0,"turns":3.0},{"damage":18.0,"enemies":"Lagavulin","floor":7.0,"turns":9.0},{"damage":0.0,"enemies":"2 Fungi Beasts","floor":11.0,"turns":2.0},{"damage":0.0,"enemies":"Blue Slaver","floor":12.0,"turns":3.0},{"damage":0.0,"enemies":"2 Fungi Beasts","floor":14.0,"turns":2.0},{"damage":21.0,"enemies":"The Guardian","floor":16.0,"turns":11.0},{"damage":0.0,"enemies":"3 Byrds","floor":18.0,"turns":2.0},{"damage":1.0,"enemies":"Cultist and Chosen","floor":20.0,"turns":4.0},{"damage":0.0,"enemies":"Chosen and Byrds","floor":21.0,"turns":4.0},{"damage":4.0,"enemies":"Shelled Parasite and Fungi","floor":22.0,"turns":5.0},{"damage":0.0,"enemies":"3 Cultists","floor":24.0,"turns":3.0},{"damage":0.0,"enemies":"Centurion and Healer","floor":25.0,"turns":5.0},{"damage":22.0,"enemies":"Book of Stabbing","floor":29.0,"turns":6.0},{"damage":0.0,"enemies":"Chosen and Byrds","floor":30.0,"turns":3.0},{"damage":0.0,"enemies":"Cultist and Chosen","floor":31.0,"turns":3.0},{"damage":2.0,"enemies":"Champ","floor":33.0,"turns":7.0},{"damage":11.0,"enemies":"3 Shapes","floor":35.0,"turns":3.0},{"damage":0.0,"enemies":"3 Darklings","floor":37.0,"turns":2.0},{"damage":0.0,"enemies":"Jaw Worm Horde","floor":39.0,"turns":3.0},{"damage":1.0,"enemies":"Reptomancer","floor":40.0,"turns":3.0},{"damage":12.0,"enemies":"Sphere and 2 Shapes","floor":41.0,"turns":4.0},{"damage":0.0,"enemies":"4 Shapes","floor":45.0,"turns":3.0},{"damage":4.0,"enemies":"Jaw Worm Horde","floor":46.0,"turns":3.0},{"damage":0.0,"enemies":"Writhing Mass","floor":48.0,"turns":6.0},{"damage":26,"enemies":"Awakened One","floor":50,"turns":10}],"seed_played":"1086013928221153310","potions_obtained":[],"is_trial":false,"path_per_floor":["M","?","M","$","M","R","E","?","T","R","M","M","R","M","R","B",null,"M","?","M","M","M","R","M","M","T","$","R","E","M","M","R","B",null,"M","?","M","?","M","E","M","R","T","R","M","M","$","M","R","B",null],"character_chosen":"THE_SILENT","items_purchased":["Backflip","Accuracy","Cloak And Dagger","Infinite Blades"],"campfire_rested":1,"item_purchase_floors":[4,27,27,47],"current_hp_per_floor":[69,69,69,69,69,69,51,51,58,58,58,58,58,58,58,37,77,77,77,76,76,72,72,72,72,72,72,72,50,50,50,50,48,77,66,66,66,66,66,75,63,63,63,63,63,59,59,59,85,59],"gold":161,"neow_bonus":"BOSS_RELIC","is_daily":false,"chose_seed":false,"campfire_upgraded":9,"win_rate":0.0,"timestamp":1612547976,"path_taken":["M","?","M","?","M","R","E","?","T","R","M","M","R","M","R","BOSS","M","?","?","M","M","R","M","M","T","$","R","E","M","M","R","BOSS","M","?","M","?","M","E","M","R","T","R","M","M","$","?","R","BOSS"],"items_purchased_type":["Card","Card","Card","Card"],"build_version":"2020-12-22","purchased_purges":3,"victory":true,"max_hp_per_floor":[70,70,70,70,70,70,70,70,77,77,77,77,77,77,77,77,77,77,77,77,77,77,77,77,77,77,77,77,77,77,77,77,77,77,77,77,77,77,77,87,87,87,87,87,87,87,87,87,87,87],"card_choices":[{"not_picked":["Acrobatics","Reflex"],"picked":"Quick Slash","floor":1.0},{"not_picked":["Deadly Poison","Finisher"],"picked":"Quick Slash","floor":3.0},{"not_picked":["Well Laid Plans","Acrobatics"],"picked":"Sucker Punch","floor":5.0},{"not_picked":["Dodge and Roll","Slice"],"picked":"Dagger Throw","floor":7.0},{"not_picked":["Slice","Glass Knife"],"picked":"Dagger Spray","floor":11.0},{"not_picked":["Dodge and Roll","Acrobatics"],"picked":"Dagger Spray","floor":12.0},{"not_picked":["Bane","Sucker Punch"],"picked":"Caltrops","floor":14.0},{"not_picked":["Accuracy","Prepared"],"picked":"Cloak And Dagger","floor":18.0},{"not_picked":["Slice","Underhanded Strike"],"picked":"Acrobatics","floor":20.0},{"not_picked":["Dodge and Roll","Deflect"],"picked":"Acrobatics+1","floor":21.0},{"not_picked":["Dodge and Roll","Flying Knee"],"picked":"Blade Dance","floor":22.0},{"not_picked":["Poisoned Stab","Outmaneuver","Night Terror"],"picked":"SKIP","floor":24.0},{"not_picked":["Dodge and Roll","All Out Attack"],"picked":"Leg Sweep","floor":25.0},{"not_picked":["Underhanded Strike+1","Caltrops"],"picked":"Prepared","floor":29.0},{"not_picked":["Quick Slash","Well Laid Plans"],"picked":"Backflip+1","floor":30.0},{"not_picked":["Cloak And Dagger","Poisoned Stab","Crippling Poison"],"picked":"SKIP","floor":31.0},{"not_picked":["Venomology","Die Die Die"],"picked":"Night Terror","floor":33.0},{"not_picked":["Flechettes+1","Masterful Stab"],"picked":"Leg Sweep+1","floor":35.0},{"not_picked":["Blind","Sadistic Nature"],"picked":"Master of Strategy","floor":36.0},{"not_picked":["Finisher+1","Slice","Concentrate"],"picked":"SKIP","floor":37.0},{"not_picked":["Reflex","Underhanded Strike"],"picked":"Cloak And Dagger+1","floor":39.0},{"not_picked":["Distraction","Phantasmal Killer","Dodge and Roll"],"picked":"SKIP","floor":40.0},{"not_picked":["Riddle With Holes","Slice+1"],"picked":"Blur+1","floor":41.0},{"not_picked":["Reflex","Outmaneuver","Slice"],"picked":"SKIP","floor":45.0},{"not_picked":["Flechettes","Poisoned Stab+1"],"picked":"Footwork","floor":46.0},{"not_picked":["PiercingWail","Blade Dance+1"],"picked":"Dodge and Roll+1","floor":48.0}],"player_experience":361932,"relics_obtained":[{"floor":7.0,"key":"Gremlin Horn"},{"floor":9.0,"key":"Strawberry"},{"floor":29.0,"key":"Shuriken"},{"floor":40.0,"key":"Pear"}],"event_choices":[{"cards_removed":["Strike_G"],"damage_healed":0.0,"max_hp_gain":0.0,"max_hp_loss":0.0,"gold_gain":0.0,"event_name":"Bonfire Elementals","player_choice":"Offered Basic","floor":2.0,"gold_loss":0.0,"damage_taken":0.0},{"cards_removed":["Strike_G"],"damage_healed":0.0,"max_hp_gain":0.0,"max_hp_loss":0.0,"gold_gain":0.0,"event_name":"Living Wall","player_choice":"Forget","floor":8.0,"gold_loss":0.0,"damage_taken":0.0},{"cards_removed":["Defend_G"],"damage_healed":0.0,"max_hp_gain":0.0,"max_hp_loss":0.0,"gold_gain":0.0,"event_name":"NoteForYourself","player_choice":"Took Card","floor":19.0,"gold_loss":0.0,"damage_taken":0.0,"cards_obtained":["Iron Wave"]},{"damage_healed":0.0,"max_hp_gain":0.0,"max_hp_loss":0.0,"gold_gain":0.0,"event_name":"SensoryStone","player_choice":"Memory 1","floor":36.0,"gold_loss":0.0,"damage_taken":0.0},{"cards_removed":["Prepared"],"damage_healed":0.0,"max_hp_gain":0.0,"max_hp_loss":0.0,"gold_gain":0.0,"event_name":"WeMeetAgain","player_choice":"Gave Card","floor":38.0,"gold_loss":0.0,"damage_taken":0.0,"relics_obtained":["PreservedInsect"]}],"is_beta":false,"boss_relics":[{"not_picked":["Coffee Dripper","Tiny House"],"picked":"Cursed Key"},{"not_picked":["Calling Bell","Philosopher\u0027s Stone"],"picked":"WristBlade"}],"items_purged_floors":[4,27,47],"is_endless":false,"potions_floor_spawned":[3,5,11,16,21,22,24,29,31,35,39,41],"ascension_level":0}}