{"host":"0s8kyghz8ihx2r41","time":1612486464,"event":{"mods":["2.2 Compatiblity","Act Like it!","Bard","BaseMod","CapriCore","Chen","Conspire","Downfall","Friendly Minions","GungeonMod","Hermit","HololiveMod","Hubris","Koishi","Lobotomy","LobotomyExtend","Marisa（霧雨　魔理沙）","Minty Spire (QoL Compilation)","Monster B Gone","Morshu Shopkeeper","Onozuka Komachi Mod","Prisma Mod","READ ME - Snecko Mod","Reimu（博??梦）","Reliquary","Replay The Spire","Spire Birthday Party","StSLib","The Administrix","The Alterego","The Clintock","The Construct","The Cursed","The Disciple","The Druid","The Edgeheg","The Gatherer","The Immortal","The Marked","The Mystic","The Servant 0.9.4","TheVacant","Waifu the Spire","Yakumo Yukari mod","Yuyuko","everything is the same but u backflip on backflip","slay the spire mod where everything is the same but ironclad has a cowboy hat"],"gold_per_floor":[112,132,145,145,145,173,173,173,173,173,187,167,186,186,186,288,288,279,279,279],"floor_reached":19,"language":"ENG","playtime":1326,"items_purged":[],"score":167,"play_id":"22193f33-7d55-4125-9c3b-ea10642c2b1e","local_time":"20210204195424","is_ascension_mode":false,"campfire_choices":[{"floor":8,"key":"REST"},{"floor":10,"key":"REST"},{"floor":15,"key":"REST"}],"circlet_count":0,"master_deck":["DemoMod:Strike_Huntress","DemoMod:Strike_Huntress","DemoMod:Strike_Huntress","DemoMod:Defend_Huntress","DemoMod:Defend_Huntress","DemoMod:Defend_Huntress","DemoMod:Defend_Huntress+1","DemoMod:Roll","DemoMod:ManualReload","DemoMod:RustySidearm","DemoMod:CrossBow","DemoMod:SAA","DemoMod:Elimentaler","DemoMod:Ejector","DemoMod:AWP","DemoMod:HighKaliber","DemoMod:MachoBrace","DemoMod:DirectionalPad+1","DemoMod:HuntsMan","DemoMod:FinishedGun","Writhe","ReplayTheSpireMod:IOU","ReplayTheSpireMod:Faulty Equipment","DemoMod:TableSutra+1"],"relics":["DemoMod:Dog","LetterFromLob","Dream Catcher","Pen Nib","conspire:Dentures","Replay:Ancient Bell","reliquary:PorcupineQuills","Meat on the Bone","Girya"],"acts_visited":["Exordium","TheCity"],"potions_floor_usage":[12,16,18,19,19],"damage_taken":[{"damage":1,"enemies":"Small Slimes","floor":1,"turns":3},{"damage":6,"enemies":"Jaw Worm","floor":2,"turns":3},{"damage":0,"enemies":"2 Louse","floor":3,"turns":3},{"damage":29,"enemies":"Gremlin Nob","floor":6,"turns":5},{"damage":21,"enemies":"Lots of Slimes","floor":11,"turns":4},{"damage":8,"enemies":"Looter","floor":13,"turns":2},{"damage":38,"enemies":"Slime Boss","floor":16,"turns":11},{"damage":25,"enemies":"2 Thieves","floor":18,"turns":4},{"damage":42,"enemies":"3 Byrds","floor":19,"turns":5}],"seed_played":"-2904851763134472515","potions_obtained":[{"floor":2,"key":"GrandPatriotsElixir:ReiMu"},{"floor":12,"key":"EntropicBrew"},{"floor":16,"key":"AttackPotion"},{"floor":18,"key":"SteroidPotion"}],"is_trial":false,"path_per_floor":["M","M","M","?","?","E","?","R","T","R","M","?","M","?","R","B",null,"M","M"],"character_chosen":"HUNTRESS","items_purchased":[],"campfire_rested":3,"item_purchase_floors":[],"current_hp_per_floor":[69,63,63,63,63,34,27,48,48,69,48,48,40,40,61,23,70,45,3,3],"gold":279,"neow_bonus":"THREE_CARDS","is_daily":false,"chose_seed":false,"campfire_upgraded":0,"win_rate":0.0,"timestamp":1612486464,"path_taken":["M","M","M","?","?","E","?","R","T","R","M","?","?","?","R","BOSS","M","M"],"items_purchased_type":[],"build_version":"2020-12-22","purchased_purges":0,"victory":false,"max_hp_per_floor":[70,70,70,70,70,70,70,70,70,70,70,70,70,70,70,70,70,70,70,70],"card_choices":[{"not_picked":["DemoMod:ConditionalReflex","DemoMod:GunShield"],"picked":"DemoMod:SAA","floor":0},{"not_picked":["DemoMod:JK47","DemoMod:Purify"],"picked":"DemoMod:GunstockTap","floor":1},{"not_picked":["DemoMod:HardPowerCard","DemoMod:AC15"],"picked":"DemoMod:Elimentaler","floor":2},{"not_picked":["DemoMod:Unmoved","DemoMod:SAA"],"picked":"DemoMod:Ejector","floor":2},{"not_picked":["DemoMod:HardPowerCard","DemoMod:ZorGun","DemoMod:CursedBullets"],"picked":"SKIP","floor":3},{"not_picked":["DemoMod:ChanceBullets","DemoMod:CursedBullets"],"picked":"DemoMod:AWP","floor":6},{"not_picked":["DemoMod:PracticeMakesPerfect","DemoMod:ChanceBullets"],"picked":"DemoMod:HighKaliber","floor":11},{"not_picked":["DemoMod:DoubleVision","DemoMod:SAA"],"picked":"DemoMod:MachoBrace","floor":13},{"not_picked":["DemoMod:FastSwitch","DemoMod:MachoBrace"],"picked":"DemoMod:HuntsMan","floor":15},{"not_picked":["DemoMod:GunslingerForm","DemoMod:BalloonGun"],"picked":"DemoMod:FinishedGun","floor":16},{"not_picked":["Doubt","Injury"],"picked":"Writhe","floor":17},{"not_picked":["Doubt","ReplayTheSpireMod:Splinters"],"picked":"ReplayTheSpireMod:IOU","floor":17},{"not_picked":["Regret","downfall:Haunted"],"picked":"ReplayTheSpireMod:Faulty Equipment","floor":17},{"not_picked":["DemoMod:BoxingGlove","DemoMod:CombinedRifle"],"picked":"DemoMod:TableSutra+1","floor":18}],"player_experience":346405,"relics_obtained":[{"floor":1,"key":"LetterFromLob"},{"floor":6,"key":"Dream Catcher"},{"floor":9,"key":"conspire:Dentures"}],"event_choices":[{"damage_healed":0,"gold_gain":0,"player_choice":"Success","damage_taken":7,"relics_obtained":["Pen Nib"],"max_hp_gain":0,"max_hp_loss":0,"event_name":"Scrap Ooze","floor":7,"gold_loss":0},{"damage_healed":0,"gold_gain":0,"player_choice":"Bought 1 Potion","damage_taken":0,"max_hp_gain":0,"max_hp_loss":0,"event_name":"The Woman in Blue","floor":12,"gold_loss":0}],"is_beta":false,"boss_relics":[{"not_picked":["Coffee Dripper","Hololive_Finger"],"picked":"Replay:Ancient Bell"},{"not_picked":["reliquary:Boomerang","Replay:Rubber Ducky"],"picked":"reliquary:PorcupineQuills"},{"not_picked":["hubris:Reverence","DemoMod:SerJunkan"],"picked":"Meat on the Bone"},{"not_picked":["Unceasing Top","FossilizedHelix"],"picked":"Girya"}],"items_purged_floors":[],"is_endless":false,"potions_floor_spawned":[2,16,18],"killed_by":"3 Byrds","ascension_level":0}}