{"host":"jpcy2bclvs7juczu","time":1612558590,"event":{"mods":["Alarm Clock","BaseMod","Bestiary","Block Reminder","Colored Map","Colored Powertips","Curses Come First","Dark Map","Filter the Spire","Minty Spire (QoL Compilation)","Quick Restart","RNG Fix","Relic Stats","Slay the Relics Exporter","Smile Girya","StSLib","everything is the same but u backflip on backflip","ojb\u0027s Better Paths Mod","ojb\u0027s Info Mod","slay the spire mod where everything is the same but ironclad has a cowboy hat"],"gold_per_floor":[110,121,141,154,167,167,183,199,224,259,259,291,304,316,316,392,392,408,408,408,420,430,430,430,430],"floor_reached":24,"language":"ENG","playtime":1850,"items_purged":[],"score":428,"play_id":"3cbc0e31-8226-40a4-b4da-eecac969cd29","local_time":"20210205155630","is_ascension_mode":true,"campfire_choices":[{"data":"Hemokinesis","floor":6,"key":"SMITH"},{"data":"Fire Breathing","floor":11,"key":"SMITH"},{"data":"Barricade","floor":15,"key":"SMITH"},{"floor":23,"key":"REST"}],"circlet_count":0,"master_deck":["AscendersBane","Strike_R+1","Strike_R+1","Strike_R+1","Strike_R+1","Strike_R+1","Defend_R+1","Defend_R+1","Defend_R+1","Defend_R+1","Bash","Thunderclap","Ghostly Armor","Cleave","Perfected Strike","Hemokinesis+1","Dark Embrace","Pommel Strike","Fire Breathing+1","Reckless Charge+1","Barricade+1","Iron Wave+1","Offering","Clothesline+1","Ghostly","Ghostly","Ghostly"],"relics":["Burning Blood","Lizard Tail","Molten Egg 2","The Courier","Runic Dome"],"acts_visited":["Exordium","TheCity"],"potions_floor_usage":[7,10,22],"damage_taken":[{"damage":7,"enemies":"Cultist","floor":1,"turns":4},{"damage":9,"enemies":"Jaw Worm","floor":2,"turns":3},{"damage":8,"enemies":"2 Louse","floor":3,"turns":3},{"damage":7,"enemies":"Looter","floor":4,"turns":4},{"damage":9,"enemies":"Red Slaver","floor":5,"turns":3},{"damage":9,"enemies":"Lots of Slimes","floor":7,"turns":3},{"damage":5,"enemies":"Blue Slaver","floor":8,"turns":4},{"damage":10,"enemies":"Gremlin Nob","floor":10,"turns":3},{"damage":10,"enemies":"3 Sentries","floor":12,"turns":5},{"damage":2,"enemies":"Exordium Wildlife","floor":13,"turns":2},{"damage":19,"enemies":"Gremlin Gang","floor":14,"turns":4},{"damage":32,"enemies":"Slime Boss","floor":16,"turns":6},{"damage":34,"enemies":"2 Thieves","floor":18,"turns":4},{"damage":6,"enemies":"Shell Parasite","floor":21,"turns":4},{"damage":22,"enemies":"Centurion and Healer","floor":22,"turns":6},{"damage":42,"enemies":"Book of Stabbing","floor":24,"turns":5}],"seed_played":"3213596825586064030","potions_obtained":[{"floor":2,"key":"BlessingOfTheForge"},{"floor":3,"key":"Swift Potion"},{"floor":7,"key":"Regen Potion"},{"floor":10,"key":"DuplicationPotion"},{"floor":21,"key":"PowerPotion"}],"is_trial":false,"path_per_floor":["M","M","M","M","M","R","M","M","T","E","R","E","M","M","R","B",null,"M","?","?","M","M","R","E"],"character_chosen":"IRONCLAD","items_purchased":[],"campfire_rested":1,"item_purchase_floors":[],"current_hp_per_floor":[67,64,62,61,58,58,55,56,56,52,52,48,52,39,39,13,54,26,26,26,26,10,20,0,0],"gold":430,"neow_bonus":"ONE_RARE_RELIC","is_daily":false,"chose_seed":false,"campfire_upgraded":3,"win_rate":0.0,"timestamp":1612558590,"path_taken":["M","M","M","?","M","R","M","M","T","E","R","E","M","M","R","BOSS","M","?","?","M","M","R","E"],"items_purchased_type":[],"build_version":"2020-12-22","purchased_purges":0,"victory":false,"max_hp_per_floor":[68,68,68,68,68,68,68,68,68,68,68,68,68,68,68,68,68,68,34,34,34,34,34,34,34],"relic_stats":{"Lizard Tail":17,"counters":[16,63],"obtain_stats":[{"Runic Dome":17,"Lizard Tail":0,"Molten Egg 2":10,"The Courier":12,"Burning Blood":0},{"Runic Dome":12,"Lizard Tail":0,"Molten Egg 2":8,"The Courier":9,"Burning Blood":0},{"Runic Dome":44,"Lizard Tail":0,"Molten Egg 2":27,"The Courier":32,"Burning Blood":0}],"Burning Blood":90},"card_choices":[{"not_picked":["Havoc","Dark Embrace"],"picked":"Thunderclap","floor":1},{"not_picked":["Havoc","Body Slam"],"picked":"Ghostly Armor","floor":2},{"not_picked":["Thunderclap","Warcry"],"picked":"Cleave","floor":3},{"not_picked":["Flame Barrier","Wild Strike"],"picked":"Perfected Strike","floor":4},{"not_picked":["Flame Barrier","Twin Strike"],"picked":"Hemokinesis","floor":5},{"not_picked":["Wild Strike","Dual Wield"],"picked":"Dark Embrace","floor":7},{"not_picked":["Flame Barrier","Twin Strike"],"picked":"Pommel Strike","floor":8},{"not_picked":["Infernal Blade","Heavy Blade+1"],"picked":"Fire Breathing","floor":10},{"not_picked":["Headbutt+1","Cleave+1"],"picked":"Reckless Charge+1","floor":12},{"not_picked":["Headbutt+1","Flex"],"picked":"Barricade","floor":13},{"not_picked":["Sword Boomerang+1","Flex"],"picked":"Iron Wave+1","floor":14},{"not_picked":["Barricade","Bludgeon+1"],"picked":"Offering","floor":16},{"not_picked":["Sever Soul+1","Inflame"],"picked":"Clothesline+1","floor":18},{"not_picked":["Heavy Blade+1","Havoc","Intimidate"],"picked":"SKIP","floor":21},{"not_picked":["Heavy Blade+1","Havoc","Intimidate"],"picked":"SKIP","floor":21},{"not_picked":["Sword Boomerang+1","Blood for Blood+1","Flex"],"picked":"SKIP","floor":22}],"player_experience":1570789,"relics_obtained":[{"floor":10,"key":"Molten Egg 2"},{"floor":12,"key":"The Courier"}],"event_choices":[{"damage_healed":0,"gold_gain":0,"player_choice":"Became a Ghost","damage_taken":0,"max_hp_gain":0,"max_hp_loss":34,"event_name":"Ghosts","floor":19,"gold_loss":0,"cards_obtained":["Ghostly","Ghostly","Ghostly"]},{"damage_healed":0,"gold_gain":0,"player_choice":"Simplicity","damage_taken":0,"max_hp_gain":0,"max_hp_loss":0,"event_name":"Back to Basics","floor":20,"gold_loss":0,"cards_upgraded":["Strike_R","Strike_R","Strike_R","Strike_R","Strike_R","Defend_R","Defend_R","Defend_R","Defend_R"]}],"is_beta":false,"boss_relics":[{"not_picked":["Velvet Choker","Philosopher\u0027s Stone"],"picked":"Runic Dome"}],"items_purged_floors":[],"is_endless":false,"potions_floor_spawned":[2,3,7,8,10,14,21],"killed_by":"Book of Stabbing","ascension_level":20}}