{"host":"d76q0rb9a0s9bgr5","time":1612550030,"event":{"mods":["BaseMod","Downfall","Hubris","Minty Spire (QoL Compilation)","StSLib"],"gold_per_floor":[99,111,128,228,241,253,253,268,268,268,268,284,284,284,298,393,393,393,410,427,180,180,180,207,232,252,252,271,271,289,305,320,425,425,425,445,458,372,372,392,392,420,57,57,87,101,101,63,73,73],"floor_reached":51,"language":"ENG","playtime":3894,"items_purged":["champ:Strike","champ:Defend","champ:Defend"],"score":878,"play_id":"70f2967d-8e4b-401f-8697-4a79edecb61c","local_time":"20210205193350","is_ascension_mode":false,"campfire_choices":[{"data":"champ:Taunt","floor":1,"key":"SMITH"},{"data":"champ:ShieldSlam","floor":11,"key":"SMITH"},{"data":"champ:LastStand","floor":13,"key":"SMITH"},{"data":"champ:SteelEdge","floor":18,"key":"SMITH"},{"data":"champ:Lariat","floor":27,"key":"SMITH"},{"data":"champ:Execute","floor":29,"key":"SMITH"},{"data":"champ:FocusedDefense","floor":35,"key":"SMITH"},{"data":"champ:Defend","floor":44,"key":"SMITH"}],"circlet_count":0,"master_deck":["champ:Strike","champ:Strike","champ:Strike","champ:Defend+1","champ:Defend","champ:Execute+1","champ:Taunt+1","champ:ShieldSlam+1","champ:CalledShot+1","champ:LastStand+1","champ:FocusedDefense+1","champ:SteelEdge+1","champ:FocusedDefense+1","champ:Lariat+1","champ:Lariat+1","champ:CalledShot+1","champ:CalledShot+1","champ:IronFortress+1","champ:CalledShot"],"relics":["champ:ChampionCrownUpgraded","Mercury Hourglass","Matryoshka","Lantern","hubris:Icosahedron","hubris:SphereOfDissonance","MealTicket","Pen Nib","champ:FightingForDummies","Black Star","Oddly Smooth Stone","Happy Flower","Bottled Tornado","Potion Belt","Anchor","hubris:Reverence","InkBottle","hubris:Spice"],"acts_visited":["Exordium","TheCity","TheBeyond"],"potions_floor_usage":[16,16,20,38,50],"damage_taken":[{"damage":11,"enemies":"Cultist","floor":2,"turns":5},{"damage":20,"enemies":"Jaw Worm","floor":3,"turns":5},{"damage":0,"enemies":"2 Louse","floor":5,"turns":4},{"damage":50,"enemies":"Lots of Slimes","floor":6,"turns":7},{"damage":7,"enemies":"2 Fungi Beasts","floor":8,"turns":4},{"damage":33,"enemies":"Large Slime","floor":12,"turns":7},{"damage":14,"enemies":"Blue Slaver","floor":15,"turns":4},{"damage":51,"enemies":"WA_ARCHETYPE_RETAIN","floor":16,"turns":10},{"damage":24,"enemies":"Spheric Guardian","floor":19,"turns":4},{"damage":33,"enemies":"Chosen and Byrds","floor":20,"turns":8},{"damage":30,"enemies":"downfall:FleeingMerchant","floor":21,"turns":4},{"damage":60,"enemies":"Cultist and Chosen","floor":26,"turns":6},{"damage":46,"enemies":"Centurion and Healer","floor":28,"turns":8},{"damage":45,"enemies":"3 Cultists","floor":30,"turns":3},{"damage":45,"enemies":"Cultist and Chosen","floor":31,"turns":3},{"damage":30,"enemies":"Snecko","floor":32,"turns":2},{"damage":73,"enemies":"SI_MIRROR_ARCHETYPE","floor":33,"turns":6},{"damage":45,"enemies":"Orb Walker","floor":36,"turns":3},{"damage":60,"enemies":"3 Shapes","floor":37,"turns":3},{"damage":105,"enemies":"downfall:FleeingMerchant","floor":38,"turns":3},{"damage":120,"enemies":"Maw","floor":40,"turns":4},{"damage":105,"enemies":"Reptomancer","floor":42,"turns":5},{"damage":10,"enemies":"Nemesis","floor":45,"turns":1},{"damage":0,"enemies":"Spire Growth","floor":46,"turns":2},{"damage":125,"enemies":"Transient","floor":49,"turns":5},{"damage":85,"enemies":"IC_BLOCK_ARCHETYPE","floor":50,"turns":2}],"seed_played":"-2759304734376139947","potions_obtained":[{"floor":3,"key":"LiquidBronze"},{"floor":8,"key":"BlessingOfTheForge"},{"floor":10,"key":"Dexterity Potion"},{"floor":10,"key":"ColorlessPotion"},{"floor":16,"key":"SteroidPotion"},{"floor":19,"key":"Block Potion"},{"floor":20,"key":"Guardian:BlockOnCardUsePotion"},{"floor":37,"key":"Slimebound:ThreeZeroPotion"},{"floor":42,"key":"EssenceOfSteel"},{"floor":45,"key":"DuplicationPotion"}],"is_trial":false,"path_per_floor":["R","M","M","?","M","M","T","M","T","?","R","M","R","?","M","B",null,"R","M","M","$","?","?","T","T","M","R","M","R","M","M","M","B",null,"R","M","M","$","?","M","T","E","?","R","E","M","?","$","M","B",null],"character_chosen":"THE_CHAMP","items_purchased":["Lantern","Oddly Smooth Stone","Happy Flower","hubris:Reverence","champ:CalledShot"],"campfire_rested":0,"item_purchase_floors":[21,38,38,43,48],"current_hp_per_floor":[99,98,88,88,88,68,68,61,61,61,61,58,58,58,54,23,99,99,85,77,77,77,77,77,77,77,77,71,71,71,71,71,68,99,99,99,99,99,99,99,99,99,99,99,107,107,107,107,82,82],"gold":73,"neow_bonus":"TEN_PERCENT_HP_BONUS","is_daily":false,"chose_seed":false,"campfire_upgraded":8,"win_rate":0.0,"timestamp":1612550030,"path_taken":["R","M","?","?","M","M","T","M","?","?","R","?","R","?","M","BOSS","R","M","M","$","?","?","T","?","?","R","M","R","?","M","M","BOSS","R","M","?","$","?","?","T","E","?","R","E","M","?","?","M","BOSS"],"items_purchased_type":["Relic","Relic","Relic","Relic","Card"],"build_version":"2020-12-22","purchased_purges":3,"victory":true,"max_hp_per_floor":[99,99,99,99,99,99,99,99,99,99,99,99,99,99,99,99,99,99,99,99,99,99,99,99,99,99,99,99,99,99,99,99,99,99,99,99,99,99,99,99,99,99,99,99,107,107,107,107,107,107],"card_choices":[{"not_picked":["champ:EnGarde","champ:BringItOn","champ:FocusedBerserking"],"picked":"SKIP","floor":2},{"not_picked":["champ:Haymaker","champ:EndlessRage"],"picked":"champ:ShieldSlam","floor":3},{"not_picked":["champ:GladiatorStyle","champ:FocusedDefense","champ:EnGarde"],"picked":"SKIP","floor":5},{"not_picked":["champ:RecklessLeap","champ:CrownThrow","champ:BringItOn"],"picked":"SKIP","floor":6},{"not_picked":["champ:GladiatorStyle","champ:CrookedStrike"],"picked":"champ:CalledShot","floor":8},{"not_picked":["champ:DefensiveShout","champ:EnragedBash"],"picked":"champ:LastStand","floor":12},{"not_picked":["champ:CalledShot","champ:FanOfKnives"],"picked":"champ:FocusedDefense","floor":15},{"not_picked":["champ:IgnorePain","champ:SwordThrow"],"picked":"champ:SteelEdge","floor":16},{"not_picked":["champ:Endure","champ:GladiatorStyle"],"picked":"champ:FocusedDefense","floor":19},{"not_picked":["champ:TornadoPunch","champ:DefensiveShout"],"picked":"champ:Lariat","floor":20},{"not_picked":["champ:StrikeOfGenius","champ:DefensiveShout"],"picked":"champ:Lariat+1","floor":21},{"not_picked":["champ:GladiatorStyle","champ:FancyFootwork","champ:RapidStrikes"],"picked":"SKIP","floor":26},{"not_picked":["champ:DeathBlow","champ:ShieldSlam","champ:CrownThrow"],"picked":"SKIP","floor":28},{"not_picked":["champ:SkillfulDodge+1","champ:FaceSlap","champ:PreciseThrust+1"],"picked":"SKIP","floor":30},{"not_picked":["champ:FlashCut+1","champ:FancyFootwork+1","champ:LastStand"],"picked":"SKIP","floor":31},{"not_picked":["champ:PreciseThrust","champ:ShieldSlam"],"picked":"champ:CalledShot+1","floor":32},{"not_picked":["champ:FalseCounter","champ:RisingSlash+1"],"picked":"champ:CalledShot+1","floor":36},{"not_picked":["champ:GutPunch","champ:PreemptiveStrike"],"picked":"champ:IronFortress+1","floor":37},{"not_picked":["champ:Lariat","champ:FanOfKnives+1","champ:RecklessLeap+1"],"picked":"SKIP","floor":38},{"not_picked":["champ:FlashCut+1","champ:BringItOn+1","champ:IronFortress+1"],"picked":"SKIP","floor":40},{"not_picked":["champ:CrookedStrike","champ:GladiatorStyle+1","champ:CalledShot"],"picked":"SKIP","floor":42},{"not_picked":["champ:Shatter","champ:FocusedBerserking","champ:BerserkersShout"],"picked":"SKIP","floor":45},{"not_picked":["champ:Circumvent","champ:IronFortress","champ:AdrenalArmor"],"picked":"SKIP","floor":46},{"not_picked":["champ:RecklessLeap","champ:HoldFirm","champ:Endure+1"],"picked":"SKIP","floor":49}],"player_experience":100987,"relics_obtained":[{"floor":7,"key":"Mercury Hourglass"},{"floor":9,"key":"Matryoshka"},{"floor":24,"key":"hubris:SphereOfDissonance"},{"floor":24,"key":"MealTicket"},{"floor":25,"key":"Pen Nib"},{"floor":25,"key":"champ:FightingForDummies"},{"floor":41,"key":"Bottled Tornado"},{"floor":42,"key":"Potion Belt"},{"floor":42,"key":"Anchor"},{"floor":45,"key":"InkBottle"},{"floor":45,"key":"hubris:Spice"}],"event_choices":[{"damage_healed":0,"gold_gain":0,"player_choice":"Got Potions","damage_taken":0,"max_hp_gain":0,"max_hp_loss":0,"event_name":"Lab","floor":10,"gold_loss":0},{"damage_healed":0,"gold_gain":0,"player_choice":"Forge","damage_taken":0,"max_hp_gain":0,"max_hp_loss":0,"event_name":"Accursed Blacksmith","floor":39,"gold_loss":0,"cards_upgraded":["champ:FocusedDefense"]}],"is_beta":false,"boss_relics":[{"not_picked":["Astrolabe","SacredBark"],"picked":"champ:ChampionCrownUpgraded"},{"not_picked":["bronze:MakeshiftBattery","hubris:CrackedHourglass"],"picked":"Black Star"}],"items_purged_floors":[21,38,43],"is_endless":false,"potions_floor_spawned":[3,8,15,16,19,20,26,33,37,42,45],"ascension_level":0}}