{"host":"jlk2k69f9c6o7b3e","time":1612502172,"event":{"mods":["AchievementEnabler","BaseMod","Minty Spire (QoL Compilation)","StSLib"],"gold_per_floor":[115,190,190,205,219,219,252,266,266,266,266,266],"floor_reached":11,"language":"ZHS","playtime":510,"items_purged":[],"score":113,"play_id":"e573085e-8c7c-4fab-8003-58656bf36dad","local_time":"20210205131612","is_ascension_mode":true,"campfire_choices":[{"data":"Prepared","floor":6.0,"key":"SMITH"},{"data":"Venomology","floor":10,"key":"SMITH"}],"circlet_count":0,"master_deck":["AscendersBane","Strike_G","Strike_G","Strike_G","Strike_G","Strike_G","Defend_G","Defend_G","Defend_G","Defend_G","Defend_G","Survivor","Neutralize","Dagger Throw","Prepared+1","Finisher","Venomology+1","Choke"],"relics":["Ring of the Snake","WingedGreaves","White Beast Statue","Ornamental Fan"],"acts_visited":["Exordium"],"potions_floor_usage":[8,8,11,11],"damage_taken":[{"damage":0.0,"enemies":"Jaw Worm","floor":1.0,"turns":6.0},{"damage":3.0,"enemies":"2 Louse","floor":4.0,"turns":4.0},{"damage":0.0,"enemies":"Cultist","floor":5.0,"turns":4.0},{"damage":35,"enemies":"3 Sentries","floor":7,"turns":11},{"damage":4,"enemies":"Blue Slaver","floor":8,"turns":5},{"damage":11,"enemies":"Gremlin Nob","floor":11,"turns":4}],"seed_played":"268584113027217953","potions_obtained":[{"floor":7,"key":"BlessingOfTheForge"},{"floor":8,"key":"CultistPotion"}],"is_trial":false,"path_per_floor":["M","?","?","M","M","R","E","M","T","R","E"],"character_chosen":"THE_SILENT","items_purchased":[],"campfire_rested":0,"item_purchase_floors":[],"current_hp_per_floor":[63,52,52,49,49,49,14,10,10,10,0,0],"gold":266,"neow_bonus":"ONE_RARE_RELIC","is_daily":false,"chose_seed":false,"campfire_upgraded":2,"win_rate":0.0,"timestamp":1612502172,"path_taken":["M","?","?","M","M","R","E","?","T","R","E"],"items_purchased_type":[],"build_version":"2020-12-22","purchased_purges":0,"victory":false,"max_hp_per_floor":[70,70,70,70,70,70,70,70,70,70,70,70],"card_choices":[{"not_picked":["Deadly Poison","Deflect"],"picked":"Dagger Throw","floor":1.0},{"not_picked":["Underhanded Strike","Masterful Stab"],"picked":"Prepared","floor":4.0},{"not_picked":["Outmaneuver","Bane"],"picked":"Finisher","floor":5.0},{"not_picked":["Dagger Spray","Doppelganger"],"picked":"Venomology","floor":7},{"not_picked":["Sucker Punch","Terror"],"picked":"Choke","floor":8}],"player_experience":360964,"relics_obtained":[{"floor":7,"key":"White Beast Statue"},{"floor":9,"key":"Ornamental Fan"}],"event_choices":[{"damage_healed":0.0,"max_hp_gain":0.0,"max_hp_loss":0.0,"gold_gain":75.0,"event_name":"World of Goop","player_choice":"Gather Gold","floor":2.0,"gold_loss":0.0,"damage_taken":11.0},{"cards_removed":["Clumsy"],"damage_healed":0.0,"max_hp_gain":0.0,"max_hp_loss":0.0,"gold_gain":0.0,"event_name":"Fountain of Cleansing","player_choice":"Removed Curses","floor":3.0,"gold_loss":0.0,"damage_taken":0.0}],"is_beta":false,"boss_relics":[],"items_purged_floors":[],"is_endless":false,"potions_floor_spawned":[7,8],"killed_by":"Gremlin Nob","ascension_level":11}}