{"host":"eaiphzh066bwqdh7","time":1612541169,"event":{"mods":["BaseMod","Better Note","Halation","Hubris","Minty Spire (QoL Compilation)","Reliquary","Replay The Spire","StSLib"],"gold_per_floor":[119,119,67,86,113,113,139,139,164,185,203,228,228,1,1,120,120,145,45,45,45,68,68,107,107,107,107,140,155,280,303,303,303,303],"floor_reached":33,"language":"ENG","playtime":990,"items_purged":["hubris:Defend_Merchant","Defend_P"],"score":325,"play_id":"8426e974-0c69-425d-a614-7e261c043387","local_time":"20210205110609","is_ascension_mode":true,"campfire_choices":[{"data":"Bash","floor":6,"key":"SMITH"},{"floor":13,"key":"REST"},{"floor":15,"key":"REST"},{"data":"Judgement","floor":23,"key":"SMITH"},{"floor":25,"key":"REST"},{"data":"Prostrate","floor":27,"key":"SMITH"},{"floor":32,"key":"REST"}],"circlet_count":0,"master_deck":["Strike_P","Strike_P+1","Strike_P","Strike_P+1","Defend_P","Defend_P","Defend_P","Eruption","Vigilance","Bash+1","Prostrate","Prostrate+1","Judgement+1","Prostrate+1"],"relics":["PureWater","Replay:Towering Pillar of Hats","Orichalcum","Replay:Purple Gloves","Golden Idol","Whetstone","Bag of Preparation","hubris:ScarierMask","Enchiridion","Dream Catcher","Replay:Bottled Steam","reliquary:TatteredRug","Du-Vu Doll","hubris:BottledRain"],"acts_visited":["Exordium","TheCity"],"potions_floor_usage":[11,16,24,28,31,31,33],"damage_taken":[{"damage":12,"enemies":"2 Louse","floor":1,"turns":3},{"damage":5,"enemies":"Jaw Worm","floor":4,"turns":4},{"damage":22,"enemies":"3 Sentries","floor":7,"turns":7},{"damage":0,"enemies":"Small Slimes","floor":10,"turns":3},{"damage":10,"enemies":"Exordium Wildlife","floor":11,"turns":4},{"damage":0,"enemies":"Large Slime","floor":12,"turns":5},{"damage":25,"enemies":"Fading Forest","floor":16,"turns":11},{"damage":0,"enemies":"Chosen","floor":18,"turns":4},{"damage":0,"enemies":"2 Thieves","floor":22,"turns":1},{"damage":15,"enemies":"Book of Stabbing","floor":24,"turns":3},{"damage":7,"enemies":"Slavers","floor":28,"turns":3},{"damage":0,"enemies":"Snake Plant","floor":29,"turns":2},{"damage":0,"enemies":"Colosseum Slavers","floor":30,"turns":2},{"damage":13,"enemies":"Colosseum Nobs","floor":30,"turns":3},{"damage":0,"enemies":"Shelled Parasite and Fungi","floor":31,"turns":1},{"damage":82,"enemies":"Automaton","floor":33,"turns":10}],"seed_played":"-3010854344877538309","potions_obtained":[{"floor":7,"key":"Weak Potion"},{"floor":10,"key":"SteroidPotion"},{"floor":12,"key":"FearPotion"},{"floor":18,"key":"Energy Potion"},{"floor":24,"key":"BottledMiracle"},{"floor":30,"key":"Fire Potion"},{"floor":31,"key":"Swift Potion"}],"is_trial":false,"path_per_floor":["M","?","$","M","T","R","E","?","T","M","M","M","R","$","R","B",null,"M","$","?","?","M","R","E","R","T","R","E","M","?","M","R","B"],"character_chosen":"WATCHER","items_purchased":["Prostrate","Bag of Preparation"],"campfire_rested":4,"item_purchase_floors":[3,14],"current_hp_per_floor":[60,65,65,60,60,60,38,19,19,19,9,9,32,32,55,38,77,77,77,77,61,61,61,46,69,69,69,62,62,49,49,72,0,0],"gold":303,"neow_bonus":"ONE_RARE_RELIC","is_daily":false,"chose_seed":false,"campfire_upgraded":3,"win_rate":0.0,"timestamp":1612541169,"path_taken":["M","?","$","M","?","R","E","?","T","M","M","M","R","?","R","BOSS","M","$","?","?","M","R","E","R","T","R","E","M","?","M","R","BOSS"],"items_purchased_type":["Card","Relic"],"build_version":"2020-12-22","purchased_purges":2,"victory":false,"max_hp_per_floor":[72,77,77,77,77,77,77,77,77,77,77,77,77,77,77,77,77,77,77,77,77,77,77,77,77,77,77,77,77,77,77,77,77,77],"card_choices":[{"not_picked":["InnerPeace","ForeignInfluence"],"picked":"Prostrate","floor":1},{"not_picked":["EmptyBody","Consecrate","Replay:ManipulateFuture"],"picked":"SKIP","floor":4},{"not_picked":["DeceiveReality","FlurryOfBlows","CutThroughFate"],"picked":"SKIP","floor":7},{"not_picked":["Replay:BluntJabs","Establishment","BowlingBash"],"picked":"SKIP","floor":10},{"not_picked":["JustLucky","Replay:BluntJabs","Adaptation"],"picked":"SKIP","floor":11},{"not_picked":["EmptyFist","FlyingSleeves","ClearTheMind"],"picked":"SKIP","floor":12},{"not_picked":["MasterReality","DeusExMachina"],"picked":"Judgement","floor":16},{"not_picked":["SignatureMove+1","ReachHeaven","Replay:Cycle"],"picked":"SKIP","floor":18},{"not_picked":["Wireheading+1","Replay:ManipulateFuture+1"],"picked":"Prostrate+1","floor":22},{"not_picked":["Vengeance","Consecrate","FlyingSleeves"],"picked":"SKIP","floor":24},{"not_picked":["DeceiveReality","Establishment","CutThroughFate"],"picked":"SKIP","floor":28},{"not_picked":["BowlingBash","Nirvana","ReachHeaven"],"picked":"SKIP","floor":29},{"not_picked":["Replay:AtTheReady+1","Consecrate","Replay:Cycle"],"picked":"SKIP","floor":31}],"player_experience":261668,"relics_obtained":[{"floor":5,"key":"Orichalcum"},{"floor":7,"key":"Replay:Purple Gloves"},{"floor":9,"key":"Whetstone"},{"floor":21,"key":"Enchiridion"},{"floor":24,"key":"Dream Catcher"},{"floor":26,"key":"Replay:Bottled Steam"},{"floor":28,"key":"reliquary:TatteredRug"},{"floor":30,"key":"Du-Vu Doll"},{"floor":30,"key":"hubris:BottledRain"}],"event_choices":[{"damage_healed":0,"gold_gain":0,"player_choice":"Donut","damage_taken":0,"max_hp_gain":5,"max_hp_loss":0,"event_name":"Big Fish","floor":2,"gold_loss":0},{"damage_healed":0,"gold_gain":0,"player_choice":"Take Damage","damage_taken":19,"relics_obtained":["Golden Idol"],"max_hp_gain":0,"max_hp_loss":0,"event_name":"Golden Idol","floor":8,"gold_loss":0},{"damage_healed":0,"gold_gain":0,"player_choice":"Obtained Book","damage_taken":16,"max_hp_gain":0,"max_hp_loss":0,"event_name":"Cursed Tome","floor":21,"gold_loss":0},{"damage_healed":0,"gold_gain":0,"player_choice":"Fight","damage_taken":0,"max_hp_gain":0,"max_hp_loss":0,"event_name":"Colosseum","floor":30,"gold_loss":0},{"damage_healed":0,"gold_gain":0,"player_choice":"Fought Nobs","damage_taken":0,"max_hp_gain":0,"max_hp_loss":0,"event_name":"Colosseum","floor":30,"gold_loss":0}],"is_beta":false,"boss_relics":[{"not_picked":["ChewingGum","Pandora\u0027s Box"],"picked":"hubris:ScarierMask"}],"items_purged_floors":[14,19],"is_endless":false,"potions_floor_spawned":[7,10,12,18,24,30,31],"killed_by":"Automaton","ascension_level":3}}