{"host":"06t6i6dwlvtvdxau","time":1612503324,"event":{"mods":["BaseMod","Colored Map","Colored Powertips","GifTheSpireLib","Minty Spire (QoL Compilation)","Quick Restart","Shop Mod","StSLib"],"gold_per_floor":[134,174,189,44,44,44,44,44,69,69,99,28,28,68,68,193,193,233,273,633,233,298,298,653,718,743,808,808,863,928,993,993,1118,1118,1158,1198,1198,861,876,876,502,551,626,635,653,728,763,793,793,818],"floor_reached":51,"language":"FRA","playtime":3196,"items_purged":["Strike_B","Defend_B","Defend_B","Defend_B"],"score":840,"play_id":"32dbef56-f076-492a-8033-33ee5b5c1bfe","local_time":"20210205063524","daily_mods":["Allstar","Purple Cards","Lethality"],"is_ascension_mode":false,"campfire_choices":[{"data":"Apotheosis","floor":6.0,"key":"SMITH"},{"data":"LikeWater","floor":8.0,"key":"SMITH"},{"data":"Secret Weapon","floor":10.0,"key":"SMITH"},{"data":"Secret Technique","floor":15.0,"key":"SMITH"},{"floor":23.0,"key":"REST"},{"floor":32,"key":"REST"},{"floor":40,"key":"REST"},{"floor":49,"key":"REST"}],"circlet_count":0,"master_deck":["Strike_B","Strike_B","Defend_B","Bandage Up","Apotheosis+1","Secret Weapon+1","Secret Technique+1","HandOfGreed","Coolheaded","Coolheaded","LikeWater+1","Vault","LikeWater","Buffer","ClearTheMind","Seek","LikeWater","LikeWater+1","DeusExMachina","WindmillStrike","Streamline","Defragment","Beam Cell","Panacea","Madness","Madness"],"relics":["Cracked Core","Omamori","Ornamental Fan","Busted Crown","DollysMirror","PreservedInsect","Old Coin","Boot","CeramicFish","Strawberry","Fusion Hammer","Juzu Bracelet","HornCleat","Gambling Chip","StoneCalendar","Bag of Preparation"],"acts_visited":["Exordium","TheCity","TheBeyond"],"potions_floor_usage":[50,50,50],"damage_taken":[{"damage":0.0,"enemies":"Cultist","floor":1.0,"turns":2.0},{"damage":10.0,"enemies":"2 Louse","floor":2.0,"turns":3.0},{"damage":4.0,"enemies":"Jaw Worm","floor":3.0,"turns":3.0},{"damage":13.0,"enemies":"Gremlin Nob","floor":11.0,"turns":4.0},{"damage":9.0,"enemies":"Large Slime","floor":14.0,"turns":5.0},{"damage":0.0,"enemies":"The Guardian","floor":16.0,"turns":13.0},{"damage":0.0,"enemies":"Spheric Guardian","floor":18.0,"turns":5.0},{"damage":10.0,"enemies":"2 Thieves","floor":19.0,"turns":5.0},{"damage":0.0,"enemies":"Sentry and Sphere","floor":22.0,"turns":6.0},{"damage":1.0,"enemies":"Book of Stabbing","floor":24.0,"turns":6.0},{"damage":12.0,"enemies":"Cultist and Chosen","floor":25.0,"turns":9.0},{"damage":12.0,"enemies":"Chosen and Byrds","floor":27.0,"turns":7.0},{"damage":25.0,"enemies":"Gremlin Leader","floor":29.0,"turns":7.0},{"damage":0,"enemies":"Sentry and Sphere","floor":30,"turns":6},{"damage":14,"enemies":"Centurion and Healer","floor":31,"turns":8},{"damage":10,"enemies":"Champ","floor":33,"turns":16},{"damage":0,"enemies":"3 Darklings","floor":35,"turns":7},{"damage":0,"enemies":"3 Shapes","floor":36,"turns":5},{"damage":9,"enemies":"Transient","floor":39,"turns":6},{"damage":0,"enemies":"Spire Growth","floor":42,"turns":5},{"damage":20,"enemies":"Mind Bloom Boss Battle","floor":46,"turns":6},{"damage":2,"enemies":"2 Orb Walkers","floor":47,"turns":5},{"damage":0,"enemies":"Nemesis","floor":48,"turns":5},{"damage":29,"enemies":"Time Eater","floor":50,"turns":6}],"seed_played":"4031875728642390749","potions_obtained":[{"floor":2.0,"key":"SkillPotion"},{"floor":11.0,"key":"CultistPotion"},{"floor":16.0,"key":"PowerPotion"},{"floor":19.0,"key":"FocusPotion"},{"floor":48,"key":"Dexterity Potion"}],"is_trial":false,"path_per_floor":["M","M","M","$","?","R","$","R","T","R","E","$","?","M","R","B",null,"M","M","?","$","M","R","E","M","T","M","T","E","M","M","R","B",null,"M","M","?","$","M","R","$","M","T","?","?","?","?","E","R","B",null],"character_chosen":"DEFECT","items_purchased":["LikeWater","LikeWater","DollysMirror","PreservedInsect","DeusExMachina","WindmillStrike","Juzu Bracelet","Streamline","Defragment"],"campfire_rested":4,"item_purchase_floors":[4,12,21,21,38,38,41,41,41],"current_hp_per_floor":[75,65,65,65,65,65,65,65,65,65,58,58,58,55,55,61,75,75,71,35,35,41,63,66,60,60,54,54,40,46,38,62,58,82,82,82,82,82,79,82,82,82,82,82,72,58,62,68,82,59],"gold":818,"neow_bonus":"","is_daily":true,"chose_seed":false,"campfire_upgraded":4,"win_rate":0.0,"timestamp":1612503324,"path_taken":["M","M","?","$","?","R","?","R","T","R","E","$","?","M","R","BOSS","M","M","?","$","?","R","E","M","T","M","?","E","M","M","R","BOSS","M","M","?","$","M","R","$","M","T","?","?","?","?","E","R","BOSS"],"items_purchased_type":["Card","Card","Relic","Relic","Card","Card","Relic","Card","Card"],"build_version":"2020-12-22","purchased_purges":4,"victory":true,"max_hp_per_floor":[75,75,75,75,75,75,75,75,75,75,75,75,75,75,75,75,75,75,75,75,75,75,75,75,75,75,75,75,82,82,82,82,82,82,82,82,82,82,82,82,82,82,82,82,82,82,82,82,82,82],"card_choices":[{"not_picked":["Conserve Battery","Coolheaded","Stack"],"picked":"SKIP","floor":1.0},{"not_picked":["Conserve Battery","Stack"],"picked":"Coolheaded","floor":1.0},{"not_picked":["ClearTheMind","Ball Lightning","Swivel"],"picked":"SKIP","floor":2.0},{"not_picked":["Lockon","Cold Snap"],"picked":"Coolheaded","floor":3.0},{"not_picked":["Sweeping Beam","CutThroughFate"],"picked":"Vault","floor":11.0},{"not_picked":["SashWhip","CrushJoints"],"picked":"ClearTheMind","floor":14.0},{"not_picked":["Core Surge","Creative AI"],"picked":"Seek","floor":16.0},{"not_picked":["SashWhip"],"picked":"SKIP","floor":18.0},{"not_picked":[],"picked":"LikeWater","floor":19.0},{"not_picked":["Hologram"],"picked":"SKIP","floor":22.0},{"not_picked":["Hello World"],"picked":"SKIP","floor":24.0},{"not_picked":["Hello World"],"picked":"SKIP","floor":24.0},{"not_picked":["Redo"],"picked":"SKIP","floor":25.0},{"not_picked":["Sweeping Beam"],"picked":"SKIP","floor":27.0},{"not_picked":["EmptyBody"],"picked":"SKIP","floor":29.0},{"not_picked":["Sweeping Beam"],"picked":"SKIP","floor":30},{"not_picked":["Weave"],"picked":"SKIP","floor":31},{"not_picked":["Hologram"],"picked":"SKIP","floor":35},{"not_picked":["EmptyBody"],"picked":"SKIP","floor":36},{"not_picked":["Conserve Battery"],"picked":"SKIP","floor":39},{"not_picked":[],"picked":"Beam Cell","floor":42},{"not_picked":[],"picked":"Panacea","floor":44},{"not_picked":["CrushJoints"],"picked":"SKIP","floor":48}],"player_experience":777472,"relics_obtained":[{"floor":9.0,"key":"Omamori"},{"floor":11.0,"key":"Ornamental Fan"},{"floor":24.0,"key":"Old Coin"},{"floor":26.0,"key":"Boot"},{"floor":28.0,"key":"CeramicFish"},{"floor":29.0,"key":"Strawberry"},{"floor":43,"key":"HornCleat"},{"floor":46,"key":"Gambling Chip"},{"floor":47,"key":"StoneCalendar"},{"floor":48,"key":"Bag of Preparation"}],"event_choices":[{"cards_removed":["Zap"],"damage_healed":0.0,"max_hp_gain":0.0,"max_hp_loss":0.0,"gold_gain":0.0,"event_name":"Living Wall","player_choice":"Forget","floor":5.0,"gold_loss":0.0,"damage_taken":0.0},{"damage_healed":0.0,"max_hp_gain":0.0,"max_hp_loss":0.0,"gold_gain":0.0,"cards_transformed":["Dualcast"],"event_name":"Transmorgrifier","player_choice":"Transformed","floor":13.0,"gold_loss":0.0,"damage_taken":0.0,"cards_obtained":["Buffer"]},{"damage_healed":0.0,"max_hp_gain":0.0,"max_hp_loss":0.0,"gold_gain":360.0,"event_name":"Knowing Skull","player_choice":"GOLD GOLD GOLD GOLD ","floor":20.0,"potions_obtained":[],"gold_loss":0.0,"damage_taken":36.0,"cards_obtained":[]},{"cards_removed":["Strike_B"],"damage_healed":0,"gold_gain":0,"player_choice":"Removed Attack","damage_taken":0,"max_hp_gain":0,"max_hp_loss":0,"event_name":"Falling","floor":37,"gold_loss":0},{"damage_healed":0,"gold_gain":0,"player_choice":"Memory 1","damage_taken":0,"max_hp_gain":0,"max_hp_loss":0,"event_name":"SensoryStone","floor":44,"gold_loss":0},{"damage_healed":0,"gold_gain":0,"player_choice":"Embrace Madness","damage_taken":10,"max_hp_gain":0,"max_hp_loss":0,"event_name":"Winding Halls","floor":45,"gold_loss":0,"cards_obtained":["Madness","Madness"]},{"damage_healed":0,"gold_gain":0,"player_choice":"Fight","damage_taken":0,"max_hp_gain":0,"max_hp_loss":0,"event_name":"MindBloom","floor":46,"gold_loss":0},{"damage_healed":0,"gold_gain":0,"player_choice":"Fight","damage_taken":0,"max_hp_gain":0,"max_hp_loss":0,"event_name":"Mysterious Sphere","floor":47,"gold_loss":0}],"is_beta":false,"boss_relics":[{"not_picked":["Nuclear Battery","Snecko Eye"],"picked":"Busted Crown"},{"not_picked":["SacredBark","Runic Pyramid"],"picked":"Fusion Hammer"}],"items_purged_floors":[4,21,38,41],"is_endless":false,"potions_floor_spawned":[2,11,16,19,22,27,29,36,39,42,48],"ascension_level":0}}