{"host":"1ooxfz79hmpvpehx","time":1612493476,"event":{"mods":["BaseMod","Minty Spire (QoL Compilation)","Quick Restart","Replay The Spire","StSLib","SuperFastMode"],"gold_per_floor":[112,129,129,79,79,113,133,160,160,195,49,68,68,79,79,79,79],"floor_reached":16,"language":"ENG","playtime":322,"items_purged":["Strike_B"],"score":145,"play_id":"95288f12-5889-400a-87b3-391dc8fead5b","local_time":"20210204235116","is_ascension_mode":false,"campfire_choices":[{"data":"Creative AI","floor":13,"key":"SMITH"},{"data":"Storm","floor":15,"key":"SMITH"}],"circlet_count":0,"master_deck":["Strike_B","Defend_B","Defend_B","Defend_B+1","Defend_B","Zap","Dualcast+1","Defragment+1","Creative AI+1","Machine Learning","Storm+1","Capacitor"],"relics":["Cracked Core","NeowsBlessing","War Paint","Letter Opener","Lantern","Anchor"],"acts_visited":["Exordium"],"potions_floor_usage":[16,16,16],"damage_taken":[{"damage":0,"enemies":"Small Slimes","floor":1,"turns":1},{"damage":0,"enemies":"Jaw Worm","floor":2,"turns":1},{"damage":0,"enemies":"Gremlin Nob","floor":6,"turns":1},{"damage":0,"enemies":"2 Louse","floor":7,"turns":2},{"damage":27,"enemies":"3 Sentries","floor":8,"turns":3},{"damage":12,"enemies":"Lagavulin","floor":10,"turns":8},{"damage":0,"enemies":"Exordium Wildlife","floor":12,"turns":3},{"damage":0,"enemies":"Looter","floor":14,"turns":2},{"damage":39,"enemies":"Fading Forest","floor":16,"turns":5}],"seed_played":"-3234561497604122683","potions_obtained":[{"floor":2,"key":"Dexterity Potion"},{"floor":6,"key":"Energy Potion"},{"floor":10,"key":"FearPotion"}],"is_trial":false,"path_per_floor":["M","M","?","?","?","E","M","E","T","E","$","M","R","M","R","B"],"character_chosen":"DEFECT","items_purchased":["Storm"],"campfire_rested":0,"item_purchase_floors":[11],"current_hp_per_floor":[75,75,75,75,68,68,68,41,41,29,29,29,29,29,29,0,0],"gold":79,"neow_bonus":"THREE_ENEMY_KILL","is_daily":false,"chose_seed":false,"campfire_upgraded":2,"win_rate":0.0,"timestamp":1612493476,"path_taken":["M","M","?","?","?","E","M","E","T","E","$","M","R","M","R","BOSS"],"items_purchased_type":["Card"],"build_version":"2020-12-22","purchased_purges":1,"victory":false,"max_hp_per_floor":[75,75,75,75,75,75,75,75,75,75,75,75,75,75,75,75,75],"card_choices":[{"not_picked":["Barrage","Stack","Time Bomb"],"picked":"SKIP","floor":1},{"not_picked":["BootSequence","ReplayTheSpireMod:Repulse"],"picked":"Defragment","floor":2},{"not_picked":["Beam Cell","Ball Lightning","Go for the Eyes"],"picked":"SKIP","floor":6},{"not_picked":["Conserve Battery","Redo"],"picked":"Creative AI","floor":7},{"not_picked":["Compile Driver","Rip and Tear","Beam Cell"],"picked":"SKIP","floor":8},{"not_picked":["BasicCrystalCard","Steam Power"],"picked":"Machine Learning","floor":10},{"not_picked":["Hologram","Beam Cell","Streamline"],"picked":"SKIP","floor":12},{"not_picked":["ReplayTheSpireMod:Calculation Training","Coolheaded"],"picked":"Capacitor","floor":14}],"player_experience":14398,"relics_obtained":[{"floor":6,"key":"War Paint"},{"floor":8,"key":"Letter Opener"},{"floor":9,"key":"Lantern"},{"floor":10,"key":"Anchor"}],"event_choices":[{"damage_healed":0,"gold_gain":0,"player_choice":"Grow","damage_taken":0,"max_hp_gain":0,"max_hp_loss":0,"event_name":"Living Wall","floor":3,"gold_loss":0,"cards_upgraded":["Defragment"]},{"cards_removed":["Strike_B"],"damage_healed":0,"gold_gain":0,"player_choice":"Card Removal","damage_taken":0,"max_hp_gain":0,"max_hp_loss":0,"event_name":"The Cleric","floor":4,"gold_loss":50},{"cards_removed":["Strike_B"],"damage_healed":0,"gold_gain":0,"player_choice":"Card Removal","damage_taken":7,"max_hp_gain":0,"max_hp_loss":0,"event_name":"Golden Wing","floor":5,"gold_loss":0}],"is_beta":false,"boss_relics":[],"items_purged_floors":[11],"is_endless":false,"potions_floor_spawned":[2,6,10],"killed_by":"Fading Forest","ascension_level":0}}