{"host":"d4km6p8r92tm3vpl","time":1612559782,"event":{"mods":["AchievementEnabler","BaseMod","Colored Map","Colored Powertips","DeckTracker","Minty Spire (QoL Compilation)","Relic Stats","StSLib"],"gold_per_floor":[114,124,142,157,177,177,49,76,76,105,105,125,125,150,150,224,224,244,69,69,69,69,69,104,104,174,174,22,22,34,47,47,121,121,141,159,205,215,10,10,30,62,88,88,119,145,0,12,24,36,36],"floor_reached":50,"language":"ENG","playtime":1982,"items_purged":["Strike_G","Strike_G","Writhe"],"score":1050,"play_id":"4079b491-e0a6-4397-9854-61a66148b2d5","local_time":"20210205161622","is_ascension_mode":true,"campfire_choices":[{"data":"Neutralize","floor":6.0,"key":"SMITH"},{"data":"Terror","floor":11.0,"key":"SMITH"},{"data":"Bouncing Flask","floor":13.0,"key":"SMITH"},{"data":"Footwork","floor":15.0,"key":"SMITH"},{"data":"Adrenaline","floor":23.0,"key":"SMITH"},{"data":"Bouncing Flask","floor":25.0,"key":"SMITH"},{"data":"Blade Dance","floor":27.0,"key":"SMITH"},{"data":"Crippling Poison","floor":32.0,"key":"SMITH"},{"data":"Catalyst","floor":40,"key":"SMITH"},{"data":"Wraith Form v2","floor":44,"key":"SMITH"},{"floor":49,"key":"RECALL"}],"circlet_count":0,"master_deck":["AscendersBane","Strike_G+1","Strike_G+1","Defend_G","Defend_G","Defend_G","Survivor","Neutralize+1","Dash","Predator","Dash","Leg Sweep","Blade Dance+1","Flying Knee","Terror+1","Bouncing Flask+1","Footwork+1","Adrenaline+1","Backflip","Bouncing Flask+1","Deadly Poison","Catalyst+1","Crippling Poison+1","Leg Sweep","Backflip","Die Die Die","Venomology+1","Caltrops+1","Burst+1","Backflip","Blur","Wraith Form v2+1","Blur+1","Footwork","Backflip","Adrenaline"],"relics":["Ring of the Snake","Whetstone","Mango","Gremlin Horn","CaptainsWheel","Coffee Dripper","Juzu Bracelet","Sundial","Astrolabe","Unceasing Top","Pantograph","Vajra","MawBank","Red Mask"],"acts_visited":["Exordium","TheCity","TheBeyond"],"potions_floor_usage":[35,37,38,41,42,42,46,50,50,50,50],"damage_taken":[{"damage":0.0,"enemies":"Cultist","floor":1.0,"turns":4.0},{"damage":0.0,"enemies":"Small Slimes","floor":2.0,"turns":4.0},{"damage":1.0,"enemies":"Jaw Worm","floor":3.0,"turns":5.0},{"damage":2.0,"enemies":"2 Fungi Beasts","floor":4.0,"turns":5.0},{"damage":0.0,"enemies":"Looter","floor":5.0,"turns":5.0},{"damage":4.0,"enemies":"3 Sentries","floor":8.0,"turns":11.0},{"damage":16.0,"enemies":"Lagavulin","floor":10.0,"turns":8.0},{"damage":3.0,"enemies":"Blue Slaver","floor":12.0,"turns":3.0},{"damage":14.0,"enemies":"Gremlin Nob","floor":14.0,"turns":4.0},{"damage":2.0,"enemies":"The Guardian","floor":16.0,"turns":9.0},{"damage":0.0,"enemies":"Spheric Guardian","floor":18.0,"turns":4.0},{"damage":12.0,"enemies":"Slavers","floor":24.0,"turns":8.0},{"damage":23.0,"enemies":"Chosen","floor":30.0,"turns":5.0},{"damage":12.0,"enemies":"Shelled Parasite and Fungi","floor":31.0,"turns":7.0},{"damage":17.0,"enemies":"Automaton","floor":33.0,"turns":10.0},{"damage":0,"enemies":"Orb Walker","floor":35,"turns":3},{"damage":0,"enemies":"3 Darklings","floor":36,"turns":5},{"damage":23,"enemies":"2 Orb Walkers","floor":37,"turns":7},{"damage":6,"enemies":"Transient","floor":38,"turns":5},{"damage":0,"enemies":"4 Shapes","floor":41,"turns":7},{"damage":0,"enemies":"Nemesis","floor":42,"turns":9},{"damage":0,"enemies":"Reptomancer","floor":45,"turns":8},{"damage":0,"enemies":"Jaw Worm Horde","floor":46,"turns":4},{"damage":79,"enemies":"Donu and Deca","floor":50,"turns":9}],"seed_played":"-6107118485397774324","potions_obtained":[{"floor":1.0,"key":"SteroidPotion"},{"floor":3.0,"key":"LiquidMemories"},{"floor":30.0,"key":"AttackPotion"},{"floor":31.0,"key":"Dexterity Potion"}],"is_trial":false,"path_per_floor":["M","M","M","M","M","R","$","E","T","E","R","M","R","E","R","B",null,"M","$","?","?","?","R","E","R","T","R","$","?","M","M","R","B",null,"M","M","?","M","$","R","M","E","T","R","E","M","?","?","R","B"],"character_chosen":"THE_SILENT","items_purchased":["Blade Dance","Bouncing Flask","Catalyst","Crippling Poison","Footwork"],"campfire_rested":0,"item_purchase_floors":[7,19,28,28,39],"current_hp_per_floor":[65,65,64,62,62,62,62,58,72,56,56,53,53,39,39,37,74,74,74,74,74,74,74,62,62,62,62,62,62,39,27,27,10,67,67,67,44,38,38,38,38,38,38,38,38,38,38,38,38,0,0],"gold":36,"neow_bonus":"TEN_PERCENT_HP_BONUS","is_daily":false,"chose_seed":false,"campfire_upgraded":10,"win_rate":0.0,"timestamp":1612559782,"path_taken":["M","M","?","M","M","R","$","E","T","E","R","?","R","E","R","BOSS","M","$","?","?","?","R","E","R","T","R","$","?","M","M","R","BOSS","M","M","?","M","$","R","M","E","T","R","E","M","?","?","R","BOSS"],"items_purchased_type":["Card","Card","Card","Card","Card"],"build_version":"2020-12-22","purchased_purges":3,"victory":false,"max_hp_per_floor":[72,72,72,72,72,72,72,72,86,86,86,86,86,86,86,86,86,86,86,86,86,86,86,86,86,86,86,86,86,86,86,86,86,86,86,86,86,86,86,86,86,86,86,86,86,86,86,82,82,82,82],"relic_stats":{"Gremlin Horn":[20,20],"counters":[24,149],"Sundial":[6],"Astrolabe":["Venomology","Caltrops","Burst"],"Pantograph":25,"Juzu Bracelet":0,"Whetstone":["Strike_G","Strike_G"],"MawBank":60,"obtain_stats":[{"Gremlin Horn":10,"Astrolabe":34,"Vajra":43,"Mango":9,"Juzu Bracelet":22,"Whetstone":8,"MawBank":45,"CaptainsWheel":14,"Sundial":24,"Pantograph":42,"Coffee Dripper":17,"Red Mask":47,"Unceasing Top":37,"Ring of the Snake":0},{"Gremlin Horn":7,"Astrolabe":15,"Vajra":21,"Mango":6,"Juzu Bracelet":11,"Whetstone":6,"MawBank":22,"CaptainsWheel":9,"Sundial":12,"Pantograph":21,"Coffee Dripper":10,"Red Mask":23,"Unceasing Top":18,"Ring of the Snake":0},{"Gremlin Horn":42,"Astrolabe":92,"Vajra":128,"Mango":34,"Juzu Bracelet":62,"Whetstone":34,"MawBank":136,"CaptainsWheel":49,"Sundial":70,"Pantograph":128,"Coffee Dripper":58,"Red Mask":140,"Unceasing Top":107,"Ring of the Snake":0}],"Unceasing Top":[4],"Ring of the Snake":[48]},"card_choices":[{"not_picked":["Terror","Deadly Poison"],"picked":"Dash","floor":1.0},{"not_picked":["Sucker Punch","Flying Knee"],"picked":"Predator","floor":2.0},{"not_picked":["Setup","Outmaneuver","Bane"],"picked":"SKIP","floor":3.0},{"not_picked":["Blur","Quick Slash"],"picked":"Dash","floor":4.0},{"not_picked":["Bane","Reflex"],"picked":"Leg Sweep","floor":5.0},{"not_picked":["Poisoned Stab","Dodge and Roll"],"picked":"Flying Knee","floor":8.0},{"not_picked":["Deflect","Accuracy"],"picked":"Terror","floor":10.0},{"not_picked":["Deadly Poison","Underhanded Strike"],"picked":"Bouncing Flask","floor":12.0},{"not_picked":["Storm of Steel","Distraction"],"picked":"Footwork","floor":14.0},{"not_picked":["Burst","Wraith Form v2"],"picked":"Adrenaline","floor":16.0},{"not_picked":["Prepared","Backstab"],"picked":"Backflip","floor":18.0},{"not_picked":["Dodge and Roll","Deadly Poison","PiercingWail"],"picked":"SKIP","floor":24.0},{"not_picked":["Accuracy","Prepared+1"],"picked":"Leg Sweep","floor":30.0},{"not_picked":["Dodge and Roll","Doppelganger"],"picked":"Backflip","floor":31.0},{"not_picked":["Burst","Unload"],"picked":"Die Die Die","floor":33.0},{"not_picked":["Blade Dance","Flying Knee"],"picked":"Backflip","floor":35},{"not_picked":["Accuracy+1","Underhanded Strike+1"],"picked":"Blur","floor":36},{"not_picked":["Prepared","Finisher"],"picked":"Wraith Form v2","floor":37},{"not_picked":["Sucker Punch","Dagger Throw"],"picked":"Blur+1","floor":38},{"not_picked":["Dagger Throw","Deflect+1"],"picked":"Backflip","floor":41},{"not_picked":["Underhanded Strike","Distraction+1"],"picked":"Adrenaline","floor":42},{"not_picked":["Phantasmal Killer","Expertise","Quick Slash+1"],"picked":"SKIP","floor":45},{"not_picked":["Dagger Spray+1","Bane","Underhanded Strike+1"],"picked":"SKIP","floor":46}],"player_experience":842994,"relics_obtained":[{"floor":8.0,"key":"Whetstone"},{"floor":9.0,"key":"Mango"},{"floor":10.0,"key":"Gremlin Horn"},{"floor":14.0,"key":"CaptainsWheel"},{"floor":24.0,"key":"Sundial"},{"floor":37,"key":"Unceasing Top"},{"floor":42,"key":"Pantograph"},{"floor":43,"key":"Vajra"},{"floor":45,"key":"MawBank"}],"event_choices":[{"damage_healed":0.0,"max_hp_gain":0.0,"max_hp_loss":0.0,"gold_gain":0.0,"event_name":"Vampires","player_choice":"Ignored","floor":20.0,"gold_loss":0.0,"damage_taken":0.0},{"damage_healed":0.0,"max_hp_gain":0.0,"max_hp_loss":0.0,"gold_gain":0.0,"event_name":"The Library","player_choice":"Read","floor":21.0,"gold_loss":0.0,"damage_taken":0.0,"cards_obtained":["Deadly Poison"]},{"damage_healed":0.0,"max_hp_gain":0.0,"max_hp_loss":0.0,"gold_gain":0.0,"event_name":"The Mausoleum","player_choice":"Opened","floor":22.0,"gold_loss":0.0,"damage_taken":0.0,"relics_obtained":["Juzu Bracelet"],"cards_obtained":["Writhe"]},{"damage_healed":0.0,"max_hp_gain":0.0,"max_hp_loss":0.0,"gold_gain":0.0,"event_name":"Ghosts","player_choice":"Ignored","floor":29.0,"gold_loss":0.0,"damage_taken":0.0},{"damage_healed":0,"gold_gain":0,"player_choice":"Fight","damage_taken":0,"max_hp_gain":0,"max_hp_loss":0,"event_name":"Mysterious Sphere","floor":37,"gold_loss":0},{"damage_healed":0,"gold_gain":0,"player_choice":"Paid","damage_taken":0,"relics_obtained":["Red Mask"],"max_hp_gain":0,"max_hp_loss":0,"event_name":"Tomb of Lord Red Mask","floor":47,"gold_loss":157},{"damage_healed":0,"gold_gain":0,"player_choice":"Max HP","damage_taken":0,"max_hp_gain":0,"max_hp_loss":4,"event_name":"Winding Halls","floor":48,"gold_loss":0}],"is_beta":false,"boss_relics":[{"not_picked":["SacredBark","Sozu"],"picked":"Coffee Dripper"},{"not_picked":["WristBlade","Calling Bell"],"picked":"Astrolabe"}],"items_purged_floors":[7,19,39],"is_endless":false,"potions_floor_spawned":[1,3,10,12,16,30,31,37,38,41,45,46],"killed_by":"Donu and Deca","ascension_level":14}}