{"host":"0s8kyghz8ihx2r41","time":1612495191,"event":{"mods":["100% Spire Juice","2.2 Compatiblity","Act Like it!","Bard","BaseMod","CapriCore","Chen","Conspire","Downfall","Friendly Minions","GungeonMod","Hermit","HololiveMod","Hubris","Koishi","Lobotomy","LobotomyExtend","Marisa（霧雨　魔理沙）","Minty Spire (QoL Compilation)","Monster B Gone","Morshu Shopkeeper","Prisma Mod","Reimu（博??梦）","Reliquary","Replay The Spire","Spire Birthday Party","StSLib","The Administrix","The Alterego","The Clintock","The Construct","The Cursed","The Disciple","The Edgeheg","The Gatherer","The Immortal","The Marked","The Mystic","The Servant 0.9.4","TheBandit","TheSwordswoman","TheVacant","Waifu the Spire","Yakumo Yukari mod","Yuyuko","everything is the same but u backflip on backflip","slay the spire mod where everything is the same but ironclad has a cowboy hat"],"gold_per_floor":[114,126,126,141,69,69,84,111,111,111,111,111,131,160,160,260,260,276,276,28,26,26,26,37,37,89,100,100,100,100,100,100,100,100],"floor_reached":33,"language":"ENG","playtime":1556,"items_purged":[],"score":278,"play_id":"c517d015-e269-4d67-93b3-44e14c112c8e","local_time":"20210204221951","is_ascension_mode":false,"campfire_choices":[{"data":"AdministrixMod:SyncreticSurge","floor":6,"key":"SMITH"},{"floor":12,"key":"REST"},{"floor":15,"key":"REST"},{"floor":23,"key":"REST"},{"floor":25,"key":"REST"},{"floor":28,"key":"REST"},{"data":"AdministrixMod:ExtolVirtue","floor":32,"key":"SMITH"}],"circlet_count":0,"master_deck":["AdministrixMod:Strike_Administrix","AdministrixMod:Strike_Administrix","AdministrixMod:Strike_Administrix","AdministrixMod:Strike_Administrix","AdministrixMod:RedCloak","AdministrixMod:Defend_Administrix","AdministrixMod:Defend_Administrix","AdministrixMod:Defend_Administrix","AdministrixMod:BlueCloak","AdministrixMod:LightOfYourLife","AdministrixMod:SyncreticSurge+1","AdministrixMod:TouchOfCinnabar","AdministrixMod:JustRewards","AdministrixMod:FiendishCrimson","AdministrixMod:ImmortalGrace","AdministrixMod:DeathByGlamour","AdministrixMod:ExtolVirtue+1","AdministrixMod:ImmortalGrace","AdministrixMod:ImmortalPurity","AdministrixMod:HiddenPower"],"relics":["AdministrixMod:ConductorRitualBaton","LetterFromLob","Centennial Puzzle","Pear","Iron Hammer","Blue Candle","Sling","reliquary:PartyBalloon"],"acts_visited":["Exordium","TheCity"],"potions_floor_usage":[8,16,16,16,33],"damage_taken":[{"damage":1,"enemies":"Cultist","floor":1,"turns":3},{"damage":5,"enemies":"Jaw Worm","floor":2,"turns":4},{"damage":1,"enemies":"Small Slimes","floor":4,"turns":4},{"damage":3,"enemies":"Looter","floor":7,"turns":2},{"damage":30,"enemies":"Gremlin Nob","floor":8,"turns":4},{"damage":0,"enemies":"Exordium Wildlife","floor":13,"turns":3},{"damage":10,"enemies":"Lagavulin","floor":14,"turns":5},{"damage":36,"enemies":"Hexaghost","floor":16,"turns":5},{"damage":21,"enemies":"Spheric Guardian","floor":18,"turns":5},{"damage":14,"enemies":"2 Thieves","floor":21,"turns":4},{"damage":38,"enemies":"Shelled Parasite and Fungi","floor":24,"turns":5},{"damage":12,"enemies":"3 Cultists","floor":27,"turns":4},{"damage":92,"enemies":"Collector","floor":33,"turns":8}],"seed_played":"-3112737036734994177","potions_obtained":[{"floor":2,"key":"ColorlessPotion"},{"floor":4,"key":"Strength Potion"},{"floor":7,"key":"Strength Potion"},{"floor":14,"key":"BlessingOfTheForge"},{"floor":18,"key":"Languid Potion"},{"floor":21,"key":"BlessingOfTheForge"}],"is_trial":false,"path_per_floor":["M","M","?","M","$","R","M","E","T","?","?","R","M","E","R","B",null,"M","?","$","M","M","R","M","R","T","M","R","?","?","?","R","B"],"character_chosen":"TheAdministrix","items_purchased":["AdministrixMod:JustRewards","AdministrixMod:ImmortalGrace","Sling","AdministrixMod:ImmortalPurity"],"campfire_rested":5,"item_purchase_floors":[5,20,20,20],"current_hp_per_floor":[70,65,65,64,64,64,61,35,45,50,50,75,75,65,86,54,86,65,60,60,53,53,78,40,65,65,57,82,82,82,82,82,0,0],"gold":100,"neow_bonus":"TEN_PERCENT_HP_BONUS","is_daily":false,"chose_seed":false,"campfire_upgraded":2,"win_rate":0.0,"timestamp":1612495191,"path_taken":["M","?","?","M","$","R","M","E","T","?","?","R","M","E","R","BOSS","M","?","$","M","M","R","M","R","T","M","R","?","?","?","R","BOSS"],"items_purchased_type":["Card","Card","Relic","Card"],"build_version":"2020-12-22","purchased_purges":0,"victory":false,"max_hp_per_floor":[71,71,71,71,71,71,71,71,81,86,86,86,86,86,86,86,86,86,86,86,86,86,86,86,86,86,86,86,86,86,86,86,86,86],"card_choices":[{"not_picked":["AdministrixMod:RegentEdict","AdministrixMod:SealAway"],"picked":"AdministrixMod:LightOfYourLife","floor":1},{"not_picked":["AdministrixMod:WickedPunishment","AdministrixMod:ShadowPlay"],"picked":"AdministrixMod:SyncreticSurge","floor":2},{"not_picked":["AdministrixMod:BishamonBlessing","AdministrixMod:RebukeDesires"],"picked":"AdministrixMod:TouchOfCinnabar","floor":4},{"not_picked":["AdministrixMod:CrackingPangu","AdministrixMod:ShadowPlay"],"picked":"AdministrixMod:FiendishCrimson","floor":7},{"not_picked":["AdministrixMod:LightOfYourLife","AdministrixMod:JustRewards","AdministrixMod:Metempsychosis"],"picked":"SKIP","floor":8},{"not_picked":["AdministrixMod:LightOfYourLife","AdministrixMod:RebukeDesires"],"picked":"AdministrixMod:ImmortalGrace","floor":13},{"not_picked":["AdministrixMod:BattleforgedBonds","AdministrixMod:Metempsychosis"],"picked":"AdministrixMod:FuneraryRites","floor":14},{"not_picked":["AdministrixMod:CosmosControl","AdministrixMod:FaithfulFlames"],"picked":"AdministrixMod:DeathByGlamour","floor":16},{"not_picked":["AdministrixMod:RegentEdict+1","AdministrixMod:ShadowPlay"],"picked":"AdministrixMod:ExtolVirtue","floor":18},{"not_picked":["AdministrixMod:Transition","AdministrixMod:SealAway","AdministrixMod:ImmortalPurity"],"picked":"SKIP","floor":21},{"not_picked":["AdministrixMod:UnstableVigor","AdministrixMod:WickedPunishment","AdministrixMod:ImmortalGrace"],"picked":"SKIP","floor":24},{"not_picked":["AdministrixMod:Overdrive","AdministrixMod:SealAway"],"picked":"AdministrixMod:HiddenPower","floor":27}],"player_experience":353756,"relics_obtained":[{"floor":1,"key":"LetterFromLob"},{"floor":8,"key":"Centennial Puzzle"},{"floor":9,"key":"Pear"},{"floor":14,"key":"Iron Hammer"},{"floor":26,"key":"reliquary:PartyBalloon"}],"event_choices":[{"damage_healed":0,"gold_gain":0,"player_choice":"Donut","damage_taken":0,"max_hp_gain":5,"max_hp_loss":0,"event_name":"Big Fish","floor":10,"gold_loss":0},{"damage_healed":0,"gold_gain":0,"player_choice":"Ignored","damage_taken":0,"max_hp_gain":0,"max_hp_loss":0,"event_name":"Shining Light","floor":11,"gold_loss":0},{"cards_removed":["AdministrixMod:FuneraryRites"],"damage_healed":0,"gold_gain":0,"player_choice":"Elegance","damage_taken":0,"max_hp_gain":0,"max_hp_loss":0,"event_name":"Back to Basics","floor":30,"gold_loss":0},{"damage_healed":0,"gold_gain":0,"player_choice":"Leave","damage_taken":0,"max_hp_gain":0,"max_hp_loss":0,"event_name":"conspire:Investor","floor":31,"gold_loss":0}],"is_beta":false,"boss_relics":[{"not_picked":["Replay:Drink Me","Velvet Choker","reliquary:KinkedSpring"]}],"items_purged_floors":[],"is_endless":false,"potions_floor_spawned":[2,4,7,14,18,21],"killed_by":"Collector","ascension_level":0}}