{"host":"yplejd20ey2t49en","time":1612547684,"event":{"mods":["BaseMod","Colored Powertips","Highlight Path","Minty Spire (QoL Compilation)","Relic Stats"],"gold_per_floor":[113,128,140,215,229,229,229,262,262,262,297,315,1,19,19,117,117,128,115,115,115],"floor_reached":20,"language":"ENG","playtime":1287,"items_purged":[],"score":186,"play_id":"bdbe9721-d089-49c6-96be-a73a2eae902e","local_time":"20210205195444","is_ascension_mode":false,"campfire_choices":[{"data":"FlurryOfBlows","floor":6.0,"key":"SMITH"},{"data":"Protect","floor":10.0,"key":"SMITH"},{"data":"DevaForm","floor":15,"key":"SMITH"}],"circlet_count":0,"master_deck":["Strike_P","Strike_P","Defend_P","Defend_P","Defend_P","Defend_P","Vigilance+1","FearNoEvil","FlurryOfBlows+1","Tantrum","Protect+1","PathToVictory","JustLucky","DevaForm+1","ThirdEye","Establishment","ConjureBlade","PathToVictory","Adaptation+1"],"relics":["PureWater","Orichalcum","Damaru","Blue Candle","Lee\u0027s Waffle","Empty Cage"],"acts_visited":["Exordium","TheCity"],"potions_floor_usage":[12,12,20],"damage_taken":[{"damage":10.0,"enemies":"2 Louse","floor":1.0,"turns":3.0},{"damage":0.0,"enemies":"Small Slimes","floor":2.0,"turns":3.0},{"damage":1.0,"enemies":"Jaw Worm","floor":3.0,"turns":2.0},{"damage":0.0,"enemies":"2 Fungi Beasts","floor":5.0,"turns":2.0},{"damage":18.0,"enemies":"Lagavulin","floor":8.0,"turns":8.0},{"damage":10,"enemies":"Gremlin Nob","floor":11,"turns":3},{"damage":6,"enemies":"Exordium Wildlife","floor":12,"turns":4},{"damage":0,"enemies":"Large Slime","floor":14,"turns":7},{"damage":57,"enemies":"Hexaghost","floor":16,"turns":13},{"damage":12,"enemies":"Shell Parasite","floor":18,"turns":7},{"damage":17,"enemies":"2 Thieves","floor":19,"turns":4},{"damage":62,"enemies":"Masked Bandits","floor":20,"turns":3}],"seed_played":"-7463329804157138933","potions_obtained":[{"floor":3.0,"key":"Regen Potion"},{"floor":5.0,"key":"Regen Potion"},{"floor":11,"key":"SkillPotion"}],"is_trial":false,"path_per_floor":["M","M","M","?","M","R","?","E","T","R","E","M","$","M","R","B",null,"M","M","?"],"character_chosen":"WATCHER","items_purchased":["DevaForm","Lee\u0027s Waffle","ThirdEye"],"campfire_rested":0,"item_purchase_floors":[13,13,13],"current_hp_per_floor":[62,62,61,50,50,50,43,25,25,25,15,21,79,79,79,22,79,67,50,0,0],"gold":115,"neow_bonus":"UPGRADE_CARD","is_daily":false,"chose_seed":false,"campfire_upgraded":3,"win_rate":0.0,"timestamp":1612547684,"path_taken":["M","M","M","?","M","R","?","E","T","R","E","M","$","M","R","BOSS","M","M","?"],"items_purchased_type":["Card","Relic","Card"],"build_version":"2020-12-22","purchased_purges":0,"victory":false,"max_hp_per_floor":[72,72,72,72,72,72,72,72,72,72,72,72,79,79,79,79,79,79,79,79,79],"relic_stats":{"Lee\u0027s Waffle":58,"counters":[12,59],"Blue Candle":[0],"Orichalcum":[66],"obtain_stats":[{"Lee\u0027s Waffle":13,"Blue Candle":11,"Damaru":9,"PureWater":0,"Orichalcum":8,"Empty Cage":17},{"Lee\u0027s Waffle":7,"Blue Candle":6,"Damaru":5,"PureWater":0,"Orichalcum":5,"Empty Cage":9},{"Lee\u0027s Waffle":25,"Blue Candle":21,"Damaru":18,"PureWater":0,"Orichalcum":18,"Empty Cage":45}]},"card_choices":[{"not_picked":["ThirdEye","SignatureMove"],"picked":"FearNoEvil","floor":1.0},{"not_picked":["Pray","Evaluate"],"picked":"FlurryOfBlows","floor":2.0},{"not_picked":["Evaluate","Crescendo"],"picked":"Tantrum","floor":3.0},{"not_picked":["FlurryOfBlows","SashWhip"],"picked":"Protect","floor":5.0},{"not_picked":["FollowUp","FearNoEvil"],"picked":"PathToVictory","floor":8.0},{"not_picked":["BowlingBash","SashWhip","ClearTheMind"],"picked":"SKIP","floor":11},{"not_picked":["SignatureMove","ClearTheMind"],"picked":"JustLucky","floor":12},{"not_picked":["JustLucky","ThirdEye"],"picked":"Establishment","floor":14},{"not_picked":["Scrawl","DevaForm"],"picked":"ConjureBlade","floor":16},{"not_picked":["FearNoEvil","FlyingSleeves"],"picked":"PathToVictory","floor":18},{"not_picked":["FlurryOfBlows","Indignation"],"picked":"Adaptation+1","floor":19}],"player_experience":699682,"relics_obtained":[{"floor":8.0,"key":"Orichalcum"},{"floor":9.0,"key":"Damaru"},{"floor":11,"key":"Blue Candle"}],"event_choices":[{"damage_healed":0.0,"max_hp_gain":0.0,"max_hp_loss":0.0,"gold_gain":75.0,"event_name":"World of Goop","player_choice":"Gather Gold","floor":4.0,"gold_loss":0.0,"damage_taken":11.0},{"cards_removed":["Eruption"],"damage_healed":0.0,"max_hp_gain":0.0,"max_hp_loss":0.0,"gold_gain":0.0,"event_name":"Golden Wing","player_choice":"Card Removal","floor":7.0,"gold_loss":0.0,"damage_taken":7.0},{"damage_healed":0,"gold_gain":0,"player_choice":"Fought Bandits","damage_taken":0,"max_hp_gain":0,"max_hp_loss":0,"event_name":"Masked Bandits","floor":20,"gold_loss":0}],"is_beta":false,"boss_relics":[{"not_picked":["SacredBark","Black Star"],"picked":"Empty Cage"}],"items_purged_floors":[],"is_endless":false,"potions_floor_spawned":[3,5,11],"killed_by":"Masked Bandits","ascension_level":0}}