{"host":"t7mx8yfj1no5p62f","time":1612499178,"event":{"mods":["BaseMod","Colored Map","Colored Powertips","Curses Come First","Minty Spire (QoL Compilation)","Relic Stats","StSLib"],"gold_per_floor":[119,133,133,156,186,198,235,259,271,309,321,344,28,28,28,123,123,142,142,167,167,367,367,410,410,456,456,456,472,472,496,496,589,589,603,603,617,641,704,738,738,779,802,692,692,730,730,744,744,744,744,744],"floor_reached":51,"language":"ENG","playtime":3923,"items_purged":["Strike_B"],"score":1776,"play_id":"0b6fde59-08cd-4d2f-accd-8820701d8473","local_time":"20210204232618","is_ascension_mode":true,"campfire_choices":[{"data":"Melter","floor":6.0,"key":"SMITH"},{"data":"Darkness","floor":11.0,"key":"SMITH"},{"data":"Doom and Gloom","floor":15.0,"key":"SMITH"},{"data":"Biased Cognition","floor":23.0,"key":"SMITH"},{"data":"Buffer","floor":25.0,"key":"SMITH"},{"data":"Undo","floor":27.0,"key":"SMITH"},{"data":"Steam Power","floor":30.0,"key":"SMITH"},{"data":"Go for the Eyes","floor":32.0,"key":"SMITH"},{"data":"Creative AI","floor":41.0,"key":"SMITH"},{"data":"Coolheaded","floor":45,"key":"SMITH"},{"floor":49,"key":"RECALL"}],"circlet_count":0,"master_deck":["AscendersBane","Strike_B+1","Defend_B+1","Defend_B+1","Defend_B+1","Defend_B+1","Zap","Dualcast","Melter+1","Darkness+1","Undo+1","Go for the Eyes+1","Biased Cognition+1","Beam Cell","Coolheaded+1","Cold Snap","Electrodynamics","Doom and Gloom+1","Steam Power+1","Buffer+1","CurseOfTheBell","Aggregate+1","Glacier+1","Leap+1","Rip and Tear","Rebound","FTL+1","Reinforced Body+1","Hologram+1","Creative AI+1","Self Repair","Steam Power+1","Compile Driver+1","Parasite","Core Surge"],"relics":["Cracked Core","Nunchaku","MawBank","Kunai","Symbiotic Virus","Darkstone Periapt","Golden Idol","Calling Bell","Juzu Bracelet","Toxic Egg 2","Incense Burner","Matryoshka","Centennial Puzzle","Bag of Preparation","Coffee Dripper","Torii","Bottled Tornado","Pen Nib","Regal Pillow","Sundial","MealTicket"],"acts_visited":["Exordium","TheCity","TheBeyond"],"potions_floor_usage":[42,50,51],"damage_taken":[{"damage":2.0,"enemies":"Jaw Worm","floor":1.0,"turns":4.0},{"damage":0.0,"enemies":"Cultist","floor":2.0,"turns":2.0},{"damage":7.0,"enemies":"Small Slimes","floor":4.0,"turns":3.0},{"damage":4.0,"enemies":"3 Louse","floor":5.0,"turns":3.0},{"damage":15.0,"enemies":"3 Sentries","floor":7.0,"turns":4.0},{"damage":9.0,"enemies":"Red Slaver","floor":8.0,"turns":3.0},{"damage":15.0,"enemies":"Lagavulin","floor":10.0,"turns":5.0},{"damage":3.0,"enemies":"Exordium Thugs","floor":12.0,"turns":3.0},{"damage":0.0,"enemies":"Slime Boss","floor":16.0,"turns":6.0},{"damage":1.0,"enemies":"Chosen","floor":18.0,"turns":3.0},{"damage":0.0,"enemies":"3 Byrds","floor":20.0,"turns":2.0},{"damage":15.0,"enemies":"Book of Stabbing","floor":24.0,"turns":6.0},{"damage":0.0,"enemies":"Centurion and Healer","floor":29.0,"turns":4.0},{"damage":15.0,"enemies":"Chosen and Byrds","floor":31.0,"turns":6.0},{"damage":0.0,"enemies":"Collector","floor":33.0,"turns":10.0},{"damage":0.0,"enemies":"Orb Walker","floor":35.0,"turns":4.0},{"damage":0.0,"enemies":"3 Shapes","floor":37.0,"turns":5.0},{"damage":0.0,"enemies":"Writhing Mass","floor":38.0,"turns":9.0},{"damage":0.0,"enemies":"2 Orb Walkers","floor":39.0,"turns":6.0},{"damage":0.0,"enemies":"Nemesis","floor":40.0,"turns":9.0},{"damage":44,"enemies":"Reptomancer","floor":42,"turns":9},{"damage":28,"enemies":"Giant Head","floor":46,"turns":12},{"damage":0,"enemies":"4 Shapes","floor":48,"turns":34},{"damage":30,"enemies":"Awakened One","floor":50,"turns":47},{"damage":14,"enemies":"Time Eater","floor":51,"turns":19}],"seed_played":"-6970472792547562081","potions_obtained":[{"floor":1.0,"key":"FocusPotion"},{"floor":2.0,"key":"ColorlessPotion"},{"floor":8.0,"key":"ColorlessPotion"},{"floor":10.0,"key":"PowerPotion"},{"floor":24.0,"key":"DuplicationPotion"},{"floor":37.0,"key":"ColorlessPotion"},{"floor":42,"key":"Block Potion"}],"is_trial":false,"path_per_floor":["M","M","?","M","M","R","E","M","T","E","R","M","$","?","R","B",null,"M","?","M","?","?","R","E","R","T","R","?","M","R","M","R","B",null,"M","?","M","M","?","E","R","E","T","?","R","E","?","M","R","B","B"],"character_chosen":"DEFECT","items_purchased":["Electrodynamics","Doom and Gloom","Steam Power"],"campfire_rested":0,"item_purchase_floors":[13,13,13],"current_hp_per_floor":[62,62,62,55,51,51,36,27,27,12,12,9,9,9,9,9,56,55,55,55,55,55,55,40,40,40,40,40,40,40,25,25,25,59,59,59,66,76,76,76,76,39,39,39,39,18,18,32,32,9,0,0],"gold":744,"neow_bonus":"RANDOM_COMMON_RELIC","is_daily":false,"chose_seed":false,"campfire_upgraded":10,"win_rate":0.0,"timestamp":1612499178,"path_taken":["M","M","?","?","M","R","E","M","T","E","R","M","$","?","R","BOSS","M","?","M","?","?","R","E","R","T","R","?","M","R","M","R","BOSS","M","?","M","M","?","E","R","E","T","?","R","E","?","M","R","BOSS","BOSS"],"items_purchased_type":["Card","Card","Card"],"build_version":"2020-12-22","purchased_purges":1,"victory":false,"max_hp_per_floor":[71,71,71,71,71,71,71,71,71,71,71,71,71,64,64,64,70,70,70,70,70,70,70,70,70,70,70,70,70,70,70,70,70,70,70,70,70,76,76,76,76,76,76,76,76,76,72,72,72,72,72,72],"relic_stats":{"Darkstone Periapt":12,"Regal Pillow":0,"Torii":13,"counters":[25,218],"Golden Idol":134,"Pen Nib":[12],"Juzu Bracelet":3,"Bag of Preparation":[26],"MawBank":120,"Nunchaku":[29],"Centennial Puzzle":[15],"Sundial":[12],"MealTicket":0,"Kunai":[31],"obtain_stats":[{"Darkstone Periapt":10,"Regal Pillow":43,"Torii":39,"Golden Idol":14,"Pen Nib":42,"Juzu Bracelet":17,"Incense Burner":17,"Bag of Preparation":26,"Bottled Tornado":40,"MawBank":3,"Calling Bell":17,"Nunchaku":0,"Centennial Puzzle":26,"Matryoshka":24,"Sundial":44,"MealTicket":46,"WingedGreaves":38,"Coffee Dripper":34,"Kunai":7,"Toxic Egg 2":17,"Cracked Core":0,"Symbiotic Virus":9},{"Darkstone Periapt":7,"Regal Pillow":21,"Torii":19,"Golden Idol":8,"Pen Nib":21,"Juzu Bracelet":9,"Incense Burner":9,"Bag of Preparation":12,"Bottled Tornado":20,"MawBank":2,"Calling Bell":9,"Nunchaku":0,"Centennial Puzzle":12,"Matryoshka":12,"Sundial":21,"MealTicket":22,"WingedGreaves":18,"Coffee Dripper":15,"Kunai":5,"Toxic Egg 2":9,"Cracked Core":0,"Symbiotic Virus":6},{"Darkstone Periapt":24,"Regal Pillow":106,"Torii":88,"Golden Idol":27,"Pen Nib":106,"Juzu Bracelet":33,"Incense Burner":33,"Bag of Preparation":44,"Bottled Tornado":97,"MawBank":6,"Calling Bell":33,"Nunchaku":0,"Centennial Puzzle":44,"Matryoshka":44,"Sundial":106,"MealTicket":118,"WingedGreaves":74,"Coffee Dripper":64,"Kunai":16,"Toxic Egg 2":33,"Cracked Core":0,"Symbiotic Virus":19}]},"card_choices":[{"not_picked":["Genetic Algorithm","Capacitor"],"picked":"Melter","floor":1.0},{"not_picked":["Coolheaded","Redo"],"picked":"Darkness","floor":2.0},{"not_picked":["Coolheaded","Melter"],"picked":"Undo","floor":4.0},{"not_picked":["Gash","Rebound"],"picked":"Go for the Eyes","floor":5.0},{"not_picked":["Leap","Reinforced Body"],"picked":"Biased Cognition","floor":7.0},{"not_picked":["Leap","Streamline"],"picked":"Beam Cell","floor":8.0},{"not_picked":["BootSequence","Hyperbeam"],"picked":"Coolheaded","floor":10.0},{"not_picked":["Ball Lightning","Loop"],"picked":"Cold Snap","floor":12.0},{"not_picked":["Rainbow","Electrodynamics"],"picked":"Buffer","floor":16.0},{"not_picked":["Steam+1","Beam Cell+1"],"picked":"Aggregate+1","floor":18.0},{"not_picked":["Consume+1","Heatsinks"],"picked":"Leap+1","floor":20.0},{"not_picked":["Cold Snap","Consume+1"],"picked":"FTL+1","floor":24.0},{"not_picked":["Ball Lightning","Melter"],"picked":"Reinforced Body+1","floor":29.0},{"not_picked":["Chaos+1","Barrage"],"picked":"Hologram+1","floor":31.0},{"not_picked":["Reboot+1","Biased Cognition"],"picked":"Creative AI","floor":33.0},{"not_picked":["Steam+1","Gash"],"picked":"Self Repair","floor":35.0},{"not_picked":["BootSequence+1","Melter"],"picked":"Compile Driver+1","floor":37.0},{"not_picked":["Amplify+1","Barrage","Steam+1"],"picked":"SKIP","floor":38.0},{"not_picked":["Lockon","Streamline+1"],"picked":"Core Surge","floor":40.0},{"not_picked":["BootSequence+1","Melter","Double Energy+1"],"picked":"SKIP","floor":42},{"not_picked":["Leap+1","Storm","Gash"],"picked":"SKIP","floor":46},{"not_picked":["Aggregate+1","Barrage","Rebound"],"picked":"SKIP","floor":48}],"player_experience":1929779,"relics_obtained":[{"floor":3.0,"key":"MawBank"},{"floor":7.0,"key":"Kunai"},{"floor":9.0,"key":"Symbiotic Virus"},{"floor":10.0,"key":"Darkstone Periapt"},{"floor":17.0,"key":"Juzu Bracelet"},{"floor":17.0,"key":"Toxic Egg 2"},{"floor":17.0,"key":"Incense Burner"},{"floor":24.0,"key":"Matryoshka"},{"floor":26.0,"key":"Centennial Puzzle"},{"floor":26.0,"key":"Bag of Preparation"},{"floor":39.0,"key":"Torii"},{"floor":40.0,"key":"Bottled Tornado"},{"floor":42,"key":"Pen Nib"},{"floor":43,"key":"Regal Pillow"},{"floor":46,"key":"MealTicket"}],"event_choices":[{"damage_healed":0.0,"max_hp_gain":0.0,"max_hp_loss":0.0,"gold_gain":0.0,"event_name":"Wheel of Change","player_choice":"Relic","floor":3.0,"gold_loss":0.0,"damage_taken":0.0},{"damage_healed":0.0,"max_hp_gain":0.0,"max_hp_loss":7.0,"gold_gain":0.0,"event_name":"Golden Idol","player_choice":"Lose Max HP","floor":14.0,"gold_loss":0.0,"damage_taken":0.0,"relics_obtained":["Golden Idol"]},{"damage_healed":0.0,"max_hp_gain":0.0,"max_hp_loss":0.0,"gold_gain":0.0,"event_name":"The Library","player_choice":"Read","floor":19.0,"gold_loss":0.0,"damage_taken":0.0,"cards_obtained":["Glacier"]},{"damage_healed":0.0,"max_hp_gain":0.0,"max_hp_loss":0.0,"gold_gain":0.0,"cards_transformed":["Strike_B","Strike_B"],"event_name":"Drug Dealer","player_choice":"Became Test Subject","floor":21.0,"gold_loss":0.0,"damage_taken":0.0,"cards_obtained":["Rip and Tear","Rebound"]},{"damage_healed":0.0,"max_hp_gain":0.0,"max_hp_loss":0.0,"gold_gain":250.0,"event_name":"The Joust","player_choice":"Bet on Owner","floor":22.0,"gold_loss":50.0,"damage_taken":0.0},{"damage_healed":0.0,"max_hp_gain":0.0,"max_hp_loss":0.0,"gold_gain":0.0,"event_name":"Back to Basics","player_choice":"Simplicity","floor":28.0,"gold_loss":0.0,"damage_taken":0.0,"cards_upgraded":["Strike_B","Defend_B","Defend_B","Defend_B","Defend_B"]},{"damage_healed":0.0,"max_hp_gain":0.0,"max_hp_loss":0.0,"gold_gain":0.0,"event_name":"Duplicator","player_choice":"Copied","floor":36.0,"gold_loss":0.0,"damage_taken":0.0,"cards_obtained":["Steam Power"]},{"damage_healed":0.0,"max_hp_gain":0.0,"max_hp_loss":0.0,"gold_gain":0.0,"event_name":"Mysterious Sphere","player_choice":"Fight","floor":39.0,"gold_loss":0.0,"damage_taken":0.0},{"damage_healed":0,"gold_gain":0,"player_choice":"Paid Gold","damage_taken":0,"relics_obtained":["Sundial"],"max_hp_gain":0,"max_hp_loss":0,"event_name":"WeMeetAgain","floor":44,"gold_loss":110},{"damage_healed":0,"gold_gain":0,"player_choice":"Max HP","damage_taken":0,"max_hp_gain":0,"max_hp_loss":4,"event_name":"Winding Halls","floor":47,"gold_loss":0}],"is_beta":false,"boss_relics":[{"not_picked":["Runic Pyramid","Black Star"],"picked":"Calling Bell"},{"not_picked":["Cursed Key","Fusion Hammer"],"picked":"Coffee Dripper"}],"items_purged_floors":[13],"is_endless":false,"potions_floor_spawned":[1,2,8,10,16,24,29,31,37,38,39,42,46],"killed_by":"Time Eater","ascension_level":20}}