{"host":"gzk4gkgy3zij1c51","time":1612530107,"event":{"mods":["BaseMod","Colored Map","Downfall","Highlight Path","Marked Mod","Minty Spire (QoL Compilation)","Relic Stats","StSLib","everything is the same but u backflip on backflip"],"gold_per_floor":[0,10,185,185,205,205,229,79,104,129,170,188,206,71,90,90,90,90],"floor_reached":16,"language":"ENG","playtime":3095,"items_purged":[],"score":165,"play_id":"3bf533f8-6fcd-419f-8d87-9e089217f7be","local_time":"20210205130147","is_ascension_mode":true,"campfire_choices":[{"data":"Slimebound:Split","floor":1.0,"key":"SMITH"},{"floor":6,"key":"RECALL"}],"circlet_count":0,"master_deck":["Slimebound:Strike_Slimebound","Slimebound:Strike_Slimebound","Slimebound:Strike_Slimebound","Slimebound:Tackle","Slimebound:Defend_Slimebound","Slimebound:Defend_Slimebound","Slimebound:Defend_Slimebound","Slimebound:Defend_Slimebound","Slimebound:Split+1","Slimebound:CorrosiveSpit","Slimebound:RallyTheTroops","Slimebound:SplitMire","Slimebound:PressTheAttack","Slimebound:SplitBruiser","Slimebound:LivingWall","Slimebound:Darklings","Slimebound:LevelUp","Slimebound:ForwardTackle","Slimebound:RainOfGoop"],"relics":["Slimebound:AbsorbEndCombat","CeramicFish","Singing Bowl"],"acts_visited":["Exordium"],"potions_floor_usage":[12,14],"damage_taken":[{"damage":12.0,"enemies":"Jaw Worm","floor":2.0,"turns":4.0},{"damage":20,"enemies":"Small Slimes","floor":5,"turns":3},{"damage":12,"enemies":"2 Louse","floor":9,"turns":3},{"damage":9,"enemies":"Red Slaver","floor":10,"turns":3},{"damage":23,"enemies":"Lagavulin","floor":11,"turns":5},{"damage":14,"enemies":"Exordium Wildlife","floor":12,"turns":4},{"damage":8,"enemies":"Blue Slaver","floor":13,"turns":2},{"damage":0,"enemies":"downfall:FleeingMerchant","floor":14,"turns":4},{"damage":16,"enemies":"2 Fungi Beasts","floor":15,"turns":3},{"damage":41,"enemies":"DF_ARCHETYPE_STREAMLINE","floor":16,"turns":4}],"seed_played":"1733274237170460520","potions_obtained":[{"floor":5,"key":"sneckomod:MuddlingPotion"},{"floor":9,"key":"hexamod:SoulburnPotion"},{"floor":10,"key":"hexamod:SoulburnPotion"},{"floor":12,"key":"SteroidPotion"}],"is_trial":false,"path_per_floor":["R","M","?","?","M","R","T","?","M","M","E","M","M","$","M","B"],"character_chosen":"SLIMEBOUND","items_purchased":["Slimebound:ForwardTackle","Slimebound:RainOfGoop"],"campfire_rested":0,"item_purchase_floors":[14,14],"current_hp_per_floor":[59,51,51,51,39,39,39,75,67,60,45,37,33,37,27,0,0,0],"gold":90,"neow_bonus":"THREE_RARE_CARDS","is_daily":false,"chose_seed":false,"campfire_upgraded":1,"win_rate":0.0,"timestamp":1612530107,"path_taken":["R","M","?","?","M","R","T","?","?","M","E","M","M","$","M","BOSS"],"items_purchased_type":["Card","Card"],"build_version":"2020-12-22","purchased_purges":0,"victory":false,"max_hp_per_floor":[65,65,65,65,65,65,65,75,75,75,75,77,79,79,81,81,81,81],"relic_stats":{"Singing Bowl":6,"counters":[10,34],"CeramicFish":54,"obtain_stats":[{"Singing Bowl":11,"CeramicFish":7,"Slimebound:AbsorbEndCombat":0},{"Singing Bowl":5,"CeramicFish":2,"Slimebound:AbsorbEndCombat":0},{"Singing Bowl":17,"CeramicFish":7,"Slimebound:AbsorbEndCombat":0}]},"card_choices":[{"not_picked":["Slimebound:Overexert","Slimebound:OozeBath"],"picked":"Slimebound:RallyTheTroops","floor":0.0},{"not_picked":["Slimebound:Dissolve","Slimebound:LeechEnergy"],"picked":"Slimebound:SplitMire","floor":2.0},{"not_picked":["Slimebound:ProtectTheBoss","Slimebound:BestDefense"],"picked":"Slimebound:PressTheAttack","floor":5},{"not_picked":["Slimebound:Replication","Slimebound:GrowthPunch"],"picked":"Slimebound:SplitBruiser","floor":9},{"not_picked":["Slimebound:ComboTackle","Slimebound:DisruptingSlam"],"picked":"Slimebound:LivingWall","floor":10},{"not_picked":["Slimebound:ViciousTackle","Slimebound:AcidTongue"],"picked":"Slimebound:Darklings","floor":11},{"not_picked":["Slimebound:LeechingTouch","Slimebound:ItLooksTasty","Slimebound:HauntingLick"],"picked":"Singing Bowl","floor":12},{"not_picked":["Slimebound:ServeAndProtect","Slimebound:SplitMire","Slimebound:TongueLash"],"picked":"Singing Bowl","floor":13},{"not_picked":["Slimebound:PressTheAttack","Slimebound:Prepare"],"picked":"Slimebound:LevelUp","floor":14},{"not_picked":["Slimebound:SamplingLick","Slimebound:ItLooksTasty","Slimebound:FinishingTackle"],"picked":"Singing Bowl","floor":15}],"player_experience":1146516,"relics_obtained":[{"floor":7,"key":"CeramicFish"},{"floor":11,"key":"Singing Bowl"}],"event_choices":[{"cards_removed":["Doubt"],"damage_healed":0.0,"max_hp_gain":0.0,"max_hp_loss":0.0,"gold_gain":0.0,"event_name":"The Cleric","player_choice":"Card Removal","floor":4.0,"gold_loss":0.0,"damage_taken":0.0}],"is_beta":false,"boss_relics":[],"items_purged_floors":[],"is_endless":false,"potions_floor_spawned":[5,9,10,12],"killed_by":"DF_ARCHETYPE_STREAMLINE","ascension_level":7}}