{"host":"5yoj846f700ld8qy","time":1612543588,"event":{"mods":["AchievementEnabler","BaseMod","Better Altar","Better Match","Better Note","Better Sensory Stone","Better Skull","Better Third Choice","Colored Map","Colored Powertips","Minty Spire (QoL Compilation)","StSLib","UnlockEverythingMod"],"gold_per_floor":[110,29,41,41,91,125,125,150,150,168,98,111,111,129,129,208,208,222,7,7,20,32,32,64,64,115,0,37,37,37,76,76,76,76],"floor_reached":33,"language":"ENG","playtime":1085,"items_purged":[],"score":622,"play_id":"8a925edb-33d6-4239-ac8a-7ca85a0822dc","local_time":"20210205184628","is_ascension_mode":true,"campfire_choices":[{"data":"Bash","floor":7.0,"key":"SMITH"},{"floor":13.0,"key":"REST"},{"floor":15.0,"key":"REST"},{"floor":23.0,"key":"REST"},{"floor":25,"key":"REST"},{"floor":29,"key":"REST"},{"floor":32,"key":"REST"}],"circlet_count":0,"master_deck":["AscendersBane","Strike_R","Strike_R","Strike_R","Strike_R","Strike_R","Defend_R","Defend_R","Defend_R","Defend_R","Bash+1","Burning Pact","Perfected Strike","Shrug It Off","Blood for Blood+1","Dropkick+1","Armaments","Shockwave","Second Wind","Thunderclap+1","Feed+1","Clash+1","Dark Embrace","Flex+1","Bludgeon+1","Body Slam+1","Power Through"],"relics":["Runic Pyramid","Molten Egg 2","Pen Nib","Potion Belt","MealTicket","Black Star","PreservedInsect","Blood Vial","Anchor","CeramicFish","Omamori","Shuriken","Centennial Puzzle","Self Forming Clay"],"acts_visited":["Exordium","TheCity"],"potions_floor_usage":[24,31],"damage_taken":[{"damage":7.0,"enemies":"Jaw Worm","floor":1.0,"turns":3.0},{"damage":10.0,"enemies":"2 Louse","floor":3.0,"turns":3.0},{"damage":8.0,"enemies":"Gremlin Nob","floor":6.0,"turns":3.0},{"damage":22.0,"enemies":"3 Sentries","floor":8.0,"turns":7.0},{"damage":0.0,"enemies":"Cultist","floor":10.0,"turns":3.0},{"damage":2.0,"enemies":"Large Slime","floor":12.0,"turns":4.0},{"damage":13.0,"enemies":"Gremlin Gang","floor":14.0,"turns":4.0},{"damage":12.0,"enemies":"Hexaghost","floor":16.0,"turns":8.0},{"damage":12.0,"enemies":"3 Byrds","floor":18.0,"turns":4.0},{"damage":40.0,"enemies":"Shell Parasite","floor":21.0,"turns":5.0},{"damage":29.0,"enemies":"Cultist and Chosen","floor":22.0,"turns":6.0},{"damage":36,"enemies":"Book of Stabbing","floor":24,"turns":4},{"damage":34,"enemies":"Slavers","floor":28,"turns":4},{"damage":23,"enemies":"Gremlin Leader","floor":31,"turns":3},{"damage":37,"enemies":"Champ","floor":33,"turns":7}],"seed_played":"-9106319168242766504","potions_obtained":[{"floor":1.0,"key":"SteroidPotion"},{"floor":3.0,"key":"Fire Potion"},{"floor":8.0,"key":"Weak Potion"},{"floor":16.0,"key":"Swift Potion"},{"floor":18.0,"key":"PowerPotion"},{"floor":28,"key":"Fire Potion"}],"is_trial":false,"path_per_floor":["M","$","M","?","?","E","R","E","T","M","?","M","R","M","R","B",null,"M","$","?","M","M","R","E","R","T","?","E","R","$","E","R","B"],"character_chosen":"IRONCLAD","items_purchased":["Perfected Strike","Shrug It Off","PreservedInsect","BloodPotion"],"campfire_rested":6,"item_purchase_floors":[2,2,19,19],"current_hp_per_floor":[61,61,51,51,51,43,43,21,21,21,21,19,41,28,50,38,66,58,73,73,33,23,47,11,35,35,35,7,33,48,27,53,18,18],"gold":76,"neow_bonus":"BOSS_RELIC","is_daily":false,"chose_seed":false,"campfire_upgraded":1,"win_rate":0.0,"timestamp":1612543588,"path_taken":["M","$","M","?","?","E","R","E","T","?","?","?","R","M","R","BOSS","M","$","?","M","M","R","E","R","T","?","E","R","$","E","R","BOSS"],"items_purchased_type":["Card","Card","Relic","Potion"],"build_version":"2020-12-22","purchased_purges":0,"victory":false,"max_hp_per_floor":[75,75,75,75,75,75,75,75,75,75,75,75,75,75,75,75,75,79,79,79,79,83,83,83,83,83,83,87,87,87,87,87,87,87],"card_choices":[{"not_picked":["Flex","Evolve"],"picked":"Burning Pact","floor":1.0},{"not_picked":["Havoc","Anger"],"picked":"Blood for Blood","floor":3.0},{"not_picked":["Demon Form","Uppercut+1"],"picked":"Dropkick+1","floor":6.0},{"not_picked":["Power Through","Limit Break"],"picked":"Armaments","floor":8.0},{"not_picked":["Armaments","Reckless Charge+1"],"picked":"Shockwave","floor":10.0},{"not_picked":["Havoc","Disarm"],"picked":"Second Wind","floor":12.0},{"not_picked":["Blood for Blood+1","Twin Strike+1"],"picked":"Thunderclap+1","floor":14.0},{"not_picked":["Offering","Barricade"],"picked":"Feed+1","floor":16.0},{"not_picked":["Twin Strike+1","Heavy Blade+1"],"picked":"Clash+1","floor":18.0},{"not_picked":["Wild Strike+1","Searing Blow+1"],"picked":"Dark Embrace","floor":21.0},{"not_picked":["Twin Strike+1","Wild Strike+1"],"picked":"Flex+1","floor":22.0},{"not_picked":["Combust","Warcry"],"picked":"Bludgeon+1","floor":24},{"not_picked":["Clothesline+1","Perfected Strike+1"],"picked":"Body Slam+1","floor":28},{"not_picked":["Brutality","Perfected Strike+1"],"picked":"Power Through","floor":31}],"player_experience":431637,"relics_obtained":[{"floor":6.0,"key":"Molten Egg 2"},{"floor":8.0,"key":"Pen Nib"},{"floor":9.0,"key":"Potion Belt"},{"floor":24,"key":"Blood Vial"},{"floor":24,"key":"Anchor"},{"floor":26,"key":"CeramicFish"},{"floor":28,"key":"Omamori"},{"floor":28,"key":"Shuriken"},{"floor":31,"key":"Centennial Puzzle"},{"floor":31,"key":"Self Forming Clay"}],"event_choices":[{"damage_healed":0.0,"max_hp_gain":0.0,"max_hp_loss":0.0,"gold_gain":0.0,"event_name":"Living Wall","player_choice":"Grow","floor":4.0,"gold_loss":0.0,"damage_taken":0.0,"cards_upgraded":["Blood for Blood"]},{"damage_healed":0.0,"max_hp_gain":0.0,"max_hp_loss":0.0,"gold_gain":50.0,"event_name":"Golden Shrine","player_choice":"Pray","floor":5.0,"gold_loss":0.0,"damage_taken":0.0},{"damage_healed":0.0,"max_hp_gain":0.0,"max_hp_loss":0.0,"gold_gain":0.0,"event_name":"WeMeetAgain","player_choice":"Paid Gold","floor":11.0,"gold_loss":70.0,"damage_taken":0.0,"relics_obtained":["MealTicket"]},{"damage_healed":0.0,"max_hp_gain":0.0,"max_hp_loss":0.0,"gold_gain":0.0,"event_name":"Ghosts","player_choice":"Ignored","floor":20.0,"gold_loss":0.0,"damage_taken":0.0},{"damage_healed":0,"gold_gain":0,"player_choice":"Paid Fearfully","damage_taken":0,"max_hp_gain":0,"max_hp_loss":0,"event_name":"Masked Bandits","floor":27,"gold_loss":115}],"is_beta":false,"boss_relics":[{"not_picked":["Empty Cage","Ectoplasm"],"picked":"Black Star"}],"items_purged_floors":[],"is_endless":false,"potions_floor_spawned":[1,3,8,16,18,28],"killed_by":"Champ","ascension_level":20}}