{"host":"ydujlihd8f5px9gp","time":1612560542,"event":{"mods":["AchievementEnabler","BaseMod","Block Reminder","Colored Map","Minty Spire (QoL Compilation)","StSLib","ojb\u0027s Info Mod"],"gold_per_floor":[119,9,29,29,46,74,85,85,109,384,5,25,51,63,63,167,167,167,167,167,167,167,167,167],"floor_reached":23,"language":"ENG","playtime":1147,"items_purged":["Regret"],"score":246,"play_id":"6ba1b3f0-4ec5-4beb-b376-be1735e7fcdc","local_time":"20210205192902","is_ascension_mode":true,"campfire_choices":[{"data":"Noxious Fumes","floor":8,"key":"SMITH"},{"data":"Corpse Explosion","floor":15,"key":"SMITH"}],"circlet_count":0,"master_deck":["Strike_G","Strike_G","Strike_G","Strike_G","Strike_G","Defend_G","Defend_G","Defend_G","Defend_G+1","Defend_G+1","Survivor","Neutralize","Blade Dance","Noxious Fumes+1","Blade Dance","Dash","Dagger Spray","Corpse Explosion+1","Bullet Time","After Image","Poisoned Stab+1","Quick Slash","Leg Sweep"],"relics":["Ring of the Snake","Snake Skull","MealTicket","War Paint","Nunchaku","Ectoplasm"],"acts_visited":["Exordium","TheCity"],"potions_floor_usage":[6,16,22,22,23],"damage_taken":[{"damage":1,"enemies":"2 Louse","floor":1,"turns":4},{"damage":0,"enemies":"Cultist","floor":3,"turns":2},{"damage":2,"enemies":"Jaw Worm","floor":5,"turns":3},{"damage":23,"enemies":"Lagavulin","floor":6,"turns":7},{"damage":3,"enemies":"Gremlin Gang","floor":7,"turns":5},{"damage":8,"enemies":"Blue Slaver","floor":12,"turns":4},{"damage":15,"enemies":"3 Sentries","floor":13,"turns":6},{"damage":4,"enemies":"3 Louse","floor":14,"turns":3},{"damage":24,"enemies":"Slime Boss","floor":16,"turns":8},{"damage":11,"enemies":"Spheric Guardian","floor":18,"turns":4},{"damage":0,"enemies":"Chosen","floor":19,"turns":4},{"damage":36,"enemies":"Snake Plant","floor":20,"turns":4},{"damage":6,"enemies":"Chosen and Byrds","floor":22,"turns":5},{"damage":10,"enemies":"Gremlin Leader","floor":23,"turns":4}],"seed_played":"-6547156619123490092","potions_obtained":[{"floor":3,"key":"Dexterity Potion"},{"floor":13,"key":"PowerPotion"},{"floor":14,"key":"Energy Potion"},{"floor":16,"key":"Energy Potion"},{"floor":18,"key":"Explosive Potion"}],"is_trial":false,"path_per_floor":["M","$","M","?","M","E","M","R","T","?","$","M","E","M","R","B",null,"M","M","M","?","M","E"],"character_chosen":"THE_SILENT","items_purchased":["Noxious Fumes","Backstab","Corpse Explosion","War Paint"],"campfire_rested":0,"item_purchase_floors":[2,2,11,11],"current_hp_per_floor":[76,76,76,77,75,52,49,49,49,49,64,56,41,37,37,13,77,66,66,30,16,10,0,0],"gold":167,"neow_bonus":"TEN_PERCENT_HP_BONUS","is_daily":false,"chose_seed":false,"campfire_upgraded":2,"win_rate":0.0,"timestamp":1612560542,"path_taken":["M","$","M","?","M","E","?","R","T","?","$","M","E","M","R","BOSS","M","M","?","?","M","E"],"items_purchased_type":["Card","Card","Card","Relic"],"build_version":"2020-12-22","purchased_purges":1,"victory":false,"max_hp_per_floor":[77,77,77,77,77,77,77,77,77,77,77,77,77,77,77,77,77,77,77,77,82,82,82,82],"card_choices":[{"not_picked":["Poisoned Stab","Flying Knee"],"picked":"Blade Dance","floor":1},{"not_picked":["Flechettes","Dagger Spray"],"picked":"Blade Dance","floor":3},{"not_picked":["Terror","Bane","Reflex"],"picked":"SKIP","floor":5},{"not_picked":["All Out Attack","Deadly Poison"],"picked":"Dash","floor":6},{"not_picked":["Caltrops","Slice"],"picked":"Dagger Spray","floor":7},{"not_picked":["Backstab","Sucker Punch","Acrobatics"],"picked":"SKIP","floor":12},{"not_picked":["Masterful Stab","Caltrops","Backflip"],"picked":"SKIP","floor":13},{"not_picked":["Blade Dance","Blur"],"picked":"Bullet Time","floor":14},{"not_picked":["Bullet Time","Glass Knife"],"picked":"After Image","floor":16},{"not_picked":["Dodge and Roll+1","Sucker Punch","Skewer"],"picked":"SKIP","floor":18},{"not_picked":["Cloak And Dagger","Sucker Punch"],"picked":"Poisoned Stab+1","floor":19},{"not_picked":["Well Laid Plans","Blur"],"picked":"Quick Slash","floor":20},{"not_picked":["Endless Agony","Riddle With Holes+1"],"picked":"Leg Sweep","floor":22}],"player_experience":154448,"relics_obtained":[{"floor":6,"key":"Snake Skull"},{"floor":9,"key":"MealTicket"},{"floor":13,"key":"Nunchaku"}],"event_choices":[{"cards_removed":["Backstab"],"damage_healed":1,"gold_gain":0,"player_choice":"Offered Uncommon","damage_taken":0,"max_hp_gain":0,"max_hp_loss":0,"event_name":"Bonfire Elementals","floor":4,"gold_loss":0},{"damage_healed":0,"gold_gain":275,"player_choice":"Desecrate","damage_taken":0,"max_hp_gain":0,"max_hp_loss":0,"event_name":"Golden Shrine","floor":10,"gold_loss":0,"cards_obtained":["Regret"]},{"damage_healed":0,"gold_gain":0,"player_choice":"Shed Blood","damage_taken":19,"max_hp_gain":5,"max_hp_loss":0,"event_name":"Forgotten Altar","floor":21,"gold_loss":0}],"is_beta":false,"boss_relics":[{"not_picked":["Busted Crown","SacredBark"],"picked":"Ectoplasm"}],"items_purged_floors":[11],"is_endless":false,"potions_floor_spawned":[3,13,14,16,18],"killed_by":"Gremlin Leader","ascension_level":4}}