{"host":"52m1o8iwwagurbjs","time":1612561893,"event":{"mods":["AchievementEnabler","BaseMod","Bestiary","Challenge The Spire","Colored Powertips","GifTheSpireLib","Minty Spire (QoL Compilation)","Quick Restart","Relic Stats","StSLib"],"gold_per_floor":[118,68,78,78,93,120,295,327,381,403,432,29,41,61,61,61,61],"floor_reached":16,"language":"ENG","playtime":513,"items_purged":["Strike_B"],"score":126,"play_id":"a7d968f7-62e1-461b-83fe-7a4637a5e376","local_time":"20210205165133","is_ascension_mode":true,"campfire_choices":[{"floor":15,"key":"REST"}],"circlet_count":0,"master_deck":["Strike_B","Strike_B","Defend_B","Defend_B","Defend_B","Defend_B","Zap+1","Dualcast","Rebound","Turbo","Sweeping Beam","Doom and Gloom","Doubt","Chill","Auto Shields","Coolheaded","Ball Lightning","Loop","Hologram"],"relics":["Cracked Core","Blue Candle","Dream Catcher","Akabeko","Odd Mushroom","Matryoshka","CaptainsWheel"],"acts_visited":["Exordium"],"potions_floor_usage":[16,16],"damage_taken":[{"damage":6.0,"enemies":"Cultist","floor":1.0,"turns":3.0},{"damage":6.0,"enemies":"Jaw Worm","floor":3.0,"turns":3.0},{"damage":5.0,"enemies":"Small Slimes","floor":5.0,"turns":3.0},{"damage":8.0,"enemies":"Gremlin Nob","floor":6.0,"turns":3.0},{"damage":27,"enemies":"Lagavulin","floor":8,"turns":6},{"damage":0,"enemies":"The Mushroom Lair","floor":10,"turns":2},{"damage":20,"enemies":"Gremlin Nob","floor":11,"turns":4},{"damage":0,"enemies":"3 Louse","floor":13,"turns":2},{"damage":7,"enemies":"Exordium Thugs","floor":14,"turns":3},{"damage":36,"enemies":"Slime Boss","floor":16,"turns":7}],"seed_played":"4254268153919855059","potions_obtained":[{"floor":3.0,"key":"LiquidMemories"},{"floor":11,"key":"EssenceOfDarkness"},{"floor":13,"key":"FocusPotion"},{"floor":14,"key":"Regen Potion"}],"is_trial":false,"path_per_floor":["M","?","M","?","M","E","?","E","T","?","E","$","M","M","R","B"],"character_chosen":"DEFECT","items_purchased":["CaptainsWheel","Ball Lightning"],"campfire_rested":1,"item_purchase_floors":[12,12],"current_hp_per_floor":[76,76,70,70,65,57,57,30,30,30,10,10,10,3,27,0,0],"gold":61,"neow_bonus":"TEN_PERCENT_HP_BONUS","is_daily":false,"chose_seed":false,"campfire_upgraded":0,"win_rate":0.0,"timestamp":1612561893,"path_taken":["M","?","M","?","M","E","?","E","T","?","E","$","M","M","R","BOSS"],"items_purchased_type":["Relic","Card"],"build_version":"2020-12-22","purchased_purges":1,"victory":false,"max_hp_per_floor":[82,82,82,82,82,82,82,82,82,82,82,82,82,82,82,82,82],"relic_stats":{"Dream Catcher":1,"counters":[10,36],"Blue Candle":[3],"obtain_stats":[{"Dream Catcher":8,"CaptainsWheel":12,"Matryoshka":11,"Blue Candle":6,"Odd Mushroom":10,"Cracked Core":0,"Akabeko":9},{"Dream Catcher":5,"CaptainsWheel":7,"Matryoshka":7,"Blue Candle":4,"Odd Mushroom":6,"Cracked Core":0,"Akabeko":5},{"Dream Catcher":18,"CaptainsWheel":24,"Matryoshka":24,"Blue Candle":12,"Odd Mushroom":20,"Cracked Core":0,"Akabeko":18}]},"card_choices":[{"not_picked":["Beam Cell","Barrage"],"picked":"Rebound","floor":1.0},{"not_picked":["Redo","Beam Cell"],"picked":"Turbo","floor":3.0},{"not_picked":["Streamline","Stack"],"picked":"Sweeping Beam","floor":5.0},{"not_picked":["Redo","White Noise"],"picked":"Doom and Gloom","floor":6},{"not_picked":["Darkness","Auto Shields"],"picked":"Chill","floor":8},{"not_picked":["Genetic Algorithm","Rebound"],"picked":"Auto Shields","floor":10},{"not_picked":["Leap","Barrage"],"picked":"Coolheaded","floor":11},{"not_picked":["Fusion","Heatsinks"],"picked":"Loop","floor":13},{"not_picked":["Chaos","Go for the Eyes"],"picked":"Hologram","floor":14}],"player_experience":1311486,"relics_obtained":[{"floor":6,"key":"Blue Candle"},{"floor":8,"key":"Dream Catcher"},{"floor":9,"key":"Akabeko"},{"floor":10,"key":"Odd Mushroom"},{"floor":11,"key":"Matryoshka"}],"event_choices":[{"cards_removed":["Strike_B"],"damage_healed":0.0,"max_hp_gain":0.0,"max_hp_loss":0.0,"gold_gain":0.0,"event_name":"The Cleric","player_choice":"Card Removal","floor":2.0,"gold_loss":50.0,"damage_taken":0.0},{"damage_healed":0.0,"max_hp_gain":0.0,"max_hp_loss":0.0,"gold_gain":0.0,"event_name":"Living Wall","player_choice":"Grow","floor":4.0,"gold_loss":0.0,"damage_taken":0.0,"cards_upgraded":["Zap"]},{"damage_healed":0,"gold_gain":175,"player_choice":"AGREE","damage_taken":0,"max_hp_gain":0,"max_hp_loss":0,"event_name":"Liars Game","floor":7,"gold_loss":0,"cards_obtained":["Doubt"]},{"damage_healed":0,"gold_gain":0,"player_choice":"Fought Mushrooms","damage_taken":0,"max_hp_gain":0,"max_hp_loss":0,"event_name":"Mushrooms","floor":10,"gold_loss":0}],"is_beta":false,"boss_relics":[],"items_purged_floors":[12],"is_endless":false,"potions_floor_spawned":[3,11,13,14],"killed_by":"Slime Boss","ascension_level":1}}