{"host":"nuu0xlk1bpqu5s2n","time":1612517430,"event":{"mods":["AchievementEnabler","BaseMod","Minty Spire (QoL Compilation)","StSLib"],"gold_per_floor":[109,120,120,137,137,137,163,163,163,163,191,209,209,209,209,300,300,325,325,344,344,344,344,384,384,384,419,108,108,33,33,33,122,122,140,156,156,171,192,236,254,254,281,315,42,63,63,84,84,84,84,84,84,84,84],"floor_reached":54,"language":"ENG","playtime":4728,"items_purged":["Shame","Shame"],"score":1421,"play_id":"5bd7c8fc-5cd9-481a-83bb-d08c401e69ad","local_time":"20210205113030","is_ascension_mode":true,"campfire_choices":[{"data":"Neutralize","floor":6.0,"key":"SMITH"},{"floor":8.0,"key":"REST"},{"floor":10.0,"key":"REST"},{"floor":15.0,"key":"REST"},{"data":"RitualDagger","floor":23.0,"key":"SMITH"},{"floor":25.0,"key":"REST"},{"data":"A Thousand Cuts","floor":29.0,"key":"SMITH"},{"data":"Noxious Fumes","floor":32.0,"key":"SMITH"},{"data":"Blade Dance","floor":42,"key":"SMITH"},{"data":"Adrenaline","floor":47,"key":"SMITH"},{"floor":49,"key":"RECALL"},{"data":"Cloak And Dagger","floor":52,"key":"SMITH"}],"circlet_count":0,"master_deck":["AscendersBane","Defend_G+1","Defend_G+1","Defend_G+1","Defend_G+1","Defend_G+1","Survivor","Neutralize+1","Poisoned Stab","Cloak And Dagger+1","Escape Plan","Leg Sweep","Blade Dance+1","Endless Agony","A Thousand Cuts+1","Neutralize+1","Heel Hook","RitualDagger+1","Bite","Bite","Bite","Bite","Bite","Backflip","Noxious Fumes+1","Adrenaline+1","PiercingWail+1","Blade Dance"],"relics":["Ring of the Snake","Centennial Puzzle","Singing Bowl","Pen Nib","Shuriken","Juzu Bracelet","Golden Idol","Cursed Key","Blue Candle","InkBottle","Ginger","Ninja Scroll","Runic Pyramid","Paper Crane","Letter Opener","TwistedFunnel"],"acts_visited":["Exordium","TheCity","TheBeyond","TheEnding"],"potions_floor_usage":[54],"damage_taken":[{"damage":3.0,"enemies":"Small Slimes","floor":1.0,"turns":4.0},{"damage":0.0,"enemies":"Cultist","floor":2.0,"turns":4.0},{"damage":3.0,"enemies":"2 Louse","floor":4.0,"turns":4.0},{"damage":36.0,"enemies":"3 Sentries","floor":7.0,"turns":17.0},{"damage":34.0,"enemies":"Gremlin Nob","floor":11.0,"turns":5.0},{"damage":9.0,"enemies":"Lots of Slimes","floor":12.0,"turns":4.0},{"damage":20.0,"enemies":"The Guardian","floor":16.0,"turns":13.0},{"damage":11.0,"enemies":"Shell Parasite","floor":18.0,"turns":4.0},{"damage":0.0,"enemies":"3 Byrds","floor":20.0,"turns":5.0},{"damage":30.0,"enemies":"Slavers","floor":24.0,"turns":4.0},{"damage":21.0,"enemies":"Gremlin Leader","floor":27.0,"turns":4.0},{"damage":20.0,"enemies":"Automaton","floor":33.0,"turns":8.0},{"damage":0.0,"enemies":"3 Shapes","floor":35.0,"turns":3.0},{"damage":27.0,"enemies":"3 Darklings","floor":36.0,"turns":3.0},{"damage":22.0,"enemies":"Writhing Mass","floor":38.0,"turns":5.0},{"damage":4.0,"enemies":"Sphere and 2 Shapes","floor":39.0,"turns":4.0},{"damage":5.0,"enemies":"Reptomancer","floor":40.0,"turns":4.0},{"damage":12,"enemies":"Maw","floor":41,"turns":4},{"damage":10,"enemies":"Giant Head","floor":44,"turns":6},{"damage":0,"enemies":"Transient","floor":46,"turns":6},{"damage":0,"enemies":"3 Darklings","floor":48,"turns":3},{"damage":33,"enemies":"Donu and Deca","floor":50,"turns":6},{"damage":59,"enemies":"Shield and Spear","floor":54,"turns":3}],"seed_played":"8614436482886135555","potions_obtained":[{"floor":2.0,"key":"FearPotion"},{"floor":7.0,"key":"Weak Potion"},{"floor":20.0,"key":"LiquidMemories"},{"floor":24.0,"key":"FearPotion"},{"floor":33.0,"key":"Ancient Potion"},{"floor":35.0,"key":"SkillPotion"}],"is_trial":false,"path_per_floor":["M","M","?","M","?","R","E","R","T","R","E","M","?","?","R","B",null,"M","?","M","?","?","R","E","R","T","E","$","R","$","?","R","B",null,"M","M","?","M","M","E","M","R","T","E","$","M","R","M","R","B",null,"R","$","E"],"character_chosen":"THE_SILENT","items_purchased":["Ninja Scroll","Noxious Fumes","TwistedFunnel"],"campfire_rested":4,"item_purchase_floors":[28,28,45],"current_hp_per_floor":[56,56,51,48,48,48,12,31,31,50,16,7,7,7,25,5,46,37,37,37,31,31,31,11,23,23,16,16,16,16,16,16,18,38,44,29,29,21,25,26,26,26,26,34,34,52,52,59,59,38,54,54,54,0,0],"gold":84,"neow_bonus":"RANDOM_COMMON_RELIC","is_daily":false,"chose_seed":false,"campfire_upgraded":7,"win_rate":0.0,"timestamp":1612517430,"path_taken":["M","M","?","M","?","R","E","R","T","R","E","M","?","?","R","BOSS","M","?","M","?","?","R","E","R","T","E","$","R","$","?","R","BOSS","M","M","?","M","M","E","M","R","T","E","$","M","R","M","R","BOSS","R","$","E"],"items_purchased_type":["Relic","Card","Relic"],"build_version":"2020-12-22","purchased_purges":2,"victory":false,"max_hp_per_floor":[66,66,66,66,66,66,66,66,66,66,66,66,60,60,60,60,60,62,62,62,62,43,43,43,43,43,45,45,45,45,45,45,45,45,47,49,49,51,51,51,53,53,53,55,55,57,57,59,59,59,59,59,59,59,59],"card_choices":[{"not_picked":["Quick Slash","Bane"],"picked":"Poisoned Stab","floor":1.0},{"not_picked":["Slice","Flechettes"],"picked":"Cloak And Dagger","floor":2.0},{"not_picked":["Underhanded Strike","Setup"],"picked":"Escape Plan","floor":4.0},{"not_picked":["Underhanded Strike","Heel Hook"],"picked":"Leg Sweep","floor":7.0},{"not_picked":["Burst","Dodge and Roll"],"picked":"Blade Dance","floor":11.0},{"not_picked":["Reflex","Bouncing Flask"],"picked":"Endless Agony","floor":12.0},{"not_picked":["Venomology","Envenom"],"picked":"A Thousand Cuts","floor":16.0},{"not_picked":["Reflex","Concentrate","Sucker Punch"],"picked":"Singing Bowl","floor":18.0},{"not_picked":["Deflect","Dodge and Roll"],"picked":"Heel Hook","floor":20.0},{"not_picked":["Cloak And Dagger","Setup"],"picked":"Backflip","floor":24.0},{"not_picked":["Blur","Cloak And Dagger","Eviscerate"],"picked":"Singing Bowl","floor":27.0},{"not_picked":["Night Terror","Die Die Die"],"picked":"Adrenaline","floor":33.0},{"not_picked":["Bouncing Flask+1","Eviscerate","Catalyst"],"picked":"Singing Bowl","floor":35.0},{"not_picked":["Finisher","Acrobatics","Poisoned Stab+1"],"picked":"Singing Bowl","floor":36.0},{"not_picked":["Slice","Deflect","Acrobatics"],"picked":"Singing Bowl","floor":38.0},{"not_picked":["Acrobatics","Dagger Throw"],"picked":"PiercingWail+1","floor":39.0},{"not_picked":["Expertise","Burst"],"picked":"Blade Dance","floor":40},{"not_picked":["Cloak And Dagger","Slice","Deadly Poison"],"picked":"Singing Bowl","floor":41},{"not_picked":["Sucker Punch+1","Leg Sweep","Setup"],"picked":"Singing Bowl","floor":44},{"not_picked":["Storm of Steel","Quick Slash+1","Blade Dance"],"picked":"Singing Bowl","floor":46},{"not_picked":["Backflip","Poisoned Stab+1","Reflex"],"picked":"Singing Bowl","floor":48}],"player_experience":544545,"relics_obtained":[{"floor":7.0,"key":"Pen Nib"},{"floor":9.0,"key":"Shuriken"},{"floor":11.0,"key":"Juzu Bracelet"},{"floor":24.0,"key":"Blue Candle"},{"floor":26.0,"key":"InkBottle"},{"floor":27.0,"key":"Ginger"},{"floor":40,"key":"Paper Crane"},{"floor":44,"key":"Letter Opener"}],"event_choices":[{"damage_healed":0.0,"max_hp_gain":0.0,"max_hp_loss":0.0,"gold_gain":0.0,"event_name":"Scrap Ooze","player_choice":"Success","floor":3.0,"gold_loss":0.0,"damage_taken":5.0,"relics_obtained":["Singing Bowl"]},{"cards_removed":["Strike_G"],"damage_healed":0.0,"max_hp_gain":0.0,"max_hp_loss":0.0,"gold_gain":0.0,"event_name":"Bonfire Elementals","player_choice":"Offered Basic","floor":5.0,"gold_loss":0.0,"damage_taken":0.0},{"damage_healed":0.0,"max_hp_gain":0.0,"max_hp_loss":6.0,"gold_gain":0.0,"event_name":"Golden Idol","player_choice":"Lose Max HP","floor":13.0,"gold_loss":0.0,"damage_taken":0.0,"relics_obtained":["Golden Idol"]},{"damage_healed":0.0,"max_hp_gain":0.0,"max_hp_loss":0.0,"gold_gain":0.0,"event_name":"Dead Adventurer","player_choice":"Searched \u00270\u0027 times","floor":14.0,"gold_loss":0.0,"damage_taken":0.0},{"damage_healed":0.0,"max_hp_gain":0.0,"max_hp_loss":0.0,"gold_gain":0.0,"event_name":"Duplicator","player_choice":"Copied","floor":19.0,"gold_loss":0.0,"damage_taken":0.0,"cards_obtained":["Neutralize"]},{"damage_healed":0.0,"max_hp_gain":0.0,"max_hp_loss":0.0,"gold_gain":0.0,"event_name":"Nest","player_choice":"Joined the Cult","floor":21.0,"gold_loss":0.0,"damage_taken":6.0,"cards_obtained":["RitualDagger"]},{"damage_healed":0.0,"max_hp_gain":0.0,"max_hp_loss":19.0,"gold_gain":0.0,"event_name":"Vampires","player_choice":"Became a vampire","floor":22.0,"gold_loss":0.0,"damage_taken":0.0,"cards_obtained":["Bite","Bite","Bite","Bite","Bite"]},{"damage_healed":0.0,"max_hp_gain":0.0,"max_hp_loss":0.0,"gold_gain":0.0,"event_name":"Back to Basics","player_choice":"Simplicity","floor":31.0,"gold_loss":0.0,"damage_taken":0.0,"cards_upgraded":["Defend_G","Defend_G","Defend_G","Defend_G","Defend_G"]},{"damage_healed":0.0,"max_hp_gain":0.0,"max_hp_loss":0.0,"gold_gain":0.0,"event_name":"Tomb of Lord Red Mask","player_choice":"Ignored","floor":37.0,"gold_loss":0.0,"damage_taken":0.0}],"is_beta":false,"boss_relics":[{"not_picked":["Philosopher\u0027s Stone","Velvet Choker"],"picked":"Cursed Key"},{"not_picked":["Sozu","Empty Cage"],"picked":"Runic Pyramid"}],"items_purged_floors":[30,45],"is_endless":false,"potions_floor_spawned":[2,7,20,24,33,35,40,41,44,48],"killed_by":"Shield and Spear","ascension_level":19}}