{"host":"fdip6nj211smoxvi","time":1612523262,"event":{"mods":["BaseMod","BetterRewards","Colored Map","Downfall","Hermit","Minty Spire (QoL Compilation)","Shop Mod","StSLib","The Hierophant","The Servant 0.9.4"],"gold_per_floor":[116,127,48,13,13,13,48,48,48,99,99,99,118,153,153,255,255,268,268,41,41,65,65,76,76,102,134,150,249,249,249],"floor_reached":30,"language":"DEU","playtime":1407,"items_purged":["downfall:Bewildered"],"score":328,"play_id":"756458bf-806d-4b19-8627-b80c80693cda","local_time":"20210205120742","is_ascension_mode":true,"campfire_choices":[{"data":"Fire Breathing","floor":6.0,"key":"SMITH"},{"data":"Bash","floor":11.0,"key":"SMITH"},{"floor":15.0,"key":"REST"},{"floor":23.0,"key":"REST"},{"data":"Sword Boomerang","floor":25,"key":"SMITH"}],"circlet_count":0,"master_deck":["Strike_R","Strike_R","Strike_R","Strike_R","Strike_R","Defend_R","Defend_R","Defend_R","Defend_R","Bash+1","Iron Wave","Cleave","Fire Breathing+1","Headbutt","True Grit","Sword Boomerang+1","Offering","Spot Weakness+1","Shockwave+1","Flex","Demon Form"],"relics":["Mark of Pain","Darkstone Periapt","Regal Pillow","Question Card","MealTicket","Nunchaku","Black Star","sneckomod:BabySnecko","Toy Ornithopter","Enchiridion","Potion Belt","Anchor","Omamori","Oddly Smooth Stone"],"acts_visited":["Exordium","TheCity"],"potions_floor_usage":[28],"damage_taken":[{"damage":2.0,"enemies":"2 Louse","floor":1.0,"turns":3.0},{"damage":13.0,"enemies":"Jaw Worm","floor":2.0,"turns":4.0},{"damage":18.0,"enemies":"Gremlin Nob","floor":7.0,"turns":4.0},{"damage":3.0,"enemies":"Small Slimes","floor":13.0,"turns":3.0},{"damage":30.0,"enemies":"Lagavulin","floor":14.0,"turns":6.0},{"damage":49.0,"enemies":"Hexaghost","floor":16.0,"turns":8.0},{"damage":46.0,"enemies":"Shell Parasite","floor":18.0,"turns":5.0},{"damage":6,"enemies":"Spheric Guardian","floor":24,"turns":3},{"damage":45,"enemies":"Book of Stabbing","floor":27,"turns":5},{"damage":7,"enemies":"Snake Plant","floor":28,"turns":2},{"damage":21,"enemies":"Slavers","floor":30,"turns":2}],"seed_played":"-6894525283410738284","potions_obtained":[{"floor":7.0,"key":"SkillPotion"},{"floor":13.0,"key":"PowerPotion"},{"floor":27,"key":"AttackPotion"},{"floor":28,"key":"Dexterity Potion"}],"is_trial":false,"path_per_floor":["M","M","$","?","?","R","E","$","T","T","R","?","M","E","R","B",null,"M","?","$","?","T","R","M","R","T","E","M","?","E"],"character_chosen":"IRONCLAD","items_purchased":["Fire Breathing","Toy Ornithopter"],"campfire_rested":2,"item_purchase_floors":[3,20],"current_hp_per_floor":[70,57,57,77,83,83,65,65,65,65,65,65,62,32,72,23,70,24,30,45,29,29,71,65,65,65,20,18,18,0,0],"gold":249,"neow_bonus":"BOSS_RELIC","is_daily":false,"chose_seed":false,"campfire_upgraded":3,"win_rate":0.0,"timestamp":1612523262,"path_taken":["M","M","$","?","?","R","E","$","T","?","R","?","M","E","R","BOSS","M","?","$","?","?","R","M","R","T","E","M","?","E"],"items_purchased_type":["Card","Relic"],"build_version":"2020-12-22","purchased_purges":1,"victory":false,"max_hp_per_floor":[80,80,80,80,86,86,86,86,86,86,86,86,86,86,86,86,86,86,92,92,92,92,92,92,92,92,92,92,92,92,92],"card_choices":[{"not_picked":["Anger","Twin Strike"],"picked":"Iron Wave","floor":1.0},{"not_picked":["Warcry","Searing Blow"],"picked":"Cleave","floor":2.0},{"not_picked":["Clash","Thunderclap"],"picked":"Headbutt","floor":7.0},{"not_picked":["Bloodletting","Thunderclap","Intimidate"],"picked":"True Grit","floor":13.0},{"not_picked":["Wild Strike","Carnage","Combust"],"picked":"Sword Boomerang","floor":14.0},{"not_picked":["Limit Break","Exhume","Berserk"],"picked":"Offering","floor":16.0},{"not_picked":["Feel No Pain","Entrench","Wild Strike"],"picked":"Spot Weakness+1","floor":18.0},{"not_picked":["Blood for Blood","Heavy Blade","Metallicize"],"picked":"Shockwave+1","floor":24},{"not_picked":["Pommel Strike","Havoc","True Grit"],"picked":"Flex","floor":27},{"not_picked":["Anger+1","Perfected Strike+1","Shrug It Off"],"picked":"Demon Form","floor":28}],"player_experience":237964,"relics_obtained":[{"floor":7.0,"key":"Regal Pillow"},{"floor":9.0,"key":"Question Card"},{"floor":10.0,"key":"MealTicket"},{"floor":14.0,"key":"Nunchaku"},{"floor":21.0,"key":"Enchiridion"},{"floor":22.0,"key":"Potion Belt"},{"floor":26,"key":"Anchor"},{"floor":27,"key":"Omamori"},{"floor":27,"key":"Oddly Smooth Stone"}],"event_choices":[{"damage_healed":20.0,"max_hp_gain":0.0,"max_hp_loss":0.0,"gold_gain":0.0,"event_name":"The Cleric","player_choice":"Healed","floor":4.0,"gold_loss":35.0,"damage_taken":0.0},{"damage_healed":0.0,"max_hp_gain":0.0,"max_hp_loss":0.0,"gold_gain":0.0,"event_name":"Big Fish","player_choice":"Box","floor":5.0,"gold_loss":0.0,"damage_taken":0.0,"relics_obtained":["Darkstone Periapt"],"cards_obtained":["Regret"]},{"cards_removed":["Regret"],"damage_healed":0.0,"max_hp_gain":0.0,"max_hp_loss":0.0,"gold_gain":0.0,"event_name":"Living Wall","player_choice":"Forget","floor":12.0,"gold_loss":0.0,"damage_taken":0.0},{"damage_healed":0.0,"max_hp_gain":0.0,"max_hp_loss":0.0,"gold_gain":0.0,"event_name":"Cursed Tome","player_choice":"Obtained Book","floor":21.0,"gold_loss":0.0,"damage_taken":16.0},{"damage_healed":0,"gold_gain":99,"player_choice":"Stole From Cult","damage_taken":0,"max_hp_gain":0,"max_hp_loss":0,"event_name":"Nest","floor":29,"gold_loss":0}],"is_beta":false,"boss_relics":[{"not_picked":["Sozu","Empty Cage"],"picked":"Black Star"}],"items_purged_floors":[20],"is_endless":false,"potions_floor_spawned":[7,13,27,28],"killed_by":"Slavers","ascension_level":6}}