{"host":"aq3xpixvif6gmjmv","time":1612529002,"event":{"mods":["BaseMod","CapriCore","Colored Map","Colored Powertips","Friendly Minions","Minty Spire (QoL Compilation)","StSLib","SuperFastMode","The Hierophant"],"gold_per_floor":[112,112,131,56,373,406,106,139,139,139,174,203,218,10,10,111,111,131,56,56,85,98,128,155,155,155,189,189,218,143,168,168,275,275,290,351,351,390,229,271,19,53,53,53,64,64,102,138,138,138],"floor_reached":51,"language":"KOR","playtime":1228,"items_purged":["Strike_R","Strike_R","Strike_R","Strike_R","Strike_R+1","Defend_R"],"score":1335,"play_id":"ab8fbf47-715d-429f-b3c2-759641e70888","local_time":"20210205214322","daily_mods":["Vintage","Heirloom","Flight","DeadlyEvents","Elite Swarm"],"is_ascension_mode":true,"campfire_choices":[{"data":"Bash","floor":10.0,"key":"SMITH"},{"data":"Double Tap","floor":15.0,"key":"SMITH"},{"data":"Offering","floor":25.0,"key":"SMITH"},{"data":"Double Tap","floor":28.0,"key":"SMITH"},{"data":"Limit Break","floor":32,"key":"SMITH"},{"data":"Offering","floor":44,"key":"SMITH"},{"data":"Offering","floor":46,"key":"SMITH"},{"data":"Offering","floor":49,"key":"SMITH"}],"circlet_count":0,"master_deck":["Defend_R+1","Defend_R+1","Bash+1","Heavy Blade+1","Limit Break+1","Double Tap+1","Immolate+1","Offering+1","Double Tap+1","Offering+1","Inflame+1","Limit Break","Offering+1","Offering+1","Limit Break"],"relics":["Burning Blood","Mango","Oddly Smooth Stone","Ice Cream","Old Coin","Red Skull","Omamori","War Paint","Pear","Lantern","Pantograph","Strawberry","Membership Card","Coffee Dripper","Molten Egg 2","Dream Catcher","Regal Pillow","Meat on the Bone","Matryoshka","Shuriken","Blood Vial","Whetstone","CaptainsWheel","CeramicFish","Runic Dome","PreservedInsect","Torii","Bird Faced Urn","Question Card","Ancient Tea Set","Peace Pipe","Bottled Lightning","Nunchaku","MealTicket","Incense Burner","Darkstone Periapt","Happy Flower","Vajra"],"acts_visited":["Exordium","TheCity","TheBeyond"],"potions_floor_usage":[33,36],"damage_taken":[{"damage":10.0,"enemies":"Jaw Worm","floor":1.0,"turns":4.0},{"damage":9.0,"enemies":"Cultist","floor":3.0,"turns":4.0},{"damage":8.0,"enemies":"Small Slimes","floor":5.0,"turns":3.0},{"damage":24.0,"enemies":"Gremlin Nob","floor":6.0,"turns":4.0},{"damage":30.0,"enemies":"Lagavulin","floor":8.0,"turns":5.0},{"damage":18.0,"enemies":"3 Sentries","floor":11.0,"turns":7.0},{"damage":18.0,"enemies":"Lagavulin","floor":12.0,"turns":3.0},{"damage":1.0,"enemies":"Looter","floor":13.0,"turns":2.0},{"damage":50.0,"enemies":"Hexaghost","floor":16.0,"turns":7.0},{"damage":1.0,"enemies":"Chosen","floor":18.0,"turns":3.0},{"damage":0.0,"enemies":"Gremlin Leader","floor":21.0,"turns":4.0},{"damage":0.0,"enemies":"Shell Parasite","floor":22.0,"turns":1.0},{"damage":21.0,"enemies":"Book of Stabbing","floor":23.0,"turns":3.0},{"damage":66.0,"enemies":"Gremlin Leader","floor":24.0,"turns":6.0},{"damage":18.0,"enemies":"Book of Stabbing","floor":27.0,"turns":2.0},{"damage":13.0,"enemies":"Slavers","floor":29.0,"turns":3.0},{"damage":9,"enemies":"Book of Stabbing","floor":31,"turns":2},{"damage":20,"enemies":"Automaton","floor":33,"turns":4},{"damage":1,"enemies":"Orb Walker","floor":35,"turns":2},{"damage":34,"enemies":"2 Orb Walkers","floor":36,"turns":4},{"damage":24,"enemies":"Nemesis","floor":38,"turns":3},{"damage":12,"enemies":"Reptomancer","floor":40,"turns":2},{"damage":6,"enemies":"Giant Head","floor":42,"turns":2},{"damage":7,"enemies":"3 Shapes","floor":45,"turns":2},{"damage":6,"enemies":"Reptomancer","floor":47,"turns":1},{"damage":18,"enemies":"Nemesis","floor":48,"turns":1},{"damage":13,"enemies":"Awakened One","floor":50,"turns":2}],"seed_played":"-4251534326584572966","potions_obtained":[{"floor":2.0,"key":"BlessingOfTheForge"},{"floor":2.0,"key":"Strength Potion"},{"floor":2.0,"key":"Swift Potion"},{"floor":3.0,"key":"Swift Potion"},{"floor":8.0,"key":"GamblersBrew"},{"floor":11.0,"key":"EssenceOfSteel"},{"floor":16.0,"key":"Strength Potion"},{"floor":21.0,"key":"GamblersBrew"},{"floor":22.0,"key":"EssenceOfSteel"},{"floor":27.0,"key":"AttackPotion"},{"floor":29.0,"key":"SpeedPotion"},{"floor":35,"key":"LiquidMemories"},{"floor":36,"key":"SmokeBomb"},{"floor":38,"key":"Weak Potion"}],"is_trial":true,"path_per_floor":["M","?","M","$","M","E","$","E","T","R","E","E","M","$","R","B",null,"M","?","?","E","M","E","E","R","T","E","R","E","$","E","R","B",null,"M","?","?","E","$","E","$","E","T","R","M","R","E","E","R","B",null],"character_chosen":"IRONCLAD","items_purchased":["Heavy Blade","Omamori","Membership Card","Ancient Tea Set","Bottled Lightning","Energy Potion"],"campfire_rested":0,"item_purchase_floors":[7,7,14,39,41,41],"current_hp_per_floor":[90,90,87,87,85,67,67,43,53,53,41,29,41,41,41,22,111,111,111,111,111,111,96,48,48,48,50,50,57,57,68,68,81,111,111,83,83,69,69,67,67,71,71,71,74,74,78,70,70,92],"gold":138,"neow_bonus":"","is_daily":false,"chose_seed":false,"campfire_upgraded":8,"win_rate":0.0,"timestamp":1612529002,"path_taken":["M","?","?","$","?","E","$","E","T","R","?","E","M","?","R","BOSS","M","?","?","?","M","E","E","R","T","E","R","E","$","E","R","BOSS","M","?","?","?","$","E","$","E","T","R","?","R","E","E","R","BOSS"],"items_purchased_type":["Card","Relic","Relic","Relic","Relic","Potion"],"build_version":"2020-12-22","purchased_purges":6,"victory":true,"max_hp_per_floor":[94,94,94,94,94,94,94,94,104,104,104,104,111,111,111,111,111,111,111,111,111,111,111,111,111,111,111,111,111,111,111,111,111,111,111,111,111,111,111,111,111,111,111,111,111,111,111,111,111,111],"card_choices":[{"not_picked":["Corruption","Brutality","Exhume"],"picked":"SKIP","floor":6.0},{"not_picked":["Feed","Corruption","Exhume"],"picked":"SKIP","floor":8.0},{"not_picked":["Immolate","Juggernaut"],"picked":"Limit Break","floor":11.0},{"not_picked":["Berserk","Limit Break"],"picked":"Double Tap","floor":12.0},{"not_picked":["Feed","Fiend Fire"],"picked":"Immolate","floor":16.0},{"not_picked":["Exhume","Bludgeon+1","Corruption"],"picked":"SKIP","floor":21.0},{"not_picked":["Demon Form","Corruption","Berserk"],"picked":"SKIP","floor":23.0},{"not_picked":["Berserk","Exhume"],"picked":"Offering","floor":24.0},{"not_picked":["Limit Break","Immolate+1"],"picked":"Double Tap","floor":27.0},{"not_picked":["Bludgeon+1","Feed+1","Juggernaut"],"picked":"SKIP","floor":29.0},{"not_picked":["Bludgeon+1","Demon Form","Double Tap"],"picked":"SKIP","floor":31},{"not_picked":["Demon Form","Limit Break"],"picked":"Offering","floor":33},{"not_picked":["Dropkick+1","Searing Blow+1"],"picked":"Inflame+1","floor":36},{"not_picked":["Fiend Fire+1","Juggernaut"],"picked":"Limit Break","floor":38},{"not_picked":["Barricade","Bludgeon+1","Exhume"],"picked":"Offering","floor":40},{"not_picked":["Demon Form","Feed+1","Exhume","Double Tap"],"picked":"SKIP","floor":42},{"not_picked":["Corruption","Double Tap","Berserk"],"picked":"Offering","floor":47},{"not_picked":["Brutality","Bludgeon+1","Double Tap"],"picked":"Limit Break","floor":48}],"player_experience":410741,"relics_obtained":[{"floor":1.0,"key":"Oddly Smooth Stone"},{"floor":3.0,"key":"Ice Cream"},{"floor":5.0,"key":"Old Coin"},{"floor":6.0,"key":"Red Skull"},{"floor":8.0,"key":"War Paint"},{"floor":9.0,"key":"Pear"},{"floor":11.0,"key":"Lantern"},{"floor":12.0,"key":"Pantograph"},{"floor":13.0,"key":"Strawberry"},{"floor":18.0,"key":"Molten Egg 2"},{"floor":21.0,"key":"Dream Catcher"},{"floor":22.0,"key":"Regal Pillow"},{"floor":23.0,"key":"Meat on the Bone"},{"floor":24.0,"key":"Matryoshka"},{"floor":26.0,"key":"Shuriken"},{"floor":26.0,"key":"Blood Vial"},{"floor":27.0,"key":"Whetstone"},{"floor":29.0,"key":"CaptainsWheel"},{"floor":31,"key":"CeramicFish"},{"floor":35,"key":"PreservedInsect"},{"floor":36,"key":"Torii"},{"floor":38,"key":"Question Card"},{"floor":40,"key":"Peace Pipe"},{"floor":42,"key":"Nunchaku"},{"floor":43,"key":"MealTicket"},{"floor":43,"key":"Incense Burner"},{"floor":45,"key":"Darkstone Periapt"},{"floor":47,"key":"Happy Flower"},{"floor":48,"key":"Vajra"}],"event_choices":[{"damage_healed":0.0,"max_hp_gain":0.0,"max_hp_loss":0.0,"gold_gain":0.0,"event_name":"Lab","player_choice":"Got Potions","floor":2.0,"gold_loss":0.0,"damage_taken":0.0},{"cards_removed":["Defend_R"],"damage_healed":0.0,"max_hp_gain":0.0,"max_hp_loss":0.0,"gold_gain":0.0,"event_name":"Beggar","player_choice":"Gave Gold","floor":19.0,"gold_loss":75.0,"damage_taken":0.0},{"damage_healed":0.0,"max_hp_gain":0.0,"max_hp_loss":0.0,"gold_gain":0.0,"event_name":"Upgrade Shrine","player_choice":"Upgraded","floor":20.0,"gold_loss":0.0,"damage_taken":0.0,"cards_upgraded":["Heavy Blade"]},{"damage_healed":0,"gold_gain":0,"player_choice":"Fight","damage_taken":0,"max_hp_gain":0,"max_hp_loss":0,"event_name":"Mysterious Sphere","floor":36,"gold_loss":0},{"damage_healed":0,"gold_gain":0,"player_choice":"Gave Potion","damage_taken":0,"relics_obtained":["Bird Faced Urn"],"max_hp_gain":0,"max_hp_loss":0,"event_name":"WeMeetAgain","floor":37,"gold_loss":0}],"is_beta":false,"boss_relics":[{"not_picked":["Astrolabe","Busted Crown"],"picked":"Coffee Dripper"},{"not_picked":["Fusion Hammer","Runic Cube"],"picked":"Runic Dome"}],"items_purged_floors":[4,7,14,30,39,41],"is_endless":false,"potions_floor_spawned":[3,8,11,16,21,22,27,29,35,36,38,48],"ascension_level":1}}