{"host":"6rz02yiipefhcw4r","time":1612510966,"event":{"mods":["2.2 Compatiblity","Arknights","BaseMod","Better Match","Better Third Choice","Better Vampires","BetterRewards","Block Reminder","Colored Map","Curses Come First","DeckTracker","Googly Eyes","Hubris","Minty Spire (QoL Compilation)","Quick Restart","Rare Cards Sparkle","Reliquary","Shade Mod","Spicy Shops","StSLib","The Bladedancer","The Cursed","The Marked","The Necromancer","The Runesmith"],"gold_per_floor":[109,182,182,197,9,39,39,52,52,64,81,91,119,134,134,211,211,224,224,238,288,288,288],"floor_reached":22,"language":"ENG","playtime":907,"items_purged":["Strike_G"],"score":446,"play_id":"e637df8a-4775-420b-9e0a-b07722b144ff","local_time":"20210205054246","is_ascension_mode":true,"campfire_choices":[{"data":"Noxious Fumes","floor":7.0,"key":"SMITH"},{"floor":15,"key":"REST"}],"circlet_count":0,"master_deck":["AscendersBane","Strike_G","Strike_G","Strike_G","Defend_G","Defend_G","Defend_G","Defend_G","Defend_G","Survivor","Neutralize","Choke+1","Noxious Fumes+1","Leg Sweep","Quick Slash","Bane","Noxious Fumes","Catalyst","Poisoned Stab","Deadly Poison","Prepared","Backstab","Blur"],"relics":["Ring of the Snake","NeowsBlessing","hubris:TenFootPole","hubris:Zylophone","Regal Pillow","Runic Pyramid"],"acts_visited":["Exordium","TheCity"],"potions_floor_usage":[11,11,20],"damage_taken":[{"damage":0.0,"enemies":"Small Slimes","floor":1.0,"turns":1.0},{"damage":0.0,"enemies":"Jaw Worm","floor":4.0,"turns":1.0},{"damage":0.0,"enemies":"Lagavulin","floor":6.0,"turns":1.0},{"damage":4.0,"enemies":"Cultist","floor":8.0,"turns":3.0},{"damage":8.0,"enemies":"Exordium Wildlife","floor":10.0,"turns":5.0},{"damage":27,"enemies":"Gremlin Gang","floor":11,"turns":4},{"damage":10,"enemies":"3 Louse","floor":12,"turns":5},{"damage":17,"enemies":"3 Sentries","floor":13,"turns":5},{"damage":0,"enemies":"Red Slaver","floor":14,"turns":4},{"damage":23,"enemies":"Hexaghost","floor":16,"turns":9},{"damage":15,"enemies":"3 Byrds","floor":18,"turns":5},{"damage":5,"enemies":"2 Thieves","floor":20,"turns":3},{"damage":0,"enemies":"3 Cultists","floor":22,"turns":3}],"seed_played":"-2663475418351837473","potions_obtained":[{"floor":1.0,"key":"Regen Potion"},{"floor":6.0,"key":"SpeedPotion"},{"floor":13,"key":"Explosive Potion"}],"is_trial":false,"path_per_floor":["M","?","?","M","$","E","R","M","T","M","M","M","E","M","R","B",null,"M","?","M","?","M"],"character_chosen":"THE_SILENT","items_purchased":["Leg Sweep","Quick Slash"],"campfire_rested":1,"item_purchase_floors":[5,5],"current_hp_per_floor":[59,59,59,59,59,59,59,55,55,47,32,22,5,5,39,16,54,39,39,34,34,34,34],"gold":288,"neow_bonus":"THREE_ENEMY_KILL","is_daily":false,"chose_seed":false,"campfire_upgraded":1,"win_rate":0.0,"timestamp":1612510966,"path_taken":["M","?","?","M","$","E","R","M","T","M","M","?","E","M","R","BOSS","M","?","?","?","M"],"items_purchased_type":["Card","Card"],"build_version":"2020-12-22","purchased_purges":1,"victory":false,"max_hp_per_floor":[66,66,66,66,66,66,66,66,66,66,66,66,66,66,66,66,66,66,66,66,66,66,66],"card_choices":[{"not_picked":["Setup","Dagger Throw"],"picked":"Choke","floor":1.0},{"not_picked":["Slice","Outmaneuver"],"picked":"Noxious Fumes","floor":4.0},{"not_picked":["Predator","Eviscerate"],"picked":"Bane","floor":6.0},{"not_picked":["Underhanded Strike","Night Terror","Expertise"],"picked":"SKIP","floor":8.0},{"not_picked":["Bouncing Flask","hubris:TrickCloak"],"picked":"Noxious Fumes","floor":10.0},{"not_picked":["Distraction","Dagger Throw"],"picked":"Catalyst","floor":11},{"not_picked":["Concentrate","hubris:TrickCloak"],"picked":"Poisoned Stab","floor":12},{"not_picked":["Dagger Spray","Deflect"],"picked":"Deadly Poison","floor":13},{"not_picked":["Dash","Sucker Punch"],"picked":"Prepared","floor":14},{"not_picked":["Choke+1","Poisoned Stab"],"picked":"Backstab","floor":18},{"not_picked":["Predator","Acrobatics"],"picked":"Blur","floor":20}],"player_experience":806238,"relics_obtained":[{"floor":6.0,"key":"hubris:TenFootPole"},{"floor":9.0,"key":"hubris:Zylophone"},{"floor":13,"key":"Regal Pillow"}],"event_choices":[{"damage_healed":0.0,"max_hp_gain":0.0,"max_hp_loss":0.0,"gold_gain":73.0,"event_name":"Golden Wing","player_choice":"Gained Gold","floor":2.0,"gold_loss":0.0,"damage_taken":0.0},{"damage_healed":0.0,"max_hp_gain":0.0,"max_hp_loss":0.0,"gold_gain":0.0,"event_name":"Accursed Blacksmith","player_choice":"Forge","floor":3.0,"gold_loss":0.0,"damage_taken":0.0,"cards_upgraded":["Choke"]},{"cards_removed":["Strike_G"],"damage_healed":0,"gold_gain":0,"player_choice":"Offered Basic","damage_taken":0,"max_hp_gain":0,"max_hp_loss":0,"event_name":"Bonfire Elementals","floor":19,"gold_loss":0},{"damage_healed":0,"gold_gain":50,"player_choice":"Pray","damage_taken":0,"max_hp_gain":0,"max_hp_loss":0,"event_name":"Golden Shrine","floor":21,"gold_loss":0}],"is_beta":false,"boss_relics":[{"not_picked":["reliquary:Ember","Busted Crown"],"picked":"Runic Pyramid"}],"items_purged_floors":[5],"is_endless":false,"potions_floor_spawned":[1,6,10,13],"killed_by":"3 Cultists","ascension_level":20}}