{"host":"sc0o2qwpf9j16a4i","time":1612526454,"event":{"mods":["AchievementEnabler","BaseMod","BetterRewards","Block Reminder","Colored Map","Colored Powertips","Custom Start","Highlight Path","Minty Spire (QoL Compilation)","Relic Stats"],"gold_per_floor":[109,109,34,34,54,79,99,130,154,200,210,160,197,208,208,317,317,332,332,332,345,20,20,49,49,49,64,15,29,67,98,98,201,210,227,227,239,254,274,274,274],"floor_reached":40,"language":"ENG","playtime":1436,"items_purged":["Regret","Strike_G+1"],"score":571,"play_id":"1747b18b-988c-4337-8657-837c0a769e8d","local_time":"20210205140054","daily_mods":["Allstar","Vintage","Binary"],"is_ascension_mode":false,"campfire_choices":[{"data":"Apotheosis","floor":15,"key":"SMITH"},{"data":"Adrenaline","floor":23,"key":"SMITH"},{"data":"Adrenaline","floor":25,"key":"SMITH"},{"data":"Chrysalis","floor":32,"key":"SMITH"}],"circlet_count":0,"master_deck":["Strike_G+1","Strike_G+1","Strike_G+1","Defend_G+1","Defend_G+1","Defend_G+1","Defend_G+1","Survivor","Neutralize","Bandage Up","Blind+1","Apotheosis+1","Dramatic Entrance","Chrysalis+1","Riddle With Holes","Deflect+1","Adrenaline+1","Adrenaline+1","Escape Plan","CurseOfTheBell"],"relics":["Ring of the Snake","Regal Pillow","Bronze Scales","Ninja Scroll","Darkstone Periapt","Lantern","Matryoshka","Pen Nib","Happy Flower","Singing Bowl","CeramicFish","Blood Vial","Meat on the Bone","Potion Belt","SacredBark","Anchor","Ginger","Toy Ornithopter","White Beast Statue","Pantograph","War Paint","Molten Egg 2","Red Mask","Strawberry","Calling Bell","Omamori","Eternal Feather","The Specimen","Oddly Smooth Stone","Akabeko","Ancient Tea Set","Ornamental Fan"],"acts_visited":["Exordium","TheCity","TheBeyond"],"potions_floor_usage":[6,16,27,30,31,33,33,33,33,38,38,38,40],"damage_taken":[{"damage":0,"enemies":"Jaw Worm","floor":1,"turns":4},{"damage":4,"enemies":"Cultist","floor":5,"turns":4},{"damage":8,"enemies":"3 Sentries","floor":6,"turns":7},{"damage":0,"enemies":"2 Louse","floor":7,"turns":1},{"damage":14,"enemies":"Lagavulin","floor":8,"turns":6},{"damage":0,"enemies":"Looter","floor":11,"turns":1},{"damage":0,"enemies":"3 Sentries","floor":13,"turns":3},{"damage":0,"enemies":"Lots of Slimes","floor":14,"turns":1},{"damage":24,"enemies":"Hexaghost","floor":16,"turns":8},{"damage":0,"enemies":"2 Thieves","floor":18,"turns":3},{"damage":6,"enemies":"Spheric Guardian","floor":21,"turns":4},{"damage":1,"enemies":"Book of Stabbing","floor":24,"turns":5},{"damage":3,"enemies":"Snake Plant","floor":27,"turns":3},{"damage":2,"enemies":"Shelled Parasite and Fungi","floor":29,"turns":3},{"damage":0,"enemies":"Masked Bandits","floor":30,"turns":1},{"damage":0,"enemies":"Gremlin Leader","floor":31,"turns":3},{"damage":11,"enemies":"Automaton","floor":33,"turns":7},{"damage":0,"enemies":"Orb Walker","floor":35,"turns":4},{"damage":0,"enemies":"3 Darklings","floor":37,"turns":6},{"damage":39,"enemies":"Maw","floor":38,"turns":11},{"damage":15,"enemies":"Transient","floor":39,"turns":5},{"damage":0,"enemies":"Giant Head","floor":40,"turns":2}],"seed_played":"5057368660219140969","potions_obtained":[{"floor":1,"key":"GamblersBrew"},{"floor":6,"key":"SteroidPotion"},{"floor":8,"key":"Weak Potion"},{"floor":11,"key":"Dexterity Potion"},{"floor":24,"key":"SpeedPotion"},{"floor":27,"key":"FearPotion"},{"floor":29,"key":"LiquidMemories"},{"floor":30,"key":"Swift Potion"},{"floor":31,"key":"CultistPotion"},{"floor":33,"key":"SpeedPotion"},{"floor":35,"key":"Ancient Potion"},{"floor":37,"key":"AttackPotion"},{"floor":38,"key":"CunningPotion"},{"floor":39,"key":"PowerPotion"}],"is_trial":true,"path_per_floor":["M","?","$","?","M","E","M","E","T","T","M","?","E","M","R","B",null,"M","?","?","M","$","R","E","R","T","M","$","M","?","E","R","B",null,"M","?","M","M","M","E"],"character_chosen":"THE_SILENT","items_purchased":["Toy Ornithopter","LiquidMemories","ColorlessPotion"],"campfire_rested":0,"item_purchase_floors":[22,22,28],"current_hp_per_floor":[70,70,70,63,65,63,67,53,53,53,59,59,67,70,70,52,70,70,70,70,64,64,64,72,72,72,69,69,72,72,81,81,72,89,89,89,89,56,49,56,56],"gold":274,"neow_bonus":"","is_daily":false,"chose_seed":false,"campfire_upgraded":4,"win_rate":0.0,"timestamp":1612526454,"path_taken":["M","?","$","?","M","E","M","E","T","?","M","?","E","M","R","BOSS","M","?","?","?","$","R","E","R","T","M","?","M","?","E","R","BOSS","M","?","M","M","M","E"],"items_purchased_type":["Relic","Potion","Potion"],"build_version":"2020-12-22","purchased_purges":2,"victory":false,"max_hp_per_floor":[70,70,70,70,70,70,70,70,70,70,70,70,70,70,70,70,70,70,70,70,70,70,70,72,72,72,72,72,72,72,81,81,83,89,89,89,89,89,89,89,89],"relic_stats":{"Darkstone Periapt":6,"Regal Pillow":0,"Happy Flower":[23],"Singing Bowl":6,"counters":[22,91],"CeramicFish":36,"Eternal Feather":0,"Pen Nib":[21],"Ginger":[6],"War Paint":["Blind","Deflect"],"Blood Vial":12,"Ornamental Fan":[8],"Bronze Scales":[239],"Pantograph":0,"obtain_stats":[{"Darkstone Periapt":6,"Regal Pillow":1,"Lantern":7,"Singing Bowl":10,"CeramicFish":10,"SacredBark":17,"Ginger":21,"Ancient Tea Set":38,"Blood Vial":11,"Matryoshka":8,"Ninja Scroll":5,"Pantograph":26,"Strawberry":31,"Red Mask":30,"Ring of the Snake":0,"Potion Belt":14,"Happy Flower":9,"The Specimen":34,"Oddly Smooth Stone":35,"Eternal Feather":34,"Pen Nib":9,"Omamori":34,"War Paint":27,"White Beast Statue":24,"Akabeko":37,"Calling Bell":34,"Anchor":18,"Ornamental Fan":39,"Bronze Scales":2,"Molten Egg 2":29,"Toy Ornithopter":22,"Meat on the Bone":13},{"Darkstone Periapt":3,"Regal Pillow":1,"Lantern":4,"Singing Bowl":5,"CeramicFish":5,"SacredBark":9,"Ginger":11,"Ancient Tea Set":20,"Blood Vial":6,"Matryoshka":5,"Ninja Scroll":2,"Pantograph":12,"Strawberry":16,"Red Mask":15,"Ring of the Snake":0,"Potion Belt":8,"Happy Flower":5,"The Specimen":17,"Oddly Smooth Stone":18,"Eternal Feather":17,"Pen Nib":5,"Omamori":17,"War Paint":13,"White Beast Statue":12,"Akabeko":19,"Calling Bell":17,"Anchor":10,"Ornamental Fan":21,"Bronze Scales":1,"Molten Egg 2":14,"Toy Ornithopter":11,"Meat on the Bone":7},{"Darkstone Periapt":15,"Regal Pillow":4,"Lantern":16,"Singing Bowl":22,"CeramicFish":22,"SacredBark":35,"Ginger":42,"Ancient Tea Set":85,"Blood Vial":23,"Matryoshka":22,"Ninja Scroll":8,"Pantograph":47,"Strawberry":57,"Red Mask":54,"Ring of the Snake":0,"Potion Belt":27,"Happy Flower":22,"The Specimen":64,"Oddly Smooth Stone":68,"Eternal Feather":64,"Pen Nib":22,"Omamori":64,"War Paint":50,"White Beast Statue":47,"Akabeko":74,"Calling Bell":64,"Anchor":38,"Ornamental Fan":90,"Bronze Scales":4,"Molten Egg 2":53,"Toy Ornithopter":42,"Meat on the Bone":26}],"Toy Ornithopter":11,"Ring of the Snake":[44],"Meat on the Bone":0},"card_choices":[{"not_picked":["Catalyst"],"picked":"Riddle With Holes","floor":6},{"not_picked":["Acrobatics"],"picked":"Deflect","floor":8},{"not_picked":["Distraction"],"picked":"Adrenaline","floor":13},{"not_picked":["Doppelganger"],"picked":"Adrenaline","floor":16},{"not_picked":["Bane","Deadly Poison"],"picked":"Singing Bowl","floor":24},{"not_picked":["Prepared"],"picked":"Escape Plan","floor":30},{"not_picked":["Dash+1","Distraction"],"picked":"Singing Bowl","floor":31},{"not_picked":["A Thousand Cuts","Burst"],"picked":"Singing Bowl","floor":33}],"player_experience":1192078,"relics_obtained":[{"floor":1,"key":"Regal Pillow"},{"floor":5,"key":"Ninja Scroll"},{"floor":6,"key":"Darkstone Periapt"},{"floor":7,"key":"Lantern"},{"floor":8,"key":"Matryoshka"},{"floor":9,"key":"Pen Nib"},{"floor":9,"key":"Happy Flower"},{"floor":10,"key":"Singing Bowl"},{"floor":10,"key":"CeramicFish"},{"floor":11,"key":"Blood Vial"},{"floor":13,"key":"Meat on the Bone"},{"floor":14,"key":"Potion Belt"},{"floor":18,"key":"Anchor"},{"floor":21,"key":"Ginger"},{"floor":24,"key":"White Beast Statue"},{"floor":26,"key":"Pantograph"},{"floor":27,"key":"War Paint"},{"floor":29,"key":"Molten Egg 2"},{"floor":30,"key":"Red Mask"},{"floor":31,"key":"Strawberry"},{"floor":34,"key":"Omamori"},{"floor":34,"key":"Eternal Feather"},{"floor":34,"key":"The Specimen"},{"floor":35,"key":"Oddly Smooth Stone"},{"floor":37,"key":"Akabeko"},{"floor":38,"key":"Ancient Tea Set"},{"floor":39,"key":"Ornamental Fan"}],"event_choices":[{"damage_healed":0,"gold_gain":0,"player_choice":"Box","damage_taken":0,"relics_obtained":["Bronze Scales"],"max_hp_gain":0,"max_hp_loss":0,"event_name":"Big Fish","floor":2,"gold_loss":0,"cards_obtained":["Regret"]},{"cards_removed":["Strike_G"],"damage_healed":0,"gold_gain":0,"player_choice":"Card Removal","damage_taken":7,"max_hp_gain":0,"max_hp_loss":0,"event_name":"Golden Wing","floor":4,"gold_loss":0},{"cards_removed":["Defend_G"],"damage_healed":0,"gold_gain":0,"player_choice":"Card Removal","damage_taken":0,"max_hp_gain":0,"max_hp_loss":0,"event_name":"The Cleric","floor":12,"gold_loss":50},{"damage_healed":0,"gold_gain":0,"player_choice":"Simplicity","damage_taken":0,"max_hp_gain":0,"max_hp_loss":0,"event_name":"Back to Basics","floor":19,"gold_loss":0,"cards_upgraded":["Strike_G","Strike_G","Strike_G","Strike_G","Defend_G","Defend_G","Defend_G","Defend_G"]},{"damage_healed":0,"gold_gain":0,"player_choice":"Full Heal","damage_taken":0,"max_hp_gain":0,"max_hp_loss":0,"event_name":"Wheel of Change","floor":20,"gold_loss":0},{"damage_healed":0,"gold_gain":0,"player_choice":"Fought Bandits","damage_taken":0,"max_hp_gain":0,"max_hp_loss":0,"event_name":"Masked Bandits","floor":30,"gold_loss":0},{"damage_healed":0,"gold_gain":0,"player_choice":"Ignored","damage_taken":0,"max_hp_gain":0,"max_hp_loss":0,"event_name":"NoteForYourself","floor":36,"gold_loss":0}],"is_beta":false,"boss_relics":[{"not_picked":["Busted Crown","Philosopher\u0027s Stone"],"picked":"SacredBark"},{"not_picked":["Ring of the Serpent","Coffee Dripper"],"picked":"Calling Bell"}],"items_purged_floors":[3,22],"is_endless":false,"potions_floor_spawned":[1,6,8,11,24,27,29,30,31,33,35,37,38,39],"killed_by":"Giant Head","ascension_level":0}}