{"host":"0s8kyghz8ihx2r41","time":1612506724,"event":{"mods":["100% Spire Juice","2.2 Compatiblity","Act Like it!","Bard","BaseMod","Block Reminder","CapriCore","Chen","Conspire","Downfall","Friendly Minions","GungeonMod","Hermit","HololiveMod","Hubris","Koishi","Lobotomy","LobotomyExtend","Marisa（霧雨　魔理沙）","Minty Spire (QoL Compilation)","Monster B Gone","Morshu Shopkeeper","Prisma Mod","Reimu（博??梦）","Reliquary","Replay The Spire","Spire Birthday Party","StSLib","The Administrix","The Alterego","The Clintock","The Construct","The Cursed","The Disciple","The Edgeheg","The Gatherer","The Immortal","The Marked","The Mystic","The Paleblood","The Servant 0.9.4","TheBandit","TheSwordswoman","TheVacant","Waifu the Spire","Yakumo Yukari mod","Yuyuko","everything is the same but u backflip on backflip","slay the spire mod where everything is the same but ironclad has a cowboy hat"],"gold_per_floor":[119,119,162,177,177,177,202,202,202,202,221,232,266,278,278,374,374,392,392,402,68,85,85,85],"floor_reached":23,"language":"ENG","playtime":1019,"items_purged":["Pain"],"score":201,"play_id":"9b4309ab-a082-415b-8bb8-e648b6cdba4b","local_time":"20210205013204","is_ascension_mode":false,"campfire_choices":[{"floor":6,"key":"REST"},{"data":"DemoMod:MachoBrace","floor":8,"key":"SMITH"},{"floor":10,"key":"REST"},{"floor":15,"key":"REST"}],"circlet_count":0,"master_deck":["DemoMod:Strike_Huntress","DemoMod:Strike_Huntress","DemoMod:Strike_Huntress","DemoMod:Defend_Huntress","DemoMod:Defend_Huntress","DemoMod:Defend_Huntress","DemoMod:Defend_Huntress","DemoMod:Roll","DemoMod:ManualReload","DemoMod:RustySidearm","DemoMod:CrossBow","DemoMod:ThirdPartyController","DemoMod:MachoBrace+1","Clumsy","DemoMod:EasyReloadBullets","DemoMod:CombinedRifle","DemoMod:CombinedRifle","DemoMod:HighKaliber","DemoMod:StickyCrossBow","DemoMod:GunstockTap","DemoMod:FinishedGun","ReplayTheSpireMod:Splinters","ReplayTheSpireMod:IOU","DemoMod:TripleGun+1","Apotheosis","DemoMod:ShadowBullets"],"relics":["DemoMod:Dog","LetterFromLob","Durian","Replay:Bottled Snecko","reliquary:Firecrackers","reliquary:ExpiredCoupon","Replay:Ancient Bell","Bronze Scales","Replay:WaspNest","Replay:PocketPolymizer","Snack Pack"],"acts_visited":["Exordium","TheCity"],"potions_floor_usage":[16,16,22],"damage_taken":[{"damage":9,"enemies":"Small Slimes","floor":1,"turns":3},{"damage":26,"enemies":"conspire:MimicChest","floor":3,"turns":6},{"damage":0,"enemies":"2 Louse","floor":4,"turns":2},{"damage":16,"enemies":"Gremlin Nob","floor":7,"turns":4},{"damage":0,"enemies":"Cultist","floor":11,"turns":3},{"damage":16,"enemies":"Gremlin Gang","floor":12,"turns":5},{"damage":22,"enemies":"3 Sentries","floor":13,"turns":7},{"damage":0,"enemies":"Large Slime","floor":14,"turns":2},{"damage":36,"enemies":"The Guardian","floor":16,"turns":11},{"damage":20,"enemies":"2 Thieves","floor":18,"turns":2},{"damage":32,"enemies":"Shell Parasite","floor":20,"turns":5},{"damage":22,"enemies":"Snake Plant","floor":22,"turns":5},{"damage":19,"enemies":"Book of Stabbing","floor":23,"turns":2}],"seed_played":"-8115715226509982033","potions_obtained":[{"floor":3,"key":"SpeedPotion"},{"floor":12,"key":"DemoMod:LeadSkinPotion"},{"floor":14,"key":"Dexterity Potion"},{"floor":18,"key":"Regen Potion"}],"is_trial":false,"path_per_floor":["M","?","?","M","M","R","E","R","T","R","M","M","E","M","R","B",null,"M","?","M","$","M","E"],"character_chosen":"HUNTRESS","items_purchased":["Snack Pack"],"campfire_rested":3,"item_purchase_floors":[21],"current_hp_per_floor":[61,61,40,40,40,62,46,46,46,68,68,52,30,30,52,16,75,55,55,23,23,15,0,0],"gold":85,"neow_bonus":"ONE_RANDOM_RARE_CARD","is_daily":false,"chose_seed":false,"campfire_upgraded":1,"win_rate":0.0,"timestamp":1612506724,"path_taken":["M","?","?","M","M","R","E","R","T","R","?","M","E","?","R","BOSS","M","?","M","$","M","E"],"items_purchased_type":["Relic"],"build_version":"2020-12-22","purchased_purges":1,"victory":false,"max_hp_per_floor":[70,70,75,75,75,75,75,75,75,75,75,75,75,75,75,75,75,75,75,75,75,75,75,75],"card_choices":[{"not_picked":["DemoMod:EasyReloadBullets","DemoMod:ConditionalReflex"],"picked":"DemoMod:MachoBrace","floor":1},{"not_picked":["DemoMod:JK47","DemoMod:DirectionalPad"],"picked":"DemoMod:EasyReloadBullets","floor":3},{"not_picked":["DemoMod:RadGun","DemoMod:MachoBrace"],"picked":"DemoMod:CombinedRifle","floor":4},{"not_picked":["DemoMod:RadGun","DemoMod:Unmoved"],"picked":"DemoMod:CombinedRifle","floor":7},{"not_picked":["DemoMod:ConditionalReflex","DemoMod:PracticeMakesPerfect"],"picked":"DemoMod:HighKaliber","floor":11},{"not_picked":["DemoMod:FortunesFavor","DemoMod:BoxingGlove"],"picked":"DemoMod:StickyCrossBow","floor":12},{"not_picked":["DemoMod:StickyCrossBow","DemoMod:HuntsMan","DemoMod:HardPowerCard"],"picked":"SKIP","floor":13},{"not_picked":["DemoMod:HardPowerCard","DemoMod:AC15"],"picked":"DemoMod:GunstockTap","floor":14},{"not_picked":["DemoMod:BSG","DemoMod:BlankBullets"],"picked":"DemoMod:FinishedGun","floor":16},{"not_picked":["downfall:Haunted","Amnesia"],"picked":"Pain","floor":17},{"not_picked":["Amnesia","Replay:Hysterical Blindness"],"picked":"ReplayTheSpireMod:Splinters","floor":17},{"not_picked":["Replay:Sluggish","hubris:Sloth"],"picked":"ReplayTheSpireMod:IOU","floor":17},{"not_picked":["DemoMod:Camera","DemoMod:TableSutra+1"],"picked":"DemoMod:TripleGun+1","floor":18},{"not_picked":["DemoMod:GunstockTap","DemoMod:FortunesFavor"],"picked":"DemoMod:ShadowBullets","floor":20},{"not_picked":["DemoMod:PotionOfGunFriendShip","DemoMod:TeaPot","DemoMod:BoxingGlove+1"],"picked":"SKIP","floor":22}],"player_experience":361857,"relics_obtained":[{"floor":1,"key":"LetterFromLob"},{"floor":3,"key":"Durian"},{"floor":7,"key":"Replay:Bottled Snecko"},{"floor":9,"key":"reliquary:Firecrackers"},{"floor":13,"key":"reliquary:ExpiredCoupon"}],"event_choices":[],"is_beta":false,"boss_relics":[{"not_picked":["SacredBark","reliquary:Ember"],"picked":"Replay:Ancient Bell"},{"not_picked":["reliquary:RoseTintedGlasses","CeramicFish"],"picked":"Bronze Scales"},{"not_picked":["DemoMod:SerJunkan","DemoMod:JetPack"],"picked":"Replay:WaspNest"},{"not_picked":["Dead Branch","conspire:Boomerang"],"picked":"Replay:PocketPolymizer"}],"items_purged_floors":[21],"is_endless":false,"potions_floor_spawned":[3,12,14,18],"killed_by":"Book of Stabbing","ascension_level":0}}