{"host":"d52brwsy6af8zvaq","time":1612562005,"event":{"mods":["AchievementEnabler","BaseMod","Bestiary","Highlight Path","Minty Spire (QoL Compilation)","Quick Restart","Relic Stats","ojb\u0027s Better Paths Mod"],"gold_per_floor":[113,188,25,25,45,45,64,95,167,181,197,197,238,263,263,263,263],"floor_reached":16,"language":"ENG","playtime":392,"items_purged":["Strike_B"],"score":224,"play_id":"032be5ba-b7d2-43b7-be2e-f9c8973a3c2b","local_time":"20210205145325","is_ascension_mode":true,"campfire_choices":[{"data":"Doom and Gloom","floor":6.0,"key":"SMITH"},{"data":"Scrape","floor":12.0,"key":"SMITH"},{"data":"Static Discharge","floor":15,"key":"SMITH"}],"circlet_count":0,"master_deck":["AscendersBane","Strike_B","Strike_B","Strike_B","Defend_B","Defend_B","Defend_B","Defend_B","Zap+1","Dualcast","Gash","Doom and Gloom+1","Cold Snap","Leap","Scrape+1","Gash+1","Glacier","Beam Cell+1","Static Discharge+1"],"relics":["Cracked Core","Golden Idol","Anchor","Molten Egg 2","Eternal Feather"],"acts_visited":[],"potions_floor_usage":[],"damage_taken":[{"damage":0.0,"enemies":"Jaw Worm","floor":1.0,"turns":3.0},{"damage":4.0,"enemies":"Small Slimes","floor":5.0,"turns":3.0},{"damage":2.0,"enemies":"2 Louse","floor":7.0,"turns":2.0},{"damage":22.0,"enemies":"3 Sentries","floor":8.0,"turns":5.0},{"damage":0.0,"enemies":"Exordium Wildlife","floor":10.0,"turns":4.0},{"damage":0.0,"enemies":"Blue Slaver","floor":11.0,"turns":3.0},{"damage":6.0,"enemies":"Gremlin Nob","floor":13.0,"turns":3.0},{"damage":1.0,"enemies":"3 Louse","floor":14.0,"turns":2.0},{"damage":31,"enemies":"Slime Boss","floor":16,"turns":3}],"seed_played":"7206775153319818976","potions_obtained":[{"floor":8.0,"key":"SmokeBomb"},{"floor":10.0,"key":"Explosive Potion"}],"is_trial":false,"path_per_floor":["M","?","$","?","M","R","M","E","T","M","M","R","E","M","R","B"],"character_chosen":"DEFECT","items_purchased":["Doom and Gloom"],"campfire_rested":0,"item_purchase_floors":[3],"current_hp_per_floor":[64,53,53,53,49,49,47,25,25,25,25,25,19,18,27,0,0],"gold":263,"neow_bonus":"UPGRADE_CARD","is_daily":false,"chose_seed":false,"campfire_upgraded":3,"win_rate":0.0,"timestamp":1612562005,"path_taken":["M","?","$","?","M","R","M","E","T","M","M","R","E","M","R","BOSS"],"items_purchased_type":["Card"],"build_version":"2020-12-22","purchased_purges":1,"victory":false,"max_hp_per_floor":[71,71,71,64,64,64,64,64,64,64,64,64,64,64,64,64,64],"relic_stats":{"counters":[9,28],"Golden Idol":38,"Eternal Feather":9,"obtain_stats":[{"Anchor":8,"Golden Idol":4,"Molten Egg 2":9,"Eternal Feather":13,"Cracked Core":0},{"Anchor":4,"Golden Idol":1,"Molten Egg 2":4,"Eternal Feather":7,"Cracked Core":0},{"Anchor":13,"Golden Idol":3,"Molten Egg 2":13,"Eternal Feather":23,"Cracked Core":0}]},"card_choices":[{"not_picked":["Hologram","Turbo"],"picked":"Gash","floor":1.0},{"not_picked":["Double Energy","Beam Cell"],"picked":"Cold Snap","floor":5.0},{"not_picked":["Beam Cell","Coolheaded"],"picked":"Leap","floor":7.0},{"not_picked":["Blizzard","Reprogram"],"picked":"Scrape","floor":8.0},{"not_picked":["Conserve Battery","Coolheaded"],"picked":"Gash+1","floor":10.0},{"not_picked":["Multi-Cast","Doom and Gloom+1"],"picked":"Glacier","floor":11.0},{"not_picked":["Conserve Battery","Redo"],"picked":"Beam Cell+1","floor":13.0},{"not_picked":["Leap","Force Field"],"picked":"Static Discharge","floor":14}],"player_experience":2157790,"relics_obtained":[{"floor":8.0,"key":"Anchor"},{"floor":9.0,"key":"Molten Egg 2"},{"floor":13.0,"key":"Eternal Feather"}],"event_choices":[{"damage_healed":0.0,"max_hp_gain":0.0,"max_hp_loss":0.0,"gold_gain":75.0,"event_name":"World of Goop","player_choice":"Gather Gold","floor":2.0,"gold_loss":0.0,"damage_taken":11.0},{"damage_healed":0.0,"max_hp_gain":0.0,"max_hp_loss":7.0,"gold_gain":0.0,"event_name":"Golden Idol","player_choice":"Lose Max HP","floor":4.0,"gold_loss":0.0,"damage_taken":0.0,"relics_obtained":["Golden Idol"]}],"is_beta":false,"boss_relics":[],"items_purged_floors":[3],"is_endless":false,"potions_floor_spawned":[8,10],"killed_by":"Slime Boss","ascension_level":20}}