{"host":"msfr2axb1w9025n0","time":1612491979,"event":{"mods":["BaseMod","Bestiary","Block Reminder","Colored Map","DeckTracker","Minty Spire (QoL Compilation)","Relic Stats","Weighted Paths"],"gold_per_floor":[118,31,31,31,31,31,31,31],"floor_reached":7,"language":"ENG","playtime":165,"items_purged":[],"score":61,"play_id":"1bffd914-da8a-438a-8910-280f32e03ef8","local_time":"20210205092619","is_ascension_mode":true,"campfire_choices":[{"data":"Reckless Charge","floor":6,"key":"SMITH"}],"circlet_count":0,"master_deck":["AscendersBane","Strike_R","Strike_R+1","Strike_R","Strike_R","Defend_R+1","Defend_R","Defend_R","Defend_R","Bash+1","Reckless Charge+1","Battle Trance"],"relics":["Burning Blood","WingedGreaves"],"acts_visited":["Exordium"],"potions_floor_usage":[],"damage_taken":[{"damage":1,"enemies":"Cultist","floor":1,"turns":4},{"damage":50,"enemies":"Gremlin Nob","floor":7,"turns":4}],"seed_played":"-4064226154758168800","potions_obtained":[],"is_trial":false,"path_per_floor":["M","$","?","?","?","R","E"],"character_chosen":"IRONCLAD","items_purchased":["Battle Trance","Strength Potion"],"campfire_rested":0,"item_purchase_floors":[2,2],"current_hp_per_floor":[56,56,56,40,33,33,0,0],"gold":31,"neow_bonus":"ONE_RARE_RELIC","is_daily":false,"chose_seed":false,"campfire_upgraded":1,"win_rate":0.0,"timestamp":1612491979,"path_taken":["M","?","?","?","?","R","E"],"items_purchased_type":["Card","Potion"],"build_version":"2020-12-22","purchased_purges":0,"victory":false,"max_hp_per_floor":[80,80,80,80,80,80,80,80],"relic_stats":{"counters":[2,8],"obtain_stats":[{"WingedGreaves":0,"Burning Blood":0},{"WingedGreaves":0,"Burning Blood":0},{"WingedGreaves":0,"Burning Blood":0}],"Burning Blood":6},"card_choices":[{"not_picked":["Flex","Warcry"],"picked":"Reckless Charge","floor":1}],"player_experience":286210,"relics_obtained":[],"event_choices":[{"damage_healed":0,"gold_gain":0,"player_choice":"Grow","damage_taken":0,"max_hp_gain":0,"max_hp_loss":0,"event_name":"Living Wall","floor":3,"gold_loss":0,"cards_upgraded":["Bash"]},{"damage_healed":0,"gold_gain":0,"player_choice":"Entered Light","damage_taken":16,"max_hp_gain":0,"max_hp_loss":0,"event_name":"Shining Light","floor":4,"gold_loss":0,"cards_upgraded":["Strike_R","Defend_R"]},{"cards_removed":["Strike_R"],"damage_healed":0,"gold_gain":0,"player_choice":"Card Removal","damage_taken":7,"max_hp_gain":0,"max_hp_loss":0,"event_name":"Golden Wing","floor":5,"gold_loss":0}],"is_beta":false,"boss_relics":[],"items_purged_floors":[],"is_endless":false,"potions_floor_spawned":[],"killed_by":"Gremlin Nob","ascension_level":13}}