{"host":"1c17lcvl7acx821p","time":1612568825,"event":{"mods":["AchievementEnabler","BaseMod","Bestiary","Colored Map","Minty Spire (QoL Compilation)","Quick Restart","Relic Sorter","StSLib","ojb\u0027s Better Paths Mod","ojb\u0027s Info Mod"],"gold_per_floor":[114,114,114,29,29,55,68,93,93,109,121,121,121,152,152,224,224,238,252,30,30,30,60,60,72,72,72,72,10,10,38,38,115,115,125,137,137,187,202,202,214,247,247,61,81,408,408,433,433,433],"floor_reached":51,"language":"ENG","playtime":2381,"items_purged":["Strike_B"],"score":1637,"play_id":"028ece40-5755-46fa-b04c-8fe11826c7ef","local_time":"20210206014705","is_ascension_mode":true,"campfire_choices":[{"floor":12.0,"key":"REST"},{"data":"Genetic Algorithm","floor":15.0,"key":"SMITH"},{"data":"Fission","floor":24.0,"key":"SMITH"},{"data":"Reinforced Body","floor":28.0,"key":"SMITH"},{"floor":30.0,"key":"REST"},{"data":"Echo Form","floor":32.0,"key":"SMITH"},{"floor":40.0,"key":"REST"},{"data":"Defragment","floor":47.0,"key":"SMITH"},{"data":"Heatsinks","floor":49.0,"key":"SMITH"}],"circlet_count":0,"master_deck":["AscendersBane","Strike_B","Strike_B","Defend_B","Defend_B","Defend_B","Defend_B","Zap","Dualcast","Sweeping Beam+1","Cold Snap","Compile Driver","Electrodynamics","Cold Snap","Leap","Genetic Algorithm+1","Rainbow","Fission+1","Reinforced Body+1","Echo Form+1","Heatsinks+1","Core Surge","Conserve Battery+1","BootSequence+1","White Noise+1","The Bomb","Bandage Up","Aggregate+1","Defragment+1","Hello World+1","Hologram+1","Buffer"],"relics":["Cracked Core","NeowsBlessing","Blue Candle","PreservedInsect","The Courier","Dead Branch","Snecko Eye","Meat on the Bone","Enchiridion","Ancient Tea Set","CaptainsWheel","Shuriken","Prayer Wheel","SlaversCollar","Girya","Sundial","Runic Capacitor","Old Coin","Nunchaku"],"acts_visited":["Exordium","TheCity","TheBeyond"],"potions_floor_usage":[50],"damage_taken":[{"damage":0.0,"enemies":"2 Louse","floor":1.0,"turns":1.0},{"damage":0.0,"enemies":"3 Sentries","floor":6.0,"turns":1.0},{"damage":0.0,"enemies":"Small Slimes","floor":7.0,"turns":1.0},{"damage":40.0,"enemies":"Lagavulin","floor":8.0,"turns":7.0},{"damage":0.0,"enemies":"Cultist","floor":10.0,"turns":4.0},{"damage":13.0,"enemies":"Large Slime","floor":11.0,"turns":4.0},{"damage":1.0,"enemies":"Gremlin Nob","floor":14.0,"turns":3.0},{"damage":14.0,"enemies":"Hexaghost","floor":16.0,"turns":8.0},{"damage":13.0,"enemies":"2 Thieves","floor":18.0,"turns":4.0},{"damage":4.0,"enemies":"Chosen","floor":19.0,"turns":6.0},{"damage":23.0,"enemies":"Gremlin Leader","floor":23.0,"turns":6.0},{"damage":3.0,"enemies":"Snake Plant","floor":25.0,"turns":3.0},{"damage":11.0,"enemies":"Slavers","floor":31.0,"turns":2.0},{"damage":7.0,"enemies":"Automaton","floor":33.0,"turns":12.0},{"damage":1.0,"enemies":"Orb Walker","floor":35.0,"turns":4.0},{"damage":47.0,"enemies":"3 Darklings","floor":36.0,"turns":6.0},{"damage":16.0,"enemies":"Maw","floor":39.0,"turns":9.0},{"damage":0.0,"enemies":"4 Shapes","floor":41.0,"turns":3.0},{"damage":28.0,"enemies":"Giant Head","floor":42.0,"turns":8.0},{"damage":0.0,"enemies":"Sphere and 2 Shapes","floor":45.0,"turns":4.0},{"damage":18.0,"enemies":"Reptomancer","floor":46.0,"turns":4.0},{"damage":0.0,"enemies":"Nemesis","floor":48.0,"turns":5.0},{"damage":33,"enemies":"Awakened One","floor":50,"turns":12}],"seed_played":"2832489032006465673","potions_obtained":[{"floor":5.0,"key":"Dexterity Potion"},{"floor":5.0,"key":"LiquidMemories"},{"floor":11.0,"key":"FocusPotion"},{"floor":23.0,"key":"Strength Potion"},{"floor":31.0,"key":"Swift Potion"},{"floor":33.0,"key":"FairyPotion"},{"floor":42.0,"key":"Block Potion"}],"is_trial":false,"path_per_floor":["M","?","?","$","?","E","M","E","T","M","M","R","?","E","R","B",null,"M","M","$","?","?","E","R","M","T","T","R","$","R","E","R","B",null,"M","M","?","?","M","R","M","E","T","$","M","E","R","E","R","B",null],"character_chosen":"DEFECT","items_purchased":["Cold Snap","Compile Driver","Meat on the Bone","Echo Form","Runic Capacitor"],"campfire_rested":3,"item_purchase_floors":[4,4,20,29,44],"current_hp_per_floor":[64,64,64,64,64,64,64,24,24,24,11,32,25,24,24,10,56,43,39,39,18,32,21,21,30,30,30,30,30,51,40,40,45,65,64,29,24,24,24,45,45,33,33,33,45,43,43,43,43,26],"gold":433,"neow_bonus":"THREE_ENEMY_KILL","is_daily":false,"chose_seed":false,"campfire_upgraded":6,"win_rate":0.0,"timestamp":1612568825,"path_taken":["M","?","?","$","?","E","M","E","T","?","M","R","?","E","R","BOSS","M","M","$","?","?","E","R","M","T","?","R","?","R","E","R","BOSS","M","M","?","?","M","R","M","E","T","$","M","E","R","E","R","BOSS"],"items_purchased_type":["Card","Card","Relic","Card","Relic"],"build_version":"2020-12-22","purchased_purges":1,"victory":true,"max_hp_per_floor":[71,71,71,71,71,71,71,71,71,71,71,71,71,71,71,71,71,71,71,71,71,71,71,71,71,71,71,71,71,71,71,71,71,71,71,71,71,71,71,71,71,71,71,71,71,71,71,71,71,71],"card_choices":[{"not_picked":["Stack","Redo"],"picked":"Sweeping Beam","floor":1.0},{"not_picked":["Cold Snap","Compile Driver"],"picked":"Electrodynamics","floor":6.0},{"not_picked":["Auto Shields","Redo"],"picked":"Cold Snap","floor":7.0},{"not_picked":["Streamline","Gash"],"picked":"Leap","floor":8.0},{"not_picked":["Melter","Sweeping Beam","Turbo"],"picked":"SKIP","floor":10.0},{"not_picked":["Leap","Steam"],"picked":"Genetic Algorithm","floor":11.0},{"not_picked":["Hello World","Stack"],"picked":"Rainbow","floor":14.0},{"not_picked":["Multi-Cast","Rainbow"],"picked":"Fission","floor":16.0},{"not_picked":["Cold Snap","Barrage","Rebound"],"picked":"SKIP","floor":18.0},{"not_picked":["Compile Driver","Barrage","Ball Lightning"],"picked":"SKIP","floor":19.0},{"not_picked":["Ball Lightning","Scrape+1"],"picked":"Reinforced Body","floor":23.0},{"not_picked":["Rebound","Sunder","Compile Driver"],"picked":"SKIP","floor":25.0},{"not_picked":["Sunder","Leap"],"picked":"Heatsinks","floor":31.0},{"not_picked":["Hyperbeam","All For One"],"picked":"Core Surge","floor":33.0},{"not_picked":["Ball Lightning","Rip and Tear"],"picked":"Conserve Battery+1","floor":35.0},{"not_picked":["Sweeping Beam+1","Consume"],"picked":"BootSequence+1","floor":35.0},{"not_picked":["Auto Shields","Coolheaded"],"picked":"White Noise+1","floor":36.0},{"not_picked":["Stack","Streamline","Hello World"],"picked":"SKIP","floor":36.0},{"not_picked":["Mind Blast","Madness"],"picked":"The Bomb","floor":37.0},{"not_picked":["Dramatic Entrance","Sadistic Nature"],"picked":"Bandage Up","floor":37.0},{"not_picked":["Conserve Battery","Rebound","Redo+1"],"picked":"SKIP","floor":39.0},{"not_picked":["Redo","Rebound","Go for the Eyes"],"picked":"SKIP","floor":39.0},{"not_picked":["Chaos+1","Go for the Eyes"],"picked":"Aggregate+1","floor":41.0},{"not_picked":["Redo","Turbo"],"picked":"Defragment","floor":41.0},{"not_picked":["Scrape","Go for the Eyes","Turbo"],"picked":"SKIP","floor":42.0},{"not_picked":["Auto Shields","Glacier"],"picked":"Hello World+1","floor":45.0},{"not_picked":["Cold Snap","Leap"],"picked":"Hologram+1","floor":45.0},{"not_picked":["BootSequence+1","Ball Lightning"],"picked":"Buffer","floor":46.0},{"not_picked":["Auto Shields","Stack","Sweeping Beam"],"picked":"SKIP","floor":48.0}],"player_experience":284881,"relics_obtained":[{"floor":6.0,"key":"Blue Candle"},{"floor":8.0,"key":"PreservedInsect"},{"floor":9.0,"key":"The Courier"},{"floor":14.0,"key":"Dead Branch"},{"floor":21.0,"key":"Enchiridion"},{"floor":23.0,"key":"Ancient Tea Set"},{"floor":26.0,"key":"CaptainsWheel"},{"floor":27.0,"key":"Shuriken"},{"floor":31.0,"key":"Prayer Wheel"},{"floor":42.0,"key":"Girya"},{"floor":43.0,"key":"Sundial"},{"floor":46.0,"key":"Old Coin"},{"floor":48.0,"key":"Nunchaku"}],"event_choices":[{"damage_healed":0.0,"max_hp_gain":0.0,"max_hp_loss":0.0,"gold_gain":0.0,"event_name":"The Cleric","player_choice":"Leave","floor":2.0,"gold_loss":0.0,"damage_taken":0.0},{"damage_healed":0.0,"max_hp_gain":0.0,"max_hp_loss":0.0,"gold_gain":0.0,"event_name":"Living Wall","player_choice":"Grow","floor":3.0,"gold_loss":0.0,"damage_taken":0.0,"cards_upgraded":["Sweeping Beam"]},{"damage_healed":0.0,"max_hp_gain":0.0,"max_hp_loss":0.0,"gold_gain":0.0,"event_name":"Lab","player_choice":"Got Potions","floor":5.0,"gold_loss":0.0,"damage_taken":0.0},{"cards_removed":["Strike_B"],"damage_healed":0.0,"max_hp_gain":0.0,"max_hp_loss":0.0,"gold_gain":0.0,"event_name":"Golden Wing","player_choice":"Card Removal","floor":13.0,"gold_loss":0.0,"damage_taken":7.0},{"damage_healed":0.0,"max_hp_gain":0.0,"max_hp_loss":0.0,"gold_gain":0.0,"event_name":"Cursed Tome","player_choice":"Obtained Book","floor":21.0,"gold_loss":0.0,"damage_taken":21.0},{"damage_healed":14.0,"max_hp_gain":0.0,"max_hp_loss":0.0,"gold_gain":0.0,"event_name":"The Library","player_choice":"Heal","floor":22.0,"gold_loss":0.0,"damage_taken":0.0},{"damage_healed":0.0,"max_hp_gain":0.0,"max_hp_loss":0.0,"gold_gain":0.0,"event_name":"SensoryStone","player_choice":"Memory 2","floor":37.0,"gold_loss":0.0,"damage_taken":5.0},{"damage_healed":0.0,"max_hp_gain":0.0,"max_hp_loss":0.0,"gold_gain":50.0,"event_name":"Golden Shrine","player_choice":"Pray","floor":38.0,"gold_loss":0.0,"damage_taken":0.0}],"is_beta":false,"boss_relics":[{"not_picked":["Coffee Dripper","Nuclear Battery"],"picked":"Snecko Eye"},{"not_picked":["SacredBark","Empty Cage"],"picked":"SlaversCollar"}],"items_purged_floors":[44],"is_endless":false,"potions_floor_spawned":[7,11,14,23,31,33,42,45,46,48],"ascension_level":19}}