{"host":"3jjxuhjpio8e4zkv","time":1612556115,"event":{"mods":["BaseMod","Colored Map","Highlight Path","Minty Spire (QoL Compilation)","Permanent Neow","Relic Stats","StSLib"],"gold_per_floor":[112,130,149,169,181,212,223,223,223,223,234,234,234,257,257,257,257],"floor_reached":16,"language":"ENG","playtime":378,"items_purged":[],"score":212,"play_id":"da3713eb-d4ac-4454-8d34-fda8a321996a","local_time":"20210205151515","is_ascension_mode":true,"campfire_choices":[{"data":"Die Die Die","floor":8.0,"key":"SMITH"},{"floor":15,"key":"REST"}],"circlet_count":0,"master_deck":["AscendersBane","Strike_G","Strike_G","Strike_G","Strike_G","Strike_G","Defend_G","Defend_G","Defend_G","Defend_G","Defend_G","Survivor","Neutralize","Dash","Flying Knee","Deadly Poison","Infinite Blades","Die Die Die+1","PiercingWail","Crippling Poison","Glass Knife"],"relics":["Ring of the Snake","Vajra","Boot","Golden Idol"],"acts_visited":["Exordium"],"potions_floor_usage":[11,16],"damage_taken":[{"damage":1.0,"enemies":"Small Slimes","floor":1.0,"turns":3.0},{"damage":0.0,"enemies":"2 Louse","floor":2.0,"turns":3.0},{"damage":0.0,"enemies":"Cultist","floor":3.0,"turns":3.0},{"damage":0.0,"enemies":"2 Fungi Beasts","floor":4.0,"turns":2.0},{"damage":3.0,"enemies":"Blue Slaver","floor":5.0,"turns":4.0},{"damage":29.0,"enemies":"Gremlin Nob","floor":6.0,"turns":4.0},{"damage":2.0,"enemies":"Gremlin Gang","floor":7.0,"turns":4.0},{"damage":4,"enemies":"Large Slime","floor":11,"turns":4},{"damage":0,"enemies":"Blue Slaver","floor":14,"turns":3},{"damage":20,"enemies":"Slime Boss","floor":16,"turns":5}],"seed_played":"7764338333572113607","potions_obtained":[{"floor":0.0,"key":"Strength Potion"},{"floor":0.0,"key":"Swift Potion"},{"floor":1.0,"key":"CunningPotion"},{"floor":5.0,"key":"Explosive Potion"},{"floor":14,"key":"Swift Potion"}],"is_trial":false,"path_per_floor":["M","M","M","M","M","E","M","R","T","?","M","?","?","M","R","B"],"character_chosen":"THE_SILENT","items_purchased":[],"campfire_rested":1,"item_purchase_floors":[],"current_hp_per_floor":[58,58,58,58,55,26,24,24,24,6,2,2,2,2,20,0,0],"gold":257,"neow_bonus":"THREE_SMALL_POTIONS","is_daily":false,"chose_seed":false,"campfire_upgraded":1,"win_rate":0.0,"timestamp":1612556115,"path_taken":["M","M","M","M","M","E","M","R","T","?","M","?","?","?","R","BOSS"],"items_purchased_type":[],"build_version":"2020-12-22","purchased_purges":0,"victory":false,"max_hp_per_floor":[66,66,66,66,66,66,66,66,66,66,66,60,60,60,60,60,60],"relic_stats":{"counters":[10,35],"Golden Idol":5,"Boot":[2],"obtain_stats":[{"Golden Idol":12,"Vajra":6,"Boot":9,"Ring of the Snake":0},{"Golden Idol":8,"Vajra":6,"Boot":7,"Ring of the Snake":0},{"Golden Idol":27,"Vajra":19,"Boot":23,"Ring of the Snake":0}],"Ring of the Snake":[20]},"card_choices":[{"not_picked":["Slice","Acrobatics"],"picked":"Dash","floor":1.0},{"not_picked":["Underhanded Strike","Outmaneuver"],"picked":"Flying Knee","floor":2.0},{"not_picked":["Well Laid Plans","Dagger Throw"],"picked":"Deadly Poison","floor":3.0},{"not_picked":["Reflex","Escape Plan"],"picked":"Infinite Blades","floor":4.0},{"not_picked":["Crippling Poison","Calculated Gamble"],"picked":"Die Die Die","floor":5.0},{"not_picked":["All Out Attack","Acrobatics"],"picked":"PiercingWail","floor":6.0},{"not_picked":["Heel Hook","Backflip"],"picked":"Crippling Poison","floor":7.0},{"not_picked":["Caltrops","Bane","Flying Knee"],"picked":"SKIP","floor":11},{"not_picked":["Setup","Dodge and Roll","Predator"],"picked":"SKIP","floor":14}],"player_experience":1259036,"relics_obtained":[{"floor":6.0,"key":"Vajra"},{"floor":9.0,"key":"Boot"}],"event_choices":[{"damage_healed":0.0,"max_hp_gain":0.0,"max_hp_loss":0.0,"gold_gain":0.0,"event_name":"Scrap Ooze","player_choice":"Fled","floor":10.0,"gold_loss":0.0,"damage_taken":18.0},{"damage_healed":0,"gold_gain":0,"player_choice":"Lose Max HP","damage_taken":0,"relics_obtained":["Golden Idol"],"max_hp_gain":0,"max_hp_loss":6,"event_name":"Golden Idol","floor":12,"gold_loss":0},{"damage_healed":0,"gold_gain":0,"player_choice":"1 cards matched","damage_taken":0,"max_hp_gain":0,"max_hp_loss":0,"event_name":"Match and Keep!","floor":13,"gold_loss":0,"cards_obtained":["Glass Knife"]}],"is_beta":false,"boss_relics":[],"items_purged_floors":[],"is_endless":false,"potions_floor_spawned":[1,5,14],"killed_by":"Slime Boss","ascension_level":20}}