{"host":"d85gwtocd8go8gx0","time":1612483264,"event":{"mods":["AchievementEnabler","BaseMod","Better Altar","Better Skull","Better Third Choice","Block Reminder","Colored Powertips","Curses Come First","Dark Map","Filter the Spire","Highlight Path","Minty Spire (QoL Compilation)","Permanent Neow","Quick Restart","Shop Mod","StSLib","SuperFastMode","UnlockEverythingMod"],"gold_per_floor":[362,305,316,187,204,223,255,255,255,255,272,292,292,317,317,391,391,409,426,168,193,193,221,221,241,241,241,241],"floor_reached":27,"language":"ENG","playtime":961,"items_purged":["CrushJoints"],"score":536,"play_id":"ab3e0d9e-9f2e-4b57-b571-f1605e4170f8","local_time":"20210204160104","is_ascension_mode":true,"campfire_choices":[{"data":"BattleHymn","floor":8,"key":"SMITH"},{"data":"Eruption","floor":15,"key":"SMITH"},{"floor":24,"key":"REST"}],"circlet_count":0,"master_deck":["AscendersBane","Eruption+1","Vigilance","CutThroughFate","FollowUp","FlurryOfBlows","BattleHymn+1","Conclude","ClearTheMind","EmptyFist","SashWhip","CrushJoints","InnerPeace","DeusExMachina","Wireheading","Vault","BattleHymn","Consecrate","CutThroughFate","Indignation","Sanctity","CrushJoints+1","FollowUp","Alpha","Wallop","CutThroughFate+1","Crescendo"],"relics":["PureWater","Nunchaku","Smiling Mask","Darkstone Periapt","Omamori","MerchantsRug","Red Mask","Potion Belt","White Beast Statue"],"acts_visited":["Exordium","TheCity"],"potions_floor_usage":[27],"damage_taken":[{"damage":13,"enemies":"Small Slimes","floor":1,"turns":4},{"damage":0,"enemies":"Cultist","floor":3,"turns":3},{"damage":8,"enemies":"2 Louse","floor":5,"turns":2},{"damage":0,"enemies":"Large Slime","floor":6,"turns":2},{"damage":0,"enemies":"Lagavulin","floor":7,"turns":4},{"damage":20,"enemies":"Gremlin Gang","floor":11,"turns":3},{"damage":7,"enemies":"Exordium Wildlife","floor":12,"turns":3},{"damage":6,"enemies":"Gremlin Nob","floor":14,"turns":3},{"damage":27,"enemies":"Hexaghost","floor":16,"turns":7},{"damage":0,"enemies":"Chosen","floor":18,"turns":2},{"damage":21,"enemies":"Shell Parasite","floor":19,"turns":2},{"damage":0,"enemies":"Masked Bandits","floor":21,"turns":2},{"damage":42,"enemies":"Slavers","floor":23,"turns":5},{"damage":19,"enemies":"Shelled Parasite and Fungi","floor":25,"turns":3},{"damage":12,"enemies":"Chosen and Byrds","floor":27,"turns":2}],"seed_played":"-1930157059594825155","potions_obtained":[{"floor":5,"key":"Fire Potion"},{"floor":11,"key":"StancePotion"},{"floor":12,"key":"BlessingOfTheForge"},{"floor":16,"key":"Energy Potion"}],"is_trial":false,"path_per_floor":["M","$","M","$","M","M","E","R","T","?","M","M","?","E","R","B",null,"M","M","$","?","?","E","R","M","T","M"],"character_chosen":"WATCHER","items_purchased":["FollowUp","BattleHymn","Conclude","Alpha","MerchantsRug"],"campfire_rested":1,"item_purchase_floors":[2,4,4,20,20],"current_hp_per_floor":[48,48,48,48,40,40,40,40,40,40,20,13,62,56,56,29,54,54,33,33,33,45,3,21,2,2,0,0],"gold":241,"neow_bonus":"TWO_FIFTY_GOLD","is_daily":false,"chose_seed":false,"campfire_upgraded":2,"win_rate":0.0,"timestamp":1612483264,"path_taken":["M","$","M","$","M","M","E","R","T","?","?","M","?","E","R","BOSS","M","?","$","?","?","E","R","M","T","M"],"items_purchased_type":["Card","Card","Card","Card","Relic"],"build_version":"2020-12-22","purchased_purges":1,"victory":false,"max_hp_per_floor":[62,62,62,62,62,62,62,62,62,62,62,62,62,62,62,62,62,62,62,62,62,62,62,62,62,62,62,62],"card_choices":[{"not_picked":["MentalFortress","Vengeance"],"picked":"CutThroughFate","floor":1},{"not_picked":["TalkToTheHand","FlyingSleeves"],"picked":"FlurryOfBlows","floor":3},{"not_picked":["LikeWater","Worship"],"picked":"ClearTheMind","floor":5},{"not_picked":["Adaptation","PathToVictory"],"picked":"EmptyFist","floor":6},{"not_picked":["Halt","FlyingSleeves"],"picked":"SashWhip","floor":7},{"not_picked":["WaveOfTheHand","EmptyBody"],"picked":"CrushJoints","floor":11},{"not_picked":["Indignation","Prostrate"],"picked":"FearNoEvil","floor":12},{"not_picked":["SashWhip","Establishment"],"picked":"InnerPeace","floor":14},{"not_picked":["Alpha","SpiritShield"],"picked":"DeusExMachina","floor":16},{"not_picked":["CutThroughFate","BattleHymn"],"picked":"CrushJoints+1","floor":18},{"not_picked":["EmptyBody+1","Consecrate"],"picked":"FollowUp","floor":19},{"not_picked":["ClearTheMind","Pray"],"picked":"Wallop","floor":21},{"not_picked":["CrushJoints+1","Prostrate"],"picked":"CutThroughFate+1","floor":23},{"not_picked":["CrushJoints","Consecrate"],"picked":"Crescendo","floor":25}],"player_experience":37824,"relics_obtained":[{"floor":7,"key":"Nunchaku"},{"floor":9,"key":"Smiling Mask"},{"floor":14,"key":"Omamori"},{"floor":21,"key":"Red Mask"},{"floor":23,"key":"Potion Belt"},{"floor":26,"key":"White Beast Statue"}],"event_choices":[{"damage_healed":0,"gold_gain":0,"player_choice":"Gave Potion","damage_taken":0,"relics_obtained":["Darkstone Periapt"],"max_hp_gain":0,"max_hp_loss":0,"event_name":"WeMeetAgain","floor":10,"gold_loss":0},{"cards_removed":["FearNoEvil"],"damage_healed":49,"gold_gain":0,"player_choice":"Offered Uncommon","damage_taken":0,"max_hp_gain":0,"max_hp_loss":0,"event_name":"Bonfire Elementals","floor":13,"gold_loss":0},{"damage_healed":0,"gold_gain":0,"player_choice":"Fought Bandits","damage_taken":0,"max_hp_gain":0,"max_hp_loss":0,"event_name":"Masked Bandits","floor":21,"gold_loss":0},{"damage_healed":12,"gold_gain":0,"player_choice":"Heal","damage_taken":0,"max_hp_gain":0,"max_hp_loss":0,"event_name":"The Library","floor":22,"gold_loss":0}],"is_beta":false,"boss_relics":[{"not_picked":["SlaversCollar","Runic Dome"],"picked":"Pandora\u0027s Box"}],"items_purged_floors":[20],"is_endless":false,"potions_floor_spawned":[5,11,12,16,19],"killed_by":"Chosen and Byrds","ascension_level":20}}