{"host":"61ejhfsushs0xmcl","time":1612536093,"event":{"mods":["ATMod(°¢èªMod)","Act Like it!","Arknights","BaseMod","Colored Map","Gold Saver","Minty Spire (QoL Compilation)","MostiFishMod","Remilia£¨ÀÙÃ×ÀòÑÇ£©","Spicy Shops","StSLib","TestMod","[IsaacMod]ÒÔÈö¼âËþ","¡¾ÒÅÎï¿¨ÅÆ¡¿REMEMod","óô»ðÖ¸ÄÏ"],"gold_per_floor":[1963,1982,1569,1644,1658,1091,1122,1188,1213,1245,1645,1677,1677,1688,1192,1291,1291,1302,1302,1316,1316,1316,1344,1232,1269,1269,1291,1327,1098,1098,1115,862,973,973,998,1017,1017,1049,1064,1105,868,909,909,472,472,516,535,535,358,371,371,158,98,132,240],"floor_reached":56,"language":"ZHS","playtime":3654,"items_purged":["Defend_RM","Strike_RM","Defend_RM+1","Strike_RM+1"],"score":1889,"play_id":"98ad1e22-1744-4ea5-a028-77cd44c0e293","local_time":"20210205224133","is_ascension_mode":true,"campfire_choices":[{"floor":13.0,"key":"RECALL"}],"circlet_count":0,"master_deck":["RedMoon+1","ScarletShoot+1","EquivalentExchange+1","ats:Roar Of Ursus+1","FitfulNightmare+1","ScarletCoffin+1","ScarletMeister+1","QueenOfMidnight+1","GlobalNightmare+1","MastersStateliness+1","BloodAndWine+1","MastersStateliness+1","HunterOfTheNight+1","ScarletImprint+1","BloodySeventeenLaser+1"],"relics":["ScarletHat","AT_ATBox","REME_ComplimentaryCards","testmod-TestBox","HushsDoor","GuppysPaw","testmod-Temperance","BrkXgEgg","SynthV:TestCard","testmod-Justice","AT_BladeRuinedKing","Matryoshka","Orrery","ats:Originium","testmod-Acrobat","Whetstone","AT_ArcaneBoots","Pear","testmod-BouquetWithThorns","Juzu Bracelet","GnawedLeaf","Calipers","SteamSale","Omamori","Bronze Scales","testmod-HarvestTotem","SatanicBible","Blue Candle","Vajra","Lantern","testmod-OneHitWonder","Habit","Letter Opener","ThornShield","ScarletDevilRocket","BelialBook","InkBottle","TuHaoJin","Dream Catcher","Regal Pillow","REME_CardOfGreed","Sundial","AT_BellDemon","REME_LimitBreaker","The Courier","Ornamental Fan","Bottled Tornado","RhineCircuit","Centennial Puzzle","Ancient Tea Set","HowToJump","Bag of Marbles","MealTicket","Question Card","Orichalcum","AT_RedTearstoneRing","testmod-Muramasa","SalivaCoin","Pen Nib","Bag of Preparation","Oddly Smooth Stone","testmod-TurbochargingSystem","REME_HourglassOfDeath","AT_ArchangelStaff","TheBible","Potion Belt","PreservedInsect","AT_SilvercatRing","Nunchaku","Smiling Mask","testmod-Laevatain","Art of War","ImprovedEquipment","Toy Ornithopter","BionicSphere","testmod-IndustrialRevolution","AT_BellowingDragoncrestRing","AT_ChloranthyRing","PunchingBag","Void","DoctorsRemote","testmod-ArcanaOfDestiny","SharpPlug"],"acts_visited":["Exordium","TheCity","TheBeyond","TheEnding"],"potions_floor_usage":[53,53,55,55,55,55,55,55,55],"damage_taken":[{"damage":0.0,"enemies":"Jaw Worm","floor":1.0,"turns":4.0},{"damage":1.0,"enemies":"2 Louse","floor":2.0,"turns":4.0},{"damage":8.0,"enemies":"Small Slimes","floor":5.0,"turns":4.0},{"damage":10.0,"enemies":"Gremlin Nob","floor":7.0,"turns":4.0},{"damage":15.0,"enemies":"Lagavulin Event","floor":8.0,"turns":3.0},{"damage":0.0,"enemies":"3 Sentries","floor":10.0,"turns":2.0},{"damage":10.0,"enemies":"Lagavulin","floor":12.0,"turns":4.0},{"damage":5.0,"enemies":"2 Fungi Beasts","floor":14.0,"turns":5.0},{"damage":7.0,"enemies":"Slime Boss","floor":16.0,"turns":7.0},{"damage":21.0,"enemies":"Shell Parasite","floor":18.0,"turns":5.0},{"damage":1.0,"enemies":"3 Byrds","floor":20.0,"turns":3.0},{"damage":74.0,"enemies":"Book of Stabbing","floor":23.0,"turns":2.0},{"damage":29.0,"enemies":"Slavers","floor":25.0,"turns":5.0},{"damage":88.0,"enemies":"Cultist and Chosen","floor":27.0,"turns":4.0},{"damage":5.0,"enemies":"REME_1_Revenger","floor":28.0,"turns":4.0},{"damage":20.0,"enemies":"Snake Plant","floor":31.0,"turns":2.0},{"damage":77.0,"enemies":"Champ","floor":33.0,"turns":4.0},{"damage":52.0,"enemies":"3 Darklings","floor":35.0,"turns":3.0},{"damage":21.0,"enemies":"3 Shapes","floor":36.0,"turns":2.0},{"damage":0.0,"enemies":"Transient","floor":38.0,"turns":3.0},{"damage":8.0,"enemies":"Writhing Mass","floor":39.0,"turns":2.0},{"damage":19.0,"enemies":"Giant Head","floor":40.0,"turns":3.0},{"damage":0.0,"enemies":"Reptomancer","floor":42.0,"turns":1.0},{"damage":0.0,"enemies":"Giant Head","floor":46.0,"turns":2.0},{"damage":0.0,"enemies":"Spire Growth","floor":47.0,"turns":1.0},{"damage":0,"enemies":"Donu and Deca","floor":50,"turns":1},{"damage":0,"enemies":"Shield and Spear","floor":54,"turns":1},{"damage":0,"enemies":"Delirium","floor":55,"turns":6}],"seed_played":"-2037199822008742930","potions_obtained":[{"floor":1.0,"key":"FearPotion"},{"floor":7.0,"key":"Explosive Potion"},{"floor":8.0,"key":"LiquidBronze"},{"floor":12.0,"key":"SkillPotion"},{"floor":14.0,"key":"testmod-SpacePotion"},{"floor":14.0,"key":"Dexterity Potion"},{"floor":16.0,"key":"SteroidPotion"},{"floor":16.0,"key":"BlessingOfTheForge"},{"floor":16.0,"key":"AttackPotion"},{"floor":18.0,"key":"SkillPotion"},{"floor":25.0,"key":"Swift Potion"},{"floor":25.0,"key":"Block Potion"},{"floor":25.0,"key":"Block Potion"},{"floor":27.0,"key":"CultistPotion"},{"floor":38.0,"key":"LiquidMemories"},{"floor":39.0,"key":"PowerPotion"},{"floor":42.0,"key":"LiquidMemories"},{"floor":42.0,"key":"FairyPotion"},{"floor":46.0,"key":"Block Potion"},{"floor":47.0,"key":"Explosive Potion"},{"floor":47.0,"key":"Dexterity Potion"},{"floor":54,"key":"Weak Potion"},{"floor":54,"key":"PowerPotion"}],"is_trial":false,"path_per_floor":["M","M","$","?","M","R","E","?","T","E","?","E","R","M","R","B",null,"M","?","M","?","T","E","R","E","T","M","E","R","?","M","R","B",null,"M","M","?","M","M","E","R","E","T","$","R","E","M","?","R","B",null,"R","$","E","B",null],"character_chosen":"REMILIA","items_purchased":["testmod-Justice","FitfulNightmare","AT_BladeRuinedKing","Matryoshka","Orrery","SteamSale","Omamori","testmod-SpacePotion","SatanicBible","Habit","REME_CardOfGreed","Sundial","MastersStateliness","REME_LimitBreaker","The Courier","SalivaCoin","Pen Nib","Bag of Preparation","BloodySeventeenLaser+1","TheBible","Potion Belt","PreservedInsect","testmod-SpacePotion","AT_SilvercatRing","BionicSphere","testmod-IndustrialRevolution","AT_BellowingDragoncrestRing","AT_ChloranthyRing","REME_GoldPotion","PunchingBag"],"campfire_rested":0,"item_purchase_floors":[3,3,6,6,6,15,15,15,17,24,29,29,29,32,32,41,41,41,41,44,44,44,44,44,49,49,52,52,52,53],"current_hp_per_floor":[54,53,53,42,34,34,24,11,11,21,21,11,11,10,10,17,160,145,145,148,148,148,160,160,160,160,160,160,160,160,154,154,160,160,128,131,131,160,152,160,160,160,160,160,160,160,160,160,160,160,160,160,160,160,160],"gold":240,"neow_bonus":"THREE_RARE_CARDS","is_daily":false,"chose_seed":false,"campfire_upgraded":0,"win_rate":0.0,"timestamp":1612536093,"path_taken":["M","M","$","?","M","R","E","?","T","E","?","E","R","M","R","BOSS","M","?","M","?","?","E","R","E","T","M","E","R","?","M","R","BOSS","M","M","?","M","M","E","R","E","T","$","R","E","M","?","R","BOSS","R","$","E","BOSS"],"items_purchased_type":["Relic","Card","Relic","Relic","Relic","Relic","Relic","Potion","Relic","Relic","Relic","Relic","Card","Relic","Relic","Relic","Relic","Relic","Card","Relic","Relic","Relic","Potion","Relic","Relic","Relic","Relic","Relic","Potion","Relic"],"build_version":"2020-12-22","purchased_purges":4,"victory":true,"max_hp_per_floor":[75,75,75,75,75,75,75,75,75,85,85,85,85,85,85,85,160,160,160,160,160,160,160,160,160,160,160,160,160,160,160,160,160,160,160,160,160,160,160,160,160,160,160,160,160,160,160,160,160,160,160,160,160,160,160],"card_choices":[{"not_picked":["CeilingFear","CurseOfVladTepes"],"picked":"EquivalentExchange","floor":0.0},{"not_picked":["MillenniumVampire","RedRainbow"],"picked":"BlasphemousPunishment","floor":1.0},{"not_picked":["BlasphemousPunishment","Septette","ScarletImprint","UnstableMagic","Stigmanizer"],"picked":"SKIP","floor":2.0},{"not_picked":["BadLadyScramble","BlasphemousPunishment","UnstableMagic","VampireKiss"],"picked":"KillingBlow+1","floor":5.0},{"not_picked":["VampirishNight","RedRainbow","CharismaGuard","NightDance"],"picked":"Bomb","floor":6.0},{"not_picked":["ScarletDevilSign","Ultimatum","RedRainbow","EmergencyRegeneration"],"picked":"Bomb","floor":6.0},{"not_picked":["FitfulNightmare","EternalNight","Bomb","ScarletDevil"],"picked":"ScarletCoffin+1","floor":6.0},{"not_picked":["ScarletDevil","CharismaGuard","ScarletImprint","NightDance"],"picked":"Bomb","floor":7.0},{"not_picked":["ScarletImprint","Maim","EternalNight","UnstableMagic"],"picked":"ScarletMeister+1","floor":8.0},{"not_picked":["UnstableMagic","EndlessAdversity","EquivalentExchange+1","StarOfDavid","CharismaGuard"],"picked":"SKIP","floor":10.0},{"not_picked":["AfternoonTea","VampirishNight","RedRainbow","NightDance","EndlessAdversity"],"picked":"SKIP","floor":12.0},{"not_picked":["ScarletDevil","CharismaGuard","EndlessAdversity","ScarletDream","FavorOfDestiny"],"picked":"SKIP","floor":14.0},{"not_picked":["BloodyCatastrophe+1","TricksterDevil+1","BloodyHallows+1","KillingBlow+1"],"picked":"QueenOfMidnight+1","floor":16.0},{"not_picked":["ScarletDevil","Stigmanizer","BloodyTrap","CharismaGuard","RedRainbow"],"picked":"SKIP","floor":18.0},{"not_picked":["UnstableMagic","ScarletDevilSign","EndlessAdversity","ScarletImprint"],"picked":"MastersStateliness+1","floor":20.0},{"not_picked":["EndlessAdversity+1","RedRainbow+1","TwelveNightmare+1","Stigmanizer","CharismaGuard"],"picked":"SKIP","floor":23.0},{"not_picked":["MillenniumVampire+1","BlasphemousPunishment","CharismaGuard","DemonKingCradle+1","ScarletDevilSign"],"picked":"SKIP","floor":25.0},{"not_picked":["UnderTheZenith","ScarletDream","ForbiddenFruit+1","CharismaGuard+1"],"picked":"BloodAndWine+1","floor":27.0},{"not_picked":["ScarletNetherworld","UltimateOffering","EternalNight+1","ScarletDevilSign","UnstableMagic+1"],"picked":"SKIP","floor":28.0},{"not_picked":["Stigmanizer","BombardNight","HunterOfTheNight","BloodyMagicSquare+1","BadLadyScramble"],"picked":"SKIP","floor":31.0},{"not_picked":["ScarletGensokyo+1","BloodyMagicSquare+1","EmergencyRegeneration+1","RedRainbow","SuperhumanBloodyKnife+1"],"picked":"SKIP","floor":35.0},{"not_picked":["ScarletDevilSign+1","RedMagic+1","MastersStateliness","NightDance","LeisurelyOfLord"],"picked":"SKIP","floor":36.0},{"not_picked":["StarOfDavid+1","BloodHunter","ScarletNetherworld+1","UnstableMagic","Stigmanizer+1"],"picked":"SKIP","floor":38.0},{"not_picked":["TwelveNightmare","RedRainbow+1","ScarletSymphony+1","Septette+1"],"picked":"HunterOfTheNight+1","floor":39.0},{"not_picked":["EndlessAdversity+1","ScarletDevil","RedMagic","FavorOfDestiny","UnderTheZenith"],"picked":"ScarletImprint+1","floor":40.0},{"not_picked":["DiffusionOfMisfortune+1","HeartBreak+1","BombardNight","ChainGang","VampireKiss+1","Ultimatum+1"],"picked":"SKIP","floor":42.0},{"not_picked":["UnstableMagic+1","Stigmanizer+1","EternalNight","BloodyTrap","BloodyMagicSquare","MastersStateliness"],"picked":"SKIP","floor":46.0},{"not_picked":["DiffusionOfMisfortune+1","RedMagic","VampireKiss","MastersStateliness+1","ReincarnationDial","StarOfDavid"],"picked":"SKIP","floor":47.0},{"not_picked":["BloodyHallows+1","UltimateOffering","NightDance","RedRainbow","EndlessAdversity","UnstableMagic+1"],"picked":"SKIP","floor":54}],"player_experience":882153,"relics_obtained":[{"floor":1.0,"key":"SynthV:TestCard"},{"floor":7.0,"key":"ats:Originium"},{"floor":7.0,"key":"testmod-Acrobat"},{"floor":8.0,"key":"Whetstone"},{"floor":9.0,"key":"AT_SpeedBoots"},{"floor":10.0,"key":"ats:Originium"},{"floor":10.0,"key":"Pear"},{"floor":12.0,"key":"testmod-BouquetWithThorns"},{"floor":12.0,"key":"ats:Originium"},{"floor":12.0,"key":"Juzu Bracelet"},{"floor":14.0,"key":"GnawedLeaf"},{"floor":14.0,"key":"Calipers"},{"floor":16.0,"key":"Bronze Scales"},{"floor":18.0,"key":"Blue Candle"},{"floor":20.0,"key":"Vajra"},{"floor":22.0,"key":"Lantern"},{"floor":23.0,"key":"ats:Originium"},{"floor":23.0,"key":"testmod-OneHitWonder"},{"floor":25.0,"key":"Letter Opener"},{"floor":25.0,"key":"ThornShield"},{"floor":25.0,"key":"ScarletDevilRocket"},{"floor":26.0,"key":"BelialBook"},{"floor":27.0,"key":"InkBottle"},{"floor":27.0,"key":"TuHaoJin"},{"floor":28.0,"key":"Dream Catcher"},{"floor":28.0,"key":"Regal Pillow"},{"floor":31.0,"key":"AT_BellDemon"},{"floor":33.0,"key":"Ornamental Fan"},{"floor":33.0,"key":"Bottled Tornado"},{"floor":35.0,"key":"Centennial Puzzle"},{"floor":36.0,"key":"Ancient Tea Set"},{"floor":36.0,"key":"HowToJump"},{"floor":38.0,"key":"Bag of Marbles"},{"floor":38.0,"key":"MealTicket"},{"floor":39.0,"key":"Question Card"},{"floor":39.0,"key":"Orichalcum"},{"floor":40.0,"key":"AT_RedTearstoneRing"},{"floor":40.0,"key":"testmod-Muramasa"},{"floor":42.0,"key":"Oddly Smooth Stone"},{"floor":42.0,"key":"testmod-TurbochargingSystem"},{"floor":42.0,"key":"REME_HourglassOfDeath"},{"floor":43.0,"key":"AT_ArchangelStaff"},{"floor":46.0,"key":"Nunchaku"},{"floor":46.0,"key":"Smiling Mask"},{"floor":46.0,"key":"testmod-Laevatain"},{"floor":47.0,"key":"Art of War"},{"floor":47.0,"key":"ImprovedEquipment"},{"floor":54,"key":"Void"},{"floor":54,"key":"DoctorsRemote"},{"floor":54,"key":"testmod-ArcanaOfDestiny"},{"floor":54,"key":"SharpPlug"}],"event_choices":[{"damage_healed":0.0,"max_hp_gain":0.0,"max_hp_loss":0.0,"gold_gain":75.0,"event_name":"World of Goop","player_choice":"Gather Gold","floor":4.0,"gold_loss":0.0,"damage_taken":11.0},{"damage_healed":0.0,"max_hp_gain":0.0,"max_hp_loss":0.0,"gold_gain":0.0,"event_name":"Dead Adventurer","player_choice":"Searched \u00271\u0027 times","floor":8.0,"gold_loss":0.0,"damage_taken":0.0},{"damage_healed":0.0,"max_hp_gain":0.0,"max_hp_loss":0.0,"gold_gain":400.0,"event_name":"¶÷ÂåË¹µÄÅÌ×Ó","player_choice":"Sell","floor":11.0,"relics_lost":["DaveBox"],"gold_loss":0.0,"damage_taken":0.0},{"damage_healed":0.0,"max_hp_gain":0.0,"max_hp_loss":0.0,"gold_gain":0.0,"event_name":"The Library","player_choice":"Read","floor":19.0,"gold_loss":0.0,"damage_taken":0.0,"cards_obtained":["GlobalNightmare"]},{"damage_healed":0.0,"max_hp_gain":0.0,"max_hp_loss":0.0,"gold_gain":0.0,"cards_transformed":["BlasphemousPunishment"],"event_name":"Transmorgrifier","player_choice":"Transformed","floor":21.0,"gold_loss":0.0,"damage_taken":0.0,"cards_obtained":["BloodyMagicSquare"]},{"damage_healed":0.0,"max_hp_gain":0.0,"max_hp_loss":0.0,"gold_gain":0.0,"event_name":"Ghosts","player_choice":"Ignored","floor":30.0,"gold_loss":0.0,"damage_taken":0.0},{"cards_removed":["BloodyMagicSquare"],"damage_healed":0.0,"max_hp_gain":0.0,"max_hp_loss":0.0,"gold_gain":0.0,"event_name":"Falling","player_choice":"Removed Skill","floor":37.0,"gold_loss":0.0,"damage_taken":0.0},{"damage_healed":0.0,"max_hp_gain":0.0,"max_hp_loss":0.0,"gold_gain":0.0,"event_name":"WeMeetAgain","player_choice":"Gave Potion","floor":48.0,"gold_loss":0.0,"damage_taken":0.0,"relics_obtained":["Toy Ornithopter"]}],"is_beta":false,"boss_relics":[{"not_picked":["OneHitWonderSystem","FeatherPendant"],"picked":"testmod-HarvestTotem"},{"not_picked":[]},{"not_picked":["REME_DuelDisc","testmod-KeyOfTheVoid"],"picked":"RhineCircuit"},{"not_picked":[]}],"items_purged_floors":[3,6,15,24],"is_endless":false,"potions_floor_spawned":[1,7,8,16,25,27,31,33,36,38,42,47],"ascension_level":5}}