{"host":"630px4nyj50z5id8","time":1612518943,"event":{"mods":["BaseMod","Colored Powertips","Downfall","Minty Spire (QoL Compilation)","Quick Restart","Replay The Spire","StSLib","Waifu the Spire"],"gold_per_floor":[115,115,131,152,77,77,102,122,171,195,216,216,35,70,70,166,166,179,94,112,60,110,153,153,153],"floor_reached":24,"language":"ZHS","playtime":1313,"items_purged":["Strike_G","Strike_G"],"score":414,"play_id":"51e09a3f-5d64-450f-a504-54ad0c21a5f2","local_time":"20210205175543","is_ascension_mode":true,"campfire_choices":[{"floor":6.0,"key":"REST"},{"data":"Caltrops","floor":12.0,"key":"SMITH"},{"floor":15.0,"key":"DIG"}],"circlet_count":0,"master_deck":["Bouncing Flask","Apotheosis+1","Strike_G","Strike_G","Defend_G","Defend_G","Defend_G","Defend_G","Defend_G","Survivor","Neutralize","ReplayTheSpireMod:Exploit Weakness","Cloak And Dagger","Caltrops+1","Dagger Spray","Acrobatics","Tactician","Deflect","ReplayTheSpireMod:Necrosis","Reflex","Replay:Poison Smokescreen","Deadly Poison","Toxin Wave"],"relics":["Ring of the Serpent","Replay:Kaleidoscope","Golden Idol","Lantern","Kunai","Art of War","Replay:Accelerometer","ReplayTheSpireMod:TigerMarble"],"acts_visited":["Exordium","TheCity"],"potions_floor_usage":[23],"damage_taken":[{"damage":0.0,"enemies":"2 Louse","floor":1.0,"turns":4.0},{"damage":0.0,"enemies":"Jaw Worm","floor":3.0,"turns":4.0},{"damage":3.0,"enemies":"Small Slimes","floor":4.0,"turns":4.0},{"damage":0.0,"enemies":"2 Fungi Beasts","floor":7.0,"turns":4.0},{"damage":6.0,"enemies":"Looter","floor":8.0,"turns":4.0},{"damage":0.0,"enemies":"Large Slime","floor":10.0,"turns":6.0},{"damage":0.0,"enemies":"Exordium Wildlife","floor":11.0,"turns":4.0},{"damage":14.0,"enemies":"Gremlin Nob","floor":14.0,"turns":4.0},{"damage":16.0,"enemies":"Slime Boss","floor":16.0,"turns":9.0},{"damage":7.0,"enemies":"Spheric Guardian","floor":18.0,"turns":4.0},{"damage":1.0,"enemies":"Shell Parasite","floor":20.0,"turns":6.0},{"damage":19,"enemies":"Book of Stabbing","floor":23,"turns":5},{"damage":35,"enemies":"3 Cultists","floor":24,"turns":4}],"seed_played":"-7364839810467636224","potions_obtained":[{"floor":1.0,"key":"Dexterity Potion"},{"floor":10.0,"key":"Fire Potion"},{"floor":14.0,"key":"Regen Potion"},{"floor":16.0,"key":"ColorlessPotion"}],"is_trial":false,"path_per_floor":["M","?","M","M","$","R","M","M","T","M","M","R","$","E","R","B",null,"M","?","M","$","?","E","M"],"character_chosen":"THE_SILENT","items_purchased":["Tactician","Deadly Poison"],"campfire_rested":1,"item_purchase_floors":[13,21],"current_hp_per_floor":[59,38,38,35,35,53,53,47,47,47,47,47,47,33,33,17,49,55,55,54,54,54,35,0,0],"gold":153,"neow_bonus":"ONE_RARE_RELIC","is_daily":false,"chose_seed":false,"campfire_upgraded":1,"win_rate":0.0,"timestamp":1612518943,"path_taken":["M","?","M","M","$","R","E","M","T","?","M","R","$","E","R","BOSS","M","?","M","$","?","E","M"],"items_purchased_type":["Card","Card"],"build_version":"2020-12-22","purchased_purges":2,"victory":false,"max_hp_per_floor":[60,60,60,60,60,60,60,60,60,60,60,60,60,60,60,60,60,60,60,60,60,60,60,60,60],"card_choices":[{"not_picked":["Quick Slash","Bane"],"picked":"ReplayTheSpireMod:Exploit Weakness","floor":1.0},{"not_picked":["Flying Knee","Underhanded Strike"],"picked":"Cloak And Dagger","floor":3.0},{"not_picked":["Bane","Prepared"],"picked":"Caltrops","floor":4.0},{"not_picked":["Quick Slash","Poisoned Stab","Bouncing Flask"],"picked":"SKIP","floor":7.0},{"not_picked":["Dodge and Roll","Heel Hook","Bouncing Flask"],"picked":"SKIP","floor":8.0},{"not_picked":["Accuracy","Flying Knee"],"picked":"Dagger Spray","floor":10.0},{"not_picked":["Outmaneuver","Cloak And Dagger"],"picked":"Acrobatics","floor":11.0},{"not_picked":["Slice","Quick Slash"],"picked":"Deflect","floor":14.0},{"not_picked":["Phantasmal Killer","Atom Bomb"],"picked":"ReplayTheSpireMod:Necrosis","floor":16.0},{"not_picked":["Predator","ReplayTheSpireMod:Shiv Toss"],"picked":"Reflex","floor":18.0},{"not_picked":["Outmaneuver","Dodge and Roll"],"picked":"Replay:Poison Smokescreen","floor":20.0},{"not_picked":["Heel Hook","Reflex"],"picked":"Toxin Wave","floor":23}],"player_experience":379438,"relics_obtained":[{"floor":9.0,"key":"Lantern"},{"floor":14.0,"key":"Kunai"},{"floor":15.0,"key":"Art of War"},{"floor":23,"key":"ReplayTheSpireMod:TigerMarble"}],"event_choices":[{"damage_healed":0.0,"max_hp_gain":0.0,"max_hp_loss":0.0,"gold_gain":0.0,"event_name":"Golden Idol","player_choice":"Take Damage","floor":2.0,"gold_loss":0.0,"damage_taken":21.0,"relics_obtained":["Golden Idol"]},{"damage_healed":0.0,"max_hp_gain":0.0,"max_hp_loss":0.0,"gold_gain":0.0,"event_name":"Addict","player_choice":"Obtained Relic","floor":19.0,"gold_loss":85.0,"damage_taken":0.0,"relics_obtained":["Replay:Accelerometer"]},{"damage_healed":0.0,"max_hp_gain":0.0,"max_hp_loss":0.0,"gold_gain":50.0,"event_name":"Nest","player_choice":"Stole From Cult","floor":22.0,"gold_loss":0.0,"damage_taken":0.0}],"is_beta":false,"boss_relics":[{"not_picked":["Replay:Drink Me","Snecko Eye"],"picked":"Ring of the Serpent"}],"items_purged_floors":[5,13],"is_endless":false,"potions_floor_spawned":[1,10,14,16],"killed_by":"3 Cultists","ascension_level":18}}