{"host":"q8ewzd1tf4mqkgtb","time":1612502681,"event":{"mods":["BaseMod","Colored Map","Minty Spire (QoL Compilation)","Relic Stats","StSLib"],"gold_per_floor":[111,126,145,105,118,118,143,155,155,182,9,9,36,36,36,36,36],"floor_reached":16,"language":"ENG","playtime":2180,"items_purged":[],"score":240,"play_id":"25010161-74ce-4592-8dce-aa64cc2bf300","local_time":"20210204232441","is_ascension_mode":true,"campfire_choices":[{"data":"Bash","floor":6,"key":"SMITH"},{"data":"Immolate","floor":15,"key":"SMITH"}],"circlet_count":0,"master_deck":["AscendersBane","Strike_R","Strike_R","Strike_R","Strike_R","Strike_R","Defend_R","Defend_R","Defend_R","Defend_R","Bash+1","Twin Strike","Shrug It Off","Evolve","Cleave","Disarm","Fiend Fire","Inflame","Battle Trance","Immolate+1","Second Wind"],"relics":["Burning Blood","Ancient Tea Set","Matryoshka","Shuriken","Orrery","Frozen Egg 2","Golden Idol"],"acts_visited":[],"potions_floor_usage":[5,7,10,16,16,16],"damage_taken":[{"damage":6,"enemies":"Cultist","floor":1,"turns":3},{"damage":1,"enemies":"2 Louse","floor":2,"turns":3},{"damage":8,"enemies":"Small Slimes","floor":3,"turns":3},{"damage":10,"enemies":"Exordium Thugs","floor":5,"turns":4},{"damage":15,"enemies":"3 Sentries","floor":7,"turns":8},{"damage":3,"enemies":"Looter","floor":8,"turns":4},{"damage":28,"enemies":"Lagavulin","floor":10,"turns":6},{"damage":32,"enemies":"Gremlin Nob","floor":13,"turns":4},{"damage":18,"enemies":"Slime Boss","floor":16,"turns":4}],"seed_played":"446889843731270610","potions_obtained":[{"floor":4,"key":"Block Potion"},{"floor":4,"key":"DuplicationPotion"},{"floor":5,"key":"DuplicationPotion"},{"floor":8,"key":"Dexterity Potion"},{"floor":13,"key":"EntropicBrew"}],"is_trial":false,"path_per_floor":["M","M","M","?","M","R","E","M","T","E","$","?","E","?","R","B"],"character_chosen":"IRONCLAD","items_purchased":["Orrery"],"campfire_rested":0,"item_purchase_floors":[11],"current_hp_per_floor":[64,69,67,67,63,63,54,57,57,35,35,40,14,14,14,0,0],"gold":36,"neow_bonus":"TWENTY_PERCENT_HP_BONUS","is_daily":false,"chose_seed":false,"campfire_upgraded":2,"win_rate":0.0,"timestamp":1612502681,"path_taken":["M","M","M","?","?","R","E","M","T","E","$","?","E","?","R","BOSS"],"items_purchased_type":["Relic"],"build_version":"2020-12-22","purchased_purges":0,"victory":false,"max_hp_per_floor":[89,89,89,89,89,89,89,89,89,89,89,94,94,85,85,85,85],"relic_stats":{"counters":[9,39],"Shuriken":[0],"Golden Idol":0,"obtain_stats":[{"Matryoshka":9,"Shuriken":10,"Golden Idol":14,"Orrery":11,"Frozen Egg 2":13,"Ancient Tea Set":7,"Burning Blood":0},{"Matryoshka":6,"Shuriken":7,"Golden Idol":8,"Orrery":7,"Frozen Egg 2":8,"Ancient Tea Set":5,"Burning Blood":0},{"Matryoshka":25,"Shuriken":31,"Golden Idol":35,"Orrery":31,"Frozen Egg 2":35,"Ancient Tea Set":21,"Burning Blood":0}],"Burning Blood":48},"card_choices":[{"not_picked":["True Grit","Clothesline"],"picked":"Twin Strike","floor":1},{"not_picked":["Barricade","Body Slam"],"picked":"Shrug It Off","floor":2},{"not_picked":["Hemokinesis","Sword Boomerang"],"picked":"Evolve","floor":3},{"not_picked":["Flame Barrier","Pummel"],"picked":"Cleave","floor":5},{"not_picked":["Anger","Clash"],"picked":"Disarm","floor":7},{"not_picked":["Shrug It Off","Headbutt"],"picked":"Fiend Fire","floor":8},{"not_picked":["Twin Strike","Body Slam","Perfected Strike"],"picked":"SKIP","floor":10},{"not_picked":["Perfected Strike","Blood for Blood"],"picked":"Inflame","floor":11},{"not_picked":["Flame Barrier","Fire Breathing"],"picked":"Battle Trance","floor":11},{"not_picked":["Power Through","Thunderclap"],"picked":"Immolate","floor":11},{"not_picked":["Flex","Metallicize"],"picked":"Second Wind","floor":11},{"not_picked":["Bloodletting","Clothesline","Carnage"],"picked":"SKIP","floor":13},{"not_picked":["Bloodletting","Clothesline","Carnage"],"picked":"SKIP","floor":13},{"not_picked":["Bloodletting","Clothesline","Carnage"],"picked":"SKIP","floor":13}],"player_experience":503603,"relics_obtained":[{"floor":7,"key":"Ancient Tea Set"},{"floor":9,"key":"Matryoshka"},{"floor":10,"key":"Shuriken"},{"floor":13,"key":"Frozen Egg 2"}],"event_choices":[{"damage_healed":0,"gold_gain":0,"player_choice":"Bought 3 Potions","damage_taken":0,"max_hp_gain":0,"max_hp_loss":0,"event_name":"The Woman in Blue","floor":4,"gold_loss":0},{"damage_healed":0,"gold_gain":0,"player_choice":"Donut","damage_taken":0,"max_hp_gain":5,"max_hp_loss":0,"event_name":"Big Fish","floor":12,"gold_loss":0},{"damage_healed":0,"gold_gain":0,"player_choice":"Lose Max HP","damage_taken":0,"relics_obtained":["Golden Idol"],"max_hp_gain":0,"max_hp_loss":9,"event_name":"Golden Idol","floor":14,"gold_loss":0}],"is_beta":false,"boss_relics":[],"items_purged_floors":[],"is_endless":false,"potions_floor_spawned":[5,8,13],"killed_by":"Slime Boss","ascension_level":20}}