{"host":"6jrd8fn9k88n08be","time":1612565344,"event":{"mods":["BaseMod","Minty Spire (QoL Compilation)","StSLib"],"gold_per_floor":[218,218,65,84,97,127,127,145,145,171,188,207,227,254,254,350,350,367,367,367,367,15,50,50,60,60,79,79,108,122,142,142,241,241,261,53,53,53,71,100,100,100,100],"floor_reached":42,"language":"ENG","playtime":2142,"items_purged":["Strike_R"],"score":638,"play_id":"bbd06d67-c666-450e-9c81-b92b8c5da985","local_time":"20210205174904","is_ascension_mode":true,"campfire_choices":[{"data":"Perfected Strike","floor":7,"key":"SMITH"},{"data":"Perfected Strike","floor":15,"key":"SMITH"},{"data":"Limit Break","floor":24,"key":"SMITH"},{"data":"True Grit","floor":28,"key":"SMITH"},{"floor":32,"key":"REST"},{"data":"Heavy Blade","floor":41,"key":"SMITH"}],"circlet_count":0,"master_deck":["Strike_R","Strike_R","Strike_R","Defend_R","Defend_R","Defend_R","Defend_R","Bash","Heavy Blade+1","Perfected Strike+1","Perfected Strike+1","Wild Strike","Fire Breathing","Inflame","Twin Strike","Wild Strike","Limit Break+1","Sword Boomerang","Pommel Strike","RitualDagger","True Grit+1","Wild Strike+1","Demon Form","Battle Trance","Twin Strike+1","Power Through+1","Warcry+1","Feed","Shrug It Off","Double Tap","Good Instincts","Finesse","Wild Strike","True Grit+1"],"relics":["Burning Blood","Lantern","Blue Candle","StrikeDummy","Red Skull","Odd Mushroom","Unceasing Top","Runic Cube","Nilry\u0027s Codex","Strawberry","Lee\u0027s Waffle","Smiling Mask","Bottled Flame","Bag of Marbles","Velvet Choker","Omamori"],"acts_visited":["Exordium","TheCity","TheBeyond"],"potions_floor_usage":[6,6,6,29,31,33,42],"damage_taken":[{"damage":3,"enemies":"2 Louse","floor":1,"turns":3},{"damage":1,"enemies":"Cultist","floor":4,"turns":3},{"damage":2,"enemies":"Jaw Worm","floor":5,"turns":3},{"damage":27,"enemies":"Lagavulin","floor":6,"turns":6},{"damage":17,"enemies":"Exordium Wildlife","floor":8,"turns":3},{"damage":25,"enemies":"3 Sentries","floor":10,"turns":6},{"damage":0,"enemies":"Looter","floor":11,"turns":1},{"damage":0,"enemies":"2 Fungi Beasts","floor":12,"turns":1},{"damage":11,"enemies":"The Mushroom Lair","floor":13,"turns":3},{"damage":0,"enemies":"Gremlin Nob","floor":14,"turns":2},{"damage":33,"enemies":"Hexaghost","floor":16,"turns":6},{"damage":0,"enemies":"Spheric Guardian","floor":18,"turns":1},{"damage":42,"enemies":"Slavers","floor":23,"turns":5},{"damage":14,"enemies":"3 Byrds","floor":25,"turns":4},{"damage":24,"enemies":"Snake Plant","floor":27,"turns":2},{"damage":25,"enemies":"Book of Stabbing","floor":29,"turns":3},{"damage":0,"enemies":"Cultist and Chosen","floor":30,"turns":2},{"damage":0,"enemies":"Chosen and Byrds","floor":31,"turns":1},{"damage":32,"enemies":"Champ","floor":33,"turns":8},{"damage":14,"enemies":"Orb Walker","floor":35,"turns":4},{"damage":0,"enemies":"3 Shapes","floor":39,"turns":1},{"damage":44,"enemies":"Nemesis","floor":40,"turns":5},{"damage":47,"enemies":"Reptomancer","floor":42,"turns":3}],"seed_played":"-8456381951660408256","potions_obtained":[{"floor":1,"key":"PowerPotion"},{"floor":4,"key":"Weak Potion"},{"floor":5,"key":"Dexterity Potion"},{"floor":14,"key":"ElixirPotion"},{"floor":25,"key":"PowerPotion"},{"floor":29,"key":"DistilledChaos"},{"floor":31,"key":"BlessingOfTheForge"},{"floor":33,"key":"Explosive Potion"},{"floor":39,"key":"Energy Potion"},{"floor":40,"key":"CultistPotion"}],"is_trial":false,"path_per_floor":["M","?","$","M","M","E","R","M","T","E","M","M","?","E","R","B",null,"M","?","?","?","$","E","R","M","T","M","R","E","M","M","R","B",null,"M","$","?","?","M","E","R","E"],"character_chosen":"IRONCLAD","items_purchased":["Lantern","True Grit","Strawberry","Lee\u0027s Waffle","Double Tap"],"campfire_rested":1,"item_purchase_floors":[3,22,22,22,36],"current_hp_per_floor":[80,80,80,80,80,59,59,48,48,29,35,41,36,42,42,15,80,80,80,64,58,94,58,58,50,50,32,32,13,19,25,53,27,94,86,86,76,76,82,47,47,0,0],"gold":100,"neow_bonus":"HUNDRED_GOLD","is_daily":false,"chose_seed":false,"campfire_upgraded":5,"win_rate":0.0,"timestamp":1612565344,"path_taken":["M","?","$","M","M","E","R","M","T","E","?","M","?","E","R","BOSS","M","?","?","?","$","E","R","M","T","M","R","E","M","M","R","BOSS","M","$","?","?","?","E","R","E"],"items_purchased_type":["Relic","Card","Relic","Relic","Card"],"build_version":"2020-12-22","purchased_purges":1,"victory":false,"max_hp_per_floor":[80,80,80,80,80,80,80,80,80,80,80,80,80,80,80,80,80,80,80,80,80,94,94,94,94,94,94,94,94,94,94,94,94,94,94,94,94,94,94,97,97,97,97],"card_choices":[{"not_picked":["Power Through","Sword Boomerang","Heavy Blade"],"picked":"SKIP","floor":1},{"not_picked":["Flex","True Grit"],"picked":"Heavy Blade","floor":4},{"not_picked":["Shrug It Off","Twin Strike"],"picked":"Perfected Strike","floor":5},{"not_picked":["Burning Pact","Pommel Strike"],"picked":"Perfected Strike","floor":6},{"not_picked":["Combust","Bludgeon"],"picked":"Wild Strike","floor":8},{"not_picked":["Iron Wave","Heavy Blade"],"picked":"Fire Breathing","floor":10},{"not_picked":["Shrug It Off","Searing Blow"],"picked":"Inflame","floor":11},{"not_picked":["Wild Strike","Clothesline"],"picked":"Twin Strike","floor":12},{"not_picked":["Warcry","Havoc"],"picked":"Wild Strike","floor":14},{"not_picked":["Bludgeon","Juggernaut"],"picked":"Limit Break","floor":16},{"not_picked":["Clash","Anger+1"],"picked":"Sword Boomerang","floor":18},{"not_picked":["Second Wind+1","Clothesline+1"],"picked":"Wild Strike+1","floor":23},{"not_picked":["Heavy Blade","Battle Trance"],"picked":"Demon Form","floor":25},{"not_picked":["Clash","Iron Wave"],"picked":"Battle Trance","floor":27},{"not_picked":["Sword Boomerang","Hemokinesis"],"picked":"Twin Strike+1","floor":29},{"not_picked":["Armaments","Heavy Blade"],"picked":"Power Through+1","floor":30},{"not_picked":["True Grit","Intimidate"],"picked":"Warcry+1","floor":31},{"not_picked":["Brutality","Limit Break"],"picked":"Feed","floor":33},{"not_picked":["Perfected Strike","Clothesline+1"],"picked":"Shrug It Off","floor":35},{"not_picked":["Flash of Steel","Secret Weapon"],"picked":"Good Instincts","floor":37},{"not_picked":["Panacea","Secret Technique"],"picked":"Finesse","floor":37},{"not_picked":["Headbutt+1","Second Wind+1","Intimidate"],"picked":"SKIP","floor":39},{"not_picked":["Headbutt+1","Clothesline"],"picked":"True Grit+1","floor":40}],"player_experience":153074,"relics_obtained":[{"floor":6,"key":"Blue Candle"},{"floor":9,"key":"StrikeDummy"},{"floor":10,"key":"Red Skull"},{"floor":13,"key":"Odd Mushroom"},{"floor":14,"key":"Unceasing Top"},{"floor":20,"key":"Nilry\u0027s Codex"},{"floor":23,"key":"Smiling Mask"},{"floor":26,"key":"Bottled Flame"},{"floor":29,"key":"Bag of Marbles"},{"floor":40,"key":"Omamori"}],"event_choices":[{"cards_removed":["Strike_R"],"damage_healed":0,"gold_gain":0,"player_choice":"Card Removal","damage_taken":0,"max_hp_gain":0,"max_hp_loss":0,"event_name":"Wheel of Change","floor":2,"gold_loss":0},{"damage_healed":0,"gold_gain":0,"player_choice":"Fought Mushrooms","damage_taken":0,"max_hp_gain":0,"max_hp_loss":0,"event_name":"Mushrooms","floor":13,"gold_loss":0},{"damage_healed":0,"gold_gain":0,"player_choice":"Read","damage_taken":0,"max_hp_gain":0,"max_hp_loss":0,"event_name":"The Library","floor":19,"gold_loss":0,"cards_obtained":["Pommel Strike"]},{"damage_healed":0,"gold_gain":0,"player_choice":"Obtained Book","damage_taken":16,"max_hp_gain":0,"max_hp_loss":0,"event_name":"Cursed Tome","floor":20,"gold_loss":0},{"damage_healed":0,"gold_gain":0,"player_choice":"Joined the Cult","damage_taken":6,"max_hp_gain":0,"max_hp_loss":0,"event_name":"Nest","floor":21,"gold_loss":0,"cards_obtained":["RitualDagger"]},{"damage_healed":0,"gold_gain":0,"player_choice":"Memory 3","damage_taken":10,"max_hp_gain":0,"max_hp_loss":0,"event_name":"SensoryStone","floor":37,"gold_loss":0},{"damage_healed":0,"gold_gain":0,"player_choice":"1 cards matched","damage_taken":0,"max_hp_gain":0,"max_hp_loss":0,"event_name":"Match and Keep!","floor":38,"gold_loss":0,"cards_obtained":["Wild Strike"]}],"is_beta":false,"boss_relics":[{"not_picked":["SacredBark","Astrolabe"],"picked":"Runic Cube"},{"not_picked":["Snecko Eye","Runic Dome"],"picked":"Velvet Choker"}],"items_purged_floors":[36],"is_endless":false,"potions_floor_spawned":[1,4,5,14,25,29,31,33,39,40],"killed_by":"Reptomancer","ascension_level":3}}