{"host":"bf5upntvbdompq33","time":1612494828,"event":{"mods":["BaseMod","Colored Map","Colored Powertips","Curses Come First","Minty Spire (QoL Compilation)","StSLib","The Dragon Tamer","The Hierophant","The Marked","The Mystic","The Servant 0.9.4"],"gold_per_floor":[20,30,47,66,40,40,56,76,76,76,95,106,131,21,21,122,122,140,154,165,92,92,92,92,120,166,182,182,1,30,46,46,146,146,161,261,274,289,302,335,335,353,400,425,4,4,31,41,41,41],"floor_reached":51,"language":"ENG","playtime":10449,"items_purged":["Strike_G","Injury","Injury"],"score":1073,"play_id":"d9cb43e0-2587-4a2b-87ba-683413a873c0","local_time":"20210204201348","is_ascension_mode":true,"campfire_choices":[{"data":"Apotheosis","floor":6,"key":"SMITH"},{"floor":15,"key":"REST"},{"data":"Strike_G","floor":23,"key":"PURGE"},{"floor":28,"key":"REST"},{"data":"Strike_G","floor":32,"key":"PURGE"},{"floor":46,"key":"RECALL"},{"data":"Defend_G","floor":49,"key":"PURGE"}],"circlet_count":0,"master_deck":["Defend_G","Defend_G","Defend_G","Defend_G","Survivor","Neutralize","Apotheosis+1","Quick Slash","Footwork","Dagger Spray","Heel Hook","Acrobatics","Night Terror","Prepared","Masterful Stab","Endless Agony","Dagger Throw","Well Laid Plans","Bullet Time","Outmaneuver+1","Backflip+1","Slice","Calculated Gamble","Dagger Spray","Tools of the Trade","Dash","Envenom","Poisoned Stab","Wraith Form v2","Endless Agony+1","Eviscerate+1","Finisher+1","Backstab","Tactician+1","After Image"],"relics":["Ring of the Snake","CaptainsWheel","Peace Pipe","Ornamental Fan","Cursed Key","Mango","Happy Flower","Toy Ornithopter","Fusion Hammer","StrikeDummy","Anchor","StoneCalendar","Lee\u0027s Waffle","Centennial Puzzle","InkBottle"],"acts_visited":["Exordium","TheCity","TheBeyond"],"potions_floor_usage":[12,13,16,25,25,27,30,31,37,40,44,50],"damage_taken":[{"damage":0,"enemies":"Cultist","floor":1,"turns":5},{"damage":12,"enemies":"Jaw Worm","floor":2,"turns":3},{"damage":3,"enemies":"Small Slimes","floor":3,"turns":4},{"damage":1,"enemies":"2 Fungi Beasts","floor":4,"turns":3},{"damage":0,"enemies":"3 Louse","floor":7,"turns":3},{"damage":4,"enemies":"Lots of Slimes","floor":8,"turns":2},{"damage":1,"enemies":"2 Fungi Beasts","floor":11,"turns":3},{"damage":1,"enemies":"Exordium Thugs","floor":12,"turns":3},{"damage":7,"enemies":"Gremlin Nob","floor":13,"turns":4},{"damage":25,"enemies":"Hexaghost","floor":16,"turns":8},{"damage":9,"enemies":"Chosen","floor":18,"turns":8},{"damage":7,"enemies":"2 Thieves","floor":19,"turns":4},{"damage":1,"enemies":"Snecko","floor":20,"turns":6},{"damage":14,"enemies":"Gremlin Leader","floor":25,"turns":6},{"damage":9,"enemies":"3 Cultists","floor":27,"turns":5},{"damage":4,"enemies":"Slavers","floor":30,"turns":4},{"damage":5,"enemies":"Shelled Parasite and Fungi","floor":31,"turns":6},{"damage":50,"enemies":"Collector","floor":33,"turns":8},{"damage":0,"enemies":"3 Darklings","floor":35,"turns":5},{"damage":6,"enemies":"3 Shapes","floor":37,"turns":3},{"damage":0,"enemies":"Maw","floor":38,"turns":7},{"damage":4,"enemies":"Writhing Mass","floor":39,"turns":8},{"damage":12,"enemies":"Giant Head","floor":40,"turns":8},{"damage":21,"enemies":"4 Shapes","floor":42,"turns":6},{"damage":28,"enemies":"Nemesis","floor":44,"turns":9},{"damage":0,"enemies":"Reptomancer","floor":47,"turns":3},{"damage":2,"enemies":"Spire Growth","floor":48,"turns":4},{"damage":9,"enemies":"Donu and Deca","floor":50,"turns":8}],"seed_played":"-2630345840911688274","potions_obtained":[{"floor":1,"key":"LiquidBronze"},{"floor":4,"key":"Regen Potion"},{"floor":7,"key":"DistilledChaos"},{"floor":13,"key":"CultistPotion"},{"floor":16,"key":"Weak Potion"},{"floor":20,"key":"Strength Potion"},{"floor":25,"key":"SneckoOil"},{"floor":27,"key":"DistilledChaos"},{"floor":33,"key":"EssenceOfSteel"},{"floor":38,"key":"Block Potion"},{"floor":39,"key":"GamblersBrew"},{"floor":44,"key":"ColorlessPotion"}],"is_trial":false,"path_per_floor":["M","M","M","M","$","R","M","M","T","?","M","M","E","$","R","B",null,"M","M","M","$","?","R","?","E","T","M","R","$","E","M","R","B",null,"M","?","M","M","M","E","?","M","T","E","$","R","E","M","R","B",null],"character_chosen":"THE_SILENT","items_purchased":["Acrobatics","Well Laid Plans","Calculated Gamble","Dash","Lee\u0027s Waffle","Centennial Puzzle"],"campfire_rested":2,"item_purchase_floors":[5,14,21,29,45,45],"current_hp_per_floor":[63,51,48,47,47,47,47,43,43,25,24,23,25,25,46,21,58,49,42,41,41,41,41,41,41,41,32,57,57,53,53,53,3,64,64,64,63,63,59,52,52,31,31,8,91,91,91,89,89,85],"gold":41,"neow_bonus":"RANDOM_COLORLESS_2","is_daily":false,"chose_seed":false,"campfire_upgraded":1,"win_rate":0.0,"timestamp":1612494828,"path_taken":["M","M","M","?","$","R","M","M","T","?","M","M","E","$","R","BOSS","M","M","M","$","?","R","?","E","T","M","R","$","E","M","R","BOSS","M","?","M","?","M","E","?","M","T","E","$","R","E","M","R","BOSS"],"items_purchased_type":["Card","Card","Card","Card","Relic","Relic"],"build_version":"2020-12-22","purchased_purges":3,"victory":true,"max_hp_per_floor":[70,70,70,70,70,70,70,70,70,70,70,70,70,70,70,70,70,70,70,70,70,70,70,70,84,84,84,84,84,84,84,84,84,84,84,84,84,84,84,84,84,84,84,84,91,91,91,91,91,91],"card_choices":[{"not_picked":["HandOfGreed","Mayhem"],"picked":"Apotheosis","floor":0},{"not_picked":["Deadly Poison","Backflip"],"picked":"Quick Slash","floor":1},{"not_picked":["Accuracy","Skewer"],"picked":"Footwork","floor":2},{"not_picked":["Bane","Blade Dance"],"picked":"Dagger Spray","floor":3},{"not_picked":["Dagger Throw","Cloak And Dagger"],"picked":"Heel Hook","floor":4},{"not_picked":["Masterful Stab","PiercingWail"],"picked":"Night Terror","floor":7},{"not_picked":["Distraction","Concentrate"],"picked":"Prepared","floor":8},{"not_picked":["Setup","Backflip"],"picked":"Masterful Stab","floor":11},{"not_picked":["Footwork","Deadly Poison"],"picked":"Endless Agony","floor":12},{"not_picked":["Crippling Poison","Poisoned Stab"],"picked":"Dagger Throw","floor":13},{"not_picked":["Wraith Form v2","Venomology"],"picked":"Bullet Time","floor":16},{"not_picked":["Quick Slash","PiercingWail"],"picked":"Outmaneuver+1","floor":18},{"not_picked":["Dagger Spray+1","Bullet Time"],"picked":"Backflip+1","floor":19},{"not_picked":["Outmaneuver+1","Prepared"],"picked":"Slice","floor":20},{"not_picked":["Calculated Gamble","Riddle With Holes","PiercingWail+1"],"picked":"SKIP","floor":25},{"not_picked":["Outmaneuver","Backflip","Bane"],"picked":"SKIP","floor":27},{"not_picked":["Bane","Setup+1"],"picked":"Envenom","floor":30},{"not_picked":["Flying Knee","Footwork"],"picked":"Poisoned Stab","floor":31},{"not_picked":["Tools of the Trade","Venomology"],"picked":"Wraith Form v2","floor":33},{"not_picked":["Flying Knee","Cloak And Dagger"],"picked":"Endless Agony+1","floor":35},{"not_picked":["Bouncing Flask","PiercingWail"],"picked":"Eviscerate+1","floor":37},{"not_picked":["Endless Agony+1","Dagger Throw+1","Outmaneuver+1"],"picked":"SKIP","floor":38},{"not_picked":["Expertise+1","Crippling Poison"],"picked":"Finisher+1","floor":39},{"not_picked":["Distraction","Bane"],"picked":"Backstab","floor":40},{"not_picked":["Sucker Punch","Terror","Underhanded Strike"],"picked":"SKIP","floor":42},{"not_picked":["Dagger Throw+1","Dagger Spray+1"],"picked":"Tactician+1","floor":44},{"not_picked":["Finisher","Dodge and Roll+1"],"picked":"After Image","floor":47},{"not_picked":["Outmaneuver+1","PiercingWail+1","Prepared+1"],"picked":"SKIP","floor":48}],"player_experience":1407287,"relics_obtained":[{"floor":9,"key":"CaptainsWheel"},{"floor":13,"key":"Ornamental Fan"},{"floor":25,"key":"Mango"},{"floor":26,"key":"Happy Flower"},{"floor":30,"key":"Toy Ornithopter"},{"floor":40,"key":"StrikeDummy"},{"floor":43,"key":"Anchor"},{"floor":44,"key":"StoneCalendar"},{"floor":47,"key":"InkBottle"}],"event_choices":[{"damage_healed":0,"gold_gain":0,"player_choice":"Success","damage_taken":18,"relics_obtained":["Peace Pipe"],"max_hp_gain":0,"max_hp_loss":0,"event_name":"Scrap Ooze","floor":10,"gold_loss":0},{"damage_healed":0,"gold_gain":0,"cards_transformed":["Strike_G","Strike_G"],"player_choice":"Became Test Subject","damage_taken":0,"max_hp_gain":0,"max_hp_loss":0,"event_name":"Drug Dealer","floor":22,"gold_loss":0,"cards_obtained":["Dagger Spray","Tools of the Trade"]},{"damage_healed":0,"gold_gain":0,"player_choice":"Ignored","damage_taken":0,"max_hp_gain":0,"max_hp_loss":0,"event_name":"Vampires","floor":24,"gold_loss":0},{"damage_healed":0,"gold_gain":100,"player_choice":"Pray","damage_taken":0,"max_hp_gain":0,"max_hp_loss":0,"event_name":"Golden Shrine","floor":36,"gold_loss":0},{"damage_healed":0,"gold_gain":0,"player_choice":"Memory 1","damage_taken":0,"max_hp_gain":0,"max_hp_loss":0,"event_name":"SensoryStone","floor":41,"gold_loss":0}],"is_beta":false,"boss_relics":[{"not_picked":["Black Star","Tiny House"],"picked":"Cursed Key"},{"not_picked":["Snecko Eye","SacredBark"],"picked":"Fusion Hammer"}],"items_purged_floors":[14,29,45],"is_endless":false,"potions_floor_spawned":[1,4,7,13,16,20,25,27,33,38,39,44],"ascension_level":7}}