{"host":"sc0o2qwpf9j16a4i","time":1612539056,"event":{"mods":["AchievementEnabler","BaseMod","BetterRewards","Block Reminder","Colored Map","Colored Powertips","Custom Start","Highlight Path","Minty Spire (QoL Compilation)","Relic Stats"],"gold_per_floor":[118,118,128,128,128,128,160,195,220,246,258,270,307,333,345,460,472,501,513,525,537,549,586,628,652,688,700,727,771,438,466,466,569,569,586,78,78,97,18,43,70,80,106,123,151,166,166,166],"floor_reached":47,"language":"ENG","playtime":1565,"items_purged":[],"score":1009,"play_id":"6d886ff6-c562-4c43-bae6-a3baee723171","local_time":"20210205173056","daily_mods":["SealedDeck","DeadlyEvents","Binary"],"is_ascension_mode":false,"campfire_choices":[{"data":"Predator","floor":6,"key":"SMITH"},{"data":"Acrobatics","floor":12,"key":"SMITH"},{"data":"Underhanded Strike","floor":15,"key":"SMITH"},{"data":"RitualDagger","floor":27,"key":"SMITH"},{"data":"Reflex","floor":32,"key":"SMITH"}],"circlet_count":0,"master_deck":["Blur","Backflip","Blur","Underhanded Strike+1","Flying Knee","Acrobatics+1","Quick Slash+1","Underhanded Strike+1","Dash+1","Predator+1","Corpse Explosion+1","Footwork+1","RitualDagger+1","Dagger Throw+1","Tactician+1","Reflex+1","Malaise+1","CurseOfTheBell","Dodge and Roll+1","Acrobatics+1","Blur+1","Acrobatics+1","Backflip+1","Calculated Gamble+1","Backflip+1"],"relics":["Snecko Eye","Blood Vial","Meat on the Bone","Toy Ornithopter","MawBank","InkBottle","HoveringKite","MutagenicStrength","Oddly Smooth Stone","Whetstone","Smiling Mask","Potion Belt","PreservedInsect","MealTicket","Regal Pillow","Calling Bell","Vajra","White Beast Statue","WingedGreaves","Toxic Egg 2","Orrery","War Paint","Orichalcum","Snake Skull","Strawberry","Happy Flower"],"acts_visited":["Exordium","TheCity","TheBeyond"],"potions_floor_usage":[16,23,41,42,42,45],"damage_taken":[{"damage":0,"enemies":"Small Slimes","floor":1,"turns":2},{"damage":0,"enemies":"Jaw Worm","floor":3,"turns":1},{"damage":0,"enemies":"Gremlin Nob","floor":7,"turns":2},{"damage":0,"enemies":"Lagavulin","floor":8,"turns":2},{"damage":0,"enemies":"2 Louse","floor":10,"turns":1},{"damage":0,"enemies":"Gremlin Nob","floor":13,"turns":2},{"damage":0,"enemies":"Looter","floor":14,"turns":1},{"damage":0,"enemies":"Slime Boss","floor":16,"turns":2},{"damage":0,"enemies":"2 Thieves","floor":18,"turns":1},{"damage":0,"enemies":"Slavers","floor":23,"turns":1},{"damage":0,"enemies":"Book of Stabbing","floor":24,"turns":3},{"damage":0,"enemies":"3 Byrds","floor":25,"turns":2},{"damage":0,"enemies":"3 Cultists","floor":28,"turns":2},{"damage":0,"enemies":"Gremlin Leader","floor":29,"turns":2},{"damage":0,"enemies":"Slavers","floor":31,"turns":1},{"damage":0,"enemies":"Automaton","floor":33,"turns":4},{"damage":0,"enemies":"3 Darklings","floor":35,"turns":1},{"damage":0,"enemies":"3 Shapes","floor":38,"turns":2},{"damage":0,"enemies":"Nemesis","floor":40,"turns":5},{"damage":0,"enemies":"Reptomancer","floor":41,"turns":3},{"damage":0,"enemies":"Sphere and 2 Shapes","floor":42,"turns":3},{"damage":0,"enemies":"4 Shapes","floor":44,"turns":3},{"damage":0,"enemies":"Nemesis","floor":45,"turns":5},{"damage":0,"enemies":"Writhing Mass","floor":46,"turns":6},{"damage":0,"enemies":"Maw","floor":47,"turns":1}],"seed_played":"1292028011071596708","potions_obtained":[{"floor":7,"key":"LiquidMemories"},{"floor":10,"key":"SteroidPotion"},{"floor":13,"key":"SkillPotion"},{"floor":16,"key":"Fire Potion"},{"floor":18,"key":"SteroidPotion"},{"floor":23,"key":"SpeedPotion"},{"floor":35,"key":"GamblersBrew"},{"floor":41,"key":"Regen Potion"},{"floor":42,"key":"GhostInAJar"},{"floor":44,"key":"LiquidMemories"},{"floor":45,"key":"Block Potion"},{"floor":46,"key":"GamblersBrew"}],"is_trial":true,"path_per_floor":["M","?","M","?","?","R","E","E","T","M","$","R","E","M","R","B",null,"M","?","?","$","?","E","E","M","T","R","M","E","$","E","R","B",null,"M","$","T","M","$","E","E","M","T","M","E","M","M"],"character_chosen":"THE_SILENT","items_purchased":["PreservedInsect","MealTicket","Energy Potion","Toxic Egg 2","Orrery","Acrobatics+1","Backflip+1","Calculated Gamble+1"],"campfire_rested":0,"item_purchase_floors":[30,30,30,36,36,36,36,39],"current_hp_per_floor":[70,56,56,56,44,44,46,48,48,50,50,50,52,54,54,61,70,70,64,64,64,64,70,70,70,70,70,70,70,70,70,70,70,70,70,70,70,70,70,70,70,70,77,77,77,77,77,77],"gold":166,"neow_bonus":"","is_daily":false,"chose_seed":false,"campfire_upgraded":5,"win_rate":0.0,"timestamp":1612539056,"path_taken":["M","?","M","?","?","R","E","?","T","M","?","R","E","?","R","BOSS","M","?","?","$","?","E","?","M","T","R","M","E","$","?","R","BOSS","M","$","?","?","?","E","E","M","T","M","E","M","M"],"items_purchased_type":["Relic","Relic","Potion","Relic","Relic","Card","Card","Card"],"build_version":"2020-12-22","purchased_purges":0,"victory":false,"max_hp_per_floor":[70,70,70,70,70,70,70,70,70,70,70,70,70,70,70,70,70,70,70,70,70,70,70,70,70,70,70,70,70,70,70,70,70,70,70,70,70,70,70,70,70,70,77,77,77,77,77,77],"relic_stats":{"Regal Pillow":0,"Happy Flower":[2],"counters":[25,58],"HoveringKite":[34],"PreservedInsect":192,"Snake Skull":[2],"Whetstone":["Quick Slash","Dagger Throw"],"War Paint":["Malaise","Corpse Explosion"],"Orichalcum":[6],"MawBank":252,"Smiling Mask":0,"Blood Vial":14,"Snecko Eye":[177,166,153,157],"MealTicket":0,"obtain_stats":[{"Regal Pillow":31,"HoveringKite":17,"Vajra":34,"Snake Skull":41,"Whetstone":24,"Smiling Mask":26,"Blood Vial":5,"Strawberry":43,"MealTicket":30,"WingedGreaves":34,"Toxic Egg 2":36,"InkBottle":13,"Potion Belt":29,"Happy Flower":45,"Oddly Smooth Stone":23,"PreservedInsect":30,"War Paint":37,"Orichalcum":40,"MawBank":9,"White Beast Statue":34,"Calling Bell":34,"MutagenicStrength":20,"Snecko Eye":0,"Orrery":36,"Toy Ornithopter":8,"Meat on the Bone":7},{"Regal Pillow":15,"HoveringKite":8,"Vajra":16,"Snake Skull":20,"Whetstone":11,"Smiling Mask":12,"Blood Vial":2,"Strawberry":21,"MealTicket":14,"WingedGreaves":16,"Toxic Egg 2":17,"InkBottle":6,"Potion Belt":14,"Happy Flower":23,"Oddly Smooth Stone":10,"PreservedInsect":14,"War Paint":17,"Orichalcum":19,"MawBank":4,"White Beast Statue":16,"Calling Bell":16,"MutagenicStrength":9,"Snecko Eye":0,"Orrery":17,"Toy Ornithopter":4,"Meat on the Bone":3},{"Regal Pillow":25,"HoveringKite":13,"Vajra":29,"Snake Skull":40,"Whetstone":18,"Smiling Mask":20,"Blood Vial":3,"Strawberry":43,"MealTicket":24,"WingedGreaves":29,"Toxic Egg 2":30,"InkBottle":10,"Potion Belt":24,"Happy Flower":51,"Oddly Smooth Stone":15,"PreservedInsect":24,"War Paint":30,"Orichalcum":37,"MawBank":7,"White Beast Statue":29,"Calling Bell":29,"MutagenicStrength":14,"Snecko Eye":0,"Orrery":30,"Toy Ornithopter":7,"Meat on the Bone":5}],"Toy Ornithopter":9,"InkBottle":[27],"Meat on the Bone":0},"card_choices":[{"not_picked":["Backflip","Underhanded Strike"],"picked":"SKIP","floor":1},{"not_picked":["Deflect","Caltrops"],"picked":"SKIP","floor":3},{"not_picked":["Quick Slash","Flying Knee"],"picked":"SKIP","floor":7},{"not_picked":["Quick Slash","Backflip"],"picked":"SKIP","floor":8},{"not_picked":["Bouncing Flask","Underhanded Strike"],"picked":"SKIP","floor":10},{"not_picked":["Noxious Fumes","Catalyst"],"picked":"SKIP","floor":13},{"not_picked":["Backstab","Choke"],"picked":"SKIP","floor":14},{"not_picked":["Adrenaline"],"picked":"Corpse Explosion","floor":16},{"not_picked":["Bane+1"],"picked":"Footwork+1","floor":18},{"not_picked":["Cloak And Dagger"],"picked":"Tactician+1","floor":23},{"not_picked":["Doppelganger","Accuracy+1"],"picked":"SKIP","floor":24},{"not_picked":["Underhanded Strike+1","Flying Knee"],"picked":"SKIP","floor":25},{"not_picked":["Slice","Poisoned Stab"],"picked":"SKIP","floor":28},{"not_picked":["Masterful Stab+1"],"picked":"Reflex","floor":29},{"not_picked":["Bouncing Flask","Dagger Throw"],"picked":"SKIP","floor":31},{"not_picked":["Venomology"],"picked":"Malaise","floor":33},{"not_picked":["Well Laid Plans+1","Finisher"],"picked":"SKIP","floor":35},{"not_picked":["Underhanded Strike+1"],"picked":"Dodge and Roll+1","floor":36},{"not_picked":["Underhanded Strike+1"],"picked":"Acrobatics+1","floor":36},{"not_picked":["Caltrops+1"],"picked":"Blur+1","floor":36},{"not_picked":["Quick Slash","Underhanded Strike"],"picked":"SKIP","floor":38},{"not_picked":["Well Laid Plans+1","Storm of Steel+1"],"picked":"SKIP","floor":40},{"not_picked":["Dagger Spray+1","Quick Slash"],"picked":"SKIP","floor":41},{"not_picked":["Cloak And Dagger+1","Choke"],"picked":"SKIP","floor":42},{"not_picked":["Poisoned Stab+1","Slice+1"],"picked":"SKIP","floor":44},{"not_picked":["Phantasmal Killer+1"],"picked":"Backflip+1","floor":45},{"not_picked":["Quick Slash","Blade Dance+1"],"picked":"SKIP","floor":46}],"player_experience":1204390,"relics_obtained":[{"floor":7,"key":"Meat on the Bone"},{"floor":8,"key":"Toy Ornithopter"},{"floor":9,"key":"MawBank"},{"floor":13,"key":"InkBottle"},{"floor":23,"key":"Oddly Smooth Stone"},{"floor":24,"key":"Whetstone"},{"floor":26,"key":"Smiling Mask"},{"floor":29,"key":"Potion Belt"},{"floor":31,"key":"Regal Pillow"},{"floor":34,"key":"Vajra"},{"floor":34,"key":"White Beast Statue"},{"floor":34,"key":"WingedGreaves"},{"floor":37,"key":"War Paint"},{"floor":40,"key":"Orichalcum"},{"floor":41,"key":"Snake Skull"},{"floor":43,"key":"Strawberry"},{"floor":45,"key":"Happy Flower"}],"event_choices":[{"damage_healed":0,"gold_gain":0,"player_choice":"Entered Light","damage_taken":14,"max_hp_gain":0,"max_hp_loss":0,"event_name":"Shining Light","floor":2,"gold_loss":0,"cards_upgraded":["Dash","Underhanded Strike"]},{"damage_healed":0,"gold_gain":0,"player_choice":"Leave","damage_taken":0,"max_hp_gain":0,"max_hp_loss":0,"event_name":"The Cleric","floor":4,"gold_loss":0},{"damage_healed":0,"gold_gain":0,"player_choice":"Success","damage_taken":12,"relics_obtained":["Blood Vial"],"max_hp_gain":0,"max_hp_loss":0,"event_name":"Scrap Ooze","floor":5,"gold_loss":0},{"damage_healed":0,"gold_gain":0,"player_choice":"Joined the Cult","damage_taken":6,"max_hp_gain":0,"max_hp_loss":0,"event_name":"Nest","floor":19,"gold_loss":0,"cards_obtained":["RitualDagger"]},{"damage_healed":0,"gold_gain":0,"player_choice":"Inject Mutagens","damage_taken":0,"relics_obtained":["MutagenicStrength"],"max_hp_gain":0,"max_hp_loss":0,"event_name":"Drug Dealer","floor":20,"gold_loss":0},{"damage_healed":0,"gold_gain":0,"player_choice":"Read","damage_taken":0,"max_hp_gain":0,"max_hp_loss":0,"event_name":"The Library","floor":22,"gold_loss":0,"cards_obtained":["Dagger Throw"]}],"is_beta":false,"boss_relics":[{"not_picked":["Busted Crown","Black Star"],"picked":"HoveringKite"},{"not_picked":["Runic Pyramid","Sozu"],"picked":"Calling Bell"}],"items_purged_floors":[],"is_endless":false,"potions_floor_spawned":[7,10,13,16,18,23,35,38,40,41,42,44,45,46],"killed_by":"Maw","ascension_level":0}}