{"host":"08ib58efwyqa9h2x","time":1612531577,"event":{"mods":["BaseMod","Minty Spire (QoL Compilation)","Relic Stats"],"gold_per_floor":[109,122,68,79,94,126,91,120,120,120,147,177,206,227,227,227,227],"floor_reached":16,"language":"ENG","playtime":866,"items_purged":[],"score":263,"play_id":"61ebc14a-3167-4983-8338-2e794dc65961","local_time":"20210205142617","is_ascension_mode":true,"campfire_choices":[{"floor":15,"key":"REST"}],"circlet_count":0,"master_deck":["AscendersBane","Strike_R","Strike_R","Strike_R","Strike_R","Strike_R","Defend_R","Defend_R","Defend_R","Defend_R","Bash","Armaments+1","Flex","Flex","Perfected Strike","Flex","Demon Form","Pommel Strike","Sword Boomerang","Sword Boomerang","Anger"],"relics":["Burning Blood","Mango","Mercury Hourglass","Ornamental Fan","Self Forming Clay","CeramicFish"],"acts_visited":["Exordium"],"potions_floor_usage":[8,11,16],"damage_taken":[{"damage":9,"enemies":"Jaw Worm","floor":1,"turns":5},{"damage":6,"enemies":"Small Slimes","floor":2,"turns":4},{"damage":2,"enemies":"2 Louse","floor":4,"turns":3},{"damage":29,"enemies":"Gremlin Gang","floor":5,"turns":5},{"damage":47,"enemies":"3 Sentries","floor":6,"turns":11},{"damage":35,"enemies":"Lagavulin","floor":8,"turns":7},{"damage":14,"enemies":"3 Sentries","floor":11,"turns":6},{"damage":0,"enemies":"Exordium Wildlife","floor":13,"turns":3},{"damage":11,"enemies":"Lots of Slimes","floor":14,"turns":3},{"damage":53,"enemies":"Hexaghost","floor":16,"turns":7}],"seed_played":"-6447318523283723768","potions_obtained":[{"floor":4,"key":"LiquidBronze"},{"floor":5,"key":"Fruit Juice"},{"floor":8,"key":"PowerPotion"}],"is_trial":false,"path_per_floor":["M","M","$","M","M","E","?","E","T","?","E","?","M","M","R","B"],"character_chosen":"IRONCLAD","items_purchased":["Flex"],"campfire_rested":1,"item_purchase_floors":[3],"current_hp_per_floor":[72,72,72,76,53,26,50,26,26,26,18,18,24,19,49,0,0],"gold":227,"neow_bonus":"TEN_PERCENT_HP_BONUS","is_daily":false,"chose_seed":false,"campfire_upgraded":0,"win_rate":0.0,"timestamp":1612531577,"path_taken":["M","M","$","M","M","E","?","E","T","?","E","?","M","M","R","BOSS"],"items_purchased_type":["Card"],"build_version":"2020-12-22","purchased_purges":0,"victory":false,"max_hp_per_floor":[82,82,82,82,82,96,96,101,101,101,101,101,101,101,101,101,101],"relic_stats":{"counters":[10,53],"Ornamental Fan":[8],"Self Forming Clay":[33],"CeramicFish":18,"obtain_stats":[{"Ornamental Fan":9,"Self Forming Clay":11,"CeramicFish":12,"Mango":6,"Burning Blood":0,"Mercury Hourglass":8},{"Ornamental Fan":6,"Self Forming Clay":7,"CeramicFish":7,"Mango":5,"Burning Blood":0,"Mercury Hourglass":6},{"Ornamental Fan":35,"Self Forming Clay":41,"CeramicFish":41,"Mango":28,"Burning Blood":0,"Mercury Hourglass":35}],"Burning Blood":54,"Mercury Hourglass":[103]},"card_choices":[{"not_picked":["Anger","Hemokinesis"],"picked":"Armaments","floor":1},{"not_picked":["Armaments","Second Wind"],"picked":"Flex","floor":2},{"not_picked":["Carnage","Infernal Blade"],"picked":"Perfected Strike","floor":4},{"not_picked":["Wild Strike","Heavy Blade"],"picked":"Flex","floor":5},{"not_picked":["Impervious","Pummel"],"picked":"Demon Form","floor":6},{"not_picked":["Flex","Shockwave"],"picked":"Pommel Strike","floor":8},{"not_picked":["Iron Wave","Fire Breathing"],"picked":"Sword Boomerang","floor":11},{"not_picked":["Juggernaut","Iron Wave"],"picked":"Sword Boomerang","floor":13},{"not_picked":["Thunderclap","Whirlwind"],"picked":"Anger","floor":14}],"player_experience":623140,"relics_obtained":[{"floor":6,"key":"Mango"},{"floor":8,"key":"Mercury Hourglass"},{"floor":9,"key":"Ornamental Fan"},{"floor":11,"key":"Self Forming Clay"}],"event_choices":[{"damage_healed":24,"gold_gain":0,"player_choice":"Healed","damage_taken":0,"max_hp_gain":0,"max_hp_loss":0,"event_name":"The Cleric","floor":7,"gold_loss":35},{"damage_healed":0,"gold_gain":0,"player_choice":"Grow","damage_taken":0,"max_hp_gain":0,"max_hp_loss":0,"event_name":"Living Wall","floor":10,"gold_loss":0,"cards_upgraded":["Armaments"]},{"damage_healed":0,"gold_gain":30,"player_choice":"Searched \u00273\u0027 times","damage_taken":0,"relics_obtained":["CeramicFish"],"max_hp_gain":0,"max_hp_loss":0,"event_name":"Dead Adventurer","floor":12,"gold_loss":0}],"is_beta":false,"boss_relics":[],"items_purged_floors":[],"is_endless":false,"potions_floor_spawned":[4,5,8],"killed_by":"Hexaghost","ascension_level":19}}