{"host":"rsbhidffjle4v6w5","time":1612549842,"event":{"mods":["Act Like it!","Ascension Reborn","BaseMod","Better Note","Better Third Choice","BetterRewards","Block Reminder","Colored Map","Minty Spire (QoL Compilation)","Quick Restart","Replay The Spire","StSLib"],"gold_per_floor":[121,121,140,140,47,47,65,65,65,93,134,44,96,129,129,274,274,296,296,332,332,362,403,403,812,812,853,588,616,635,635,635,786,786,803,803,803,803,501,501,451,504,535,559,559,559,577,385,428,519,519,563,597,597,597,377,447,495],"floor_reached":59,"language":"ENG","playtime":2562,"items_purged":["Defy Death+1","ReplayTheSpireMod:Doomed"],"score":2027,"play_id":"0b5bbcdf-989b-43da-9c2f-37dd4f6a0e61","local_time":"20210205213042","is_ascension_mode":true,"campfire_choices":[{"data":"ReplayTheSpireMod:Limb From Limb","floor":6.0,"key":"SMITH"},{"data":"Metallicize","floor":6.0,"key":"SMITH"},{"floor":15.0,"key":"RECALL"},{"data":"Whirlwind","floor":24.0,"key":"SMITH"},{"data":"Pummel","floor":24.0,"key":"SMITH"},{"data":"Bite","floor":32.0,"key":"SMITH"},{"data":"Bite","floor":32.0,"key":"SMITH"},{"data":"Metallicize","floor":40,"key":"SMITH"},{"data":"Metallicize","floor":40,"key":"SMITH"},{"floor":51,"key":"DIG"},{"data":"Bite","floor":55,"key":"SMITH"},{"data":"Bite","floor":55,"key":"SMITH"}],"circlet_count":0,"master_deck":["Defend_R+1","Defend_R+1","Defend_R+1","Defend_R+1","Bash+1","ReplayTheSpireMod:Limb From Limb+1","Metallicize+1","Metallicize+1","Shrug It Off+1","Pummel+1","Shrug It Off","Exhume+1","Metallicize+1","Barricade+1","Burning Pact","Whirlwind+1","Clothesline+1","Berserk+1","Pommel Strike+1","Metallicize+1","Pommel Strike+1","Battle Trance+1","Entrench","Bite+1","Bite+1","Bite+1","Bite+1","Bite+1","Double Tap+1","Pommel Strike+1","Reaper+1","Whirlwind+1","Shrug It Off+1","Disarm+1","Battle Trance+1","Panache+1","Panacea+1","Iron Wave+1","Voices","Decay","Injury","Inflame+1","Shrug It Off+1","Bludgeon+1","Sickly","Pain"],"relics":["Burning Blood","Membership Card","FossilizedHelix","Toy Ornithopter","Potion Belt","Replay:Arrowhead","Tiny Chest","Golden Idol","Golden Egg","Boot","Vajra","Lantern","HornCleat","Orichalcum","Runic Dome","MutagenicStrength","Art of War","Old Coin","Iron Hammer","Blue Candle","Happy Flower","Bronze Scales","Pear","Orrery","Paper Frog","ReplayTheSpireMod:TigerMarble","Coffee Dripper","InkBottle","Replay:Bottled Flurry","Replay:Ringing Soul","Thread and Needle","ClockworkSouvenir","Oddly Smooth Stone","Centennial Puzzle","PreservedInsect","Replay:Bandana","Replay:Mystery Machine","ReplayTheSpireMod:ShopPack","Replay:Multitool","Ice Cream","White Beast Statue","Ornamental Fan","Pen Nib","Garlic"],"acts_visited":["Exordium","TheCity","TheBeyond","TheEnding"],"potions_floor_usage":[53,58,58,58,58,58,58,58],"damage_taken":[{"damage":0.0,"enemies":"Jaw Worm","floor":1.0,"turns":3.0},{"damage":2.0,"enemies":"Small Slimes","floor":3.0,"turns":3.0},{"damage":0.0,"enemies":"Cultist","floor":7.0,"turns":2.0},{"damage":0.0,"enemies":"3 Sentries","floor":11.0,"turns":8.0},{"damage":0.0,"enemies":"Gremlin Nob","floor":13.0,"turns":3.0},{"damage":0.0,"enemies":"Looter","floor":14.0,"turns":3.0},{"damage":21.0,"enemies":"Fading Forest","floor":16.0,"turns":11.0},{"damage":0.0,"enemies":"Spheric Guardian","floor":18.0,"turns":4.0},{"damage":0.0,"enemies":"2 Thieves","floor":20.0,"turns":3.0},{"damage":0.0,"enemies":"Centurion and Healer","floor":22.0,"turns":4.0},{"damage":22.0,"enemies":"Slavers","floor":23.0,"turns":6.0},{"damage":0.0,"enemies":"Book of Stabbing","floor":25.0,"turns":4.0},{"damage":0.0,"enemies":"Replay:Snechameleon","floor":27.0,"turns":4.0},{"damage":0.0,"enemies":"Snecko","floor":30.0,"turns":4.0},{"damage":0.0,"enemies":"Collector","floor":33.0,"turns":10.0},{"damage":0.0,"enemies":"3 Darklings","floor":35.0,"turns":1.0},{"damage":0,"enemies":"R_Hoarder","floor":42,"turns":5},{"damage":0,"enemies":"Orb Walker","floor":44,"turns":1},{"damage":0,"enemies":"Maw","floor":47,"turns":4},{"damage":0,"enemies":"Awakened One","floor":52,"turns":8},{"damage":2,"enemies":"Time Eater","floor":53,"turns":8},{"damage":10,"enemies":"Shield and Spear","floor":57,"turns":4},{"damage":15,"enemies":"The Heart","floor":58,"turns":7}],"seed_played":"6004867266949733754","potions_obtained":[{"floor":3.0,"key":"SpeedPotion"},{"floor":11.0,"key":"FearPotion"},{"floor":14.0,"key":"ElixirPotion"},{"floor":20.0,"key":"Languid Potion"},{"floor":27.0,"key":"PowerPotion"},{"floor":33.0,"key":"GamblersBrew"},{"floor":44,"key":"GamblersBrew"},{"floor":47,"key":"Languid Potion"},{"floor":57,"key":"Milkshake"}],"is_trial":false,"path_per_floor":["M","?","M","?","$","R","M","?","T","T","E","$","E","M","R","B",null,"M","?","M","?","M","E","R","E","T","E","$","T","M","?","R","B",null,"M","?","?","T","$","R","?","E","T","M","PTL","PTL","M","$","?","T","R","B","B",null,"R","$","E","B",null],"character_chosen":"IRONCLAD","items_purchased":["Membership Card","Toy Ornithopter","Potion Belt","ReplayTheSpireMod:Limb From Limb","Metallicize","Tiny Chest","Block Potion","Golden Egg","HornCleat","Bronze Scales","Pear","Orrery","Replay:Ringing Soul","Whirlwind","Thread and Needle","ClockworkSouvenir","Shrug It Off","Replay:Bandana","Replay:Mystery Machine","ReplayTheSpireMod:ShopPack","Battle Trance","Pen Nib","Inflame","EntropicBrew","Shrug It Off"],"campfire_rested":0,"item_purchase_floors":[0,0,0,0,0,0,0,5,12,28,28,28,39,39,39,39,39,48,48,48,48,56,56,56,56],"current_hp_per_floor":[53,24,30,37,37,37,45,45,45,45,53,53,64,75,75,72,48,48,48,48,48,48,41,41,48,48,48,58,58,58,58,58,63,63,63,60,60,60,63,63,63,63,63,66,66,66,66,69,46,46,46,80,88,88,88,91,94,102],"gold":495,"neow_bonus":"","is_daily":false,"chose_seed":false,"campfire_upgraded":10,"win_rate":0.0,"timestamp":1612549842,"path_taken":["M","?","M","?","$","R","M","?","T","?","E","?","E","M","R","BOSS","M","?","M","?","M","E","R","E","T","E","$","?","M","?","R","BOSS","M","?","?","?","$","R","?","E","T","?","PTL","PTL","M","$","?","?","R","BOSS","BOSS","R","$","E","BOSS"],"items_purchased_type":["Relic","Relic","Relic","Card","Card","Relic","Potion","Relic","Relic","Relic","Relic","Relic","Relic","Card","Relic","Relic","Card","Relic","Relic","Relic","Card","Relic","Card","Potion","Card"],"build_version":"2020-12-22","purchased_purges":2,"victory":true,"max_hp_per_floor":[85,85,85,90,90,90,90,90,90,90,90,90,90,90,90,95,48,48,48,48,48,48,48,48,48,48,48,58,58,58,58,58,63,63,63,60,60,60,63,63,63,63,63,66,66,66,66,69,72,72,72,80,88,88,88,91,94,102],"card_choices":[{"not_picked":["Hemokinesis","Run Through"],"picked":"Shrug It Off","floor":1.0},{"not_picked":["ReplayTheSpireMod:Limb From Limb","Cleave"],"picked":"Pummel","floor":3.0},{"not_picked":["Rampage","Rupture","Replay:Undeath\u0027s Touch"],"picked":"SKIP","floor":7.0},{"not_picked":["Run Through","Flex"],"picked":"Shrug It Off","floor":11.0},{"not_picked":["Defy Death","Shrug It Off"],"picked":"Exhume","floor":13.0},{"not_picked":["ReplayTheSpireMod:LeadingStrike","Rupture"],"picked":"Metallicize","floor":14.0},{"not_picked":["Impervious","Exhume"],"picked":"Barricade","floor":16.0},{"not_picked":["Armaments","Thunderclap","Cleave+1"],"picked":"SKIP","floor":18.0},{"not_picked":["Shrug It Off","Body Slam"],"picked":"Defy Death+1","floor":20.0},{"not_picked":["Seeing Red","Sword Boomerang"],"picked":"Burning Pact","floor":22.0},{"not_picked":["Flame Barrier+1","Clash"],"picked":"Whirlwind","floor":23.0},{"not_picked":["Hemokinesis","ReplayTheSpireMod:Stacked"],"picked":"Clothesline+1","floor":25.0},{"not_picked":["Seeing Red+1","Wild Strike"],"picked":"Berserk","floor":27.0},{"not_picked":["Flex+1","Run Through+1"],"picked":"Pommel Strike","floor":28.0},{"not_picked":["Wild Strike","Armaments+1"],"picked":"Metallicize","floor":28.0},{"not_picked":["Wild Strike","Clothesline"],"picked":"Pommel Strike","floor":28.0},{"not_picked":["Flex","Entrench"],"picked":"Battle Trance","floor":28.0},{"not_picked":["Headbutt","Dark Embrace"],"picked":"Entrench","floor":30.0},{"not_picked":["Brutality","Berserk"],"picked":"Double Tap","floor":33.0},{"not_picked":["Dual Wield+1","Replay:Undeath\u0027s Touch"],"picked":"Pommel Strike+1","floor":35.0},{"not_picked":["Brutality","Perfected Strike","Clothesline+1"],"picked":"SKIP","floor":42},{"not_picked":["Pummel+1","Havoc+1"],"picked":"Disarm+1","floor":44},{"not_picked":["Perfected Strike","Bloodletting+1","ReplayTheSpireMod:Strike From Hell"],"picked":"SKIP","floor":47},{"not_picked":["Transmutation","Violence"],"picked":"Panache","floor":48},{"not_picked":["Metamorphosis","ReplayTheSpireMod:Necrogeddon"],"picked":"Panacea","floor":48},{"not_picked":["Body Slam","Rampage"],"picked":"Iron Wave+1","floor":49},{"not_picked":["True Grit+1","Shrug It Off+1"],"picked":"Bludgeon","floor":57}],"player_experience":1125005,"relics_obtained":[{"floor":9.0,"key":"Boot"},{"floor":10.0,"key":"Vajra"},{"floor":10.0,"key":"Lantern"},{"floor":11.0,"key":"Blood Vial"},{"floor":13.0,"key":"Orichalcum"},{"floor":23.0,"key":"Art of War"},{"floor":25.0,"key":"Old Coin"},{"floor":26.0,"key":"Iron Hammer"},{"floor":26.0,"key":"Blue Candle"},{"floor":27.0,"key":"Happy Flower"},{"floor":29.0,"key":"Paper Frog"},{"floor":29.0,"key":"ReplayTheSpireMod:TigerMarble"},{"floor":38,"key":"InkBottle"},{"floor":38,"key":"Replay:Bottled Flurry"},{"floor":42,"key":"Oddly Smooth Stone"},{"floor":43,"key":"Centennial Puzzle"},{"floor":43,"key":"PreservedInsect"},{"floor":49,"key":"Replay:Multitool"},{"floor":50,"key":"Ice Cream"},{"floor":50,"key":"White Beast Statue"},{"floor":51,"key":"Ornamental Fan"},{"floor":57,"key":"Garlic"}],"event_choices":[{"damage_healed":0.0,"max_hp_gain":0.0,"max_hp_loss":0.0,"gold_gain":0.0,"event_name":"Golden Idol","player_choice":"Take Damage","floor":2.0,"gold_loss":0.0,"damage_taken":29.0,"relics_obtained":["Golden Idol"]},{"damage_healed":0.0,"max_hp_gain":5.0,"max_hp_loss":0.0,"gold_gain":0.0,"event_name":"Big Fish","player_choice":"Donut","floor":4.0,"gold_loss":0.0,"damage_taken":0.0},{"damage_healed":0.0,"max_hp_gain":0.0,"max_hp_loss":0.0,"gold_gain":0.0,"event_name":"Upgrade Shrine","player_choice":"Ignored","floor":8.0,"gold_loss":0.0,"damage_taken":0.0},{"damage_healed":0.0,"max_hp_gain":0.0,"max_hp_loss":0.0,"gold_gain":0.0,"event_name":"Drug Dealer","player_choice":"Inject Mutagens","floor":19.0,"gold_loss":0.0,"damage_taken":0.0,"relics_obtained":["MutagenicStrength"]},{"damage_healed":0.0,"max_hp_gain":0.0,"max_hp_loss":0.0,"gold_gain":0.0,"event_name":"The Woman in Blue","player_choice":"Bought 0 Potions","floor":21.0,"gold_loss":0.0,"damage_taken":0.0},{"damage_healed":0.0,"max_hp_gain":0.0,"max_hp_loss":0.0,"gold_gain":0.0,"event_name":"Vampires","player_choice":"Became a vampire (Vial)","floor":31.0,"relics_lost":["Blood Vial"],"gold_loss":0.0,"damage_taken":0.0,"cards_obtained":["Bite","Bite","Bite","Bite","Bite"]},{"damage_healed":0.0,"max_hp_gain":0.0,"max_hp_loss":3.0,"gold_gain":0.0,"event_name":"Winding Halls","player_choice":"Max HP","floor":36.0,"gold_loss":0.0,"damage_taken":0.0},{"damage_healed":0,"gold_gain":0,"player_choice":"1 cards matched","damage_taken":0,"max_hp_gain":0,"max_hp_loss":0,"event_name":"Match and Keep!","floor":37,"gold_loss":0,"cards_obtained":["Reaper"]},{"damage_healed":0,"gold_gain":0,"player_choice":"Upgraded Two","damage_taken":0,"max_hp_gain":0,"max_hp_loss":0,"event_name":"Designer","floor":41,"gold_loss":50,"cards_upgraded":["Bite","Shrug It Off"]}],"is_beta":false,"boss_relics":[{"not_picked":["TwistingMind"],"picked":"BlightedDurian"},{"not_picked":["TwistingMind"],"picked":"BlightedDurian"},{"not_picked":["Runic Cube","Replay:Grab Bag"],"picked":"Runic Dome"},{"not_picked":["BlightedDurian"],"picked":"Accursed"},{"not_picked":["BlightedDurian"],"picked":"Accursed"},{"not_picked":["Tiny House","SacredBark"],"picked":"Coffee Dripper"}],"items_purged_floors":[28,56],"is_endless":false,"potions_floor_spawned":[3,11,14,20,27,33,44,47,57],"ascension_level":0}}