{"host":"3tyeyqdkopu0dn2g","time":1612547259,"event":{"mods":["AchievementEnabler","BaseMod","Minty Spire (QoL Compilation)","Quick Restart","Remove Card Discount Mod"],"gold_per_floor":[110,124,138,56,76,76,147,162,162,177,177,177,193,206,206,308,308,323,340,232,247,259,259,277,277,303,303,320,336,336,30,30,133,133,144,144,158,9,59,94,94,122,122,136,149,149,163,174,174,174,174,174,174,201,201,201],"floor_reached":55,"language":"ZHS","playtime":3286,"items_purged":["Strike_P","Strike_P","Strike_P","Strike_P+1","Defend_P","ThirdEye+1","LessonLearned+1"],"score":777,"play_id":"c3f9480f-ccb3-4e59-b8af-7165197f9902","local_time":"20210206014739","is_ascension_mode":false,"campfire_choices":[{"data":"Eruption","floor":6.0,"key":"SMITH"},{"data":"LessonLearned","floor":11.0,"key":"SMITH"},{"data":"Prostrate","floor":15.0,"key":"SMITH"},{"data":"SignatureMove","floor":23.0,"key":"SMITH"},{"floor":25.0,"key":"RECALL"},{"floor":27.0,"key":"REST"},{"floor":32.0,"key":"REST"},{"data":"DevaForm","floor":46.0,"key":"SMITH"},{"floor":49,"key":"REST"},{"data":"Judgement","floor":52,"key":"SMITH"}],"circlet_count":0,"master_deck":["Defend_P+1","Defend_P+1","Eruption+1","Vigilance+1","Wallop+1","Prostrate+1","DeusExMachina+1","SignatureMove+1","EmptyBody+1","Necronomicurse","DevaForm+1","Judgement+1","Pray+1"],"relics":["PureWater","NeowsBlessing","WingedGreaves","Runic Pyramid","Ancient Tea Set","Necronomicon","Medical Kit","Snecko Eye","Bag of Preparation","Ginger","CaptainsWheel","Question Card","Blood Vial"],"acts_visited":["Exordium","TheCity","TheBeyond","TheEnding"],"potions_floor_usage":[50,50,50,55],"damage_taken":[{"damage":0.0,"enemies":"2 Louse","floor":1.0,"turns":1.0},{"damage":0.0,"enemies":"Small Slimes","floor":2.0,"turns":2.0},{"damage":0.0,"enemies":"Jaw Worm","floor":3.0,"turns":1.0},{"damage":13.0,"enemies":"Looter","floor":5.0,"turns":4.0},{"damage":5.0,"enemies":"Large Slime","floor":8.0,"turns":4.0},{"damage":7.0,"enemies":"3 Louse","floor":10.0,"turns":4.0},{"damage":0.0,"enemies":"2 Fungi Beasts","floor":13.0,"turns":5.0},{"damage":0.0,"enemies":"Large Slime","floor":14.0,"turns":3.0},{"damage":47.0,"enemies":"Hexaghost","floor":16.0,"turns":16.0},{"damage":15.0,"enemies":"2 Thieves","floor":18.0,"turns":4.0},{"damage":4.0,"enemies":"Shell Parasite","floor":19.0,"turns":3.0},{"damage":1.0,"enemies":"3 Cultists","floor":21.0,"turns":5.0},{"damage":6.0,"enemies":"Shelled Parasite and Fungi","floor":22.0,"turns":7.0},{"damage":2.0,"enemies":"Cultist and Chosen","floor":24.0,"turns":5.0},{"damage":13.0,"enemies":"Snake Plant","floor":28.0,"turns":2.0},{"damage":30.0,"enemies":"Chosen and Byrds","floor":29.0,"turns":8.0},{"damage":0.0,"enemies":"Champ","floor":33.0,"turns":6.0},{"damage":0.0,"enemies":"3 Darklings","floor":35.0,"turns":3.0},{"damage":3.0,"enemies":"3 Shapes","floor":37.0,"turns":3.0},{"damage":0.0,"enemies":"Mind Bloom Boss Battle","floor":39.0,"turns":5.0},{"damage":0.0,"enemies":"Giant Head","floor":40.0,"turns":7.0},{"damage":25.0,"enemies":"Reptomancer","floor":42.0,"turns":7.0},{"damage":0.0,"enemies":"Sphere and 2 Shapes","floor":44.0,"turns":3.0},{"damage":0.0,"enemies":"Spire Growth","floor":45.0,"turns":3.0},{"damage":23,"enemies":"Maw","floor":47,"turns":5},{"damage":18,"enemies":"Jaw Worm Horde","floor":48,"turns":3},{"damage":36,"enemies":"Time Eater","floor":50,"turns":6},{"damage":20,"enemies":"Shield and Spear","floor":54,"turns":3},{"damage":55,"enemies":"The Heart","floor":55,"turns":3}],"seed_played":"8755425013876525103","potions_obtained":[{"floor":5.0,"key":"Ambrosia"},{"floor":8.0,"key":"Block Potion"},{"floor":14.0,"key":"Dexterity Potion"},{"floor":16.0,"key":"SteroidPotion"},{"floor":33.0,"key":"FairyPotion"},{"floor":54,"key":"DuplicationPotion"}],"is_trial":false,"path_per_floor":["M","M","M","$","M","R","?","M","T","M","R","?","M","M","R","B",null,"M","M","$","M","M","R","M","R","T","R","M","M","?","$","R","B",null,"M","?","M","$","?","E","?","E","T","M","M","R","M","M","R","B",null,"R","$","E","B"],"character_chosen":"WATCHER","items_purchased":["LessonLearned","EntropicBrew","DevaForm","Medical Kit","Bag of Preparation"],"campfire_rested":3,"item_purchase_floors":[4,20,31,31,38],"current_hp_per_floor":[72,72,72,72,59,59,59,54,54,47,47,52,52,52,52,5,77,62,58,58,57,51,51,49,49,49,72,59,29,13,13,36,36,77,77,73,70,70,70,70,70,45,45,45,45,45,22,4,25,21,73,73,73,53,0,0],"gold":201,"neow_bonus":"THREE_ENEMY_KILL","is_daily":false,"chose_seed":false,"campfire_upgraded":6,"win_rate":0.0,"timestamp":1612547259,"path_taken":["M","M","M","$","M","R","?","M","T","M","R","?","M","M","R","BOSS","M","M","$","M","M","R","M","R","T","R","M","M","?","$","R","BOSS","M","?","M","$","?","E","?","E","T","M","M","R","M","M","R","BOSS","R","$","E","BOSS"],"items_purchased_type":["Card","Potion","Card","Relic","Relic"],"build_version":"2020-12-22","purchased_purges":7,"victory":false,"max_hp_per_floor":[72,72,72,72,72,72,72,72,72,72,72,77,77,77,77,77,77,77,77,77,77,77,77,77,77,77,77,77,77,77,77,77,77,77,77,73,73,73,73,73,73,73,73,73,73,73,73,73,73,73,73,73,73,73,73,73],"card_choices":[{"not_picked":["JustLucky","CrushJoints"],"picked":"ThirdEye","floor":1.0},{"not_picked":["Crescendo","Fasting2"],"picked":"Wallop","floor":2.0},{"not_picked":["FearNoEvil","PathToVictory","Halt"],"picked":"SKIP","floor":3.0},{"not_picked":["FearNoEvil","PathToVictory","Halt"],"picked":"SKIP","floor":3.0},{"not_picked":["PathToVictory","CutThroughFate","SashWhip"],"picked":"SKIP","floor":5.0},{"not_picked":["ConjureBlade","Protect","JustLucky"],"picked":"SKIP","floor":8.0},{"not_picked":["Perseverance","InnerPeace"],"picked":"Prostrate","floor":10.0},{"not_picked":["WaveOfTheHand","Evaluate","Crescendo"],"picked":"SKIP","floor":13.0},{"not_picked":["WaveOfTheHand","Evaluate","Crescendo"],"picked":"SKIP","floor":13.0},{"not_picked":["Wallop","Meditate","ClearTheMind"],"picked":"SKIP","floor":14.0},{"not_picked":["Ragnarok","Omniscience"],"picked":"DeusExMachina","floor":16.0},{"not_picked":["PathToVictory","Collect+1"],"picked":"SignatureMove","floor":18.0},{"not_picked":["FlyingSleeves+1","ThirdEye","Conclude"],"picked":"SKIP","floor":19.0},{"not_picked":["Consecrate","JustLucky+1","Perseverance"],"picked":"SKIP","floor":21.0},{"not_picked":["ThirdEye","Crescendo","ReachHeaven"],"picked":"SKIP","floor":22.0},{"not_picked":["FlurryOfBlows","CrushJoints+1","PathToVictory+1"],"picked":"SKIP","floor":24.0},{"not_picked":["FlurryOfBlows","InnerPeace"],"picked":"EmptyBody+1","floor":28.0},{"not_picked":["FlurryOfBlows","Prostrate","FlyingSleeves+1"],"picked":"SKIP","floor":29.0},{"not_picked":["LessonLearned","Ragnarok"],"picked":"Judgement","floor":33.0},{"not_picked":["ClearTheMind+1","EmptyBody","Evaluate+1"],"picked":"SKIP","floor":35.0},{"not_picked":["Swivel","FlurryOfBlows","SashWhip+1"],"picked":"SKIP","floor":37.0},{"not_picked":["SashWhip","CrushJoints+1"],"picked":"Pray+1","floor":39.0},{"not_picked":["ThirdEye+1","Weave","FlyingSleeves"],"picked":"SKIP","floor":40.0},{"not_picked":["BattleHymn+1","CrushJoints","FlyingSleeves"],"picked":"SKIP","floor":42.0},{"not_picked":["Meditate","Nirvana","FollowUp","ThirdEye"],"picked":"SKIP","floor":44.0},{"not_picked":["JustLucky+1","FlyingSleeves","FearNoEvil+1","LikeWater"],"picked":"SKIP","floor":45.0},{"not_picked":["JustLucky+1","FlyingSleeves","FearNoEvil+1","LikeWater"],"picked":"SKIP","floor":45.0},{"not_picked":["SashWhip+1","WaveOfTheHand+1","EmptyMind+1","Adaptation+1"],"picked":"SKIP","floor":47},{"not_picked":["Consecrate+1","Sanctity","Judgement","Nirvana+1"],"picked":"SKIP","floor":48},{"not_picked":["DeceiveReality+1","ClearTheMind","Prostrate","ThirdEye"],"picked":"SKIP","floor":54}],"player_experience":218755,"relics_obtained":[{"floor":9.0,"key":"WingedGreaves"},{"floor":26.0,"key":"Ancient Tea Set"},{"floor":30.0,"key":"Necronomicon"},{"floor":39.0,"key":"Ginger"},{"floor":40.0,"key":"CaptainsWheel"},{"floor":42.0,"key":"Question Card"},{"floor":54,"key":"Blood Vial"}],"event_choices":[{"damage_healed":0.0,"max_hp_gain":0.0,"max_hp_loss":0.0,"gold_gain":71.0,"event_name":"Golden Wing","player_choice":"Gained Gold","floor":7.0,"gold_loss":0.0,"damage_taken":0.0},{"damage_healed":0.0,"max_hp_gain":5.0,"max_hp_loss":0.0,"gold_gain":0.0,"event_name":"Big Fish","player_choice":"Donut","floor":12.0,"gold_loss":0.0,"damage_taken":0.0},{"damage_healed":0.0,"max_hp_gain":0.0,"max_hp_loss":0.0,"gold_gain":0.0,"event_name":"Cursed Tome","player_choice":"Obtained Book","floor":30.0,"gold_loss":0.0,"damage_taken":16.0},{"damage_healed":0.0,"max_hp_gain":0.0,"max_hp_loss":4.0,"gold_gain":0.0,"event_name":"Winding Halls","player_choice":"Max HP","floor":36.0,"gold_loss":0.0,"damage_taken":0.0},{"damage_healed":0.0,"max_hp_gain":0.0,"max_hp_loss":0.0,"gold_gain":0.0,"event_name":"MindBloom","player_choice":"Fight","floor":39.0,"gold_loss":0.0,"damage_taken":0.0},{"cards_removed":["Defend_P"],"damage_healed":0.0,"max_hp_gain":0.0,"max_hp_loss":0.0,"gold_gain":0.0,"event_name":"Falling","player_choice":"Removed Skill","floor":41.0,"gold_loss":0.0,"damage_taken":0.0}],"is_beta":false,"boss_relics":[{"not_picked":["VioletLotus","Philosopher\u0027s Stone"],"picked":"Runic Pyramid"},{"not_picked":["Busted Crown","HolyWater"],"picked":"Snecko Eye"}],"items_purged_floors":[4,20,20,31,31,31,31],"is_endless":false,"potions_floor_spawned":[5,8,14,16,22,28,29,33,44,45,47,54],"killed_by":"The Heart","ascension_level":0}}