{"host":"nvi7eteh2xa5cf87","time":1612567960,"event":{"mods":["BaseMod","Custom Start","Downfall","Hermit","Hubris","Lobotomy","Minty Spire (QoL Compilation)","StSLib","The Animator","The Jungle","The Necromancer","The Poker Player","The Runesmith","The Servant 0.9.4"],"gold_per_floor":[99,99,99,99,199,227,227,240,40,51,36,36,36,36,50,50,50,50],"floor_reached":16,"language":"ENG","playtime":861,"items_purged":[],"score":96,"play_id":"a445c6e8-819c-4033-95f3-cf6f6deb7cdb","local_time":"20210205183240","is_ascension_mode":false,"campfire_choices":[{"floor":1,"key":"RECALL"},{"data":"Guardian:PiercingHide","floor":9,"key":"SMITH"}],"circlet_count":0,"master_deck":["Guardian:Strike_Guardian","Guardian:Strike_Guardian","Guardian:Strike_Guardian","Guardian:Strike_Guardian","Guardian:Defend_Guardian","Guardian:Defend_Guardian","Guardian:Defend_Guardian","Guardian:Defend_Guardian","Guardian:CurlUp","Guardian:TwinSlam","Guardian:ChargeCore","Guardian:ShieldCharger","Guardian:WalkerClaw","Guardian:TimeBomb","Guardian:PiercingHide+1","Guardian:CrystalBeam","Guardian:BronzeOrb","Guardian:Gem_Synthetic","Guardian:DecasProtection"],"relics":["Guardian:ModeShifter","downfall:HeartsMalice","Gambling Chip","downfall:HeartBlessingRed","downfall:HeartBlessingBlue"],"acts_visited":["Exordium"],"potions_floor_usage":[],"damage_taken":[{"damage":0,"enemies":"Small Slimes","floor":2,"turns":1},{"damage":0,"enemies":"2 Louse","floor":3,"turns":1},{"damage":0,"enemies":"Jaw Worm","floor":4,"turns":1},{"damage":25,"enemies":"Lagavulin","floor":6,"turns":8},{"damage":2,"enemies":"Blue Slaver","floor":8,"turns":4},{"damage":13,"enemies":"Exordium Thugs","floor":10,"turns":5},{"damage":0,"enemies":"downfall:FleeingMerchant","floor":11,"turns":4},{"damage":3,"enemies":"Exordium Wildlife","floor":15,"turns":4},{"damage":76,"enemies":"WA_ARCHETYPE_RETAIN","floor":16,"turns":13}],"seed_played":"1270113498876576285","potions_obtained":[{"floor":6,"key":"Strength Potion"},{"floor":8,"key":"Fire Potion"},{"floor":10,"key":"PowerPotion"}],"is_trial":false,"path_per_floor":["R","M","M","M","?","E","T","M","R","M","$","?","?","?","M","B"],"character_chosen":"GUARDIAN","items_purchased":[],"campfire_rested":0,"item_purchase_floors":[],"current_hp_per_floor":[80,80,80,80,80,55,55,53,63,50,50,80,62,56,53,0,0,0],"gold":50,"neow_bonus":"THREE_ENEMY_KILL","is_daily":false,"chose_seed":false,"campfire_upgraded":1,"win_rate":0.0,"timestamp":1612567960,"path_taken":["R","M","M","M","?","E","T","M","R","M","$","?","?","?","M","BOSS"],"items_purchased_type":[],"build_version":"2020-12-22","purchased_purges":0,"victory":false,"max_hp_per_floor":[80,80,80,80,80,80,80,80,90,90,90,90,90,90,90,90,90,90],"card_choices":[{"not_picked":["Guardian:ShieldCharger","Guardian:Repulse"],"picked":"Guardian:ChargeCore","floor":2},{"not_picked":["Guardian:MultiBeam","Guardian:CrystalBeam"],"picked":"Guardian:ShieldCharger","floor":3},{"not_picked":["Guardian:Harden","Guardian:PrimingBeam"],"picked":"Guardian:WalkerClaw","floor":4},{"not_picked":["Guardian:RevengeProtocol","Guardian:SpikerProtocol"],"picked":"Guardian:TimeBomb","floor":6},{"not_picked":["Guardian:CrystalBeam","Guardian:ShieldCharger"],"picked":"Guardian:PiercingHide","floor":8},{"not_picked":["Guardian:ChargeCore","Guardian:ShieldCharger"],"picked":"Guardian:CrystalBeam","floor":10},{"not_picked":["Guardian:Emergency","Guardian:DecasProtection"],"picked":"Guardian:BronzeOrb","floor":11},{"not_picked":["Guardian:EvasiveProtocol","Guardian:Repulse"],"picked":"Guardian:DecasProtection","floor":15}],"player_experience":96460,"relics_obtained":[{"floor":6,"key":"Gambling Chip"}],"event_choices":[{"damage_healed":30,"gold_gain":0,"player_choice":"Banana","damage_taken":0,"max_hp_gain":0,"max_hp_loss":0,"event_name":"Big Fish","floor":12,"gold_loss":0},{"damage_healed":0,"gold_gain":0,"player_choice":"Fled","damage_taken":18,"max_hp_gain":0,"max_hp_loss":0,"event_name":"Scrap Ooze","floor":13,"gold_loss":0}],"is_beta":false,"boss_relics":[],"items_purged_floors":[],"is_endless":false,"potions_floor_spawned":[6,8,10,15],"killed_by":"WA_ARCHETYPE_RETAIN","ascension_level":0}}