{"host":"9qgbal69wq5palas","time":1612545101,"event":{"mods":["2.2 Compatiblity","Abigail Mod","AchievementEnabler","Act Like it!","Aspiration","Astrologer","Bartender","BaseMod","Better Altar","Better Note","Better Skull","Better Third Choice","Colored Powertips","Hallownest","Hermit","Highlight Path","Hubris","Infinite Spire","Jorbs\u0027s Wanderer Trilogy","Koishi","Lobotomy","Minty Spire (QoL Compilation)","Potionbrewer","Quick Restart","Random Character Button","Replay The Spire","Shade Mod","Shop Mod","Spicy Shops","StSLib","The Animator","The Bug Knight","The Cursed","The Disciple","The Exalted","The Hierophant","The Necromancer","The Servant 0.9.4","Wandering Minibosses"],"gold_per_floor":[216,216,231,231,77,112,112,146,146,162,87,87,98,127,127,225,225,245,262,262,262,262,294,294,321,345,363,395,395,406,440,440,540,540,558,558,485,485,500,500,518,550,573,573,573],"floor_reached":44,"language":"ENG","playtime":3300,"items_purged":["HollowMod:NailStrikeStart","Shame","HollowMod:NailStrikeStart"],"score":911,"play_id":"aa4da559-6d23-44fe-8758-d4b3b56eb1a5","local_time":"20210205181141","is_ascension_mode":true,"campfire_choices":[{"data":"HollowMod:DungDefenderAura","floor":7,"key":"SMITH"},{"data":"Hallownest:skillGreenpathMap","floor":12,"key":"SMITH"},{"data":"HollowMod:InfectionAssault","floor":15,"key":"SMITH"},{"data":"HollowMod:CycloneSlash","floor":24,"key":"SMITH"},{"data":"HollowMod:InfectionAssault","floor":29,"key":"SMITH"},{"floor":32,"key":"RECALL"},{"data":"Discovery","floor":40,"key":"SMITH"}],"circlet_count":0,"master_deck":["HollowMod:NailStrikeStart","HollowMod:QuickDashStart","HollowMod:QuickDashStart","HollowMod:QuickDashStart","HollowMod:FocusHealStart","HollowMod:PogoStrike","HollowMod:CycloneSlash+1","HollowMod:DungDefenderAura+1","HollowMod:InfectedAttack","HollowMod:DoubleDash","HollowMod:InfectedAttack","HollowMod:LifebloodCore","Hallownest:skillGreenpathMap+1","HollowMod:InfectionAssault+1","HollowMod:DreamGate","HollowMod:HowlingWraiths+1","HollowMod:NewJinnsSoul+1","HollowMod:NewGlowingWomb+1","HollowMod:InfectionAssault+1","HollowMod:Hiveblood","HollowMod:TaintedHusks","Discovery+1","HollowMod:MawleksShell","HollowMod:CornifersMapStart+1"],"relics":["HollowMod:VesselMask","Replay:Baseball","Bromod:ArcaneVictory","Kunai","SlaversCollar","WarpedTongs","Quantum Egg","aspiration:Lifesprig","Protect_Vest","Smiling Mask","HollowMod:KingsBrand","potionbrewer:RamsHorn","Bromod:ArcaneGrace","hubris:Towel","Bromod:ArcanePistoleer","HollowMod:MillibellesNoteRelic"],"acts_visited":["Exordium","Hallownest:Greenpath","TheBeyond"],"potions_floor_usage":[18,18,23,31,41,44,44],"damage_taken":[{"damage":7,"enemies":"2_ Uuma","floor":1,"turns":10},{"damage":4,"enemies":"Hallownest:2_MossCreeps","floor":3,"turns":8},{"damage":8,"enemies":"Hallownest:eliteMossKnight","floor":6,"turns":7},{"damage":0,"enemies":"Hallownest:eliteVengeflyKing","floor":8,"turns":8},{"damage":5,"enemies":"Hallownest:2_Baldur","floor":10,"turns":3},{"damage":0,"enemies":"Hallownest:Guard_and_Warrior","floor":13,"turns":5},{"damage":0,"enemies":"Hallownest:eliteCrystalGuardian","floor":14,"turns":5},{"damage":0,"enemies":"Hallownest:BossFalseKnight","floor":16,"turns":6},{"damage":9,"enemies":"Hallownest:3_Youths","floor":18,"turns":6},{"damage":18,"enemies":"Hallownest:2_Mistakes","floor":19,"turns":6},{"damage":2,"enemies":"Hallownest:eliteWatcherKnight","floor":23,"turns":10},{"damage":0,"enemies":"Hallownest:Nosk","floor":25,"turns":7},{"damage":7,"enemies":"Hallownest:2_Flukemon","floor":27,"turns":6},{"damage":0,"enemies":"Hallownest:eliteWatcherKnight","floor":28,"turns":12},{"damage":0,"enemies":"Hallownest:2_Husk_Sentries","floor":30,"turns":5},{"damage":13,"enemies":"Hallownest:Nosk","floor":31,"turns":4},{"damage":14,"enemies":"Hallownest:BossSoulMaster","floor":33,"turns":9},{"damage":48,"enemies":"3 Darklings","floor":35,"turns":6},{"damage":19,"enemies":"3 Shapes","floor":39,"turns":5},{"damage":66,"enemies":"Spire Growth","floor":41,"turns":7},{"damage":103,"enemies":"Reptomancer","floor":42,"turns":8},{"damage":69,"enemies":"3 Darklings","floor":44,"turns":6}],"seed_played":"-3284870737330688130","potions_obtained":[{"floor":1,"key":"LiquidBronze"},{"floor":10,"key":"Toxic Potion"},{"floor":13,"key":"Block Potion"},{"floor":18,"key":"Swift Potion"},{"floor":27,"key":"potionbrewer:NoxiousPotion"},{"floor":28,"key":"Strength Potion"},{"floor":33,"key":"Weak Potion"},{"floor":42,"key":"potionbrewer:ToxicPotion"}],"is_trial":false,"path_per_floor":["M","?","M","?","$","E","R","E","T","M","?","R","M","E","R","B",null,"M","M","?","AVR","?","E","R","E","T","M","E","R","M","E","R","B",null,"M","?","$","?","M","R","M","E","T","M"],"character_chosen":"THE_BUGKNIGHT","items_purchased":["HollowMod:InfectedAttack","HollowMod:TaintedHusks"],"campfire_rested":0,"item_purchase_floors":[5,37],"current_hp_per_floor":[73,73,73,73,73,71,71,75,75,75,75,75,75,75,75,75,75,75,69,69,69,65,74,74,75,75,75,75,75,75,73,73,66,73,75,75,75,65,75,75,75,39,39,0,0],"gold":573,"neow_bonus":"HUNDRED_GOLD","is_daily":false,"chose_seed":false,"campfire_upgraded":6,"win_rate":0.0,"timestamp":1612545101,"path_taken":["M","?","M","?","$","E","R","E","T","M","?","R","M","E","R","BOSS","M","M","?","AVR","?","E","R","E","T","M","E","R","M","E","R","BOSS","M","?","$","?","M","R","M","E","T","M"],"items_purchased_type":["Card","Card"],"build_version":"2020-12-22","purchased_purges":3,"victory":false,"max_hp_per_floor":[75,75,75,75,75,75,75,75,75,75,75,75,75,75,75,75,75,75,75,75,75,75,75,75,75,75,75,75,75,75,75,75,75,75,75,75,75,75,75,75,75,75,75,75,75],"card_choices":[{"not_picked":["HollowMod:SoulSplash","HollowMod:PureNailStrike"],"picked":"HollowMod:CycloneSlash","floor":1},{"not_picked":["HollowMod:ChannelNail","HollowMod:DescendingDark"],"picked":"HollowMod:DungDefenderAura","floor":3},{"not_picked":["HollowMod:NewLittleFool","HollowMod:PureNailStrike"],"picked":"HollowMod:DoubleDash","floor":6},{"not_picked":["HollowMod:DashSlash","HollowMod:FastStrike"],"picked":"HollowMod:InfectedAttack","floor":8},{"not_picked":["HollowMod:MantisMark","HollowMod:HowlingWraiths"],"picked":"HollowMod:LifebloodCore","floor":10},{"not_picked":["HollowMod:TaintedHusks","HollowMod:HeavyBlow"],"picked":"HollowMod:InfectionAssault","floor":13},{"not_picked":["HollowMod:VengefulVoid","HollowMod:LordofShades"],"picked":"HollowMod:DreamGate","floor":14},{"not_picked":["HollowMod:HowlingWraiths","HollowMod:DashSlash","HollowMod:SiblingsShadow"],"picked":"SKIP","floor":18},{"not_picked":["HollowMod:DescendingDark+1","HollowMod:SoulStrike"],"picked":"HollowMod:HowlingWraiths+1","floor":19},{"not_picked":["HollowMod:CloakDash+1","HollowMod:AbyssShriek+1"],"picked":"HollowMod:NewJinnsSoul+1","floor":23},{"not_picked":["HollowMod:SiblingsShadow","HollowMod:NewJinnsSoul","HollowMod:FastStrike"],"picked":"SKIP","floor":25},{"not_picked":["HollowMod:SoulEater","HollowMod:RecoilStrike"],"picked":"HollowMod:NewGlowingWomb+1","floor":27},{"not_picked":["HollowMod:CrystalDash","HollowMod:AbyssShriek"],"picked":"HollowMod:InfectionAssault","floor":28},{"not_picked":["HollowMod:CornifersMapStart","HollowMod:CoiledNail","HollowMod:NewJinnsSoul"],"picked":"SKIP","floor":30},{"not_picked":["HollowMod:DesolateDive","HollowMod:ChannelNail+1","HollowMod:DashSlash"],"picked":"SKIP","floor":31},{"not_picked":["HollowMod:LordofShades","HollowMod:PaleKingsBlessing"],"picked":"HollowMod:Hiveblood","floor":33},{"not_picked":["HollowMod:CycloneSlash+1","HollowMod:SoulStrike+1","HollowMod:NewJinnsSoul"],"picked":"SKIP","floor":35},{"not_picked":["Secret Technique","Panacea"],"picked":"Discovery","floor":38},{"not_picked":["HollowMod:SoulStrike+1","HollowMod:ChannelNail","HollowMod:CycloneSlash"],"picked":"SKIP","floor":39},{"not_picked":["HollowMod:ShadowDash+1","HollowMod:MantisMark+1"],"picked":"HollowMod:MawleksShell","floor":41},{"not_picked":["HollowMod:HowlingWraiths+1","HollowMod:NewJinnsSoul"],"picked":"HollowMod:CornifersMapStart+1","floor":42}],"player_experience":2720054,"relics_obtained":[{"floor":6,"key":"Replay:Baseball"},{"floor":8,"key":"Bromod:ArcaneVictory"},{"floor":14,"key":"Kunai"},{"floor":23,"key":"aspiration:Lifesprig"},{"floor":25,"key":"Protect_Vest"},{"floor":26,"key":"Smiling Mask"},{"floor":28,"key":"HollowMod:KingsBrand"},{"floor":31,"key":"potionbrewer:RamsHorn"},{"floor":42,"key":"Bromod:ArcanePistoleer"},{"floor":43,"key":"HollowMod:MillibellesNoteRelic"}],"event_choices":[{"damage_healed":0,"gold_gain":0,"player_choice":"Memory 3","damage_taken":10,"max_hp_gain":0,"max_hp_loss":0,"event_name":"SensoryStone","floor":38,"gold_loss":0}],"is_beta":false,"boss_relics":[{"not_picked":["Busted Crown","hubris:HollowSoul"],"picked":"SlaversCollar"},{"not_picked":["Replay:Wanted Poster","Replay:Grab Bag"],"picked":"Bromod:ArcaneGrace"}],"items_purged_floors":[5,21,37],"is_endless":false,"potions_floor_spawned":[1,10,13,18,27,28,33,39,42],"killed_by":"3 Darklings","ascension_level":8}}