{"host":"rolltorest","time":1612560477,"event":{"mods":["BaseMod","Minty Spire (QoL Compilation)","Relic Stats","Slay the Relics Exporter","StSLib"],"gold_per_floor":[118,131,206,131,148,181,181,208,235,235,235],"floor_reached":10,"language":"ENG","playtime":252,"items_purged":["Strike_P"],"score":152,"play_id":"343a45c9-117c-4817-b728-853e28f0b407","local_time":"20210205132757","is_ascension_mode":true,"campfire_choices":[{"floor":7,"key":"REST"}],"circlet_count":0,"master_deck":["AscendersBane","Strike_P","Strike_P","Strike_P","Defend_P","Defend_P","Defend_P","Defend_P","Eruption","Vigilance","Fasting2","Consecrate","CutThroughFate","Halt","Wallop"],"relics":["SlaversCollar","Pen Nib","Juzu Bracelet","Anchor"],"acts_visited":["Exordium"],"potions_floor_usage":[5,6],"damage_taken":[{"damage":8,"enemies":"2 Louse","floor":1,"turns":4},{"damage":11,"enemies":"Small Slimes","floor":2,"turns":4},{"damage":14,"enemies":"Cultist","floor":5,"turns":4},{"damage":11,"enemies":"Lagavulin","floor":6,"turns":6},{"damage":19,"enemies":"3 Sentries","floor":8,"turns":5},{"damage":0,"enemies":"Gremlin Nob","floor":10,"turns":3}],"seed_played":"7758830333997217346","potions_obtained":[{"floor":2,"key":"SkillPotion"},{"floor":5,"key":"Energy Potion"}],"is_trial":false,"path_per_floor":["M","M","?","$","M","E","R","E","T","E"],"character_chosen":"WATCHER","items_purchased":[],"campfire_rested":1,"item_purchase_floors":[],"current_hp_per_floor":[53,42,31,31,17,6,26,7,7,7,7],"gold":235,"neow_bonus":"BOSS_RELIC","is_daily":false,"chose_seed":false,"campfire_upgraded":0,"win_rate":0.0,"timestamp":1612560477,"path_taken":["M","M","?","$","M","E","R","E","T","E"],"items_purchased_type":[],"build_version":"2020-12-18","purchased_purges":1,"victory":false,"max_hp_per_floor":[68,68,68,68,68,68,68,68,68,68,68],"relic_stats":{"counters":[6,26],"Pen Nib":[1],"Juzu Bracelet":0,"obtain_stats":[{"SlaversCollar":0,"Anchor":9,"Pen Nib":6,"Juzu Bracelet":8,"PureWater":0},{"SlaversCollar":0,"Anchor":5,"Pen Nib":4,"Juzu Bracelet":5,"PureWater":0},{"SlaversCollar":0,"Anchor":23,"Pen Nib":18,"Juzu Bracelet":23,"PureWater":0}]},"card_choices":[{"not_picked":["EmptyBody","ClearTheMind"],"picked":"Fasting2","floor":1},{"not_picked":["BowlingBash","Protect"],"picked":"Consecrate","floor":2},{"not_picked":["JustLucky","ClearTheMind"],"picked":"CutThroughFate","floor":5},{"not_picked":["WreathOfFlame","Evaluate"],"picked":"Halt","floor":6},{"not_picked":["WindmillStrike","CarveReality"],"picked":"Wallop","floor":8}],"player_experience":1871047,"relics_obtained":[{"floor":6,"key":"Pen Nib"},{"floor":8,"key":"Juzu Bracelet"},{"floor":9,"key":"Anchor"}],"event_choices":[{"damage_healed":0,"gold_gain":75,"player_choice":"Gather Gold","damage_taken":11,"max_hp_gain":0,"max_hp_loss":0,"event_name":"World of Goop","floor":3,"gold_loss":0}],"is_beta":true,"boss_relics":[],"items_purged_floors":[4],"is_endless":false,"potions_floor_spawned":[2,5],"killed_by":"Gremlin Nob","ascension_level":20}}