{"host":"2mb887pelv9ua2b0","time":1612554973,"event":{"mods":["AchievementEnabler","BaseMod","Colored Map","Keyboard Shortcuts","Minty Spire (QoL Compilation)","Quick Restart","Relic Stats","StSLib","SuperFastMode","everything is the same but u backflip on backflip"],"gold_per_floor":[109,34,44,58,108,108,141,151,151,186,111,131,131,145,145,217,217,233,233,244,144,177,177,189,215,239,239,239,239],"floor_reached":28,"language":"KOR","playtime":537,"items_purged":["Strike_P","Strike_P"],"score":496,"play_id":"4711e71f-b935-4155-8025-ce78c68834a4","local_time":"20210206045613","is_ascension_mode":true,"campfire_choices":[{"data":"Eruption","floor":6.0,"key":"SMITH"},{"data":"EmptyFist","floor":13.0,"key":"SMITH"},{"data":"TalkToTheHand","floor":15.0,"key":"SMITH"},{"data":"MentalFortress","floor":23.0,"key":"SMITH"},{"floor":27.0,"key":"REST"}],"circlet_count":0,"master_deck":["AscendersBane","Strike_P+1","Strike_P+1","Defend_P","Defend_P","Defend_P","Defend_P","Eruption+1","Vigilance","TalkToTheHand+1","FearNoEvil","EmptyFist+1","FlurryOfBlows","Tantrum","MentalFortress+1","CrushJoints+1"],"relics":["PureWater","NeowsBlessing","Strawberry","Whetstone","Pantograph","Black Star","Red Mask","Kunai","Ancient Tea Set","Bag of Marbles"],"acts_visited":["TheCity"],"potions_floor_usage":[28],"damage_taken":[{"damage":0.0,"enemies":"Cultist","floor":1.0,"turns":1.0},{"damage":0.0,"enemies":"Small Slimes","floor":3.0,"turns":1.0},{"damage":0.0,"enemies":"2 Louse","floor":4.0,"turns":1.0},{"damage":12.0,"enemies":"3 Sentries","floor":7.0,"turns":8.0},{"damage":6.0,"enemies":"Large Slime","floor":8.0,"turns":3.0},{"damage":23.0,"enemies":"Lagavulin","floor":10.0,"turns":6.0},{"damage":4.0,"enemies":"Looter","floor":12.0,"turns":2.0},{"damage":3.0,"enemies":"2 Fungi Beasts","floor":14.0,"turns":3.0},{"damage":26.0,"enemies":"Hexaghost","floor":16.0,"turns":9.0},{"damage":0.0,"enemies":"Spheric Guardian","floor":18.0,"turns":3.0},{"damage":1.0,"enemies":"2 Thieves","floor":20.0,"turns":2.0},{"damage":12.0,"enemies":"Masked Bandits","floor":22.0,"turns":4.0},{"damage":2.0,"enemies":"3 Cultists","floor":24.0,"turns":4.0},{"damage":41.0,"enemies":"Gremlin Leader","floor":25.0,"turns":6.0},{"damage":30,"enemies":"Slavers","floor":28,"turns":3}],"seed_played":"-5416606061887466566","potions_obtained":[{"floor":1.0,"key":"SpeedPotion"},{"floor":7.0,"key":"EntropicBrew"},{"floor":8.0,"key":"SpeedPotion"},{"floor":24.0,"key":"DuplicationPotion"}],"is_trial":false,"path_per_floor":["M","$","M","M","?","R","E","M","T","E","$","M","R","M","R","B",null,"M","?","M","$","?","R","M","E","T","R","E"],"character_chosen":"WATCHER","items_purchased":["FearNoEvil"],"campfire_rested":1,"item_purchase_floors":[2],"current_hp_per_floor":[61,61,61,61,61,61,56,50,50,27,27,23,23,20,20,19,61,61,61,60,60,48,48,46,5,5,27,0,0],"gold":239,"neow_bonus":"THREE_ENEMY_KILL","is_daily":false,"chose_seed":false,"campfire_upgraded":4,"win_rate":0.0,"timestamp":1612554973,"path_taken":["M","$","?","M","?","R","E","?","T","E","$","M","R","M","R","BOSS","M","?","M","$","?","R","M","E","T","R","E"],"items_purchased_type":["Card"],"build_version":"2020-12-22","purchased_purges":2,"victory":false,"max_hp_per_floor":[68,68,68,68,68,68,75,75,75,75,75,75,75,75,75,75,75,75,75,75,75,75,75,75,75,75,75,75,75],"relic_stats":{"counters":[15,56],"Pantograph":25,"Black Star":1,"Whetstone":["Strike_P","Strike_P"],"Kunai":[2],"obtain_stats":[{"NeowsBlessing":0,"Strawberry":7,"Pantograph":10,"Black Star":17,"Red Mask":22,"Bag of Marbles":26,"Whetstone":9,"Kunai":25,"PureWater":0,"Ancient Tea Set":25},{"NeowsBlessing":0,"Strawberry":4,"Pantograph":6,"Black Star":9,"Red Mask":12,"Bag of Marbles":14,"Whetstone":5,"Kunai":14,"PureWater":0,"Ancient Tea Set":14},{"NeowsBlessing":0,"Strawberry":11,"Pantograph":20,"Black Star":34,"Red Mask":43,"Bag of Marbles":53,"Whetstone":14,"Kunai":53,"PureWater":0,"Ancient Tea Set":53}]},"card_choices":[{"not_picked":["EmptyFist","SashWhip"],"picked":"TalkToTheHand","floor":1.0},{"not_picked":["Protect","SashWhip"],"picked":"EmptyFist","floor":3.0},{"not_picked":["Perseverance","InnerPeace"],"picked":"FlurryOfBlows","floor":4.0},{"not_picked":["Consecrate","Meditate","BowlingBash"],"picked":"SKIP","floor":7.0},{"not_picked":["FearNoEvil","Meditate"],"picked":"Tantrum","floor":8.0},{"not_picked":["Prostrate","Establishment","Crescendo"],"picked":"SKIP","floor":10.0},{"not_picked":["Swivel","ReachHeaven","JustLucky"],"picked":"SKIP","floor":12.0},{"not_picked":["Evaluate","FlurryOfBlows","Weave"],"picked":"SKIP","floor":14.0},{"not_picked":["Indignation","Perseverance"],"picked":"MentalFortress","floor":18.0},{"not_picked":["SashWhip","WaveOfTheHand","ClearTheMind"],"picked":"SKIP","floor":20.0},{"not_picked":["PathToVictory+1","Prostrate"],"picked":"CrushJoints+1","floor":24.0},{"not_picked":["FlyingSleeves","Sanctity","Protect"],"picked":"SKIP","floor":25.0}],"player_experience":626186,"relics_obtained":[{"floor":7.0,"key":"Strawberry"},{"floor":9.0,"key":"Whetstone"},{"floor":10.0,"key":"Pantograph"},{"floor":22.0,"key":"Red Mask"},{"floor":25.0,"key":"Kunai"},{"floor":25.0,"key":"Ancient Tea Set"},{"floor":26.0,"key":"Bag of Marbles"}],"event_choices":[{"damage_healed":0.0,"max_hp_gain":0.0,"max_hp_loss":0.0,"gold_gain":50.0,"event_name":"Golden Shrine","player_choice":"Pray","floor":5.0,"gold_loss":0.0,"damage_taken":0.0},{"damage_healed":0.0,"max_hp_gain":0.0,"max_hp_loss":0.0,"gold_gain":0.0,"event_name":"Vampires","player_choice":"Ignored","floor":19.0,"gold_loss":0.0,"damage_taken":0.0},{"damage_healed":0.0,"max_hp_gain":0.0,"max_hp_loss":0.0,"gold_gain":0.0,"event_name":"Masked Bandits","player_choice":"Fought Bandits","floor":22.0,"gold_loss":0.0,"damage_taken":0.0}],"is_beta":false,"boss_relics":[{"not_picked":["SlaversCollar","Velvet Choker"],"picked":"Black Star"}],"items_purged_floors":[11,21],"is_endless":false,"potions_floor_spawned":[1,7,8,10,20,22,24],"killed_by":"Slavers","ascension_level":20}}