{"host":"21ilc3txkeir89i9","time":1612507277,"event":{"mods":["BaseMod","BetterRewards","Block Reminder","Card Forge","Hermit","Minty Spire (QoL Compilation)","Spicy Shops","StSLib","The Jungle"],"gold_per_floor":[114,114,114,129,60,92,92,104,104,104,122,122,155,155,155,257,257,276,295,295,313,134,134,168,178,178,22,55,65,65,84,84,188,188,203,203,203,215,225,254,254,288,288,323,333,347,63,81,81,81,81,81,81,106,106,106],"floor_reached":55,"language":"ENG","playtime":3028,"items_purged":[],"score":1215,"play_id":"5a0b2314-3065-4747-b0f2-be6d2ecaf374","local_time":"20210204224117","is_ascension_mode":true,"campfire_choices":[{"floor":7,"key":"REST"},{"floor":10,"key":"RECALL"},{"floor":12,"key":"REST"},{"floor":15,"key":"REST"},{"floor":23,"key":"REST"},{"floor":32,"key":"REST"},{"floor":41,"key":"REST"},{"floor":49,"key":"REST"},{"floor":52,"key":"REST"}],"circlet_count":0,"master_deck":["Strike_B+1","Strike_B+1","Strike_B+1","Strike_B+1","Defend_B+1","Defend_B+1","Defend_B+1","Defend_B+1","Zap+1","Dualcast+1","Melter+1","Cold Snap+1","Storm+1","Fusion+1","Rebound+1","Redo+1","White Noise+1","Streamline+1","Static Discharge+1","Sweeping Beam+1","Coolheaded+1","Echo Form+1","FTL+1","Glacier+1","Lockon+1","Conserve Battery+1","Self Repair+1","Creative AI+1","Conserve Battery+1","Melter+1","Double Energy+1","Conserve Battery+1","Chaos+1","Electrodynamics+1","Seek+1","Dramatic Entrance+1","Recycle+1","Cold Snap+1","Thunder Strike+1","Hologram+1","Core Surge+1","Darkness+1","Rebound+1","Panache+1","Redo+1","Cold Snap+1","Darkness+1","Rainbow"],"relics":["Cracked Core","Hammer of Thor","Seething Fire","Anvil of the Gods","TungstenRod","Question Card","Mercury Hourglass","Chemical X","Pocketwatch","StrikeDummy","Lizard Tail","Kunai","Runic Pyramid","Boot","Bronze Scales","Anchor","Nloth\u0027s Gift","Nuclear Battery","CaptainsWheel","War Paint","Shuriken","Nunchaku","HornCleat"],"acts_visited":["Exordium","TheCity","TheBeyond","TheEnding"],"potions_floor_usage":[16,25,39,54,55],"damage_taken":[{"damage":3,"enemies":"2 Louse","floor":1,"turns":2},{"damage":9,"enemies":"Jaw Worm","floor":4,"turns":2},{"damage":0,"enemies":"Gremlin Nob","floor":6,"turns":3},{"damage":0,"enemies":"Small Slimes","floor":8,"turns":2},{"damage":8,"enemies":"2 Fungi Beasts","floor":11,"turns":1},{"damage":0,"enemies":"3 Sentries","floor":13,"turns":4},{"damage":0,"enemies":"Slime Boss","floor":16,"turns":4},{"damage":8,"enemies":"Chosen","floor":18,"turns":3},{"damage":0,"enemies":"3 Byrds","floor":19,"turns":3},{"damage":9,"enemies":"Snecko","floor":21,"turns":3},{"damage":37,"enemies":"Slavers","floor":24,"turns":3},{"damage":16,"enemies":"Centurion and Healer","floor":25,"turns":5},{"damage":24,"enemies":"Book of Stabbing","floor":28,"turns":5},{"damage":1,"enemies":"Cultist and Chosen","floor":29,"turns":3},{"damage":10,"enemies":"Snake Plant","floor":31,"turns":3},{"damage":10,"enemies":"Champ","floor":33,"turns":8},{"damage":0,"enemies":"Orb Walker","floor":35,"turns":3},{"damage":0,"enemies":"3 Shapes","floor":38,"turns":2},{"damage":9,"enemies":"Jaw Worm Horde","floor":39,"turns":2},{"damage":24,"enemies":"Reptomancer","floor":40,"turns":4},{"damage":12,"enemies":"Giant Head","floor":42,"turns":7},{"damage":0,"enemies":"Reptomancer","floor":44,"turns":5},{"damage":16,"enemies":"Maw","floor":45,"turns":7},{"damage":5,"enemies":"Spire Growth","floor":46,"turns":4},{"damage":1,"enemies":"3 Darklings","floor":48,"turns":2},{"damage":38,"enemies":"Time Eater","floor":50,"turns":8},{"damage":39,"enemies":"Shield and Spear","floor":54,"turns":5},{"damage":66,"enemies":"The Heart","floor":55,"turns":5}],"seed_played":"1545442234489181348","potions_obtained":[{"floor":6,"key":"EssenceOfDarkness"},{"floor":11,"key":"Strength Potion"},{"floor":16,"key":"SpeedPotion"},{"floor":19,"key":"Block Potion"},{"floor":21,"key":"Energy Potion"},{"floor":28,"key":"LiquidBronze"},{"floor":39,"key":"Fruit Juice"},{"floor":42,"key":"FearPotion"},{"floor":45,"key":"AttackPotion"},{"floor":54,"key":"Dexterity Potion"}],"is_trial":false,"path_per_floor":["M","?","?","M","$","E","R","M","T","R","M","R","E","?","R","B",null,"M","M","?","M","$","R","E","M","T","$","E","M","?","M","R","B",null,"M","?","?","M","M","E","R","E","T","E","M","M","$","M","R","B",null,"R","$","E","B"],"character_chosen":"DEFECT","items_purchased":["TungstenRod","Question Card","Melter","Cold Snap","Storm","Mercury Hourglass","Chemical X","Fusion","White Noise","Bronze Scales","Conserve Battery","Conserve Battery","Melter","Panache","Redo","Cold Snap"],"campfire_rested":8,"item_purchase_floors":[0,0,0,0,0,0,0,0,5,22,22,27,27,47,47,47],"current_hp_per_floor":[72,72,58,49,49,49,71,71,71,71,63,75,75,75,75,75,75,67,67,67,58,58,75,38,22,22,22,47,56,56,56,75,75,75,75,75,75,75,71,47,71,69,69,69,63,68,68,67,80,52,80,80,80,51,0,0],"gold":106,"neow_bonus":"","is_daily":false,"chose_seed":false,"campfire_upgraded":0,"win_rate":0.0,"timestamp":1612507277,"path_taken":["M","?","?","M","$","E","R","M","T","R","M","R","E","?","R","BOSS","M","M","?","M","$","R","E","?","T","?","E","M","?","M","R","BOSS","M","?","?","M","M","E","R","E","T","E","M","M","$","M","R","BOSS","R","$","E","BOSS"],"items_purchased_type":["Relic","Relic","Card","Card","Card","Relic","Relic","Card","Card","Relic","Card","Card","Card","Card","Card","Card"],"build_version":"2020-12-22","purchased_purges":0,"victory":false,"max_hp_per_floor":[75,75,75,75,75,75,75,75,75,75,75,75,75,75,75,75,75,75,75,75,75,75,75,75,75,75,75,75,75,75,75,75,75,75,75,75,75,75,80,80,80,80,80,80,80,80,80,80,80,80,80,80,80,80,80,80],"card_choices":[{"not_picked":["Beam Cell","Barrage","Cold Snap"],"picked":"Rebound","floor":1},{"not_picked":["Sweeping Beam","Genetic Algorithm","Compile Driver"],"picked":"Redo","floor":4},{"not_picked":["Compile Driver","Stack","Skim"],"picked":"Streamline","floor":6},{"not_picked":["BootSequence","Steam Power","Fusion"],"picked":"Static Discharge","floor":8},{"not_picked":["Doom and Gloom","Stack","Turbo"],"picked":"Sweeping Beam","floor":11},{"not_picked":["Doom and Gloom","Lockon","Aggregate"],"picked":"Coolheaded","floor":13},{"not_picked":["Biased Cognition","Machine Learning","Reboot"],"picked":"Echo Form","floor":16},{"not_picked":["Lockon","BootSequence","Beam Cell"],"picked":"FTL+1","floor":18},{"not_picked":["Consume","Steam","Storm"],"picked":"Glacier+1","floor":19},{"not_picked":["Redo","Turbo","Scrape"],"picked":"Lockon","floor":21},{"not_picked":["Auto Shields","Gash","Genetic Algorithm"],"picked":"Self Repair","floor":24},{"not_picked":["Hello World+1","Beam Cell","Chaos"],"picked":"Creative AI","floor":25},{"not_picked":["Barrage+1","Stack","Compile Driver"],"picked":"Double Energy","floor":28},{"not_picked":["Steam+1","Barrage","Cold Snap"],"picked":"Conserve Battery+1","floor":29},{"not_picked":["Sweeping Beam","Self Repair","Conserve Battery"],"picked":"Chaos+1","floor":31},{"not_picked":["Fission","Biased Cognition","Meteor Strike"],"picked":"Electrodynamics","floor":33},{"not_picked":["Compile Driver+1","Glacier+1","Streamline+1"],"picked":"Seek","floor":35},{"not_picked":["Thinking Ahead","Blind","PanicButton"],"picked":"Dramatic Entrance","floor":36},{"not_picked":["Coolheaded","Fusion+1","Streamline"],"picked":"Recycle+1","floor":38},{"not_picked":["Turbo+1","Streamline+1","Barrage+1"],"picked":"Cold Snap","floor":39},{"not_picked":["Doom and Gloom","Reboot","Undo"],"picked":"Thunder Strike","floor":40},{"not_picked":["Turbo","Beam Cell","Melter"],"picked":"Hologram+1","floor":42},{"not_picked":["Force Field+1","FTL+1","Glacier"],"picked":"Core Surge","floor":44},{"not_picked":["Steam","Beam Cell","Coolheaded+1"],"picked":"Darkness","floor":45},{"not_picked":["Undo+1","Fusion+1","Biased Cognition"],"picked":"Rebound+1","floor":46},{"not_picked":["Redo+1","Beam Cell+1","Stack+1"],"picked":"Darkness+1","floor":48},{"not_picked":["Meteor Strike","Glacier","Sweeping Beam"],"picked":"Rainbow","floor":54}],"player_experience":281390,"relics_obtained":[{"floor":6,"key":"StrikeDummy"},{"floor":9,"key":"Lizard Tail"},{"floor":13,"key":"Kunai"},{"floor":24,"key":"Darkstone Periapt"},{"floor":28,"key":"Anchor"},{"floor":40,"key":"CaptainsWheel"},{"floor":42,"key":"War Paint"},{"floor":43,"key":"Shuriken"},{"floor":44,"key":"Nunchaku"},{"floor":54,"key":"HornCleat"}],"event_choices":[{"damage_healed":0,"gold_gain":0,"player_choice":"Ignored","damage_taken":0,"max_hp_gain":0,"max_hp_loss":0,"event_name":"Shining Light","floor":2,"gold_loss":0},{"damage_healed":0,"gold_gain":0,"player_choice":"Success","damage_taken":18,"relics_obtained":["Pocketwatch"],"max_hp_gain":0,"max_hp_loss":0,"event_name":"Scrap Ooze","floor":3,"gold_loss":0},{"damage_healed":0,"gold_gain":0,"player_choice":"Ignored","damage_taken":0,"max_hp_gain":0,"max_hp_loss":0,"event_name":"Liars Game","floor":14,"gold_loss":0},{"damage_healed":0,"gold_gain":0,"player_choice":"Gave Potion","damage_taken":0,"relics_obtained":["Boot"],"max_hp_gain":0,"max_hp_loss":0,"event_name":"WeMeetAgain","floor":20,"gold_loss":0},{"damage_healed":0,"gold_gain":0,"player_choice":"Traded Relic","damage_taken":0,"relics_obtained":["Nloth\u0027s Gift"],"max_hp_gain":0,"max_hp_loss":0,"event_name":"N\u0027loth","floor":30,"relics_lost":["Darkstone Periapt"],"gold_loss":0},{"damage_healed":0,"gold_gain":0,"player_choice":"Memory 1","damage_taken":0,"max_hp_gain":0,"max_hp_loss":0,"event_name":"SensoryStone","floor":36,"gold_loss":0},{"damage_healed":0,"gold_gain":0,"player_choice":"Ignored","damage_taken":0,"max_hp_gain":0,"max_hp_loss":0,"event_name":"Accursed Blacksmith","floor":37,"gold_loss":0}],"is_beta":false,"boss_relics":[{"not_picked":["Sozu","Velvet Choker"],"picked":"Runic Pyramid"},{"not_picked":["SlaversCollar","Runic Dome"],"picked":"Nuclear Battery"}],"items_purged_floors":[],"is_endless":false,"potions_floor_spawned":[6,11,16,19,21,28,39,42,45,46,54],"killed_by":"The Heart","ascension_level":2}}