{"host":"by8i6f8xc0ywpsd5","time":1612520309,"event":{"mods":["BaseMod","Colored Map","Minty Spire (QoL Compilation)","Relic Stats"],"gold_per_floor":[118,134,144,144,144,170,170,198,225,243,254,269,269,297,297,371,371,387,51,51,51,65,65,91,103,156,156,175,375,4,15,15,92,92,111,123,123,123],"floor_reached":37,"language":"ENG","playtime":6979,"items_purged":["Whirlwind"],"score":872,"play_id":"45f63751-ba7e-468a-8b8e-862e96da6c55","local_time":"20210205121829","is_ascension_mode":true,"campfire_choices":[{"floor":7,"key":"REST"},{"data":"Spot Weakness","floor":13,"key":"SMITH"},{"data":"Bash","floor":15,"key":"SMITH"},{"data":"Limit Break","floor":23,"key":"SMITH"},{"floor":27,"key":"REST"},{"data":"Limit Break","floor":32,"key":"SMITH"}],"circlet_count":0,"master_deck":["AscendersBane","Bash+1","Iron Wave","Twin Strike","Anger","Spot Weakness+1","Reaper","Clothesline","Rage","Burning Pact","Dropkick","Limit Break+1","Seeing Red","Double Tap","Metallicize","Feel No Pain","Intimidate","Double Tap","Twin Strike","J.A.X.","Feel No Pain","Shrug It Off","Limit Break+1","Thunderclap+1","Reaper","Sentinel","Demon Form","Inflame+1"],"relics":["SlaversCollar","Juzu Bracelet","Anchor","Dream Catcher","Ancient Tea Set","Orichalcum","Pandora\u0027s Box","Frozen Eye","Akabeko","Smiling Mask","Regal Pillow","ClockworkSouvenir","Mark of Pain"],"acts_visited":["Exordium","TheCity","TheBeyond"],"potions_floor_usage":[6,8,18,33,33],"damage_taken":[{"damage":5.0,"enemies":"2 Louse","floor":1.0,"turns":4.0},{"damage":7.0,"enemies":"Jaw Worm","floor":2.0,"turns":4.0},{"damage":1,"enemies":"Small Slimes","floor":3,"turns":3},{"damage":10,"enemies":"Lagavulin","floor":6,"turns":5},{"damage":49,"enemies":"Gremlin Nob","floor":8,"turns":5},{"damage":0,"enemies":"Red Slaver","floor":10,"turns":3},{"damage":3,"enemies":"Exordium Wildlife","floor":11,"turns":3},{"damage":0,"enemies":"2 Fungi Beasts","floor":12,"turns":3},{"damage":15,"enemies":"3 Sentries","floor":14,"turns":6},{"damage":32,"enemies":"Hexaghost","floor":16,"turns":9},{"damage":5,"enemies":"3 Byrds","floor":18,"turns":6},{"damage":19,"enemies":"Spheric Guardian","floor":22,"turns":4},{"damage":3,"enemies":"Gremlin Leader","floor":24,"turns":5},{"damage":39,"enemies":"Snake Plant","floor":25,"turns":5},{"damage":57,"enemies":"Centurion and Healer","floor":28,"turns":8},{"damage":32,"enemies":"Shelled Parasite and Fungi","floor":31,"turns":4},{"damage":101,"enemies":"Automaton","floor":33,"turns":9},{"damage":65,"enemies":"3 Shapes","floor":35,"turns":8},{"damage":100,"enemies":"3 Darklings","floor":36,"turns":8},{"damage":104,"enemies":"2 Orb Walkers","floor":37,"turns":4}],"seed_played":"6743331050439135461","potions_obtained":[{"floor":3,"key":"PowerPotion"},{"floor":6,"key":"SpeedPotion"},{"floor":8,"key":"Energy Potion"},{"floor":14,"key":"EssenceOfSteel"},{"floor":16,"key":"Swift Potion"},{"floor":24,"key":"SpeedPotion"},{"floor":28,"key":"SkillPotion"}],"is_trial":false,"path_per_floor":["M","M","M","?","?","E","R","E","T","M","M","M","R","E","R","B",null,"M","$","?","?","M","R","E","M","T","R","M","?","$","M","R","B",null,"M","M","?"],"character_chosen":"IRONCLAD","items_purchased":["Frozen Eye","Akabeko","Reaper","ClockworkSouvenir"],"campfire_rested":2,"item_purchase_floors":[19,19,30,30],"current_hp_per_floor":[63,56,55,29,54,44,66,17,17,17,28,35,35,36,36,16,60,61,61,61,61,42,42,72,33,33,70,66,66,66,63,63,12,59,75,75,0,0],"gold":123,"neow_bonus":"BOSS_RELIC","is_daily":false,"chose_seed":false,"campfire_upgraded":4,"win_rate":0.0,"timestamp":1612520309,"path_taken":["M","M","M","?","?","E","R","E","T","M","M","M","R","E","R","BOSS","M","$","?","?","M","R","E","M","T","R","M","?","$","M","R","BOSS","M","M","?"],"items_purchased_type":["Relic","Relic","Card","Relic"],"build_version":"2020-12-22","purchased_purges":1,"victory":false,"max_hp_per_floor":[75,75,75,75,75,75,75,75,75,75,75,75,75,75,75,75,75,75,75,75,75,75,75,75,75,75,75,75,75,75,75,75,75,75,75,75,75,75],"relic_stats":{"Dream Catcher":1,"Regal Pillow":15,"counters":[20,106],"Pandora\u0027s Box":["Whirlwind","Seeing Red","Double Tap","Metallicize","Feel No Pain","Perfected Strike","Intimidate","Double Tap","Twin Strike"],"Juzu Bracelet":0,"Orichalcum":[108],"Smiling Mask":25,"obtain_stats":[{"Regal Pillow":26,"Juzu Bracelet":4,"Orichalcum":14,"Ancient Tea Set":9,"Smiling Mask":24,"Burning Blood":0,"Akabeko":19,"ClockworkSouvenir":30,"SlaversCollar":0,"Frozen Eye":19,"Anchor":6,"Dream Catcher":8,"Pandora\u0027s Box":17,"Mark of Pain":34},{"Regal Pillow":14,"Juzu Bracelet":3,"Orichalcum":9,"Ancient Tea Set":5,"Smiling Mask":13,"Burning Blood":0,"Akabeko":11,"ClockworkSouvenir":15,"SlaversCollar":0,"Frozen Eye":11,"Anchor":4,"Dream Catcher":5,"Pandora\u0027s Box":10,"Mark of Pain":17},{"Regal Pillow":65,"Juzu Bracelet":11,"Orichalcum":36,"Ancient Tea Set":21,"Smiling Mask":60,"Burning Blood":0,"Akabeko":51,"ClockworkSouvenir":73,"SlaversCollar":0,"Frozen Eye":51,"Anchor":16,"Dream Catcher":21,"Pandora\u0027s Box":45,"Mark of Pain":86}]},"card_choices":[{"not_picked":["Havoc","Power Through"],"picked":"Iron Wave","floor":1.0},{"not_picked":["Armaments","Warcry"],"picked":"Twin Strike","floor":2.0},{"not_picked":["True Grit","Fire Breathing"],"picked":"Anger","floor":3},{"not_picked":["Clothesline","Rupture"],"picked":"Spot Weakness","floor":6},{"not_picked":["Heavy Blade","Blood for Blood"],"picked":"Reaper","floor":8},{"not_picked":["Second Wind","Flex"],"picked":"Clothesline","floor":10},{"not_picked":["Anger","Iron Wave"],"picked":"Rage","floor":11},{"not_picked":["Cleave","Sever Soul"],"picked":"Burning Pact","floor":12},{"not_picked":["Armaments","Barricade"],"picked":"Dropkick","floor":14},{"not_picked":["Juggernaut","Fiend Fire"],"picked":"Limit Break","floor":16},{"not_picked":["Fire Breathing","Armaments","Heavy Blade"],"picked":"SKIP","floor":18},{"not_picked":["Clash","Second Wind+1","Whirlwind"],"picked":"SKIP","floor":22},{"not_picked":["True Grit","Dark Embrace"],"picked":"Feel No Pain","floor":24},{"not_picked":["Warcry","Wild Strike"],"picked":"Shrug It Off","floor":25},{"not_picked":["Headbutt","Warcry+1"],"picked":"Limit Break","floor":27},{"not_picked":["Infernal Blade","Twin Strike+1"],"picked":"Thunderclap+1","floor":28},{"not_picked":["Seeing Red","Iron Wave"],"picked":"Sentinel","floor":31},{"not_picked":["Double Tap","Impervious"],"picked":"Demon Form","floor":33},{"not_picked":["Sword Boomerang","Armaments"],"picked":"Inflame+1","floor":35},{"not_picked":["Headbutt","Shrug It Off","Searing Blow"],"picked":"SKIP","floor":36}],"player_experience":1753010,"relics_obtained":[{"floor":6,"key":"Anchor"},{"floor":8,"key":"Dream Catcher"},{"floor":9,"key":"Ancient Tea Set"},{"floor":14,"key":"Orichalcum"},{"floor":24,"key":"Smiling Mask"},{"floor":26,"key":"Regal Pillow"}],"event_choices":[{"damage_healed":0,"gold_gain":0,"player_choice":"Success","damage_taken":26,"relics_obtained":["Juzu Bracelet"],"max_hp_gain":0,"max_hp_loss":0,"event_name":"Scrap Ooze","floor":4,"gold_loss":0},{"damage_healed":25,"gold_gain":0,"player_choice":"Banana","damage_taken":0,"max_hp_gain":0,"max_hp_loss":0,"event_name":"Big Fish","floor":5,"gold_loss":0},{"damage_healed":0,"gold_gain":0,"player_choice":"Obtain J.A.X.","damage_taken":0,"max_hp_gain":0,"max_hp_loss":0,"event_name":"Drug Dealer","floor":20,"gold_loss":0,"cards_obtained":["J.A.X."]},{"cards_removed":["Perfected Strike"],"damage_healed":0,"gold_gain":0,"player_choice":"Elegance","damage_taken":0,"max_hp_gain":0,"max_hp_loss":0,"event_name":"Back to Basics","floor":21,"gold_loss":0},{"damage_healed":0,"gold_gain":200,"player_choice":"Gold","damage_taken":0,"max_hp_gain":0,"max_hp_loss":0,"event_name":"Wheel of Change","floor":29,"gold_loss":0},{"damage_healed":0,"gold_gain":0,"player_choice":"Fight","damage_taken":0,"max_hp_gain":0,"max_hp_loss":0,"event_name":"Mysterious Sphere","floor":37,"gold_loss":0}],"is_beta":false,"boss_relics":[{"not_picked":["Sozu","Runic Cube"],"picked":"Pandora\u0027s Box"},{"not_picked":["Black Star","SacredBark"],"picked":"Mark of Pain"}],"items_purged_floors":[30],"is_endless":false,"potions_floor_spawned":[3,6,8,14,16,24,25,28,31],"killed_by":"2 Orb Walkers","ascension_level":20}}