{"host":"sh8ot41fo7a0kahq","time":1612533924,"event":{"mods":["ATMod(°¢èªMod)","BaseMod","Better Third Choice","Colored Powertips","Displayed Cursed Tome","Minty Spire (QoL Compilation)","Quick Restart","Spicy Shops","StSLib","UnlockEverythingMod","¡¾ÒÅÎï¿¨ÅÆ¡¿REMEMod"],"gold_per_floor":[116,116,135,135,145,145,158,177,177,188,28,28,58,58,58,153,153,163,183,183,0,0,11,25,25,25,25,59,59,59,77,77,179,179,196,196,216,227,243,243,21,21,45,45,70,106,222,222,222,247,247,247,73,158,158,158],"floor_reached":55,"language":"ZHS","playtime":1689,"items_purged":["Strike_B","Defend_B"],"score":939,"play_id":"0d020a41-29b6-4c5e-aa38-5bda2435f45c","local_time":"20210205220524","is_ascension_mode":true,"campfire_choices":[{"data":"Apotheosis","floor":6.0,"key":"SMITH"},{"data":"AT_RightCognition","floor":12.0,"key":"SMITH"},{"floor":15.0,"key":"REST"},{"floor":27.0,"key":"REST"},{"floor":30.0,"key":"REST"},{"data":"Recycle","floor":32.0,"key":"SMITH"},{"floor":40.0,"key":"REST"},{"floor":42.0,"key":"RECALL"},{"floor":49.0,"key":"REST"},{"floor":52.0,"key":"REST"}],"circlet_count":0,"master_deck":["Defend_B","Defend_B","Defend_B","Zap","Dualcast","Apotheosis+1","AT_WaterDrop","AT_DarkMatter","Turbo","Coolheaded","Recycle+1","AT_RightCognition+1","Electrodynamics","Amplify","Defragment","Cold Snap","Ball Lightning","Leap","Multi-Cast","Defragment","Reboot","Skim","Hologram","AT_WaterDrop","Skim"],"relics":["Cracked Core","AT_ATBox","REME_ComplimentaryCards","NeowsBlessing","Nunchaku","Nuclear Battery","White Beast Statue","InkBottle","Inserter","Medical Kit","AT_ArcaneBoots","AT_MibuBalloonWealth","Incense Burner"],"acts_visited":["Exordium","TheCity","TheBeyond","TheEnding"],"potions_floor_usage":[55,55],"damage_taken":[{"damage":0.0,"enemies":"2 Louse","floor":1.0,"turns":1.0},{"damage":0.0,"enemies":"Small Slimes","floor":3.0,"turns":1.0},{"damage":0.0,"enemies":"Jaw Worm","floor":5.0,"turns":1.0},{"damage":8.0,"enemies":"Large Slime","floor":7.0,"turns":7.0},{"damage":19.0,"enemies":"3 Louse","floor":8.0,"turns":4.0},{"damage":3.0,"enemies":"Exordium Wildlife","floor":10.0,"turns":4.0},{"damage":29.0,"enemies":"Gremlin Nob","floor":13.0,"turns":5.0},{"damage":0.0,"enemies":"Large Slime","floor":14.0,"turns":2.0},{"damage":11.0,"enemies":"Slime Boss","floor":16.0,"turns":8.0},{"damage":24.0,"enemies":"Spheric Guardian","floor":18.0,"turns":7.0},{"damage":3.0,"enemies":"3 Byrds","floor":19.0,"turns":3.0},{"damage":8.0,"enemies":"Centurion and Healer","floor":23.0,"turns":6.0},{"damage":14.0,"enemies":"Snecko","floor":24.0,"turns":6.0},{"damage":36.0,"enemies":"Slavers","floor":28.0,"turns":5.0},{"damage":8.0,"enemies":"Snake Plant","floor":31.0,"turns":3.0},{"damage":5.0,"enemies":"Collector","floor":33.0,"turns":6.0},{"damage":7.0,"enemies":"Orb Walker","floor":35.0,"turns":4.0},{"damage":2.0,"enemies":"3 Shapes","floor":37.0,"turns":4.0},{"damage":13.0,"enemies":"Writhing Mass","floor":38.0,"turns":4.0},{"damage":59.0,"enemies":"Sphere and 2 Shapes","floor":39.0,"turns":7.0},{"damage":2.0,"enemies":"Giant Head","floor":45.0,"turns":9.0},{"damage":26.0,"enemies":"Transient","floor":46.0,"turns":5.0},{"damage":0.0,"enemies":"4 Shapes","floor":47.0,"turns":2.0},{"damage":16.0,"enemies":"Time Eater","floor":50.0,"turns":10.0},{"damage":4,"enemies":"Shield and Spear","floor":54,"turns":6},{"damage":71,"enemies":"The Heart","floor":55,"turns":8}],"seed_played":"-2083294569728326008","potions_obtained":[{"floor":5.0,"key":"Swift Potion"},{"floor":8.0,"key":"SmokeBomb"},{"floor":13.0,"key":"Explosive Potion"},{"floor":23.0,"key":"Block Potion"},{"floor":24.0,"key":"PotionOfCapacity"},{"floor":28.0,"key":"LiquidMemories"},{"floor":31.0,"key":"Swift Potion"},{"floor":33.0,"key":"LiquidMemories"},{"floor":36.0,"key":"FairyPotion"},{"floor":38.0,"key":"Block Potion"},{"floor":39.0,"key":"Weak Potion"},{"floor":45.0,"key":"Weak Potion"},{"floor":46.0,"key":"Dexterity Potion"},{"floor":47.0,"key":"REME_GoldPotion"}],"is_trial":false,"path_per_floor":["M","?","M","?","M","R","M","M","T","M","$","R","E","M","R","B",null,"M","M","?","?","$","M","M","?","T","R","E","?","R","M","R","B",null,"M","?","M","M","M","R","$","R","T","$","E","M","M","?","R","B",null,"R","$","E","B"],"character_chosen":"DEFECT","items_purchased":["AT_RightCognition","Medical Kit","DuplicationPotion"],"campfire_rested":6,"item_purchase_floors":[11,41,53],"current_hp_per_floor":[68,68,68,61,61,61,53,34,34,31,31,31,2,2,24,13,60,36,33,58,58,58,50,36,36,36,58,22,22,44,36,36,31,64,57,57,55,42,9,31,31,31,31,31,29,3,3,3,25,9,59,75,75,71,0,0],"gold":158,"neow_bonus":"THREE_ENEMY_KILL","is_daily":false,"chose_seed":false,"campfire_upgraded":3,"win_rate":0.0,"timestamp":1612533924,"path_taken":["M","?","M","?","M","R","M","M","T","M","?","R","E","M","R","BOSS","M","M","?","?","?","M","M","?","T","R","E","?","R","M","R","BOSS","M","?","M","M","?","R","$","R","T","$","E","M","M","?","R","BOSS","R","$","E","BOSS"],"items_purchased_type":["Card","Relic","Potion"],"build_version":"2020-12-22","purchased_purges":2,"victory":false,"max_hp_per_floor":[75,75,75,75,75,75,75,75,75,75,75,75,75,75,75,75,75,75,75,75,75,75,75,75,75,75,75,75,75,75,75,75,75,75,75,75,75,75,75,75,75,75,75,75,75,75,75,75,75,75,75,75,75,75,75,75],"card_choices":[{"not_picked":["Blizzard","Leap","Conserve Battery"],"picked":"SKIP","floor":1.0},{"not_picked":["Streamline","Gash","AT_DarkMatter"],"picked":"SKIP","floor":3.0},{"not_picked":["Streamline","Gash"],"picked":"AT_DarkMatter","floor":3.0},{"not_picked":["Reinforced Body","Fusion","Auto Shields"],"picked":"SKIP","floor":5.0},{"not_picked":["Beam Cell","Barrage"],"picked":"Turbo","floor":7.0},{"not_picked":["Barrage","Go for the Eyes"],"picked":"Coolheaded","floor":8.0},{"not_picked":["Aggregate","Conserve Battery"],"picked":"Recycle","floor":10.0},{"not_picked":["Gash","Beam Cell"],"picked":"Electrodynamics","floor":13.0},{"not_picked":["AT_WaterDrop","Thunder Strike"],"picked":"Amplify","floor":16.0},{"not_picked":["Coolheaded","Ball Lightning"],"picked":"Defragment","floor":18.0},{"not_picked":["Force Field","Steam","Loop"],"picked":"SKIP","floor":19.0},{"not_picked":["Sweeping Beam","Undo"],"picked":"Cold Snap","floor":23.0},{"not_picked":["AT_HeatAcrobatics","Storm"],"picked":"Ball Lightning","floor":24.0},{"not_picked":["BootSequence","FTL"],"picked":"Defragment","floor":28.0},{"not_picked":["Steam","Streamline","Beam Cell"],"picked":"SKIP","floor":31.0},{"not_picked":["REME_ForAll","All For One"],"picked":"Reboot","floor":33.0},{"not_picked":["Barrage+1","Stack+1","Leap+1"],"picked":"SKIP","floor":35.0},{"not_picked":["Turbo+1","Capacitor+1","Ball Lightning+1"],"picked":"SKIP","floor":37.0},{"not_picked":["Rebound","Reinforced Body+1","Melter"],"picked":"SKIP","floor":38.0},{"not_picked":["Rebound","Redo"],"picked":"Skim","floor":39.0},{"not_picked":["Meteor Strike","Loop+1","Conserve Battery"],"picked":"SKIP","floor":45.0},{"not_picked":["Stack","Melter","Hologram"],"picked":"SKIP","floor":46.0},{"not_picked":["Stack","Melter"],"picked":"Hologram","floor":46.0},{"not_picked":["REME_SelfUpgrade+1","Go for the Eyes+1"],"picked":"AT_WaterDrop","floor":47.0},{"not_picked":["AT_HeatAcrobatics","Scrape"],"picked":"Skim","floor":54}],"player_experience":336717,"relics_obtained":[{"floor":13.0,"key":"Nunchaku"},{"floor":26.0,"key":"White Beast Statue"},{"floor":28.0,"key":"InkBottle"},{"floor":43.0,"key":"AT_SpeedBoots"},{"floor":45.0,"key":"AT_MibuBalloonWealth"},{"floor":54,"key":"Incense Burner"}],"event_choices":[{"damage_healed":68.0,"max_hp_gain":0.0,"max_hp_loss":75.0,"gold_gain":0.0,"event_name":"betterThird:BetterShining","player_choice":"Leave","floor":2.0,"gold_loss":0.0,"damage_taken":0.0},{"cards_removed":["Strike_B"],"damage_healed":0.0,"max_hp_gain":0.0,"max_hp_loss":0.0,"gold_gain":0.0,"event_name":"Golden Wing","player_choice":"Card Removal","floor":4.0,"gold_loss":0.0,"damage_taken":7.0},{"damage_healed":25.0,"max_hp_gain":0.0,"max_hp_loss":0.0,"gold_gain":0.0,"event_name":"The Library","player_choice":"Heal","floor":20.0,"gold_loss":0.0,"damage_taken":0.0},{"damage_healed":0.0,"max_hp_gain":0.0,"max_hp_loss":0.0,"gold_gain":0.0,"event_name":"Masked Bandits","player_choice":"Paid Fearfully","floor":21.0,"gold_loss":183.0,"damage_taken":0.0},{"damage_healed":0.0,"max_hp_gain":0.0,"max_hp_loss":0.0,"gold_gain":0.0,"cards_transformed":["Strike_B","Strike_B"],"event_name":"Drug Dealer","player_choice":"Became Test Subject","floor":25.0,"gold_loss":0.0,"damage_taken":0.0,"cards_obtained":["Leap","Multi-Cast"]},{"damage_healed":0.0,"max_hp_gain":0.0,"max_hp_loss":0.0,"gold_gain":0.0,"event_name":"The Woman in Blue","player_choice":"Bought 0 Potions","floor":29.0,"gold_loss":0.0,"damage_taken":0.0},{"damage_healed":0.0,"max_hp_gain":0.0,"max_hp_loss":0.0,"gold_gain":0.0,"event_name":"Lab","player_choice":"Got Potions","floor":36.0,"gold_loss":0.0,"damage_taken":0.0},{"damage_healed":0.0,"max_hp_gain":0.0,"max_hp_loss":0.0,"gold_gain":0.0,"event_name":"Mysterious Sphere","player_choice":"Ignored","floor":48.0,"gold_loss":0.0,"damage_taken":0.0}],"is_beta":false,"boss_relics":[{"not_picked":["Sozu","SacredBark"],"picked":"Nuclear Battery"},{"not_picked":["Calling Bell","Coffee Dripper"],"picked":"Inserter"}],"items_purged_floors":[41,53],"is_endless":false,"potions_floor_spawned":[5,8,13,14,23,24,28,31,33,35,37,38,39,45,46,47,54],"killed_by":"The Heart","ascension_level":8}}