{"host":"i0avyit1s6jb1siw","time":1612532871,"event":{"mods":["BaseMod","DeckTracker","Dota2Spire","Highlight Path","Minty Spire (QoL Compilation)","Quick Restart","StSLib","SuperFastMode"],"gold_per_floor":[115,132,132,144,163,163,195,195,195,276,81,81,116,36,364,364,364,364],"floor_reached":17,"language":"ENG","playtime":319,"items_purged":["Pain","Normality"],"score":296,"play_id":"78a3d6c4-ea15-42cc-9960-aba8556216fe","local_time":"20210205144751","is_ascension_mode":true,"campfire_choices":[{"data":"Calculated Gamble","floor":6,"key":"SMITH"},{"data":"Eviscerate","floor":8,"key":"SMITH"},{"data":"Deadly Poison","floor":12,"key":"SMITH"},{"data":"Concentrate","floor":16,"key":"SMITH"}],"circlet_count":0,"master_deck":["AscendersBane","Strike_G","Strike_G","Strike_G","Strike_G","Strike_G","Defend_G","Defend_G","Defend_G","Defend_G","Defend_G","Survivor","Neutralize","Calculated Gamble+1","Predator+1","Eviscerate+1","Deadly Poison+1","Concentrate+1"],"relics":["Cursed Key","Bird Faced Urn","Dota2Spire:Desolator","The Courier","ClockworkSouvenir","Singing Bowl","Old Coin"],"acts_visited":["Exordium"],"potions_floor_usage":[7,13,15],"damage_taken":[{"damage":0,"enemies":"2 Louse","floor":1,"turns":5},{"damage":0,"enemies":"Cultist","floor":2,"turns":5},{"damage":1,"enemies":"Jaw Worm","floor":4,"turns":3},{"damage":0,"enemies":"Exordium Wildlife","floor":5,"turns":3},{"damage":10,"enemies":"3 Sentries","floor":7,"turns":6},{"damage":22,"enemies":"Lagavulin","floor":13,"turns":4},{"damage":0,"enemies":"Gremlin Nob","floor":15,"turns":2},{"damage":29,"enemies":"The Guardian","floor":17,"turns":10}],"seed_played":"2575569734621734807","potions_obtained":[{"floor":2,"key":"DistilledChaos"},{"floor":4,"key":"DistilledChaos"},{"floor":7,"key":"CunningPotion"},{"floor":13,"key":"Ancient Potion"}],"is_trial":false,"path_per_floor":["M","M","?","M","M","R","E","R","T","T","$","R","E","$","E","R","B"],"character_chosen":"THE_SILENT","items_purchased":["ClockworkSouvenir"],"campfire_rested":0,"item_purchase_floors":[11],"current_hp_per_floor":[59,59,59,58,58,58,48,48,48,48,48,48,28,28,28,28,0,0],"gold":364,"neow_bonus":"BOSS_RELIC","is_daily":false,"chose_seed":false,"campfire_upgraded":4,"win_rate":0.0,"timestamp":1612532871,"path_taken":["M","M","?","M","M","R","E","R","T","T","$","R","E","?","E","R","BOSS"],"items_purchased_type":["Relic"],"build_version":"2020-12-22","purchased_purges":2,"victory":false,"max_hp_per_floor":[66,66,66,66,66,66,66,66,66,66,66,66,68,68,68,68,68,68],"card_choices":[{"not_picked":["Bane","PiercingWail"],"picked":"Calculated Gamble","floor":1},{"not_picked":["Sucker Punch","Deflect"],"picked":"Predator","floor":2},{"not_picked":["Riddle With Holes","Backflip"],"picked":"Eviscerate","floor":4},{"not_picked":["Caltrops","Skewer"],"picked":"Deadly Poison","floor":5},{"not_picked":["Outmaneuver","Glass Knife","Poisoned Stab"],"picked":"SKIP","floor":7},{"not_picked":["Flying Knee","Sucker Punch","Predator"],"picked":"Singing Bowl","floor":13},{"not_picked":["Blade Dance","Backflip"],"picked":"Concentrate","floor":15}],"player_experience":2410991,"relics_obtained":[{"floor":7,"key":"Bird Faced Urn"},{"floor":9,"key":"Dota2Spire:Desolator"},{"floor":10,"key":"The Courier"},{"floor":13,"key":"Singing Bowl"},{"floor":15,"key":"Old Coin"}],"event_choices":[{"damage_healed":0,"gold_gain":0,"player_choice":"Upgraded","damage_taken":0,"max_hp_gain":0,"max_hp_loss":0,"event_name":"Upgrade Shrine","floor":3,"gold_loss":0,"cards_upgraded":["Predator"]}],"is_beta":false,"boss_relics":[],"items_purged_floors":[11,14],"is_endless":false,"potions_floor_spawned":[2,4,7,13],"killed_by":"The Guardian","ascension_level":20}}