{"host":"nptej036rrbiurf5","time":1612486908,"event":{"mods":["BaseMod","Colored Map","Colored Powertips","DeckTracker","Minty Spire (QoL Compilation)","StSLib","SuperFastMode"],"gold_per_floor":[116,131,281,299,369,369,294,306,331,119,119,129,146,158,158,229,229,229,229],"floor_reached":18,"language":"KOR","playtime":1798,"items_purged":[],"score":308,"play_id":"c7942a56-0af2-47ea-8b8c-f7f4ca4ed625","local_time":"20210205100148","is_ascension_mode":true,"campfire_choices":[{"data":"Eruption","floor":6.0,"key":"SMITH"},{"data":"Vault","floor":11.0,"key":"SMITH"},{"floor":15.0,"key":"REST"}],"circlet_count":0,"master_deck":["AscendersBane","Strike_P","Strike_P","Strike_P","Strike_P","Defend_P","Defend_P","Defend_P","Defend_P","Eruption+1","Vigilance","Vault+1","TalkToTheHand","FollowUp","Adaptation","Adaptation+1","CutThroughFate","DeusExMachina"],"relics":["PureWater","Frozen Egg 2","Vajra","OrangePellets","VioletLotus"],"acts_visited":["Exordium","TheCity"],"potions_floor_usage":[],"damage_taken":[{"damage":2.0,"enemies":"Jaw Worm","floor":1.0,"turns":6.0},{"damage":8.0,"enemies":"2 Louse","floor":2.0,"turns":3.0},{"damage":0.0,"enemies":"Cultist","floor":4.0,"turns":3.0},{"damage":7.0,"enemies":"Exordium Thugs","floor":8.0,"turns":4.0},{"damage":42.0,"enemies":"Gremlin Gang","floor":12.0,"turns":5.0},{"damage":0.0,"enemies":"Large Slime","floor":13.0,"turns":3.0},{"damage":0.0,"enemies":"Looter","floor":14.0,"turns":1.0},{"damage":11.0,"enemies":"Hexaghost","floor":16.0,"turns":5.0},{"damage":2,"enemies":"3 Byrds","floor":18,"turns":2}],"seed_played":"3431725008859839703","potions_obtained":[{"floor":1.0,"key":"Strength Potion"},{"floor":4.0,"key":"Energy Potion"},{"floor":13.0,"key":"ColorlessPotion"}],"is_trial":false,"path_per_floor":["M","M","?","M","T","R","?","M","T","$","R","M","M","M","R","B",null,"M"],"character_chosen":"WATCHER","items_purchased":["Adaptation+1","OrangePellets"],"campfire_rested":1,"item_purchase_floors":[10,10],"current_hp_per_floor":[59,51,51,51,51,51,51,44,44,44,44,2,2,2,22,11,54,52,52],"gold":229,"neow_bonus":"ONE_RANDOM_RARE_CARD","is_daily":false,"chose_seed":false,"campfire_upgraded":2,"win_rate":0.0,"timestamp":1612486908,"path_taken":["M","M","?","M","?","R","?","M","T","$","R","M","M","M","R","BOSS","M"],"items_purchased_type":["Card","Relic"],"build_version":"2020-12-22","purchased_purges":0,"victory":false,"max_hp_per_floor":[68,68,68,68,68,68,68,68,68,68,68,68,68,68,68,68,68,68,68],"card_choices":[{"not_picked":["ReachHeaven","Indignation"],"picked":"TalkToTheHand","floor":1.0},{"not_picked":["Consecrate","CrushJoints"],"picked":"FollowUp","floor":2.0},{"not_picked":["PathToVictory","Nirvana"],"picked":"Adaptation","floor":4.0},{"not_picked":["CutThroughFate","Indignation","WaveOfTheHand"],"picked":"SKIP","floor":8.0},{"not_picked":["Perseverance","Adaptation+1"],"picked":"CutThroughFate","floor":12.0},{"not_picked":["SashWhip","FlyingSleeves","FlurryOfBlows"],"picked":"SKIP","floor":13.0},{"not_picked":["PathToVictory","CrushJoints","Prostrate"],"picked":"SKIP","floor":14.0},{"not_picked":["Establishment+1","Blasphemy"],"picked":"DeusExMachina","floor":16.0}],"player_experience":901852,"relics_obtained":[{"floor":5.0,"key":"Frozen Egg 2"},{"floor":9.0,"key":"Vajra"}],"event_choices":[{"damage_healed":0.0,"max_hp_gain":0.0,"max_hp_loss":0.0,"gold_gain":150.0,"event_name":"Liars Game","player_choice":"AGREE","floor":3.0,"gold_loss":0.0,"damage_taken":0.0,"cards_obtained":["Doubt"]},{"cards_removed":["Doubt"],"damage_healed":0.0,"max_hp_gain":0.0,"max_hp_loss":0.0,"gold_gain":0.0,"event_name":"The Cleric","player_choice":"Card Removal","floor":7.0,"gold_loss":75.0,"damage_taken":0.0}],"is_beta":false,"boss_relics":[{"not_picked":["Sozu","Calling Bell"],"picked":"VioletLotus"}],"items_purged_floors":[],"is_endless":false,"potions_floor_spawned":[1,4,13],"killed_by":"3 Byrds","ascension_level":20}}