{"host":"njo8qgvy2a57fcny","time":1612510629,"event":{"mods":["Aspiration","BaseMod","BetterRewards","CCEM2","Colored Map","Colored Powertips","Conspire","Custom Start","Downfall","Energized Spire","GifTheSpireLib","Halation","Hermit","Hubris","Infinite Spire","Jedi Mod","Jorbs\u0027s Wanderer Trilogy","Mimic Mod","Minty Spire (QoL Compilation)","Quick Restart","Random Character Button","Random Character Mod","Rare Cards Sparkle","Relic Sorter","Reliquary","Replay The Spire","Shop Mod","StSLib","Stuff the Spire","The Animator","The Jungle","The Runesmith","The Servant 0.9.4","Unceasing Turn Reminder","thorton"],"gold_per_floor":[99,112,387,400,410,422,422,457,457,477,507,507,507,521,536,637,637,637,654,666,678,692,123,123,123,143,177,195,495,395,395,408,510,510,510,522,533,92,109,159,206,217,117,152,170,202,102,112,124,124,124,124],"floor_reached":50,"language":"ENG","playtime":3696,"items_purged":["champ:Defend","champ:Defend"],"score":720,"play_id":"4c7141f7-870a-490d-af6c-bb904def9403","local_time":"20210205183709","is_ascension_mode":true,"campfire_choices":[{"data":"champ:Execute","floor":1,"key":"SMITH"},{"data":"champ:FanOfKnives","floor":13,"key":"SMITH"},{"floor":18,"key":"RECALL"},{"data":"infinitespire:Collect","floor":30,"key":"SMITH"},{"data":"champ:StrikeOfGenius","floor":43,"key":"SMITH"},{"floor":47,"key":"REST"}],"circlet_count":0,"master_deck":["champ:Strike","champ:Strike","champ:Strike","champ:Execute+1","champ:Taunt","champ:AdrenalArmor","champ:PerfectedStrike+1","champ:SwordSigil","champ:PreciseThrust","champ:AdrenalArmor","champ:ShieldWall","champ:FanOfKnives+1","champ:AdrenalArmor","champ:FaceSlap","champ:StrikeOfGenius+1","champ:FlashCut+1","champ:Endure","expansioncontent:AwakenDeath+1","champ:ShieldWall","champ:FanOfKnives","champ:FanOfKnives","champ:Backstep+1","champ:Backstep+1","infinitespire:Starlight+1","infinitespire:Collect+1","infinitespire:SevenWalls+1","hubris:Lust","champ:GutPunch+1","champ:SteelEdge","conspire:NecroticWound","champ:Backstep","hubris:NaturalOne","champ:EndlessRage","champ:SwordSigil+1","champ:ShieldWall","champ:AdrenalArmor","expansioncontent:StudyTheSpire+1","champ:AdrenalArmor+1","champ:RapidStrikes+1","champ:EndlessRage","champ:RisingSlash","champ:RapidStrikes+1","champ:Encircle+1"],"relics":["champ:ChampionCrown","hubris:Icosahedron","halation:Toothbrush","Ginger","hubris:64BitClover","SlaversCollar","hubris:PeanutButter","Whetstone","Lee\u0027s Waffle","Bird Faced Urn","CCEMRelics:SelfSharpeningBlade","Old Coin","aspiration:PoetsPen_weak","downfall:HeartBlessingRed","CCEMRelics:ExpiredCReal","halation:LettersToHer","Ice Cream","aspiration:AnachronicSnailShell","downfall:HeartBlessingBlue","Pantograph","halation:AfternoonTea","downfall:HeartBlessingGreen"],"acts_visited":["Exordium","TheCity","TheBeyond"],"potions_floor_usage":[8,10,15,16,22,28,33,36,38,38,38,40,46,49],"damage_taken":[{"damage":10,"enemies":"Cultist","floor":2,"turns":3},{"damage":39,"enemies":"2 Louse","floor":4,"turns":5},{"damage":12,"enemies":"Jaw Worm","floor":5,"turns":3},{"damage":15,"enemies":"3 Louse","floor":6,"turns":3},{"damage":11,"enemies":"Gremlin Nob","floor":8,"turns":3},{"damage":20,"enemies":"Gremlin Gang","floor":10,"turns":5},{"damage":45,"enemies":"Lagavulin","floor":11,"turns":7},{"damage":35,"enemies":"Exordium Thugs","floor":14,"turns":4},{"damage":27,"enemies":"Blue Slaver","floor":15,"turns":3},{"damage":65,"enemies":"IC_STATUS_ARCHETYPE","floor":16,"turns":9},{"damage":25,"enemies":"Spheric Guardian","floor":19,"turns":3},{"damage":36,"enemies":"Shelled Parasite and Fungi","floor":20,"turns":5},{"damage":75,"enemies":"Sentry and Sphere","floor":21,"turns":5},{"damage":35,"enemies":"Snake Plant","floor":22,"turns":4},{"damage":22,"enemies":"downfall:FleeingMerchant","floor":23,"turns":4},{"damage":33,"enemies":"Snecko","floor":26,"turns":6},{"damage":73,"enemies":"Gremlin Leader","floor":27,"turns":5},{"damage":58,"enemies":"Shelled Parasite and Fungi","floor":28,"turns":4},{"damage":41,"enemies":"Cultist and Chosen","floor":32,"turns":3},{"damage":67,"enemies":"WA_ARCHETYPE_CALM","floor":33,"turns":8},{"damage":99,"enemies":"3 Shapes","floor":36,"turns":5},{"damage":37,"enemies":"Orb Walker","floor":37,"turns":4},{"damage":18,"enemies":"downfall:FleeingMerchant","floor":38,"turns":4},{"damage":55,"enemies":"4 Shapes","floor":39,"turns":5},{"damage":30,"enemies":"4 Shapes","floor":40,"turns":6},{"damage":68,"enemies":"Transient","floor":42,"turns":5},{"damage":18,"enemies":"R_Hoarder","floor":44,"turns":6},{"damage":106,"enemies":"Sphere and 2 Shapes","floor":45,"turns":6},{"damage":97,"enemies":"Giant Head","floor":46,"turns":8},{"damage":60,"enemies":"3 Darklings","floor":48,"turns":7},{"damage":18,"enemies":"4 Shapes","floor":49,"turns":5},{"damage":167,"enemies":"SI_POISON_ARCHETYPE","floor":50,"turns":6}],"seed_played":"3120381930751964627","potions_obtained":[{"floor":2,"key":"Strength Potion"},{"floor":8,"key":"EssenceOfSteel"},{"floor":14,"key":"LifebloodPotion"},{"floor":15,"key":"Reflective Coating"},{"floor":19,"key":"Block Potion"},{"floor":27,"key":"AttackPotion"},{"floor":32,"key":"Block Potion"},{"floor":33,"key":"SpeedPotion"},{"floor":36,"key":"EssenceOfSteel"},{"floor":37,"key":"GamblersBrew"},{"floor":39,"key":"Reflective Coating"},{"floor":45,"key":"Explosive Potion"},{"floor":48,"key":"Adrenaline Potion"}],"is_trial":false,"path_per_floor":["R","M","?","M","M","M","T","E","?","M","E","?","R","M","M","B",null,"R_BF","M","M","M","M","$","T","?","M","E","M","AVR","R","?","M","B",null,"R_BF","M","M","$","M","?","T","M","R","E","M","E","R","M","M","B"],"character_chosen":"THE_CHAMP","items_purchased":["expansioncontent:AwakenDeath+1","champ:ShieldWall","champ:FanOfKnives","Whetstone","Lee\u0027s Waffle","halation:LettersToHer","champ:ShieldWall","champ:AdrenalArmor","expansioncontent:StudyTheSpire+1"],"campfire_rested":1,"item_purchase_floors":[23,23,23,23,23,38,38,38,38],"current_hp_per_floor":[99,99,99,95,93,88,88,87,90,90,80,80,80,75,78,63,102,102,102,81,61,46,112,112,112,110,100,69,72,72,81,80,97,124,124,55,65,76,27,81,81,81,91,100,82,58,98,123,134,0,0,0],"gold":124,"neow_bonus":"TEN_PERCENT_HP_BONUS","is_daily":false,"chose_seed":false,"campfire_upgraded":4,"win_rate":0.0,"timestamp":1612510629,"path_taken":["R","M","?","?","?","M","T","E","?","M","E","?","R","M","M","BOSS","R_BF","M","M","M","M","$","T","?","M","E","M","AVR","R","?","M","BOSS","R_BF","M","M","$","M","?","T","M","R","E","M","E","R","M","M","BOSS"],"items_purchased_type":["Card","Card","Card","Relic","Relic","Relic","Card","Card","Card"],"build_version":"2020-12-22","purchased_purges":2,"victory":false,"max_hp_per_floor":[99,99,99,99,99,99,99,99,102,102,102,102,102,102,102,102,102,102,102,102,102,102,112,112,112,112,112,112,115,115,124,124,124,124,124,124,124,124,124,124,124,124,134,134,134,134,134,134,134,134,134,134],"card_choices":[{"not_picked":["champ:ShieldSigil","champ:PreciseThrust"],"picked":"champ:AdrenalArmor","floor":2},{"not_picked":["champ:StanceDance","champ:EnGarde"],"picked":"champ:PerfectedStrike","floor":4},{"not_picked":["champ:FocusedDefense","champ:DefensiveShout"],"picked":"champ:SwordSigil","floor":5},{"not_picked":["champ:CalledShot","champ:Endure"],"picked":"champ:PreciseThrust","floor":6},{"not_picked":["champ:Haymaker","champ:IgnorePain"],"picked":"champ:AdrenalArmor","floor":8},{"not_picked":["champ:AdrenalArmor","champ:FalseCounter"],"picked":"champ:ShieldWall","floor":10},{"not_picked":["champ:CalledShot","champ:BerserkersShout"],"picked":"champ:FanOfKnives","floor":11},{"not_picked":["champ:Shatter","champ:Backstep"],"picked":"champ:AdrenalArmor","floor":14},{"not_picked":["champ:GladiatorStyle","champ:RisingSlash"],"picked":"champ:FaceSlap","floor":15},{"not_picked":["champ:DancingMaster","champ:IgnorePain"],"picked":"champ:StrikeOfGenius","floor":16},{"not_picked":["champ:BerserkersShout","champ:Circumvent","champ:EnGarde"],"picked":"SKIP","floor":19},{"not_picked":["champ:PreciseThrust","champ:FalseCounter"],"picked":"champ:FlashCut","floor":20},{"not_picked":["champ:BerserkersShout+1","champ:PerfectedStrike","champ:HeartStrike"],"picked":"SKIP","floor":21},{"not_picked":["champ:ViciousMockery+1","champ:CrownThrow"],"picked":"champ:Endure","floor":22},{"not_picked":["champ:CrookedStrike","champ:ShieldSlam","champ:BladeFlurry"],"picked":"SKIP","floor":23},{"not_picked":["champ:StanceDance+1","champ:Endure"],"picked":"champ:FanOfKnives","floor":26},{"not_picked":["champ:Circumvent","champ:BringItOn+1"],"picked":"champ:Backstep+1","floor":27},{"not_picked":["champ:FocusedDefense","champ:DefensiveShout"],"picked":"champ:Backstep+1","floor":28},{"not_picked":["champ:ArenaPreparation+1","champ:EnGarde+1"],"picked":"champ:GutPunch+1","floor":32},{"not_picked":["champ:CheapShot","champ:IgnorePain"],"picked":"champ:SteelEdge","floor":33},{"not_picked":["champ:Shatter","champ:CrownThrow+1"],"picked":"champ:Backstep","floor":36},{"not_picked":["champ:BladeFlurry","champ:ShieldSigil+1"],"picked":"champ:EndlessRage","floor":37},{"not_picked":["champ:CrownThrow","champ:Haymaker+1"],"picked":"champ:SwordSigil+1","floor":38},{"not_picked":["champ:CheapShot","champ:FanOfKnives"],"picked":"champ:AdrenalArmor+1","floor":39},{"not_picked":["champ:FancyFootwork+1","champ:Haymaker+1"],"picked":"champ:RapidStrikes+1","floor":40},{"not_picked":["champ:BerserkersShout+1","champ:FanOfKnives+1"],"picked":"champ:EndlessRage","floor":42},{"not_picked":["champ:EnGarde","champ:BerserkersShout","champ:BladeFlurry"],"picked":"SKIP","floor":44},{"not_picked":["champ:Circumvent+1","champ:CrownThrow+1","champ:FaceSlap"],"picked":"SKIP","floor":45},{"not_picked":["champ:DancingMaster","champ:RecklessLeap+1"],"picked":"champ:RisingSlash","floor":46},{"not_picked":["champ:Endure","champ:FalseCounter"],"picked":"champ:RapidStrikes+1","floor":48},{"not_picked":["champ:CalledShot","champ:BladeFlurry+1"],"picked":"champ:Encircle+1","floor":49}],"player_experience":768117,"relics_obtained":[{"floor":7,"key":"halation:Toothbrush"},{"floor":8,"key":"Ginger"},{"floor":11,"key":"hubris:64BitClover"},{"floor":22,"key":"hubris:PeanutButter"},{"floor":24,"key":"Bird Faced Urn"},{"floor":27,"key":"CCEMRelics:SelfSharpeningBlade"},{"floor":39,"key":"Ice Cream"},{"floor":40,"key":"aspiration:AnachronicSnailShell"},{"floor":41,"key":"halation:LettersToHer"},{"floor":44,"key":"Pantograph"},{"floor":46,"key":"halation:AfternoonTea"}],"event_choices":[],"is_beta":false,"boss_relics":[{"not_picked":["ReplayTheSpireMod:DimensionalGlitch","hubris:RunicObelisk"],"picked":"SlaversCollar"},{"not_picked":["StuffTheSpire:Kangaroo","halation:MonkeysPaw"],"picked":"CCEMRelics:ExpiredCReal"}],"items_purged_floors":[23,29],"is_endless":false,"potions_floor_spawned":[2,8,14,15,19,27,32,33,36,37,39,45,48],"killed_by":"SI_POISON_ARCHETYPE","ascension_level":1}}