{"host":"tiae438045px9krq","time":1612497960,"event":{"mods":["BaseMod","Hunter ??","Minty Spire (QoL Compilation)","Robot Space Explorer","StSLib","The Death Knight","The Dragon Tamer","The Jungle","The Marked"],"gold_per_floor":[109,284,294,294,149,179,27,56,56,56],"floor_reached":8,"language":"ENG","playtime":292,"items_purged":[],"score":89,"play_id":"29ee0d1b-0e76-4917-981c-56430c1151e3","local_time":"20210205040600","is_ascension_mode":false,"metric_token":595,"campfire_choices":[],"dtmod_dragon_data":[37,50,-1,-1,0,0],"circlet_count":0,"master_deck":["DTMod:Strike","DTMod:Strike","DTMod:Strike","DTMod:Strike","DTMod:DoubleHit","DTMod:TargetDefense","DTMod:TargetDefense","DTMod:TargetDefense","DTMod:TargetDefense","DTMod:SwitchingTactic","DTMod:FlameSlash","DTMod:BizarreTactic","DTMod:Outburst","DTMod:Threaten","DTMod:Cover"],"relics":["DTMod:PactStone","NeowsBlessing","Potion Belt","Lee\u0027s Waffle","Unceasing Top"],"acts_visited":["Exordium"],"potions_floor_usage":[],"damage_taken":[{"damage":0,"enemies":"2 Louse","floor":1,"turns":1},{"damage":0,"enemies":"Small Slimes","floor":3,"turns":1},{"damage":0,"enemies":"Gremlin Nob","floor":6,"turns":1},{"damage":31,"enemies":"3 Sentries","floor":8,"turns":7}],"seed_played":"5986660889608381189","potions_obtained":[{"floor":6,"key":"DeathKnight:RimePotion"}],"is_trial":false,"path_per_floor":["M","?","M","?","$","E","$","E"],"character_chosen":"THE_DT","items_purchased":["DTMod:Outburst","Lee\u0027s Waffle"],"campfire_rested":0,"item_purchase_floors":[5,7],"current_hp_per_floor":[45,45,45,38,38,38,52,21,21,21],"gold":56,"neow_bonus":"THREE_ENEMY_KILL","is_daily":false,"chose_seed":false,"campfire_upgraded":0,"win_rate":0.0,"timestamp":1612497960,"path_taken":["M","?","M","?","$","E","?","E"],"items_purchased_type":["Card","Relic"],"build_version":"2020-12-22","purchased_purges":0,"victory":false,"max_hp_per_floor":[45,45,45,45,45,45,52,52,52,52],"card_choices":[{"not_picked":["DTMod:HeatWave","DTMod:Training"],"picked":"DTMod:FlameSlash","floor":1},{"not_picked":["DTMod:BurningEnergy","DTMod:MagicField"],"picked":"DTMod:BizarreTactic","floor":3},{"not_picked":["DTMod:CrossStep","DTMod:Astonish"],"picked":"DTMod:Threaten","floor":6},{"not_picked":["DTMod:RecklessFlurry","DTMod:CleansingStrike"],"picked":"DTMod:Cover","floor":8}],"player_experience":127984,"relics_obtained":[{"floor":6,"key":"Potion Belt"},{"floor":8,"key":"Unceasing Top"}],"event_choices":[{"damage_healed":0,"gold_gain":175,"player_choice":"AGREE","damage_taken":0,"max_hp_gain":0,"max_hp_loss":0,"event_name":"Liars Game","floor":2,"gold_loss":0,"cards_obtained":["Doubt"]},{"cards_removed":["Doubt"],"damage_healed":0,"gold_gain":0,"player_choice":"Card Removal","damage_taken":7,"max_hp_gain":0,"max_hp_loss":0,"event_name":"Golden Wing","floor":4,"gold_loss":0}],"is_beta":false,"boss_relics":[],"items_purged_floors":[],"is_endless":false,"potions_floor_spawned":[6],"killed_by":"3 Sentries","ascension_level":0}}