{"host":"vqs1j3qalc1cciyt","time":1612568934,"event":{"mods":["2.2 Compatiblity","AchievementEnabler","Aspiration","BaseMod","Beaked The Cultist","Better Altar","Better Match","Better Note","Better Sensory Stone","Better Skull","Better Third Choice","Clockwork Mod","Colored Map","Conspire","Downfall","Friendly Minions","GifTheSpireLib","Glutton Mod","Halation","Highlight Path","Hubris","Infinite Spire","Minty Spire (QoL Compilation)","RRrroohrrRGHHhhh!!","Replay The Spire","Spicy Shops","StSLib","Stuff the Spire","The Construct","The Cursed","The Disciple","The Hierophant"],"gold_per_floor":[109,109,109,128,143,176,176,207,279,305,319,319,105,117,117,222,222,232,202,217,217,217,217,251,251,277,293,293,293,293,318,318,418,418,430,430,440,456,57,83,83,118,118,172,189,189,223,223,223,223],"floor_reached":51,"language":"ENG","playtime":2608,"items_purged":["Strike_B","Strike_B","Pride"],"score":938,"play_id":"09386158-ff9a-4d9f-a21a-38e2a1c729b4","local_time":"20210205154854","is_ascension_mode":true,"campfire_choices":[{"floor":7,"key":"REST"},{"floor":12,"key":"REST"},{"data":"rorgmod:Storm","floor":15,"key":"SMITH"},{"data":"StuffTheSpire:ForEach","floor":23,"key":"SMITH"},{"floor":25,"key":"REST"},{"floor":28,"key":"REST"},{"floor":32,"key":"REST"},{"floor":46,"key":"REST"}],"circlet_count":0,"master_deck":["Strike_B","Defend_B","Defend_B","Defend_B","Defend_B","Zap+1","Dualcast","Ball Lightning","ReplayGash","ReplayGash","Rebound","Electrodynamics","rorgmod:Storm+1","StuffTheSpire:ForEach+1","StuffTheSpire:Synthwave+1","Sickly","Panic Button+1","infinitespire:Collect","Double Energy","ReplayTheSpireMod:System Scan","Loop","rorgmod:Thunder Strike+1","rorgmod:Steady Aim","Parasite"],"relics":["Cracked Core","StuffTheSpire:HeavyRock","infinitespire:FocusingShard","hubris:Reverence","StuffTheSpire:Mouthbags","construct:ClawGrip","conspire:GlowingRock","Iron Hammer","Strawberry","SacredBark","conspire:DecoderRing","halation:LoveArrow","halation:EternalFortune","hubris:Potato","StuffTheSpire:Experiment12","Mango","halation:PinkSoulGem","aspiration:Lifesprig","Blood Vial","Chameleon Ring","StuffTheSpire:MayFlowers"],"acts_visited":["Exordium","TheCity","TheBeyond"],"potions_floor_usage":[16,18,24,31,33,39,40,47,47],"damage_taken":[{"damage":2,"enemies":"Small Slimes","floor":1,"turns":3},{"damage":5,"enemies":"2 Louse","floor":4,"turns":2},{"damage":1,"enemies":"Cultist","floor":5,"turns":3},{"damage":38,"enemies":"Lagavulin","floor":6,"turns":7},{"damage":34,"enemies":"Replay:BlueRogue","floor":8,"turns":4},{"damage":0,"enemies":"Exordium Wildlife","floor":11,"turns":3},{"damage":0,"enemies":"2 Fungi Beasts","floor":14,"turns":2},{"damage":26,"enemies":"Fading Forest","floor":16,"turns":11},{"damage":0,"enemies":"3 Byrds","floor":18,"turns":2},{"damage":24,"enemies":"Shell Parasite","floor":20,"turns":3},{"damage":45,"enemies":"Slavers","floor":24,"turns":3},{"damage":19,"enemies":"Centurion and Healer","floor":27,"turns":3},{"damage":24,"enemies":"Replay:Snechameleon","floor":31,"turns":5},{"damage":16,"enemies":"Champ","floor":33,"turns":7},{"damage":3,"enemies":"Orb Walker","floor":35,"turns":2},{"damage":9,"enemies":"3 Shapes","floor":37,"turns":2},{"damage":11,"enemies":"Jaw Worm Horde","floor":38,"turns":2},{"damage":3,"enemies":"Reptomancer","floor":40,"turns":5},{"damage":9,"enemies":"R_Hoarder","floor":42,"turns":7},{"damage":30,"enemies":"Writhing Mass","floor":45,"turns":5},{"damage":10,"enemies":"Giant Head","floor":47,"turns":5},{"damage":78,"enemies":"hubris:GrandSnecko","floor":50,"turns":12}],"seed_played":"-5185712497825540656","potions_obtained":[{"floor":14,"key":"Adrenaline Potion"},{"floor":16,"key":"Slimebound:ThreeZeroPotion"},{"floor":19,"key":"Reflective Coating"},{"floor":19,"key":"hexamod:SoulburnPotion"},{"floor":24,"key":"SteroidPotion"},{"floor":38,"key":"Block Potion"},{"floor":40,"key":"BlessingOfTheForge"},{"floor":42,"key":"Strength Potion"},{"floor":44,"key":"hexamod:SoulburnPotion"}],"is_trial":false,"path_per_floor":["M","?","?","M","M","E","R","E","T","T","M","R","$","M","R","B",null,"M","?","M","?","?","R","E","R","T","M","R","?","AVR","E","R","B",null,"M","?","M","M","$","E","?","E","T","?","M","R","E","?","R_BF","B",null],"character_chosen":"DEFECT","items_purchased":["Electrodynamics","hubris:Potato","StuffTheSpire:Experiment12","Fruit Juice"],"campfire_rested":6,"item_purchase_floors":[13,39,39,39],"current_hp_per_floor":[73,73,73,68,67,29,51,17,17,17,17,39,39,39,39,13,75,75,75,51,51,51,51,6,28,28,9,31,31,38,14,38,22,82,79,82,73,62,72,83,83,77,77,49,21,54,46,57,90,20],"gold":223,"neow_bonus":"REMOVE_CARD","is_daily":false,"chose_seed":false,"campfire_upgraded":2,"win_rate":0.0,"timestamp":1612568934,"path_taken":["M","?","?","M","?","E","R","E","T","?","M","R","$","M","R","BOSS","M","?","?","?","?","R","E","R","T","M","R","?","AVR","E","R","BOSS","M","?","M","M","$","E","?","E","T","?","M","R","E","?","R_BF","BOSS"],"items_purchased_type":["Card","Relic","Relic","Potion"],"build_version":"2020-12-22","purchased_purges":3,"victory":true,"max_hp_per_floor":[75,75,75,75,75,75,75,75,75,75,75,75,75,75,75,75,75,75,75,75,75,75,75,75,75,75,75,75,75,82,82,82,82,82,82,85,85,85,95,109,109,112,112,112,112,112,112,112,112,112],"card_choices":[{"not_picked":["StuffTheSpire:Plugnplay","FTL"],"picked":"Ball Lightning","floor":1},{"not_picked":["conspire:Rain","rorgmod:SQL Injection"],"picked":"ReplayGash","floor":4},{"not_picked":["Reinforced Body","conspire:Rain","ReplaySort"],"picked":"SKIP","floor":5},{"not_picked":["BasicCrystalCard","Reboot"],"picked":"ReplayGash","floor":6},{"not_picked":["StuffTheSpire:ShieldGenerator","Hologram","rorgmod:Overcurrent"],"picked":"SKIP","floor":8},{"not_picked":["Rebound","BasicCrystalCard","Coolheaded"],"picked":"SKIP","floor":11},{"not_picked":["BasicCrystalCard","Coolheaded"],"picked":"Rebound","floor":11},{"not_picked":["ReplayTheSpireMod:Fabricate Wheel","hubris:Ukulele"],"picked":"rorgmod:Storm","floor":14},{"not_picked":["Fission","ReplayRNGCard"],"picked":"StuffTheSpire:ForEach","floor":16},{"not_picked":["rorgmod:Refrigerate","Hologram"],"picked":"StuffTheSpire:Synthwave+1","floor":18},{"not_picked":["rorgmod:Refrigerate+1","Barrage","Genetic Algorithm"],"picked":"SKIP","floor":20},{"not_picked":["conspire:Rain","Sweeping Beam","Consume"],"picked":"SKIP","floor":24},{"not_picked":["rorgmod:Antivirus","Ball Lightning+1","Panic Button"],"picked":"SKIP","floor":27},{"not_picked":["rorgmod:Antivirus","Ball Lightning+1"],"picked":"Panic Button","floor":27},{"not_picked":["Ball Lightning+1","Consume"],"picked":"Double Energy","floor":31},{"not_picked":["rorgmod:LRU Cache","StuffTheSpire:GlassShard+1"],"picked":"ReplayTheSpireMod:System Scan","floor":35},{"not_picked":["ReplayTheSpireMod:System Scan+1","Hologram","Stack+1"],"picked":"SKIP","floor":37},{"not_picked":["Barrage+1","Hologram","Cold Snap"],"picked":"SKIP","floor":38},{"not_picked":["Doom and Gloom","rorgmod:Antivirus+1"],"picked":"Loop","floor":40},{"not_picked":["rorgmod:LRU Cache","Reboot"],"picked":"rorgmod:Thunder Strike","floor":42},{"not_picked":["Redo+1","Stack+1"],"picked":"rorgmod:Steady Aim","floor":44},{"not_picked":["StuffTheSpire:Plugnplay","BasicCrystalCard","rorgmod:LRU Cache"],"picked":"SKIP","floor":45},{"not_picked":["StuffTheSpire:LoadUp","Sweeping Beam","Stack"],"picked":"SKIP","floor":47}],"player_experience":935536,"relics_obtained":[{"floor":6,"key":"StuffTheSpire:HeavyRock"},{"floor":8,"key":"infinitespire:FocusingShard"},{"floor":9,"key":"hubris:Reverence"},{"floor":10,"key":"StuffTheSpire:Mouthbags"},{"floor":24,"key":"Iron Hammer"},{"floor":31,"key":"conspire:DecoderRing"},{"floor":40,"key":"Mango"},{"floor":42,"key":"halation:EternalFortune"},{"floor":42,"key":"aspiration:Lifesprig"},{"floor":43,"key":"Blood Vial"},{"floor":44,"key":"Chameleon Ring"},{"floor":47,"key":"StuffTheSpire:MayFlowers"}],"event_choices":[{"damage_healed":0,"gold_gain":0,"player_choice":"Forge","damage_taken":0,"max_hp_gain":0,"max_hp_loss":0,"event_name":"Accursed Blacksmith","floor":3,"gold_loss":0,"cards_upgraded":["Zap"]},{"damage_healed":0,"gold_gain":0,"player_choice":"Bought 2 Potions","damage_taken":0,"max_hp_gain":0,"max_hp_loss":0,"event_name":"The Woman in Blue","floor":19,"gold_loss":0}],"is_beta":false,"boss_relics":[{"not_picked":["infinitespire:Cupcake","halation:PinkAlligatorPlush"],"picked":"construct:ClawGrip"},{"not_picked":["StuffTheSpire:RunicConfusion","Replay:Cursed D8"],"picked":"halation:LoveArrow"}],"items_purged_floors":[13,30,39],"is_endless":false,"potions_floor_spawned":[14,16,24,38,40,42],"ascension_level":3}}