{"host":"ia9e4s524g7bamk7","time":1612540058,"event":{"mods":["AchievementEnabler","BaseMod","Minty Spire (QoL Compilation)","Slay-I"],"gold_per_floor":[115,132,82,82,101,127,127,88,112,112,144,155,188,200,200,298,298,312,312,278,150,150,150,160,160,160],"floor_reached":25,"language":"ENG","playtime":1566,"items_purged":[],"score":254,"play_id":"044a6f9f-f23b-4b3c-9496-97cba678adb1","local_time":"20210205164738","is_ascension_mode":true,"campfire_choices":[{"data":"Bane","floor":10,"key":"SMITH"},{"floor":15,"key":"REST"},{"floor":23,"key":"REST"}],"circlet_count":0,"master_deck":["Defend_G","Defend_G","Defend_G","Defend_G","Survivor","Neutralize","Phantasmal Killer+1","Finisher+1","Bane+1","Noxious Fumes","Escape Plan","Bane+1","Cloak And Dagger","Footwork","Die Die Die","Prepared+1","Outmaneuver+1","Phantasmal Killer+1","Setup+1","Underhanded Strike","All Out Attack","PiercingWail+1"],"relics":["Astrolabe","Boot","Blood Vial","Toxic Egg 2","Sundial","HoveringKite"],"acts_visited":["Exordium","TheCity"],"potions_floor_usage":[11,11],"damage_taken":[{"damage":4,"enemies":"Jaw Worm","floor":1,"turns":3},{"damage":7,"enemies":"Small Slimes","floor":2,"turns":2},{"damage":0,"enemies":"Cultist","floor":5,"turns":2},{"damage":9,"enemies":"Lagavulin","floor":6,"turns":4},{"damage":5,"enemies":"Gremlin Nob","floor":11,"turns":3},{"damage":0,"enemies":"Looter","floor":12,"turns":1},{"damage":19,"enemies":"3 Sentries","floor":13,"turns":7},{"damage":5,"enemies":"Exordium Wildlife","floor":14,"turns":3},{"damage":21,"enemies":"Slime Boss","floor":16,"turns":7},{"damage":17,"enemies":"Chosen","floor":18,"turns":7},{"damage":28,"enemies":"2 Thieves","floor":20,"turns":5},{"damage":23,"enemies":"Centurion and Healer","floor":24,"turns":5},{"damage":31,"enemies":"Gremlin Leader","floor":25,"turns":3}],"seed_played":"-8841742066624982745","potions_obtained":[{"floor":1,"key":"ColorlessPotion"},{"floor":2,"key":"LiquidMemories"},{"floor":13,"key":"Ancient Potion"},{"floor":24,"key":"SmokeBomb"}],"is_trial":false,"path_per_floor":["M","M","?","?","M","E","$","$","T","R","E","M","E","M","R","B",null,"M","?","M","$","?","R","M","E"],"character_chosen":"THE_SILENT","items_purchased":["Footwork","All Out Attack","Mind Blast"],"campfire_rested":2,"item_purchase_floors":[8,21,21],"current_hp_per_floor":[66,59,59,52,52,43,43,43,43,43,40,42,25,22,43,24,70,53,53,27,27,27,48,27,0,0],"gold":160,"neow_bonus":"BOSS_RELIC","is_daily":false,"chose_seed":false,"campfire_upgraded":1,"win_rate":0.0,"timestamp":1612540058,"path_taken":["M","M","?","?","M","E","?","$","T","R","E","M","E","M","R","BOSS","M","?","?","$","?","R","M","E"],"items_purchased_type":["Card","Card","Card"],"build_version":"2020-12-22","purchased_purges":0,"victory":false,"max_hp_per_floor":[70,70,70,70,70,70,70,70,70,70,70,70,70,70,70,70,70,70,70,70,70,70,70,70,70,70],"card_choices":[{"not_picked":["Flying Knee","Masterful Stab"],"picked":"Noxious Fumes","floor":1},{"not_picked":["Flying Knee","Underhanded Strike"],"picked":"Escape Plan","floor":2},{"not_picked":["Outmaneuver","PiercingWail"],"picked":"Bane","floor":5},{"not_picked":["Acrobatics","Dagger Throw"],"picked":"Cloak And Dagger","floor":6},{"not_picked":["Dagger Spray","Dagger Throw","Poisoned Stab"],"picked":"SKIP","floor":11},{"not_picked":["Noxious Fumes","PiercingWail+1"],"picked":"Die Die Die","floor":12},{"not_picked":["All Out Attack","Grand Finale"],"picked":"Prepared+1","floor":13},{"not_picked":["Backstab","Dagger Throw"],"picked":"Outmaneuver+1","floor":14},{"not_picked":["Doppelganger+1","Tools of the Trade"],"picked":"Phantasmal Killer+1","floor":16},{"not_picked":["Outmaneuver+1","Deflect+1"],"picked":"Setup+1","floor":18},{"not_picked":["Dagger Spray","Concentrate+1"],"picked":"Underhanded Strike","floor":20},{"not_picked":["Sucker Punch","Heel Hook+1"],"picked":"PiercingWail+1","floor":24}],"player_experience":256297,"relics_obtained":[{"floor":6,"key":"Boot"},{"floor":9,"key":"Blood Vial"},{"floor":11,"key":"Toxic Egg 2"},{"floor":13,"key":"Sundial"}],"event_choices":[{"cards_removed":["Strike_G"],"damage_healed":0,"gold_gain":0,"player_choice":"Card Removal","damage_taken":0,"max_hp_gain":0,"max_hp_loss":0,"event_name":"The Cleric","floor":3,"gold_loss":50},{"cards_removed":["Strike_G"],"damage_healed":0,"gold_gain":0,"player_choice":"Card Removal","damage_taken":7,"max_hp_gain":0,"max_hp_loss":0,"event_name":"Golden Wing","floor":4,"gold_loss":0},{"cards_removed":["Defend_G"],"damage_healed":0,"gold_gain":0,"player_choice":"Purged","damage_taken":0,"max_hp_gain":0,"max_hp_loss":0,"event_name":"Purifier","floor":19,"gold_loss":0},{"cards_removed":["Mind Blast"],"damage_healed":0,"gold_gain":0,"player_choice":"Elegance","damage_taken":0,"max_hp_gain":0,"max_hp_loss":0,"event_name":"Back to Basics","floor":22,"gold_loss":0}],"is_beta":false,"boss_relics":[{"not_picked":["SacredBark","Philosopher\u0027s Stone"],"picked":"HoveringKite"}],"items_purged_floors":[],"is_endless":false,"potions_floor_spawned":[1,2,13,24],"killed_by":"Gremlin Leader","ascension_level":3}}