{"host":"1ecbliur7lfoj0sl","time":1612496300,"event":{"mods":["BaseMod","Minty Spire (QoL Compilation)","StSLib","The Animator","Waifu the Spire"],"gold_per_floor":[114,114,189,189,212,212,226,242,242,242,292,316,4,22,22,143,143,162,197,51,51,65,65,85,116,140,159,179,223,138,13,13,137,137,159,188,221,221,221,285,321,321,321,345,345,363,387,426,426,466,466,466,648,722,805,875,479,35,140,250,250,250,370,370,370,122,262,262,292,292],"floor_reached":69,"language":"ZHS","playtime":10560,"items_purged":["animator:Strike","animator:Defend","animator:Strike","animator:Vanir+1"],"score":1093,"play_id":"7984a1f5-102b-4f6d-b6e6-2d964e16e47d","local_time":"20210205113820","is_ascension_mode":false,"campfire_choices":[{"data":"animator:Aqua","floor":6.0,"key":"SMITH"},{"floor":10.0,"key":"RECALL"},{"data":"animator:Shimakaze","floor":15.0,"key":"SMITH"},{"data":"animator:Shuna","floor":23.0,"key":"SMITH"},{"data":"animator:Darkness","floor":32.0,"key":"SMITH"},{"data":"animator:MisaKurobane","floor":42.0,"key":"SMITH"},{"data":"animator:Geryuganshoop","floor":45.0,"key":"SMITH"},{"data":"animator:IzunaHatsuse","floor":49.0,"key":"SMITH"},{"data":"animator:Lelouch","floor":52.0,"key":"SMITH"},{"floor":62.0,"key":"REST"},{"data":"animator:Megumin+22","floor":68.0,"key":"SMITH"}],"circlet_count":0,"master_deck":["animator:Kazuma+1","animator:Aqua+1","animator:Entoma+12","animator:Vesta+1","animator:ElricEdward+1","animator:Shimakaze+1","animator:Shuna+1","animator:Megumin+23","animator:IzunaHatsuse+1","animator:Darkness+1","animator:Chris+1","animator:Lelouch+1","animator:MisaKurobane+1","animator:Geryuganshoop+1","animator:Shuna+1","animator:Vesta+1","animator:MumenRider+1","animator:ChlammyZell+1","animator:Saitama+1"],"relics":["animator:TheWolleyCore","animator:LivingPicture","animator:TheMissingPiece","animator:AncientMedallion"],"acts_visited":["Exordium","TheCity","TheBeyond","TheEnding","EYB:TheUnnamedReign"],"potions_floor_usage":[69,69,69],"damage_taken":[{"damage":0.0,"enemies":"Small Slimes","floor":1.0,"turns":5.0},{"damage":1.0,"enemies":"Jaw Worm","floor":5.0,"turns":5.0},{"damage":1.0,"enemies":"Cultist","floor":7.0,"turns":5.0},{"damage":0.0,"enemies":"Blue Slaver","floor":8.0,"turns":5.0},{"damage":27.0,"enemies":"Gremlin Nob","floor":11.0,"turns":6.0},{"damage":8.0,"enemies":"Gremlin Gang","floor":12.0,"turns":7.0},{"damage":0.0,"enemies":"Looter","floor":14.0,"turns":4.0},{"damage":31.0,"enemies":"Hexaghost","floor":16.0,"turns":13.0},{"damage":6.0,"enemies":"Spheric Guardian","floor":18.0,"turns":8.0},{"damage":10.0,"enemies":"2 Thieves","floor":19.0,"turns":5.0},{"damage":1.0,"enemies":"Snecko","floor":22.0,"turns":5.0},{"damage":19.0,"enemies":"Centurion and Healer","floor":24.0,"turns":7.0},{"damage":12.0,"enemies":"Snake Plant","floor":25.0,"turns":3.0},{"damage":14.0,"enemies":"Sentry and Sphere","floor":27.0,"turns":7.0},{"damage":1.0,"enemies":"Snecko","floor":28.0,"turns":4.0},{"damage":18.0,"enemies":"Slavers","floor":29.0,"turns":5.0},{"damage":10.0,"enemies":"Automaton","floor":33.0,"turns":6.0},{"damage":12.0,"enemies":"Orb Walker","floor":35.0,"turns":3.0},{"damage":6.0,"enemies":"3 Shapes","floor":36.0,"turns":14.0},{"damage":2.0,"enemies":"Jaw Worm Horde","floor":37.0,"turns":3.0},{"damage":0.0,"enemies":"Giant Head","floor":40.0,"turns":5.0},{"damage":1.0,"enemies":"4 Shapes","floor":41.0,"turns":4.0},{"damage":0.0,"enemies":"Transient","floor":44.0,"turns":5.0},{"damage":0.0,"enemies":"Writhing Mass","floor":46.0,"turns":2.0},{"damage":0.0,"enemies":"Spire Growth","floor":47.0,"turns":3.0},{"damage":0.0,"enemies":"Reptomancer","floor":48.0,"turns":3.0},{"damage":0.0,"enemies":"Awakened One","floor":50.0,"turns":5.0},{"damage":0.0,"enemies":"animator:UNNAMED_CULTIST_1","floor":54.0,"turns":12.0},{"damage":39.0,"enemies":"animator:UNNAMED_HAT","floor":55.0,"turns":14.0},{"damage":0.0,"enemies":"animator:LARGE_CUBE","floor":59.0,"turns":5.0},{"damage":0.0,"enemies":"animator:TRIPLE_LAGAVULIN","floor":60.0,"turns":5.0},{"damage":0.0,"enemies":"animator:ULTIMATE_CUBE","floor":63.0,"turns":10.0},{"damage":0.0,"enemies":"animator:ULTIMATE_WISP","floor":67.0,"turns":7.0},{"damage":100,"enemies":"animator:TheUnnamed","floor":69,"turns":12}],"seed_played":"180464569979877111","potions_obtained":[{"floor":5.0,"key":"SteroidPotion"},{"floor":8.0,"key":"BlessingOfTheForge"},{"floor":12.0,"key":"Swift Potion"},{"floor":16.0,"key":"EntropicBrew"},{"floor":18.0,"key":"PowerPotion"},{"floor":29.0,"key":"AttackPotion"},{"floor":33.0,"key":"FairyPotion"},{"floor":48.0,"key":"DistilledChaos"},{"floor":54.0,"key":"animator:FalseLifePotion"},{"floor":55.0,"key":"animator:FalseLifePotion"},{"floor":59.0,"key":"animator:FalseLifePotion"},{"floor":60.0,"key":"animator:FalseLifePotion"}],"is_trial":false,"path_per_floor":["M","?","?","?","M","R","M","M","T","R","E","M","$","M","R","B",null,"M","M","$","?","M","R","M","M","T","M","M","E","?","$","R","B",null,"M","M","M","?","?","E","M","R","T","M","R","M","M","E","R","B",null,"R","??","M","M","T","?","$","M","M","?","R","E","T","?","$","E","R","B"],"character_chosen":"THE_ANIMATOR","items_purchased":["Lee\u0027s Waffle","animator:Shimakaze","animator:Entoma","animator:MumenRider","animator:AncientMedallion","animator:AncientMedallion"],"campfire_rested":1,"item_purchase_floors":[13,13,20,58,58,66],"current_hp_per_floor":[72,54,43,25,28,28,32,37,37,37,13,10,87,90,90,59,90,86,79,79,79,83,83,69,62,62,53,57,45,45,45,45,38,105,95,54,54,44,44,47,51,51,51,54,54,57,60,62,62,64,64,64,86,86,47,47,47,47,66,87,24,50,78,78,78,78,89,89,0,0],"gold":292,"neow_bonus":"TEN_PERCENT_HP_BONUS","is_daily":false,"chose_seed":false,"campfire_upgraded":9,"win_rate":0.0,"timestamp":1612496300,"path_taken":["M","?","?","?","M","R","M","M","T","R","E","?","?","M","R","BOSS","M","M","$","?","M","R","?","M","T","M","M","E","?","$","R","BOSS","M","M","M","?","?","E","M","R","T","M","R","?","M","E","R","BOSS","R","??","M","M","T","?","$","M","M","?","R","E","T","?","$","E","R","BOSS"],"items_purchased_type":["Relic","Card","Card","Card","Relic","Relic"],"build_version":"2020-12-22","purchased_purges":4,"victory":false,"max_hp_per_floor":[72,72,72,72,74,74,76,78,78,78,78,80,87,90,90,90,90,92,92,92,92,94,94,96,98,98,100,102,105,105,105,105,105,105,107,54,56,56,56,56,58,58,58,58,58,58,60,62,62,64,64,64,86,86,86,86,86,86,86,88,88,88,89,89,89,89,89,89,89,89],"card_choices":[{"not_picked":["animator:LizardPriest","animator:GazelDwargon"],"picked":"animator:Entoma","floor":1.0},{"not_picked":["animator:Mitsurugi","animator:Benimaru"],"picked":"animator:Entoma","floor":5.0},{"not_picked":["animator:Tatsumaki","animator:Verdia","animator:Genos"],"picked":"SKIP","floor":7.0},{"not_picked":["animator:PandorasActor","animator:ZankiKiguchi"],"picked":"animator:Vesta","floor":11.0},{"not_picked":["animator:KyokoSakura","animator:Emonzaemon"],"picked":"animator:ElricEdward","floor":12.0},{"not_picked":["animator:PandorasActor","animator:DolaStephanie"],"picked":"animator:Shuna","floor":14.0},{"not_picked":["animator:MumenRider","animator:Millim"],"picked":"animator:Megumin","floor":19.0},{"not_picked":["animator:MamiTomoe","animator:Azekura","animator:SilverFang"],"picked":"SKIP","floor":22.0},{"not_picked":["animator:MamiTomoe+1","animator:DolaStephanie"],"picked":"animator:Entoma+1","floor":24.0},{"not_picked":["animator:DolaCouronne","animator:Jibril"],"picked":"animator:IzunaHatsuse","floor":25.0},{"not_picked":["animator:Togame","animator:KyokoSakura+1","animator:ElricAlphonse"],"picked":"SKIP","floor":27.0},{"not_picked":["animator:Sebas","animator:DolaStephanie"],"picked":"animator:Father","floor":28.0},{"not_picked":["animator:MetalKnight","animator:Entoma"],"picked":"animator:Darkness","floor":29.0},{"not_picked":["animator:SuzuneAmano","animator:MetalKnight"],"picked":"animator:Entoma+1","floor":36.0},{"not_picked":["animator:MaesHughes+1","animator:YunYun"],"picked":"animator:Entoma","floor":37.0},{"not_picked":["animator:NononJakuzure","animator:Kuroyukihime"],"picked":"animator:Lelouch","floor":38.0},{"not_picked":["animator:QuestionMark","animator:HououinKyouma"],"picked":"animator:MisaKurobane","floor":38.0},{"not_picked":["animator:Gluttony","animator:ElricAlphonse+1","animator:KyokoSakura"],"picked":"SKIP","floor":40.0},{"not_picked":["animator:Kaijin","animator:ChlammyZell"],"picked":"animator:Geryuganshoop","floor":44.0},{"not_picked":["animator:ElricAlphonse","animator:GazelDwargon+1","animator:Tet"],"picked":"SKIP","floor":46.0},{"not_picked":["animator:KyokoSakura+1","animator:Priestess"],"picked":"animator:Shuna+1","floor":47.0},{"not_picked":["animator:Shuna","animator:GazelDwargon"],"picked":"animator:Vesta","floor":48.0},{"not_picked":["animator:Priestess","animator:KyokoSakura","animator:Shuna"],"picked":"SKIP","floor":54.0},{"not_picked":["animator:Togame","animator:Genos+1","animator:Gluttony+1"],"picked":"SKIP","floor":55.0},{"not_picked":["animator:RoyMustang","animator:FielNirvalen","animator:Darkness"],"picked":"SKIP","floor":59.0},{"not_picked":["animator:RoyMustang","animator:FielNirvalen","animator:Darkness"],"picked":"SKIP","floor":59.0},{"not_picked":["animator:DolaCouronne+1","animator:MaesHughes"],"picked":"animator:ChlammyZell","floor":63.0},{"not_picked":["animator:Albedo+1","animator:Greed+1"],"picked":"animator:Saitama+1","floor":65.0},{"not_picked":["animator:Priestess","animator:Genos"],"picked":"animator:Megumin","floor":67.0}],"player_experience":0,"relics_obtained":[{"floor":11.0,"key":"Paper Frog"},{"floor":26.0,"key":"Regal Pillow"},{"floor":29.0,"key":"InkBottle"},{"floor":40.0,"key":"Ancient Tea Set"},{"floor":43.0,"key":"Lantern"},{"floor":48.0,"key":"Meat on the Bone"},{"floor":53.0,"key":"animator:TheWolleyCore"},{"floor":56.0,"key":"animator:AncientMedallion"},{"floor":57.0,"key":"animator:AncientMedallion"},{"floor":57.0,"key":"animator:AncientMedallion"},{"floor":63.0,"key":"animator:AncientMedallion"},{"floor":64.0,"key":"animator:AncientMedallion"},{"floor":67.0,"key":"animator:AncientMedallion"}],"event_choices":[{"damage_healed":0.0,"max_hp_gain":0.0,"max_hp_loss":0.0,"gold_gain":0.0,"event_name":"Golden Idol","player_choice":"Take Damage","floor":2.0,"gold_loss":0.0,"damage_taken":18.0,"relics_obtained":["Golden Idol"]},{"damage_healed":0.0,"max_hp_gain":0.0,"max_hp_loss":0.0,"gold_gain":75.0,"event_name":"World of Goop","player_choice":"Gather Gold","floor":3.0,"gold_loss":0.0,"damage_taken":11.0},{"damage_healed":0.0,"max_hp_gain":0.0,"max_hp_loss":0.0,"gold_gain":0.0,"event_name":"Scrap Ooze","player_choice":"Success","floor":4.0,"gold_loss":0.0,"damage_taken":18.0,"relics_obtained":["Sundial"]},{"damage_healed":0.0,"max_hp_gain":0.0,"max_hp_loss":0.0,"gold_gain":0.0,"event_name":"Duplicator","player_choice":"Copied","floor":21.0,"gold_loss":0.0,"damage_taken":0.0,"cards_obtained":["animator:Entoma"]},{"damage_healed":0.0,"max_hp_gain":0.0,"max_hp_loss":0.0,"gold_gain":0.0,"event_name":"Addict","player_choice":"Obtained Relic","floor":30.0,"gold_loss":85.0,"damage_taken":0.0,"relics_obtained":["Anchor"]},{"damage_healed":0.0,"max_hp_gain":0.0,"max_hp_loss":0.0,"gold_gain":0.0,"event_name":"SensoryStone","player_choice":"Memory 3","floor":38.0,"gold_loss":0.0,"damage_taken":10.0},{"cards_removed":["animator:Kazuma"],"damage_healed":0.0,"max_hp_gain":0.0,"max_hp_loss":0.0,"gold_gain":0.0,"event_name":"WeMeetAgain","player_choice":"Gave Card","floor":39.0,"gold_loss":0.0,"damage_taken":0.0,"relics_obtained":["Thread and Needle"]}],"is_beta":false,"boss_relics":[{"not_picked":["Mark of Pain","animator:CursedBlade"],"picked":"Empty Cage"},{"not_picked":["Black Star","Cursed Key"],"picked":"animator:RacePiece"}],"items_purged_floors":[13,20,31,58],"is_endless":false,"potions_floor_spawned":[5,8,12,16,18,19,28,29,33,37,40,41,44,48,54,55,63],"killed_by":"animator:TheUnnamed","ascension_level":0}}