{"host":"w4b7hmige5bnqipq","time":1612551044,"event":{"mods":["2.2 Compatiblity","BaseMod","Colored Map","DeckTracker","Keyboard Shortcuts","Minty Spire (QoL Compilation)","Permanent Neow","Rare Cards Sparkle","SuperFastMode","everything is the same but u backflip on backflip","slay the spire mod where everything is the same but ironclad has a cowboy hat"],"gold_per_floor":[113,113,130,205,218,218,244,244,244,244,244,127,141,168,168,245,245,262,280,330,345,20,20,49,49,49,49,74,94,144,156,156,231,231,250,265,4,23,23,23,54,72,126,126,154,154,182,201,201,201,201,201],"floor_reached":51,"language":"KOR","playtime":1310,"items_purged":["Strike_G","Doubt"],"score":1516,"play_id":"b695658e-f7fc-4ef6-8095-91c56e98d3f8","local_time":"20210206035044","is_ascension_mode":true,"campfire_choices":[{"floor":6.0,"key":"REST"},{"data":"Sadistic Nature","floor":8.0,"key":"SMITH"},{"floor":11.0,"key":"REST"},{"data":"Bane","floor":15.0,"key":"SMITH"},{"data":"Corpse Explosion","floor":23.0,"key":"SMITH"},{"data":"Crippling Poison","floor":25.0,"key":"SMITH"},{"floor":27.0,"key":"REST"},{"floor":32.0,"key":"REST"},{"floor":40.0,"key":"RECALL"},{"floor":44.0,"key":"REST"},{"floor":49,"key":"REST"}],"circlet_count":0,"master_deck":["AscendersBane","Strike_G","Strike_G","Defend_G","Defend_G","Defend_G","Defend_G","Defend_G","Survivor","Neutralize","Sadistic Nature+1","Poisoned Stab","Bane+1","Poisoned Stab","Noxious Fumes","Crippling Poison+1","Deadly Poison","Corpse Explosion+1","Acrobatics","Escape Plan","Catalyst+1","Backflip","Catalyst","Wraith Form v2+1","Prepared+1","Caltrops+1","Malaise","Decay","Tools of the Trade+1"],"relics":["Ring of the Snake","Unceasing Top","StrikeDummy","Frozen Egg 2","Ancient Tea Set","Cursed Key","Torii","Pantograph","Toy Ornithopter","Akabeko","Fusion Hammer","Medical Kit","Singing Bowl","Bag of Marbles","Smiling Mask"],"acts_visited":["Exordium","TheCity","TheBeyond"],"potions_floor_usage":[50],"damage_taken":[{"damage":9.0,"enemies":"Small Slimes","floor":1.0,"turns":4.0},{"damage":2.0,"enemies":"Cultist","floor":3.0,"turns":4.0},{"damage":1.0,"enemies":"2 Louse","floor":5.0,"turns":3.0},{"damage":17.0,"enemies":"Lagavulin","floor":7.0,"turns":5.0},{"damage":0.0,"enemies":"Large Slime","floor":13.0,"turns":4.0},{"damage":6.0,"enemies":"Gremlin Nob","floor":14.0,"turns":3.0},{"damage":10.0,"enemies":"The Guardian","floor":16.0,"turns":6.0},{"damage":0.0,"enemies":"3 Byrds","floor":18.0,"turns":3.0},{"damage":4.0,"enemies":"Chosen","floor":19.0,"turns":3.0},{"damage":8.0,"enemies":"Snecko","floor":21.0,"turns":4.0},{"damage":17.0,"enemies":"Slavers","floor":24.0,"turns":3.0},{"damage":28.0,"enemies":"Gremlin Leader","floor":28.0,"turns":4.0},{"damage":9.0,"enemies":"Snake Plant","floor":29.0,"turns":2.0},{"damage":0.0,"enemies":"Cultist and Chosen","floor":31.0,"turns":3.0},{"damage":21.0,"enemies":"Collector","floor":33.0,"turns":5.0},{"damage":0.0,"enemies":"Orb Walker","floor":35.0,"turns":3.0},{"damage":2.0,"enemies":"3 Darklings","floor":36.0,"turns":3.0},{"damage":14.0,"enemies":"Writhing Mass","floor":38.0,"turns":4.0},{"damage":1.0,"enemies":"Giant Head","floor":41.0,"turns":6.0},{"damage":21.0,"enemies":"Spire Growth","floor":42.0,"turns":3.0},{"damage":3.0,"enemies":"Reptomancer","floor":45.0,"turns":3.0},{"damage":9,"enemies":"Nemesis","floor":47,"turns":7},{"damage":2,"enemies":"4 Shapes","floor":48,"turns":4},{"damage":48,"enemies":"Donu and Deca","floor":50,"turns":6},{"damage":52,"enemies":"Awakened One","floor":51,"turns":3}],"seed_played":"-1581167924304084123","potions_obtained":[{"floor":3.0,"key":"SteroidPotion"},{"floor":13.0,"key":"Swift Potion"},{"floor":14.0,"key":"PowerPotion"},{"floor":18.0,"key":"Ancient Potion"},{"floor":28.0,"key":"SneckoOil"},{"floor":33.0,"key":"PowerPotion"},{"floor":38.0,"key":"CunningPotion"},{"floor":41.0,"key":"SneckoOil"},{"floor":42.0,"key":"Poison Potion"},{"floor":48,"key":"AttackPotion"}],"is_trial":false,"path_per_floor":["M","?","M","?","M","R","E","R","T","?","R","$","M","E","R","B",null,"M","M","?","M","$","R","E","R","T","R","E","M","?","M","R","B",null,"M","M","$","M","$","R","E","M","T","R","E","?","E","M","R","B","B"],"character_chosen":"THE_SILENT","items_purchased":["Crippling Poison","Torii","Medical Kit"],"campfire_rested":6,"item_purchase_floors":[12,22,37],"current_hp_per_floor":[35,35,33,22,21,40,23,23,23,18,37,37,37,31,31,21,55,55,51,51,43,43,43,26,26,26,45,17,13,13,13,32,36,59,59,57,57,43,43,43,47,26,26,45,54,54,45,45,66,27,0,0],"gold":201,"neow_bonus":"RANDOM_COLORLESS_2","is_daily":false,"chose_seed":false,"campfire_upgraded":4,"win_rate":0.0,"timestamp":1612551044,"path_taken":["M","?","?","?","M","R","E","R","T","?","R","$","M","E","R","BOSS","M","M","?","M","$","R","E","R","T","R","E","?","?","M","R","BOSS","M","M","$","M","$","R","E","M","T","R","E","?","E","M","R","BOSS","BOSS"],"items_purchased_type":["Card","Relic","Relic"],"build_version":"2020-12-22","purchased_purges":2,"victory":false,"max_hp_per_floor":[66,66,66,66,66,66,66,66,66,66,66,66,66,66,66,66,66,66,66,66,66,66,66,66,66,66,66,66,66,66,66,66,66,66,66,66,66,66,66,66,66,66,66,66,68,68,68,70,70,70,70,70],"card_choices":[{"not_picked":["Chrysalis","Thinking Ahead"],"picked":"Sadistic Nature","floor":0.0},{"not_picked":["Flying Knee","PiercingWail"],"picked":"Poisoned Stab","floor":1.0},{"not_picked":["Slice","Reflex"],"picked":"Bane","floor":3.0},{"not_picked":["Eviscerate","Finisher"],"picked":"Poisoned Stab","floor":5.0},{"not_picked":["Bane","Night Terror"],"picked":"Noxious Fumes","floor":7.0},{"not_picked":["Prepared","Flying Knee","Dagger Throw"],"picked":"SKIP","floor":13.0},{"not_picked":["Escape Plan","Sucker Punch"],"picked":"Deadly Poison","floor":14.0},{"not_picked":["Unload","Night Terror"],"picked":"Corpse Explosion","floor":16.0},{"not_picked":["Deadly Poison","Infinite Blades+1"],"picked":"Acrobatics","floor":18.0},{"not_picked":["Predator","Distraction"],"picked":"Escape Plan","floor":19.0},{"not_picked":["Deflect+1","Bouncing Flask"],"picked":"Catalyst+1","floor":21.0},{"not_picked":["Prepared","Noxious Fumes+1"],"picked":"Backflip","floor":24.0},{"not_picked":["Well Laid Plans+1","Backflip"],"picked":"Catalyst","floor":28.0},{"not_picked":["Outmaneuver","Noxious Fumes+1","Cloak And Dagger+1"],"picked":"SKIP","floor":29.0},{"not_picked":["Deadly Poison","Phantasmal Killer","All Out Attack"],"picked":"SKIP","floor":31.0},{"not_picked":["Burst","Glass Knife"],"picked":"Wraith Form v2+1","floor":33.0},{"not_picked":["Blade Dance","Quick Slash"],"picked":"Prepared+1","floor":35.0},{"not_picked":["Dagger Spray","Sucker Punch+1","Blade Dance"],"picked":"SKIP","floor":36.0},{"not_picked":["Sucker Punch+1","All Out Attack","Deadly Poison"],"picked":"SKIP","floor":38.0},{"not_picked":["Acrobatics","Sucker Punch"],"picked":"Caltrops+1","floor":41.0},{"not_picked":["Expertise","Setup"],"picked":"Malaise","floor":42.0},{"not_picked":["Prepared","Crippling Poison+1","Backflip"],"picked":"Singing Bowl","floor":45.0},{"not_picked":["Accuracy+1","Underhanded Strike"],"picked":"Tools of the Trade+1","floor":47},{"not_picked":["Underhanded Strike","Flying Knee","Dagger Spray"],"picked":"Singing Bowl","floor":48}],"player_experience":714025,"relics_obtained":[{"floor":7.0,"key":"Unceasing Top"},{"floor":9.0,"key":"StrikeDummy"},{"floor":14.0,"key":"Ancient Tea Set"},{"floor":24.0,"key":"Pantograph"},{"floor":26.0,"key":"Toy Ornithopter"},{"floor":28.0,"key":"Akabeko"},{"floor":41.0,"key":"Singing Bowl"},{"floor":45.0,"key":"Bag of Marbles"},{"floor":47,"key":"Smiling Mask"}],"event_choices":[{"cards_removed":["Strike_G"],"damage_healed":0.0,"max_hp_gain":0.0,"max_hp_loss":0.0,"gold_gain":0.0,"event_name":"Purifier","player_choice":"Purged","floor":2.0,"gold_loss":0.0,"damage_taken":0.0},{"damage_healed":0.0,"max_hp_gain":0.0,"max_hp_loss":0.0,"gold_gain":75.0,"event_name":"World of Goop","player_choice":"Gather Gold","floor":4.0,"gold_loss":0.0,"damage_taken":11.0},{"damage_healed":0.0,"max_hp_gain":0.0,"max_hp_loss":0.0,"gold_gain":0.0,"event_name":"Scrap Ooze","player_choice":"Success","floor":10.0,"gold_loss":0.0,"damage_taken":5.0,"relics_obtained":["Frozen Egg 2"]},{"damage_healed":0.0,"max_hp_gain":0.0,"max_hp_loss":0.0,"gold_gain":100.0,"event_name":"The Joust","player_choice":"Bet on Murderer","floor":20.0,"gold_loss":50.0,"damage_taken":0.0},{"damage_healed":0.0,"max_hp_gain":0.0,"max_hp_loss":0.0,"gold_gain":50.0,"event_name":"Nest","player_choice":"Stole From Cult","floor":30.0,"gold_loss":0.0,"damage_taken":0.0},{"cards_removed":["Strike_G"],"damage_healed":0.0,"max_hp_gain":0.0,"max_hp_loss":0.0,"gold_gain":0.0,"event_name":"Falling","player_choice":"Removed Attack","floor":46.0,"gold_loss":0.0,"damage_taken":0.0}],"is_beta":false,"boss_relics":[{"not_picked":["Runic Pyramid","SacredBark"],"picked":"Cursed Key"},{"not_picked":["WristBlade","Philosopher\u0027s Stone"],"picked":"Fusion Hammer"}],"items_purged_floors":[12,37],"is_endless":false,"potions_floor_spawned":[3,13,14,18,28,33,38,41,42,48],"killed_by":"Awakened One","ascension_level":20}}