{"host":"LaserWall","time":1612520803,"event":{"mods":["BaseMod","Minty Spire (QoL Compilation)","Relic Stats","Weighted Paths"],"gold_per_floor":[111,42,60,9,27,27,61,61,61,93,112,129,129,143,143,143,143],"floor_reached":16,"language":"ENG","playtime":777,"items_purged":[],"score":129,"play_id":"147f2034-f9dd-458a-96d4-3b9133703045","local_time":"20210205052643","is_ascension_mode":true,"campfire_choices":[{"data":"Whirlwind","floor":6,"key":"SMITH"},{"floor":8,"key":"REST"},{"data":"Wild Strike","floor":13,"key":"SMITH"},{"data":"Seeing Red","floor":15,"key":"SMITH"}],"circlet_count":0,"master_deck":["Strike_R","Strike_R","Strike_R","Strike_R","Strike_R","Defend_R","Defend_R","Defend_R","Defend_R","Bash","Wild Strike+1","Whirlwind+1","Clothesline","True Grit","Fire Breathing","True Grit","Seeing Red+1","Sword Boomerang","Anger"],"relics":["Burning Blood","Strawberry","InkBottle","MealTicket","Paper Frog"],"acts_visited":["Exordium"],"potions_floor_usage":[7,11,16,16,16],"damage_taken":[{"damage":1,"enemies":"Cultist","floor":1,"turns":3},{"damage":9,"enemies":"Jaw Worm","floor":3,"turns":3},{"damage":7,"enemies":"Small Slimes","floor":5,"turns":3},{"damage":62,"enemies":"Lagavulin","floor":7,"turns":11},{"damage":23,"enemies":"3 Sentries","floor":10,"turns":5},{"damage":16,"enemies":"Exordium Thugs","floor":11,"turns":4},{"damage":0,"enemies":"2 Fungi Beasts","floor":12,"turns":1},{"damage":5,"enemies":"Looter","floor":14,"turns":3},{"damage":33,"enemies":"Slime Boss","floor":16,"turns":6}],"seed_played":"1484430546228345876","potions_obtained":[{"floor":3,"key":"Block Potion"},{"floor":10,"key":"Dexterity Potion"},{"floor":12,"key":"FearPotion"},{"floor":14,"key":"DistilledChaos"}],"is_trial":false,"path_per_floor":["M","$","M","$","M","R","E","R","T","E","M","M","R","M","R","B"],"character_chosen":"IRONCLAD","items_purchased":["Whirlwind","Strength Potion"],"campfire_rested":1,"item_purchase_floors":[2,4],"current_hp_per_floor":[87,87,84,84,83,83,27,53,53,36,26,32,32,33,33,0,0],"gold":143,"neow_bonus":"RANDOM_COMMON_RELIC","is_daily":false,"chose_seed":false,"campfire_upgraded":3,"win_rate":0.0,"timestamp":1612520803,"path_taken":["M","$","M","?","M","R","E","R","T","E","M","?","R","M","R","BOSS"],"items_purchased_type":["Card","Potion"],"build_version":"2020-12-18","purchased_purges":0,"victory":false,"max_hp_per_floor":[87,87,87,87,87,87,87,87,87,87,87,87,87,87,87,87,87],"relic_stats":{"counters":[9,39],"MealTicket":0,"obtain_stats":[{"Strawberry":0,"MealTicket":9,"Burning Blood":0,"InkBottle":7,"Paper Frog":10},{"Strawberry":0,"MealTicket":4,"Burning Blood":0,"InkBottle":4,"Paper Frog":5},{"Strawberry":0,"MealTicket":20,"Burning Blood":0,"InkBottle":20,"Paper Frog":25}],"Burning Blood":43,"InkBottle":[4]},"card_choices":[{"not_picked":["Clash","Fire Breathing"],"picked":"Wild Strike","floor":1},{"not_picked":["Perfected Strike","Warcry"],"picked":"Clothesline","floor":3},{"not_picked":["Wild Strike","Intimidate"],"picked":"True Grit","floor":5},{"not_picked":["Berserk","Twin Strike"],"picked":"Fire Breathing","floor":7},{"not_picked":["Carnage","Seeing Red"],"picked":"True Grit","floor":10},{"not_picked":["Anger","Havoc"],"picked":"Seeing Red","floor":11},{"not_picked":["Clothesline","Flex"],"picked":"Sword Boomerang","floor":12},{"not_picked":["Wild Strike","Seeing Red"],"picked":"Anger","floor":14}],"player_experience":200203,"relics_obtained":[{"floor":7,"key":"InkBottle"},{"floor":9,"key":"MealTicket"},{"floor":10,"key":"Paper Frog"}],"event_choices":[],"is_beta":true,"boss_relics":[],"items_purged_floors":[],"is_endless":false,"potions_floor_spawned":[3,10,12,14],"killed_by":"Slime Boss","ascension_level":3}}