{"host":"0awa854l6bexpjrv","time":1612498925,"event":{"mods":["BaseMod","Block Reminder","Colored Map","Colored Powertips","Downfall","Highlight Path","Minty Spire (QoL Compilation)","Quick Restart","Rare Cards Sparkle","StSLib","SuperFastMode"],"gold_per_floor":[119,79,97,116,116,148,162,162,162,162,179,179,192,211,211,313,313,323,342,7,23,46,75,75,0,0,0,0,0,16,16,16],"floor_reached":31,"language":"ENG","playtime":1667,"items_purged":["Defend_P"],"score":270,"play_id":"f3e0cf1d-7d34-4dfc-83ac-d49e5b88a68c","local_time":"20210204202205","is_ascension_mode":true,"campfire_choices":[{"floor":8.0,"key":"REST"},{"floor":10.0,"key":"REST"},{"data":"SpiritShield","floor":12.0,"key":"SMITH"},{"data":"Judgement","floor":15.0,"key":"SMITH"},{"floor":24.0,"key":"REST"}],"circlet_count":0,"master_deck":["Strike_P","Strike_P","Strike_P","Strike_P","Defend_P","Defend_P+1","Defend_P","Eruption+1","Vigilance","BowlingBash","Consecrate","SpiritShield+1","ClearTheMind","Wallop","Halt","Judgement+1","FlyingSleeves+1","LessonLearned","Study","BowlingBash+1","Blasphemy","Secret Technique","EmptyBody","Crescendo","RitualDagger","EmptyFist"],"relics":["HolyWater","NeowsBlessing","White Beast Statue","StrikeDummy","Potion Belt","Pen Nib","Letter Opener"],"acts_visited":["Exordium","TheCity"],"potions_floor_usage":[31,31,31],"damage_taken":[{"damage":0.0,"enemies":"2 Louse","floor":1.0,"turns":1.0},{"damage":0.0,"enemies":"Cultist","floor":3.0,"turns":1.0},{"damage":0.0,"enemies":"Jaw Worm","floor":4.0,"turns":1.0},{"damage":30.0,"enemies":"Lagavulin","floor":6.0,"turns":9.0},{"damage":11.0,"enemies":"Lots of Slimes","floor":7.0,"turns":5.0},{"damage":3.0,"enemies":"Red Slaver","floor":11.0,"turns":6.0},{"damage":0.0,"enemies":"Looter","floor":13.0,"turns":3.0},{"damage":0.0,"enemies":"Large Slime","floor":14.0,"turns":5.0},{"damage":9.0,"enemies":"Hexaghost","floor":16.0,"turns":8.0},{"damage":8.0,"enemies":"3 Byrds","floor":18.0,"turns":5.0},{"damage":0.0,"enemies":"Spheric Guardian","floor":19.0,"turns":4.0},{"damage":13.0,"enemies":"Centurion and Healer","floor":21.0,"turns":6.0},{"damage":25.0,"enemies":"Slavers","floor":23.0,"turns":3.0},{"damage":6,"enemies":"3 Cultists","floor":30,"turns":5},{"damage":36,"enemies":"Book of Stabbing","floor":31,"turns":5}],"seed_played":"6835039779059086167","potions_obtained":[{"floor":2.0,"key":"Weak Potion"},{"floor":2.0,"key":"Energy Potion"},{"floor":2.0,"key":"Fire Potion"},{"floor":7.0,"key":"AttackPotion"},{"floor":11.0,"key":"LiquidMemories"},{"floor":16.0,"key":"champ:CounterPotion"},{"floor":18.0,"key":"Dexterity Potion"},{"floor":19.0,"key":"Swift Potion"},{"floor":21.0,"key":"Ancient Potion"},{"floor":23.0,"key":"BlessingOfTheForge"},{"floor":30,"key":"Swift Potion"}],"is_trial":false,"path_per_floor":["M","?","M","M","?","E","M","R","T","R","M","R","M","M","R","B",null,"M","M","$","M","T","E","R","?","T","?","?","$","M","E"],"character_chosen":"WATCHER","items_purchased":["Blasphemy","Secret Technique"],"campfire_rested":3,"item_purchase_floors":[20,20],"current_hp_per_floor":[72,72,72,72,72,42,31,52,52,72,69,69,69,69,69,60,72,64,64,64,51,51,26,47,47,47,47,41,41,35,0,0],"gold":16,"neow_bonus":"THREE_ENEMY_KILL","is_daily":false,"chose_seed":false,"campfire_upgraded":2,"win_rate":0.0,"timestamp":1612498925,"path_taken":["M","?","M","?","?","E","M","R","T","R","M","R","M","M","R","BOSS","M","?","$","M","?","E","R","?","T","?","?","?","M","E"],"items_purchased_type":["Card","Card"],"build_version":"2020-12-22","purchased_purges":1,"victory":false,"max_hp_per_floor":[72,72,72,72,72,72,72,72,72,72,72,72,72,72,72,72,72,72,72,72,72,72,72,72,72,72,72,72,72,72,72,72],"card_choices":[{"not_picked":["FlyingSleeves","ThirdEye"],"picked":"BowlingBash","floor":1.0},{"not_picked":["MentalFortress","BowlingBash"],"picked":"Consecrate","floor":3.0},{"not_picked":["DeceiveReality","PathToVictory"],"picked":"SpiritShield","floor":4.0},{"not_picked":["Evaluate","Halt"],"picked":"ClearTheMind","floor":6.0},{"not_picked":["TalkToTheHand","CrushJoints"],"picked":"Wallop","floor":7.0},{"not_picked":["SashWhip","MentalFortress"],"picked":"Halt","floor":11.0},{"not_picked":["CutThroughFate","Crescendo"],"picked":"Judgement","floor":13.0},{"not_picked":["Consecrate","ClearTheMind"],"picked":"FlyingSleeves","floor":14.0},{"not_picked":["ConjureBlade","SpiritShield"],"picked":"LessonLearned","floor":16.0},{"not_picked":["PathToVictory","Prostrate"],"picked":"Study","floor":18.0},{"not_picked":["WreathOfFlame+1","ClearTheMind"],"picked":"BowlingBash+1","floor":19.0},{"not_picked":["FlurryOfBlows+1","BowlingBash"],"picked":"EmptyBody","floor":21.0},{"not_picked":["Prostrate+1","Swivel+1"],"picked":"Crescendo","floor":23.0},{"not_picked":["Evaluate+1","SashWhip"],"picked":"EmptyFist","floor":30}],"player_experience":712550,"relics_obtained":[{"floor":6.0,"key":"White Beast Statue"},{"floor":9.0,"key":"StrikeDummy"},{"floor":22.0,"key":"Potion Belt"},{"floor":23.0,"key":"Pen Nib"},{"floor":26.0,"key":"Letter Opener"}],"event_choices":[{"damage_healed":0.0,"max_hp_gain":0.0,"max_hp_loss":0.0,"gold_gain":0.0,"event_name":"The Woman in Blue","player_choice":"Bought 3 Potions","floor":2.0,"gold_loss":0.0,"damage_taken":0.0},{"damage_healed":0.0,"max_hp_gain":0.0,"max_hp_loss":0.0,"gold_gain":0.0,"event_name":"Upgrade Shrine","player_choice":"Upgraded","floor":5.0,"gold_loss":0.0,"damage_taken":0.0,"cards_upgraded":["Eruption"]},{"damage_healed":0.0,"max_hp_gain":0.0,"max_hp_loss":0.0,"gold_gain":0.0,"event_name":"Masked Bandits","player_choice":"Paid Fearfully","floor":25.0,"gold_loss":75.0,"damage_taken":0.0},{"damage_healed":0.0,"max_hp_gain":0.0,"max_hp_loss":0.0,"gold_gain":0.0,"event_name":"Vampires","player_choice":"Ignored","floor":27.0,"gold_loss":0.0,"damage_taken":0.0},{"damage_healed":0.0,"max_hp_gain":0.0,"max_hp_loss":0.0,"gold_gain":0.0,"event_name":"Nest","player_choice":"Joined the Cult","floor":28.0,"gold_loss":0.0,"damage_taken":6.0,"cards_obtained":["RitualDagger"]}],"is_beta":false,"boss_relics":[{"not_picked":["Black Star","Philosopher\u0027s Stone"],"picked":"HolyWater"}],"items_purged_floors":[20],"is_endless":false,"potions_floor_spawned":[4,7,11,13,14,16,18,19,21,23,30],"killed_by":"Book of Stabbing","ascension_level":1}}