{"host":"q79dm2j0pr18ov08","time":1612533814,"event":{"mods":["Act Like it!","BaseMod","CapriCore","Colored Powertips","Gensokyo","Googly Eyes","Koishi","Marisa£¨ìFÓê¡¡Ä§ÀíÉ³£©","Minty Spire (QoL Compilation)","MostiFishMod","Pale of the Ancients","Reimu£¨²©ÀöÁéÃÎ£©","Replay The Spire","RumiaBox-Â¶Ã×æ«µÄÉñÃØºÐ×Ó","StSLib","TestMod","The Administrix","The Construct","The Immortal","The IronCluck","The Jungle","The Servant 0.9.4","UnlockEverythingMod","Waifu the Spire","[IsaacMod]ÒÔÈö¼âËþ","¡¾ÒÅÎï¿¨ÅÆ¡¿REMEMod"],"gold_per_floor":[115,40,246,246,264,264,295,325,352,352,366,414,464,464,464,594,603,616,616,639,639,663,663,703,703,729,729,762,784,684,731,731,854,854,878,941,954,979,1047,1080,1080,1123,1123,1167,1187,1217,692,730,730,730,730,730,320,353,13],"floor_reached":56,"language":"ZHS","playtime":3118,"items_purged":["Koishi:BasicStrike","Koishi:BasicStrike","Koishi:BasicDefend","Koishi:BasicDefend"],"score":1511,"play_id":"b0c29de1-6f73-4dc2-bfb0-c6cbe075c09b","local_time":"20210205220334","is_ascension_mode":true,"campfire_choices":[{"data":"Koishi:ImGoingToCallYouNow","floor":6,"key":"SMITH"},{"data":"Koishi:JumpScare","floor":10,"key":"SMITH"},{"floor":23,"key":"RECALL"},{"data":"Koishi:HeartStoppingHorror","floor":25,"key":"SMITH"},{"data":"Koishi:JumpScare","floor":32,"key":"SMITH"},{"data":"Koishi:Catatonia","floor":52,"key":"SMITH"}],"circlet_count":0,"master_deck":["Koishi:BasicDefend","Koishi:Provoke","Koishi:HauntingSlash+1","Koishi:ImGoingToCallYouNow+1","Koishi:GrowingPain+1","Koishi:TremblingHands","Koishi:JumpScare+1","Koishi:HeartStoppingHorror+1","Koishi:Catatonia+1","Koishi:JumpScare+1","Koishi:DreadfulBlow","Koishi:TremblingHands+1","Koishi:Jaunt","Koishi:DanmakuParanoia+1"],"relics":["Koishi:ImaginaryFriend","HushsDoor","testmod-TestBox","DaveBox","REME_ComplimentaryCards","PatriotShield","testmod-Maize","Leech","SynthV:TestCard","Golden Idol","CeramicFish","BookOfRevelations","Pear","Busted Crown","Counterbalance","ReplayTheSpireMod:Lightbulb","Boot","MealTicket","BloodWine","SatanicBible","Pondfish Scales","CatCart","Replay:Wax Seal","Toy Ornithopter","ZombieArmy","Bottled Lightning","Bottled Tornado","REME_OnlineShoppingPlatform","ReplayTheSpireMod:Shallot","ClockworkSouvenir","TheBible","Snack Pack"],"acts_visited":["Exordium","TheCity","TheBeyond","TheEnding"],"potions_floor_usage":[55,55,55,55,55,55,55,55,55,55,55,55,55,55,55,55,55],"damage_taken":[{"damage":0,"enemies":"Small Slimes","floor":1,"turns":2},{"damage":0,"enemies":"Jaw Worm","floor":5,"turns":1},{"damage":0,"enemies":"Gremlin Nob","floor":7,"turns":3},{"damage":0,"enemies":"2 Louse","floor":8,"turns":1},{"damage":0,"enemies":"Gremlin Gang","floor":11,"turns":2},{"damage":8,"enemies":"Lagavulin","floor":12,"turns":5},{"damage":0,"enemies":"Slime Boss","floor":16,"turns":4},{"damage":0,"enemies":"3 Byrds","floor":18,"turns":3},{"damage":0,"enemies":"Chosen","floor":20,"turns":2},{"damage":0,"enemies":"Snecko","floor":22,"turns":3},{"damage":18,"enemies":"Slavers","floor":24,"turns":5},{"damage":3,"enemies":"Gremlin Leader","floor":28,"turns":3},{"damage":2,"enemies":"Shelled Parasite and Fungi","floor":29,"turns":2},{"damage":0,"enemies":"Replay:Snechameleon","floor":31,"turns":2},{"damage":0,"enemies":"Champ","floor":33,"turns":4},{"damage":0,"enemies":"Orb Walker","floor":35,"turns":1},{"damage":0,"enemies":"Mind Bloom Boss Battle","floor":36,"turns":6},{"damage":0,"enemies":"3 Darklings","floor":37,"turns":3},{"damage":0,"enemies":"Sphere and 2 Shapes","floor":38,"turns":3},{"damage":0,"enemies":"Orin","floor":39,"turns":4},{"damage":0,"enemies":"Giant Head","floor":40,"turns":4},{"damage":0,"enemies":"R_Hoarder","floor":42,"turns":2},{"damage":0,"enemies":"Reptomancer","floor":44,"turns":2},{"damage":0,"enemies":"Jaw Worm Horde","floor":45,"turns":2},{"damage":0,"enemies":"Writhing Mass","floor":46,"turns":3},{"damage":0,"enemies":"R_Hoarder","floor":48,"turns":2},{"damage":0,"enemies":"Replay:Hell Engine","floor":50,"turns":3},{"damage":0,"enemies":"Shield and Spear","floor":54,"turns":2},{"damage":2,"enemies":"The Heart","floor":55,"turns":4}],"seed_played":"7368130922266948776","potions_obtained":[{"floor":12,"key":"SteroidPotion"},{"floor":16,"key":"DuplicationPotion"},{"floor":18,"key":"LifebloodPotion"},{"floor":29,"key":"Reflective Coating"}],"is_trial":false,"path_per_floor":["M","$","?","?","M","R","E","M","T","R","M","E","T","?","R","B",null,"M","?","M","?","M","R","E","R","T","?","E","M","$","E","R","B",null,"M","?","M","M","?","E","?","E","T","E","M","M","$","E","R","B",null,"R","$","E","B",null],"character_chosen":"KOISHI","items_purchased":["Koishi:Catatonia","SatanicBible","EntropicBrew","Bottled Tornado","REME_OnlineShoppingPlatform","ClockworkSouvenir","TheBible"],"campfire_rested":0,"item_purchase_floors":[17,34,34,47,47,53,53],"current_hp_per_floor":[60,60,36,36,40,40,56,56,56,56,56,66,66,66,66,66,63,63,63,63,63,63,63,63,63,63,63,63,63,63,63,63,63,44,44,44,44,44,44,44,44,44,44,44,44,44,44,44,44,44,44,44,44,44,44],"gold":13,"neow_bonus":"UPGRADE_CARD","is_daily":false,"chose_seed":false,"campfire_upgraded":5,"win_rate":0.0,"timestamp":1612533814,"path_taken":["M","$","?","?","M","R","E","M","T","R","M","E","?","?","R","BOSS","M","?","M","?","M","R","E","R","T","?","E","M","$","E","R","BOSS","M","?","M","M","?","E","?","E","T","E","M","M","$","E","R","BOSS","R","$","E","BOSS"],"items_purchased_type":["Card","Relic","Potion","Relic","Relic","Relic","Relic"],"build_version":"2020-12-22","purchased_purges":4,"victory":true,"max_hp_per_floor":[60,60,60,56,56,56,56,56,56,56,56,66,66,66,66,66,63,63,63,63,63,63,63,63,63,63,63,63,63,63,63,63,63,44,44,44,44,44,44,44,44,44,44,44,44,44,44,44,44,44,44,44,44,44,44],"card_choices":[{"not_picked":["Koishi:UnansweredLove","Koishi:FleetingPhantom","Koishi:PhantomStrike"],"picked":"SKIP","floor":1},{"not_picked":["Koishi:JumpScare","Koishi:SpiritedAway","Koishi:RorschachInDanmaku","Koishi:PhantomBarrier"],"picked":"Koishi:GrowingPain","floor":3},{"not_picked":["Koishi:EmbryosDream","Koishi:HeartfeltFancy","Koishi:RacingHeart","Koishi:PhantomStrike"],"picked":"Koishi:TremblingHands","floor":5},{"not_picked":["Koishi:ParalyzingFear","Koishi:RorschachInDanmaku","Koishi:SubterraneanRose","Koishi:Prune","Koishi:HeartfeltFancy"],"picked":"SKIP","floor":7},{"not_picked":["Koishi:Bloodlust","Koishi:RacingHeart","Koishi:PhantomBarrier","Koishi:StrangeCloudFist"],"picked":"Koishi:JumpScare","floor":8},{"not_picked":["Koishi:HeartAttack","Koishi:ApparitionsStalkTheNight","Koishi:DreadfulBlow","Koishi:SubterraneanRose","Koishi:StingingMind"],"picked":"SKIP","floor":11},{"not_picked":["Koishi:IdleWhim","Koishi:StingingMind","Koishi:PerfectMindControl","Koishi:TremblingHands"],"picked":"Bomb","floor":12},{"not_picked":["Koishi:ImGoingToCallYouNow","Koishi:RollingInRichesHeart","Koishi:MindStellarRelief","Koishi:RoseHell"],"picked":"Koishi:HeartStoppingHorror","floor":16},{"not_picked":["Koishi:UnseenTerror","Koishi:Jaunt","Koishi:StrangeCloudFist+1"],"picked":"SKIP","floor":18},{"not_picked":["Koishi:Vanish","Koishi:CatchAndRose"],"picked":"Koishi:JumpScare","floor":20},{"not_picked":["Koishi:JumpScare","Koishi:MassHysteria"],"picked":"Koishi:DreadfulBlow","floor":22},{"not_picked":["Koishi:DreadfulBlow","Koishi:RacingHeart","Koishi:JumpScare"],"picked":"SKIP","floor":24},{"not_picked":["Koishi:SubterraneanRose","Koishi:FadingMemory","Koishi:GhostParty+1"],"picked":"SKIP","floor":28},{"not_picked":["Koishi:JumpScare","Koishi:RacingHeart+1","Koishi:TremblingHands"],"picked":"SKIP","floor":29},{"not_picked":["Koishi:JumpScare","Koishi:RacingHeart+1"],"picked":"Koishi:TremblingHands","floor":29},{"not_picked":["Koishi:UnconsciousUprising","Koishi:Untouchable"],"picked":"Koishi:Jaunt","floor":31},{"not_picked":["Koishi:DreadfulBlow+1","Koishi:CatchAndRose","Koishi:TraumaticStroke"],"picked":"SKIP","floor":35},{"not_picked":["Koishi:FleetingPhantom+1","Koishi:UnconsciousUprising","Koishi:LastRemote"],"picked":"SKIP","floor":37},{"not_picked":["Koishi:RacingHeart","Koishi:UnconsciousUprising","Koishi:Possession+1"],"picked":"SKIP","floor":38},{"not_picked":["Koishi:FleetingPhantom","Koishi:EmbryosDream+1","Koishi:CatchAndRose+1"],"picked":"SKIP","floor":40},{"not_picked":["Koishi:PredatoryInstincts","Koishi:TraumaticStroke","Koishi:HeartStoppingHorror"],"picked":"SKIP","floor":42},{"not_picked":["Koishi:ParalyzingFear","Koishi:FourthEye+1","Koishi:Possession+1"],"picked":"SKIP","floor":44},{"not_picked":["Koishi:JumpScare+1","Koishi:HeartfeltFancy","Koishi:SprinkleStarAndHeart"],"picked":"SKIP","floor":45},{"not_picked":["Koishi:TraumaticStroke","Koishi:Heartbroken"],"picked":"Koishi:DanmakuParanoia+1","floor":46},{"not_picked":["Koishi:CatchAndRose+1","Koishi:StingingMind","Koishi:SilentAndRestless"],"picked":"SKIP","floor":48},{"not_picked":["Koishi:TremblingHands","Koishi:JumpScare","Koishi:VengefulSpirit"],"picked":"SKIP","floor":54}],"player_experience":298060,"relics_obtained":[{"floor":1,"key":"SynthV:TestCard"},{"floor":7,"key":"CeramicFish"},{"floor":9,"key":"BookOfRevelations"},{"floor":12,"key":"Pear"},{"floor":24,"key":"Counterbalance"},{"floor":26,"key":"ReplayTheSpireMod:Lightbulb"},{"floor":28,"key":"Boot"},{"floor":31,"key":"MealTicket"},{"floor":36,"key":"Pondfish Scales"},{"floor":39,"key":"CatCart"},{"floor":40,"key":"Replay:Wax Seal"},{"floor":42,"key":"Toy Ornithopter"},{"floor":43,"key":"ZombieArmy"},{"floor":44,"key":"Bottled Lightning"},{"floor":48,"key":"ReplayTheSpireMod:Shallot"},{"floor":54,"key":"Snack Pack"}],"event_choices":[{"damage_healed":0,"gold_gain":0,"player_choice":"Lose Max HP","damage_taken":0,"relics_obtained":["Golden Idol"],"max_hp_gain":0,"max_hp_loss":4,"event_name":"Golden Idol","floor":4,"gold_loss":0},{"damage_healed":0,"gold_gain":0,"player_choice":"Grow","damage_taken":0,"max_hp_gain":0,"max_hp_loss":0,"event_name":"Living Wall","floor":14,"gold_loss":0,"cards_upgraded":["Koishi:GrowingPain"]},{"damage_healed":0,"gold_gain":0,"player_choice":"Ignored","damage_taken":0,"max_hp_gain":0,"max_hp_loss":0,"event_name":"Vampires","floor":21,"gold_loss":0},{"cards_removed":["Koishi:BasicStrike"],"damage_healed":0,"gold_gain":0,"player_choice":"Elegance","damage_taken":0,"max_hp_gain":0,"max_hp_loss":0,"event_name":"Back to Basics","floor":27,"gold_loss":0},{"damage_healed":0,"gold_gain":0,"player_choice":"Fight","damage_taken":0,"max_hp_gain":0,"max_hp_loss":0,"event_name":"MindBloom","floor":36,"gold_loss":0},{"damage_healed":0,"gold_gain":0,"player_choice":"Fight","damage_taken":0,"max_hp_gain":0,"max_hp_loss":0,"event_name":"OrinTheCat","floor":39,"gold_loss":0},{"cards_removed":["Koishi:BasicDefend"],"damage_healed":0,"gold_gain":0,"player_choice":"Removed Skill","damage_taken":0,"max_hp_gain":0,"max_hp_loss":0,"event_name":"Falling","floor":41,"gold_loss":0}],"is_beta":false,"boss_relics":[{"not_picked":["Transparent","ExusiaiGun"],"picked":"Busted Crown"},{"not_picked":[]},{"not_picked":["Runic Pyramid","FixedStarFall"],"picked":"BloodWine"},{"not_picked":[]}],"items_purged_floors":[2,30,34,47],"is_endless":false,"potions_floor_spawned":[12,16,18,29,31,33,36,37,40,44,46,48],"ascension_level":1}}