{"host":"rx3fqeecbcmic2ko","time":1612556973,"event":{"mods":["BaseMod","Better Sensory Stone","Disable Question Mark Monsters","Energized Spire","Hyrulean Relics","Minty Spire (QoL Compilation)","Quick Restart","Relic Filter","Small Relic Pack","StSLib","The Bug Knight","The Wild Card"],"gold_per_floor":[110,110,126,138,149,149,149,160,183,111,122,150,166,223,223,326,326,345,345,364,364,378,378,378,293,293,311,190,200,213,224,224,323,323,335,335,335,335,348,348,348],"floor_reached":40,"language":"ENG","playtime":1323,"items_purged":["Flying Knee"],"score":492,"play_id":"691eb877-bd8d-4055-89bb-12bb15faaa2d","local_time":"20210205152933","is_ascension_mode":false,"campfire_choices":[{"floor":6,"key":"REST"},{"floor":15,"key":"REST"},{"floor":23,"key":"REST"},{"floor":32,"key":"REST"}],"circlet_count":0,"master_deck":["Strike_G","Strike_G","Strike_G","Strike_G","Strike_G","Defend_G","Defend_G","Defend_G","Defend_G","Defend_G","Survivor","Neutralize","Tactician","Choke","Backflip","Dagger Spray","Backstab+1","Blur+1","Deadly Poison","Expertise","Blade Dance","Setup","Flying Knee","Slice","Leg Sweep","Poisoned Stab","Dagger Spray","Slice","Noxious Fumes","Flying Knee","Outmaneuver","Bullet Time+1","Unload","Wraith Form v2","Dash+1","Dagger Throw","Flying Knee+1","Acrobatics","Adrenaline","Infinite Blades+1","Outmaneuver+1","Catalyst","Deflect","Bouncing Flask","Deflect+1","Sucker Punch","Backflip","Accuracy+1","Acrobatics","relicPack:StarPlatinum","Blade Dance","Poisoned Stab","Expertise"],"relics":["energizedSpire:StickyHand","relicPack:DSword","Oddly Smooth Stone","Bird Faced Urn","Black Star","Strawberry","Bag of Preparation","relicPack:StarArrow","Omamori"],"acts_visited":["Exordium","TheCity","TheBeyond"],"potions_floor_usage":[12,18,33,33,39],"damage_taken":[{"damage":0,"enemies":"Jaw Worm","floor":1,"turns":4},{"damage":0,"enemies":"2 Louse","floor":3,"turns":2},{"damage":0,"enemies":"Cultist","floor":4,"turns":3},{"damage":15,"enemies":"Exordium Wildlife","floor":5,"turns":2},{"damage":0,"enemies":"Blue Slaver","floor":8,"turns":2},{"damage":0,"enemies":"Gremlin Gang","floor":11,"turns":3},{"damage":9,"enemies":"3 Sentries","floor":12,"turns":4},{"damage":0,"enemies":"3 Louse","floor":13,"turns":3},{"damage":0,"enemies":"Hexaghost","floor":16,"turns":6},{"damage":19,"enemies":"Shell Parasite","floor":18,"turns":5},{"damage":13,"enemies":"3 Byrds","floor":20,"turns":4},{"damage":18,"enemies":"3 Cultists","floor":22,"turns":4},{"damage":7,"enemies":"Chosen and Byrds","floor":27,"turns":5},{"damage":0,"enemies":"Centurion and Healer","floor":29,"turns":4},{"damage":4,"enemies":"Cultist and Chosen","floor":30,"turns":4},{"damage":19,"enemies":"Snake Plant","floor":31,"turns":5},{"damage":63,"enemies":"Automaton","floor":33,"turns":7},{"damage":41,"enemies":"3 Darklings","floor":35,"turns":6},{"damage":16,"enemies":"Orb Walker","floor":39,"turns":3},{"damage":34,"enemies":"Reptomancer","floor":40,"turns":2}],"seed_played":"5372539380023967399","potions_obtained":[{"floor":1,"key":"Explosive Potion"},{"floor":4,"key":"GamblersBrew"},{"floor":8,"key":"SkillPotion"},{"floor":13,"key":"Energy Potion"},{"floor":20,"key":"Fire Potion"},{"floor":22,"key":"Energy Potion"},{"floor":33,"key":"Poison Potion"}],"is_trial":false,"path_per_floor":["M","?","M","M","M","R","?","M","T","$","M","E","M","?","R","B",null,"M","?","M","?","M","R","?","?","T","M","$","M","M","M","R","B",null,"M","?","?","T","M","E"],"character_chosen":"THE_SILENT","items_purchased":["Leg Sweep","Deflect"],"campfire_rested":4,"item_purchase_floors":[10,28],"current_hp_per_floor":[70,35,35,35,20,41,27,27,27,27,27,18,18,18,39,41,70,53,53,40,40,22,43,43,50,50,47,47,51,51,36,59,2,77,40,40,40,40,26,0,0],"gold":348,"neow_bonus":"BOSS_RELIC","is_daily":false,"chose_seed":false,"campfire_upgraded":0,"win_rate":0.0,"timestamp":1612556973,"path_taken":["M","?","M","M","M","R","?","M","T","?","?","E","M","?","R","BOSS","M","?","M","?","?","R","?","?","T","M","$","?","M","M","R","BOSS","M","?","?","?","M","E"],"items_purchased_type":["Card","Card"],"build_version":"2020-12-22","purchased_purges":1,"victory":false,"max_hp_per_floor":[70,70,70,70,70,70,70,70,70,70,70,70,70,70,70,70,70,70,70,70,70,70,70,70,77,77,77,77,77,77,77,77,77,77,77,77,77,77,77,77,77],"card_choices":[{"not_picked":["Tactician","Backflip"],"picked":"Choke","floor":1},{"not_picked":["Backstab","Blur"],"picked":"Dagger Spray","floor":3},{"not_picked":["Expertise","Blade Dance"],"picked":"Deadly Poison","floor":4},{"not_picked":["Dodge and Roll","Flechettes","Dagger Spray"],"picked":"SKIP","floor":5},{"not_picked":["Setup","Flying Knee"],"picked":"Slice","floor":8},{"not_picked":["Poisoned Stab","Dagger Spray"],"picked":"Slice","floor":11},{"not_picked":["Expertise","Predator","Dash"],"picked":"SKIP","floor":12},{"not_picked":["Flying Knee","Outmaneuver"],"picked":"Noxious Fumes","floor":13},{"not_picked":["Unload","Wraith Form v2"],"picked":"Bullet Time","floor":16},{"not_picked":["Dagger Throw","Flying Knee"],"picked":"Dash+1","floor":18},{"not_picked":["Dodge and Roll","Cloak And Dagger","Underhanded Strike"],"picked":"SKIP","floor":20},{"not_picked":["Flying Knee+1","Adrenaline"],"picked":"Acrobatics","floor":22},{"not_picked":["Outmaneuver+1","Catalyst"],"picked":"Infinite Blades+1","floor":27},{"not_picked":["Sucker Punch","Underhanded Strike","Heel Hook+1"],"picked":"SKIP","floor":29},{"not_picked":["Deflect+1","Sucker Punch"],"picked":"Bouncing Flask","floor":30},{"not_picked":["Backflip","Acrobatics"],"picked":"Accuracy+1","floor":31},{"not_picked":["Blade Dance","Expertise"],"picked":"Poisoned Stab","floor":35},{"not_picked":["PiercingWail","Sucker Punch+1","Poisoned Stab+1"],"picked":"SKIP","floor":39}],"player_experience":88910,"relics_obtained":[{"floor":9,"key":"Oddly Smooth Stone"},{"floor":12,"key":"Bird Faced Urn"},{"floor":26,"key":"Bag of Preparation"},{"floor":38,"key":"Omamori"}],"event_choices":[{"damage_healed":0,"gold_gain":0,"player_choice":"Entered Light","damage_taken":14,"max_hp_gain":0,"max_hp_loss":0,"event_name":"Shining Light","floor":7,"gold_loss":0,"cards_upgraded":["Backstab","Blur"]},{"damage_healed":0,"gold_gain":57,"player_choice":"Gained Gold","damage_taken":0,"max_hp_gain":0,"max_hp_loss":0,"event_name":"Golden Wing","floor":14,"gold_loss":0},{"damage_healed":0,"gold_gain":0,"player_choice":"Ignored","damage_taken":0,"max_hp_gain":0,"max_hp_loss":0,"event_name":"Vampires","floor":19,"gold_loss":0},{"damage_healed":0,"gold_gain":0,"player_choice":"Upgraded","damage_taken":0,"max_hp_gain":0,"max_hp_loss":0,"event_name":"Upgrade Shrine","floor":21,"gold_loss":0,"cards_upgraded":["Bullet Time"]},{"damage_healed":0,"gold_gain":0,"player_choice":"Ignored","damage_taken":0,"max_hp_gain":0,"max_hp_loss":0,"event_name":"Beggar","floor":24,"gold_loss":0},{"damage_healed":0,"gold_gain":0,"player_choice":"Obtained Relic","damage_taken":0,"relics_obtained":["Strawberry"],"max_hp_gain":0,"max_hp_loss":0,"event_name":"Addict","floor":25,"gold_loss":85},{"damage_healed":0,"gold_gain":3,"player_choice":"1","damage_taken":0,"max_hp_gain":0,"max_hp_loss":0,"event_name":"betterStone:BetterStone","floor":36,"gold_loss":0},{"damage_healed":0,"gold_gain":0,"player_choice":"Ignored","damage_taken":0,"max_hp_gain":0,"max_hp_loss":0,"event_name":"Mysterious Sphere","floor":37,"gold_loss":0}],"is_beta":false,"boss_relics":[{"not_picked":["Runic Pyramid","SacredBark"],"picked":"Black Star"},{"not_picked":["energizedSpire:NeverEndingSparkler","Fusion Hammer"],"picked":"relicPack:StarArrow"}],"items_purged_floors":[28],"is_endless":false,"potions_floor_spawned":[1,4,8,13,16,20,22,33],"killed_by":"Reptomancer","ascension_level":0}}