{"host":"5w7hw1ne5h7avrl9","time":1612503169,"event":{"mods":["AchievementEnabler","BaseMod","Colored Map","Colored Powertips","Displayed Cursed Tome","Googly Eyes","Minty Spire (QoL Compilation)","SuperFastMode"],"gold_per_floor":[119,119,119,119,142,177,177,190,213,229,229,250,250,250,250,370,370,395,175,175,175,188,188,18,52,123,123,142,173,200,212,224,236,236],"floor_reached":33,"language":"ENG","playtime":1708,"items_purged":["Strike_B","Writhe"],"score":311,"play_id":"bfbe31cb-c3f0-4af6-b989-4bf0c403980c","local_time":"20210204213249","is_ascension_mode":true,"campfire_choices":[{"floor":7,"key":"REST"},{"floor":13,"key":"REST"},{"floor":15,"key":"REST"},{"data":"Thunder Strike","floor":23,"key":"SMITH"},{"data":"Static Discharge","floor":27,"key":"SMITH"},{"floor":32,"key":"REST"}],"circlet_count":0,"master_deck":["Strike_B","Strike_B","Defend_B","Defend_B","Defend_B","Defend_B","Zap","Dualcast+1","Thunder Strike+1","Streamline","Static Discharge+1","Auto Shields","Ball Lightning","Ball Lightning+1","Reboot","Redo+1","Capacitor","Self Repair+1","Go for the Eyes"],"relics":["Cracked Core","Golden Idol","Juzu Bracelet","Question Card","Pen Nib","Sozu","Strange Spoon","Art of War","Bottled Flame","Pear","MawBank"],"acts_visited":["Exordium","TheCity"],"potions_floor_usage":[6,16,25],"damage_taken":[{"damage":2,"enemies":"2 Louse","floor":1,"turns":2},{"damage":4,"enemies":"Jaw Worm","floor":5,"turns":3},{"damage":29,"enemies":"3 Sentries","floor":6,"turns":5},{"damage":4,"enemies":"Small Slimes","floor":8,"turns":3},{"damage":13,"enemies":"Red Slaver","floor":10,"turns":4},{"damage":0,"enemies":"Blue Slaver","floor":12,"turns":3},{"damage":21,"enemies":"The Guardian","floor":16,"turns":9},{"damage":23,"enemies":"2 Thieves","floor":18,"turns":3},{"damage":7,"enemies":"3 Byrds","floor":22,"turns":2},{"damage":14,"enemies":"Book of Stabbing","floor":25,"turns":4},{"damage":1,"enemies":"3 Cultists","floor":28,"turns":3},{"damage":7,"enemies":"Gremlin Leader","floor":29,"turns":5},{"damage":34,"enemies":"Centurion and Healer","floor":30,"turns":3},{"damage":45,"enemies":"Collector","floor":33,"turns":5}],"seed_played":"5180486114786868131","potions_obtained":[{"floor":1,"key":"FairyPotion"},{"floor":5,"key":"FearPotion"},{"floor":6,"key":"Swift Potion"},{"floor":16,"key":"Swift Potion"}],"is_trial":false,"path_per_floor":["M","?","?","?","M","E","R","M","T","M","?","M","R","?","R","B",null,"M","$","?","?","M","R","$","E","T","R","M","E","M","?","R","B"],"character_chosen":"DEFECT","items_purchased":["Strange Spoon","Capacitor"],"campfire_rested":4,"item_purchase_floors":[19,24],"current_hp_per_floor":[73,55,13,13,9,4,26,22,22,9,2,2,24,9,31,10,75,52,52,52,52,45,45,45,31,41,41,40,43,9,9,34,0,0],"gold":236,"neow_bonus":"THREE_RARE_CARDS","is_daily":false,"chose_seed":false,"campfire_upgraded":2,"win_rate":0.0,"timestamp":1612503169,"path_taken":["M","?","?","?","M","E","R","M","T","M","?","M","R","?","R","BOSS","M","$","?","?","M","R","$","E","T","R","M","E","M","?","R","BOSS"],"items_purchased_type":["Relic","Card"],"build_version":"2020-12-22","purchased_purges":2,"victory":false,"max_hp_per_floor":[75,75,75,75,75,75,75,75,75,75,75,75,75,75,75,75,75,75,75,75,75,75,75,75,75,85,85,85,85,85,85,85,85,85],"card_choices":[{"not_picked":["Reboot","Fission"],"picked":"Thunder Strike","floor":0},{"not_picked":["Stack","BootSequence"],"picked":"Streamline","floor":1},{"not_picked":["Conserve Battery","Go for the Eyes"],"picked":"Static Discharge","floor":5},{"not_picked":["Cold Snap","Compile Driver"],"picked":"Auto Shields","floor":6},{"not_picked":["Heatsinks","Rip and Tear","Streamline"],"picked":"Ball Lightning","floor":8},{"not_picked":["Sweeping Beam","Echo Form","Leap"],"picked":"Ball Lightning","floor":10},{"not_picked":["Conserve Battery","Stack","Coolheaded","Leap"],"picked":"SKIP","floor":12},{"not_picked":["Multi-Cast","Rainbow","Creative AI"],"picked":"Reboot","floor":16},{"not_picked":["Sweeping Beam+1","Go for the Eyes","Barrage"],"picked":"Redo+1","floor":18},{"not_picked":["Leap","Reprogram+1","Glacier","Barrage+1"],"picked":"SKIP","floor":22},{"not_picked":["Redo","Beam Cell","Storm+1","Chill"],"picked":"SKIP","floor":25},{"not_picked":["Skim","Beam Cell+1","Compile Driver"],"picked":"Self Repair+1","floor":28},{"not_picked":["Go for the Eyes","Steam Power+1","Glacier","Doom and Gloom"],"picked":"SKIP","floor":29},{"not_picked":["Coolheaded","Melter","Turbo+1"],"picked":"Go for the Eyes","floor":30}],"player_experience":199192,"relics_obtained":[{"floor":6,"key":"Question Card"},{"floor":9,"key":"Pen Nib"},{"floor":25,"key":"Bottled Flame"},{"floor":26,"key":"Pear"},{"floor":29,"key":"MawBank"}],"event_choices":[{"damage_healed":0,"gold_gain":0,"player_choice":"Take Damage","damage_taken":18,"relics_obtained":["Golden Idol"],"max_hp_gain":0,"max_hp_loss":0,"event_name":"Golden Idol","floor":2,"gold_loss":0},{"damage_healed":0,"gold_gain":0,"player_choice":"Success","damage_taken":42,"relics_obtained":["Juzu Bracelet"],"max_hp_gain":0,"max_hp_loss":0,"event_name":"Scrap Ooze","floor":3,"gold_loss":0},{"cards_removed":["Writhe"],"damage_healed":0,"gold_gain":0,"player_choice":"Removed Curses","damage_taken":0,"max_hp_gain":0,"max_hp_loss":0,"event_name":"Fountain of Cleansing","floor":4,"gold_loss":0},{"cards_removed":["Strike_B"],"damage_healed":0,"gold_gain":0,"player_choice":"Card Removal","damage_taken":7,"max_hp_gain":0,"max_hp_loss":0,"event_name":"Golden Wing","floor":11,"gold_loss":0},{"damage_healed":0,"gold_gain":0,"player_choice":"Entered Light","damage_taken":15,"max_hp_gain":0,"max_hp_loss":0,"event_name":"Shining Light","floor":14,"gold_loss":0,"cards_upgraded":["Ball Lightning","Dualcast"]},{"damage_healed":0,"gold_gain":0,"player_choice":"0 cards matched","damage_taken":0,"max_hp_gain":0,"max_hp_loss":0,"event_name":"Match and Keep!","floor":20,"gold_loss":0,"cards_obtained":[]},{"damage_healed":0,"gold_gain":0,"player_choice":"Opened","damage_taken":0,"relics_obtained":["Art of War"],"max_hp_gain":0,"max_hp_loss":0,"event_name":"The Mausoleum","floor":21,"gold_loss":0,"cards_obtained":["Writhe"]},{"damage_healed":0,"gold_gain":0,"player_choice":"Ignored","damage_taken":0,"max_hp_gain":0,"max_hp_loss":0,"event_name":"Cursed Tome","floor":31,"gold_loss":0}],"is_beta":false,"boss_relics":[{"not_picked":["SlaversCollar","Tiny House"],"picked":"Sozu"}],"items_purged_floors":[19,24],"is_endless":false,"potions_floor_spawned":[1,5,6,16,18,25],"killed_by":"Collector","ascension_level":2}}