{"host":"ga4s3hj9m6nkn6gp","time":1612556341,"event":{"mods":["AchievementEnabler","BaseMod","Bestiary","Colored Powertips","Highlight Path","Minty Spire (QoL Compilation)","Relic Stats","everything is the same but u backflip on backflip"],"gold_per_floor":[117,129,142,142,159,159,159,159],"floor_reached":7,"language":"ENG","playtime":357,"items_purged":[],"score":75,"play_id":"a78197bd-9d3b-497c-a7aa-b47addc71c0e","local_time":"20210205211901","is_ascension_mode":true,"campfire_choices":[{"data":"Reprogram","floor":6,"key":"SMITH"}],"circlet_count":0,"master_deck":["AscendersBane","Strike_B","Strike_B","Strike_B","Strike_B","Defend_B","Defend_B","Defend_B","Defend_B","Zap","Dualcast","Hologram","Cold Snap","Reprogram+1","Beam Cell"],"relics":["Cracked Core","Symbiotic Virus"],"acts_visited":["Exordium"],"potions_floor_usage":[],"damage_taken":[{"damage":2,"enemies":"Jaw Worm","floor":1,"turns":3},{"damage":1,"enemies":"2 Louse","floor":2,"turns":3},{"damage":10,"enemies":"Small Slimes","floor":3,"turns":3},{"damage":16,"enemies":"Exordium Thugs","floor":5,"turns":5},{"damage":39,"enemies":"3 Sentries","floor":7,"turns":5}],"seed_played":"6199473660149394724","potions_obtained":[],"is_trial":false,"path_per_floor":["M","M","M","?","M","R","E"],"character_chosen":"DEFECT","items_purchased":[],"campfire_rested":0,"item_purchase_floors":[],"current_hp_per_floor":[69,68,58,53,37,37,0,0],"gold":159,"neow_bonus":"TEN_PERCENT_HP_BONUS","is_daily":false,"chose_seed":false,"campfire_upgraded":1,"win_rate":0.0,"timestamp":1612556341,"path_taken":["M","M","M","?","M","R","E"],"items_purchased_type":[],"build_version":"2020-12-22","purchased_purges":0,"victory":false,"max_hp_per_floor":[78,78,78,78,78,78,78,78],"relic_stats":{"counters":[5,19],"obtain_stats":[{"Cracked Core":0,"Symbiotic Virus":4},{"Cracked Core":0,"Symbiotic Virus":3},{"Cracked Core":0,"Symbiotic Virus":9}]},"card_choices":[{"not_picked":["Steam","Steam Power"],"picked":"Hologram","floor":1},{"not_picked":["Barrage","Darkness"],"picked":"Cold Snap","floor":2},{"not_picked":["Leap","Melter"],"picked":"Reprogram","floor":3},{"not_picked":["Gash","Amplify"],"picked":"Beam Cell","floor":5}],"player_experience":734328,"relics_obtained":[],"event_choices":[{"damage_healed":0,"gold_gain":0,"player_choice":"Success","damage_taken":5,"relics_obtained":["Symbiotic Virus"],"max_hp_gain":0,"max_hp_loss":0,"event_name":"Scrap Ooze","floor":4,"gold_loss":0}],"is_beta":false,"boss_relics":[],"items_purged_floors":[],"is_endless":false,"potions_floor_spawned":[],"killed_by":"3 Sentries","ascension_level":15}}