{"host":"szp1d6dso4pv7ddl","time":1612486390,"event":{"mods":["AchievementEnabler","Alarm Clock","BaseMod","Bestiary","Block Reminder","Colored Map","Colored Powertips","Curses Come First","Dark Map","Displayed Cursed Tome","Highlight Path","Minty Spire (QoL Compilation)","Permanent Neow","Quick Restart","Relic Sorter","Relic Stats","StSLib","Synergy Search"],"gold_per_floor":[209,209,209,227,227,227,246,246,246,265,286,286,306,306,306,402,402,423,269,284,234,62,62,103,121,147,18,37,37,51,51,51],"floor_reached":31,"language":"ENG","playtime":1110,"items_purged":["Injury","Defend_R"],"score":457,"play_id":"2a272e61-acd3-40e5-9b73-67c6fdd203f7","local_time":"20210204165310","is_ascension_mode":true,"campfire_choices":[{"floor":6,"key":"REST"},{"data":"Sword Boomerang","floor":8,"key":"SMITH"},{"data":"Twin Strike","floor":12,"key":"SMITH"},{"data":"Spot Weakness","floor":15,"key":"SMITH"},{"floor":23,"key":"REST"}],"circlet_count":0,"master_deck":["AscendersBane","Strike_R","Strike_R","Strike_R","Strike_R+1","Defend_R+1","Defend_R","Defend_R","Bash+1","Twin Strike+1","Shrug It Off+1","Sword Boomerang+1","Spot Weakness+1","Immolate","Cleave","Disarm","Carnage","Shrug It Off","Headbutt"],"relics":["Burning Blood","Golden Idol","Ginger","Fusion Hammer","Sling","Incense Burner","MealTicket"],"acts_visited":["Exordium","TheCity"],"potions_floor_usage":[16,20,31],"damage_taken":[{"damage":11,"enemies":"Jaw Worm","floor":1,"turns":5},{"damage":5,"enemies":"2 Louse","floor":4,"turns":3},{"damage":0,"enemies":"Cultist","floor":7,"turns":4},{"damage":0,"enemies":"3 Louse","floor":10,"turns":3},{"damage":4,"enemies":"Red Slaver","floor":11,"turns":3},{"damage":1,"enemies":"2 Fungi Beasts","floor":13,"turns":3},{"damage":27,"enemies":"The Guardian","floor":16,"turns":7},{"damage":26,"enemies":"Chosen","floor":18,"turns":4},{"damage":19,"enemies":"3 Byrds","floor":20,"turns":5},{"damage":33,"enemies":"Book of Stabbing","floor":24,"turns":5},{"damage":24,"enemies":"Snake Plant","floor":25,"turns":3},{"damage":0,"enemies":"Chosen and Byrds","floor":28,"turns":5},{"damage":37,"enemies":"Snecko","floor":30,"turns":4},{"damage":26,"enemies":"3 Cultists","floor":31,"turns":3}],"seed_played":"-706662900218047492","potions_obtained":[{"floor":1,"key":"Energy Potion"},{"floor":11,"key":"DuplicationPotion"},{"floor":18,"key":"Energy Potion"},{"floor":24,"key":"SpeedPotion"}],"is_trial":false,"path_per_floor":["M","?","?","M","?","R","M","R","T","M","M","R","M","?","R","B",null,"M","$","M","?","$","R","E","M","T","$","M","$","M","M"],"character_chosen":"IRONCLAD","items_purchased":["Disarm","Sling","Shrug It Off"],"campfire_rested":2,"item_purchase_floors":[19,22,27],"current_hp_per_floor":[63,40,33,34,34,56,62,62,62,68,70,70,75,80,80,59,75,55,55,42,42,42,66,39,21,21,36,42,57,26,0,0],"gold":51,"neow_bonus":"HUNDRED_GOLD","is_daily":false,"chose_seed":false,"campfire_upgraded":3,"win_rate":0.0,"timestamp":1612486390,"path_taken":["M","?","?","M","?","R","M","R","T","M","M","R","?","?","R","BOSS","M","$","M","?","$","R","E","M","T","$","M","?","M","M"],"items_purchased_type":["Card","Relic","Card"],"build_version":"2020-12-22","purchased_purges":2,"victory":false,"max_hp_per_floor":[75,75,75,75,75,75,75,75,75,75,75,75,75,80,80,80,80,80,80,80,80,80,80,80,80,80,80,80,80,80,80,80],"relic_stats":{"counters":[14,57],"Golden Idol":61,"MealTicket":30,"Ginger":[9],"obtain_stats":[{"Golden Idol":5,"MealTicket":26,"Fusion Hammer":17,"Incense Burner":24,"Ginger":9,"Sling":22,"Burning Blood":0},{"Golden Idol":2,"MealTicket":11,"Fusion Hammer":7,"Incense Burner":10,"Ginger":3,"Sling":9,"Burning Blood":0},{"Golden Idol":8,"MealTicket":45,"Fusion Hammer":28,"Incense Burner":42,"Ginger":12,"Sling":37,"Burning Blood":0}],"Burning Blood":78},"card_choices":[{"not_picked":["Metallicize","Wild Strike"],"picked":"Twin Strike","floor":1},{"not_picked":["Pummel","Reckless Charge"],"picked":"Shrug It Off","floor":4},{"not_picked":["Havoc","Perfected Strike"],"picked":"Sword Boomerang","floor":7},{"not_picked":["Wild Strike","Cleave"],"picked":"Spot Weakness","floor":10},{"not_picked":["Power Through","Burning Pact","Reckless Charge"],"picked":"SKIP","floor":11},{"not_picked":["Anger","Rupture","Clash"],"picked":"SKIP","floor":13},{"not_picked":["Bludgeon","Berserk"],"picked":"Immolate","floor":16},{"not_picked":["Spot Weakness","Heavy Blade"],"picked":"Cleave","floor":18},{"not_picked":["Flex","Spot Weakness"],"picked":"Carnage","floor":20},{"not_picked":["Evolve","Flex","Dark Embrace"],"picked":"SKIP","floor":24},{"not_picked":["Infernal Blade","Sword Boomerang","Clash"],"picked":"SKIP","floor":25},{"not_picked":["Pommel Strike","Spot Weakness"],"picked":"Headbutt","floor":28},{"not_picked":["Twin Strike","Rampage","Fire Breathing"],"picked":"SKIP","floor":30}],"player_experience":1362641,"relics_obtained":[{"floor":9,"key":"Ginger"},{"floor":24,"key":"Incense Burner"},{"floor":26,"key":"MealTicket"}],"event_choices":[{"damage_healed":0,"gold_gain":0,"player_choice":"Entered Light","damage_taken":23,"max_hp_gain":0,"max_hp_loss":0,"event_name":"Shining Light","floor":2,"gold_loss":0,"cards_upgraded":["Defend_R","Bash"]},{"cards_removed":["Strike_R"],"damage_healed":0,"gold_gain":0,"player_choice":"Card Removal","damage_taken":7,"max_hp_gain":0,"max_hp_loss":0,"event_name":"Golden Wing","floor":3,"gold_loss":0},{"damage_healed":0,"gold_gain":0,"player_choice":"Take Wound","damage_taken":0,"relics_obtained":["Golden Idol"],"max_hp_gain":0,"max_hp_loss":0,"event_name":"Golden Idol","floor":5,"gold_loss":0,"cards_obtained":["Injury"]},{"damage_healed":0,"gold_gain":0,"player_choice":"Donut","damage_taken":0,"max_hp_gain":5,"max_hp_loss":0,"event_name":"Big Fish","floor":14,"gold_loss":0},{"damage_healed":0,"gold_gain":0,"player_choice":"Upgraded Two","damage_taken":0,"max_hp_gain":0,"max_hp_loss":0,"event_name":"Designer","floor":21,"gold_loss":50,"cards_upgraded":["Shrug It Off","Strike_R"]}],"is_beta":false,"boss_relics":[{"not_picked":["Cursed Key","Astrolabe"],"picked":"Fusion Hammer"}],"items_purged_floors":[19,27],"is_endless":false,"potions_floor_spawned":[1,11,18,24,25,28],"killed_by":"3 Cultists","ascension_level":17}}