{"host":"fmegyk2zep2mz06j","time":1612558214,"event":{"mods":["BaseMod","Beaked The Cultist","Downfall","Fiend Mod","Hubris","Marisa????????","Minty Spire (QoL Compilation)","Onozuka Komachi Mod","READ ME - Guardian Mod","READ ME - Snecko Mod","StSLib","The Construct","The Cursed","The Disciple","The Dragon Tamer","The Judge","The Mystic","The Necromancer","The Runesmith","The Servant 0.9.4","thorton"],"gold_per_floor":[110,121,121,132,232,232,242,242,318,318,136,148,148,167,167,271,271,289,303,303,322,322,322],"floor_reached":22,"language":"ENG","playtime":1179,"items_purged":[],"score":178,"play_id":"09f5f56a-1ea4-4b81-a1c3-a4aec665e8cc","local_time":"20210205215014","is_ascension_mode":false,"campfire_choices":[{"data":"Bone_Bullets","floor":6,"key":"SMITH"},{"data":"Detonate_Bones","floor":8,"key":"SMITH"},{"data":"Negative_Energy_Mist","floor":10,"key":"SMITH"},{"data":"Mayhem","floor":13,"key":"SMITH"},{"data":"Negative_Energy_Arrows","floor":15,"key":"SMITH"}],"circlet_count":0,"master_deck":["Strike_W","Strike_W","Strike_W","Strike_W","Defend_W","Defend_W","Defend_W","Defend_W","Negative_Energy_Arrows+1","Bone_Wall","Bone_Bullets+1","Death_March_Dance","Negative_Energy_Mist+1","Detonate_Bones+1","Mayhem+1","Toxic_Smoke_Screen","Hellfire","Bone_Shift+1","Whirlwind_of_Bones+1"],"relics":["Vampire_Amulet","Anchor","Mercury Hourglass","beaked:MawFillet","hubris:BottledHeart"],"acts_visited":["Exordium","TheCity"],"potions_floor_usage":[],"damage_taken":[{"damage":2,"enemies":"Jaw Worm","floor":1,"turns":8},{"damage":0,"enemies":"Cultist","floor":2,"turns":3},{"damage":0,"enemies":"2 Louse","floor":4,"turns":3},{"damage":0,"enemies":"Large Slime","floor":7,"turns":5},{"damage":2,"enemies":"Looter","floor":12,"turns":3},{"damage":10,"enemies":"Blue Slaver","floor":14,"turns":4},{"damage":60,"enemies":"Slime Boss","floor":16,"turns":14},{"damage":18,"enemies":"Shell Parasite","floor":18,"turns":5},{"damage":0,"enemies":"3 Byrds","floor":19,"turns":4},{"damage":0,"enemies":"Snake Plant","floor":21,"turns":4}],"seed_played":"-3403701219332600432","potions_obtained":[{"floor":7,"key":"SmokeBomb"},{"floor":21,"key":"EssenceOfSteel"}],"is_trial":false,"path_per_floor":["M","M","?","M","?","R","M","R","T","R","$","M","R","M","R","B",null,"M","M","?","M","?"],"character_chosen":"NECROMANCER","items_purchased":["Mayhem"],"campfire_rested":0,"item_purchase_floors":[11],"current_hp_per_floor":[75,75,75,75,75,75,75,75,75,75,75,75,75,67,67,15,75,59,65,1,1,0,0],"gold":322,"neow_bonus":"RANDOM_COMMON_RELIC","is_daily":false,"chose_seed":false,"campfire_upgraded":5,"win_rate":0.0,"timestamp":1612558214,"path_taken":["M","M","?","M","?","R","M","R","T","R","$","M","R","?","R","BOSS","M","?","?","M","?"],"items_purchased_type":["Card"],"build_version":"2020-12-22","purchased_purges":0,"victory":false,"max_hp_per_floor":[75,75,75,75,75,75,75,75,75,75,75,75,75,75,75,75,75,75,75,1,1,1,1],"card_choices":[{"not_picked":["Vampiric_Strike","Bone_Armor"],"picked":"Bone_Bullets","floor":1},{"not_picked":["Death_Coil","Reap_The_Weak"],"picked":"Death_March_Dance","floor":2},{"not_picked":["Shackles_Of_Pain","Bone_Bullets"],"picked":"Negative_Energy_Mist","floor":4},{"not_picked":["Bones_to_Steel","Death_Coil"],"picked":"Detonate_Bones","floor":7},{"not_picked":["Death_Coil","Bones_to_Steel"],"picked":"Toxic_Smoke_Screen","floor":12},{"not_picked":["Death_March_Dance","Vampiric_Strike","Epidemic"],"picked":"SKIP","floor":14},{"not_picked":["Blood_Wake","Blood_Magic"],"picked":"Hellfire","floor":16},{"not_picked":["Blood_Whip+1","Toxic_Smoke_Screen","Uncharnel"],"picked":"SKIP","floor":18},{"not_picked":["Death_March_Dance+1","Consume_Illness"],"picked":"Bone_Shift+1","floor":19},{"not_picked":["Acid_Javelin","Life_Tap"],"picked":"Whirlwind_of_Bones+1","floor":21}],"player_experience":127904,"relics_obtained":[{"floor":9,"key":"Mercury Hourglass"}],"event_choices":[{"damage_healed":0,"gold_gain":0,"player_choice":"Leave","damage_taken":0,"max_hp_gain":0,"max_hp_loss":0,"event_name":"The Cleric","floor":3,"gold_loss":0},{"damage_healed":0,"gold_gain":100,"player_choice":"Pray","damage_taken":0,"max_hp_gain":0,"max_hp_loss":0,"event_name":"Golden Shrine","floor":5,"gold_loss":0}],"is_beta":false,"boss_relics":[{"not_picked":["hubris:TerracottaHorce","Ectoplasm"],"picked":"beaked:MawFillet"}],"items_purged_floors":[],"is_endless":false,"potions_floor_spawned":[7,21],"ascension_level":0}}