{"host":"23qk1co0p3p8qz56","time":1612555372,"event":{"mods":["100% Spire Juice","AchievementEnabler","Act Like it!","Arknights","BaseMod","Better Note","Better Third Choice","BetterRewards","CapriCore","Chen","Colored Map","Friendly Minions","Gensokyo","Gold Saver","KinomotoSakuraMod(木之本?)","Koishi","Lobotomy","LobotomyExtend","Marisa（霧雨　魔理沙）","Minty Spire (QoL Compilation)","Prisma Mod","Reimu（博??梦）","Remilia（蕾米莉?）","StSLib","The Alterego","The Animator","The Immortal","The Senshi","Waifu the Spire","Yakumo Yukari mod","Yohane!","Yuyuko"],"gold_per_floor":[343,361,378,378,241,241,276,276,276,293,304,160,175,189,189,286,286,286,286,286,286,286,286,286,286,286,286,286,286,286,286,286,286,286,286,286,286,286,0,0,0,0,0,0,0,0,0,0,0,0],"floor_reached":51,"language":"ENG","playtime":5491,"items_purged":[],"score":822,"play_id":"868a9805-952a-45d1-9ca1-ee5237df850c","local_time":"20210205130252","is_ascension_mode":false,"campfire_choices":[{"floor":6,"key":"REST"},{"floor":8,"key":"REST"},{"data":"Postpone Bloom","floor":15,"key":"SMITH"},{"floor":23,"key":"REST"},{"floor":32,"key":"REST"},{"floor":40,"key":"REST"},{"floor":42,"key":"REST"},{"floor":45,"key":"REST"},{"floor":49,"key":"REST"}],"circlet_count":0,"master_deck":["Fantasy Butterflies","Fantasy Butterflies","Fantasy Butterflies","Fantasy Butterflies","Fantasy Butterflies","Dreamy Sakura","Dreamy Sakura","Dreamy Sakura","Dreamy Sakura","Dreamy Sakura","Deathly Ground","Faramita\u0027s Temptation","Postpone Bloom+1","Ghostdom Sakura","Nihility","Serene Spring","The Nether","Dancing Butterflies","Spear of Papilio","Sweet of Phantom","Sakura Ward","Sakura Sakura","Dancing Soul+1","Phantom Gift+1","Unknown Petal+1","Butterflies Rainbow","Cerasus Subhirtella","Dying Sakura","Steamed Phantom","Suicide+1","Bury in The Template","City of Death","Snowing Sakura","Gone","Unborn Light","End of Faramita","Open The Fan","Fondling of Papilio","Full Moon"],"relics":["Coronal","Yuyuko\u0027s fan","LetterFromLob","FaceOfCleric","Torii","Letter Opener","Blood Vial","Ectoplasm","Frozen Egg 2","Incense Burner","Happy Flower","Busted Crown","Red Mask","theSenshi:SailorFukuRelic"],"acts_visited":["Exordium","TheCity","TheBeyond"],"potions_floor_usage":[50,50],"damage_taken":[{"damage":15,"enemies":"Cultist","floor":1,"turns":4},{"damage":19,"enemies":"2 Louse","floor":2,"turns":2},{"damage":23,"enemies":"Jaw Worm","floor":3,"turns":4},{"damage":50,"enemies":"Gremlin Nob","floor":7,"turns":6},{"damage":10,"enemies":"Lots of Slimes","floor":10,"turns":3},{"damage":21,"enemies":"Large Slime","floor":11,"turns":5},{"damage":7,"enemies":"2 Fungi Beasts","floor":13,"turns":3},{"damage":14,"enemies":"3 Louse","floor":14,"turns":2},{"damage":25,"enemies":"The Guardian","floor":16,"turns":11},{"damage":37,"enemies":"Chosen","floor":19,"turns":8},{"damage":27,"enemies":"Spheric Guardian","floor":20,"turns":5},{"damage":51,"enemies":"Chosen and Byrds","floor":21,"turns":7},{"damage":30,"enemies":"Cultist and Chosen","floor":22,"turns":8},{"damage":35,"enemies":"Book of Stabbing","floor":24,"turns":5},{"damage":10,"enemies":"3 Cultists","floor":25,"turns":5},{"damage":41,"enemies":"Snake Plant","floor":27,"turns":5},{"damage":18,"enemies":"Centurion and Healer","floor":28,"turns":6},{"damage":54,"enemies":"Gremlin Leader","floor":30,"turns":6},{"damage":21,"enemies":"Cultist and Chosen","floor":31,"turns":7},{"damage":58,"enemies":"Collector","floor":33,"turns":10},{"damage":5,"enemies":"Orb Walker","floor":35,"turns":5},{"damage":21,"enemies":"3 Darklings","floor":37,"turns":6},{"damage":3,"enemies":"Transient","floor":38,"turns":5},{"damage":7,"enemies":"Spire Growth","floor":44,"turns":6},{"damage":5,"enemies":"3 Darklings","floor":47,"turns":5},{"damage":4,"enemies":"Jaw Worm Horde","floor":48,"turns":4},{"damage":243,"enemies":"Time Eater","floor":50,"turns":17}],"seed_played":"2851719002140864943","potions_obtained":[{"floor":11,"key":"ZuzhouPotion:ReiMu"},{"floor":13,"key":"DuplicationPotion"},{"floor":14,"key":"Block Potion"},{"floor":16,"key":"AttackPotion"},{"floor":19,"key":"LiquidMemories"},{"floor":33,"key":"Firefly"}],"is_trial":false,"path_per_floor":["M","M","M","?","$","R","E","R","T","M","M","$","M","M","R","B",null,"M","M","M","M","M","R","E","M","T","M","M","?","E","M","R","B",null,"M","?","M","M","?","R","$","R","T","M","R","?","M","M","R","B",null],"character_chosen":"YUYOKO","items_purchased":["Nihility","Serene Spring","Blood Vial"],"campfire_rested":8,"item_purchase_floors":[5,5,12],"current_hp_per_floor":[36,26,29,29,29,40,7,19,19,38,38,38,39,32,32,35,46,46,38,43,18,30,45,46,46,46,48,48,48,49,55,56,47,57,48,48,50,40,40,57,57,57,57,52,58,58,54,37,55,2],"gold":0,"neow_bonus":"THREE_CARDS","is_daily":false,"chose_seed":false,"campfire_upgraded":1,"win_rate":0.0,"timestamp":1612555372,"path_taken":["M","M","M","?","$","R","E","R","T","M","M","?","?","M","R","BOSS","M","M","M","?","?","R","E","M","T","M","M","?","E","?","R","BOSS","M","?","M","M","?","R","$","R","T","M","R","?","M","M","R","BOSS"],"items_purchased_type":["Card","Card","Relic"],"build_version":"2020-12-22","purchased_purges":0,"victory":true,"max_hp_per_floor":[40,40,40,40,40,40,41,41,41,42,43,43,44,45,45,46,46,46,47,48,49,50,50,51,52,52,53,54,54,55,56,56,57,57,58,55,56,57,57,57,57,57,57,58,58,58,59,60,60,61],"card_choices":[{"not_picked":["Unborn Light","Gone","Phantom Village"],"picked":"SKIP","floor":1},{"not_picked":["Gather the Spring","Bloom"],"picked":"Postpone Bloom","floor":2},{"not_picked":["Death Dancing","Dying Sakura"],"picked":"Ghostdom Sakura","floor":3},{"not_picked":["Dark Wind","Infinite Sin"],"picked":"The Nether","floor":7},{"not_picked":["Bloom","Explore Ghostdom"],"picked":"Dancing Butterflies","floor":10},{"not_picked":["Phantom Butterflies","Dark Wind"],"picked":"Spear of Papilio","floor":11},{"not_picked":["Spear of Papilio","Dancing Butterflies"],"picked":"Sweet of Phantom","floor":13},{"not_picked":["Ghostdom Sakura","The Forgotten Winter"],"picked":"Sakura Ward","floor":14},{"not_picked":["The Way to Death","Reunion after Death"],"picked":"Sakura Sakura","floor":16},{"not_picked":["Lunch","Infinite Sin"],"picked":"Dancing Soul+1","floor":19},{"not_picked":["Elegance","End of Faramita"],"picked":"Phantom Gift+1","floor":20},{"not_picked":["Nihility","Wandering Soul"],"picked":"Unknown Petal+1","floor":21},{"not_picked":["Ghostdom Sakura","Monster Cherry Tree+1"],"picked":"Butterflies Rainbow","floor":22},{"not_picked":["Steamed Phantom","Triple Snow"],"picked":"Cerasus Subhirtella","floor":24},{"not_picked":["Unstable Ward","All Wander"],"picked":"Dying Sakura","floor":25},{"not_picked":["Butterflies Rainbow","Sakura Ward"],"picked":"Steamed Phantom","floor":27},{"not_picked":["The Forgotten Winter","Spear of Papilio"],"picked":"Suicide+1","floor":28},{"not_picked":["Unknown Petal","Snow"],"picked":"Bury in The Template","floor":30},{"not_picked":["Bloom","Unborn Light"],"picked":"City of Death","floor":31},{"not_picked":["Supernatural Nether","Ghost Lead+1"],"picked":"Snowing Sakura","floor":33},{"not_picked":[],"picked":"Gone","floor":35},{"not_picked":[],"picked":"Unborn Light","floor":37},{"not_picked":[],"picked":"End of Faramita","floor":38},{"not_picked":[],"picked":"Open The Fan","floor":44},{"not_picked":[],"picked":"Fondling of Papilio","floor":47},{"not_picked":[],"picked":"Full Moon","floor":48}],"player_experience":39317,"relics_obtained":[{"floor":1,"key":"LetterFromLob"},{"floor":7,"key":"Torii"},{"floor":9,"key":"Letter Opener"},{"floor":24,"key":"Frozen Egg 2"},{"floor":26,"key":"Incense Burner"},{"floor":30,"key":"Happy Flower"},{"floor":43,"key":"theSenshi:SailorFukuRelic"}],"event_choices":[{"damage_healed":0,"gold_gain":0,"player_choice":"Trade","damage_taken":0,"relics_obtained":["FaceOfCleric"],"max_hp_gain":0,"max_hp_loss":0,"event_name":"FaceTrader","floor":4,"gold_loss":0},{"damage_healed":0,"gold_gain":0,"player_choice":"Ignored","damage_taken":0,"max_hp_gain":0,"max_hp_loss":0,"event_name":"betterNote:BetterNote","floor":29,"gold_loss":0,"cards_obtained":["animator:Megumin"]},{"damage_healed":0,"gold_gain":0,"player_choice":"Max HP","damage_taken":0,"max_hp_gain":0,"max_hp_loss":3,"event_name":"Winding Halls","floor":36,"gold_loss":0},{"damage_healed":0,"gold_gain":0,"player_choice":"Paid","damage_taken":0,"relics_obtained":["Red Mask"],"max_hp_gain":0,"max_hp_loss":0,"event_name":"Tomb of Lord Red Mask","floor":39,"gold_loss":286}],"is_beta":false,"boss_relics":[{"not_picked":["Calling Bell","Empty Cage"],"picked":"Ectoplasm"},{"not_picked":["SlaversCollar","Astrolabe"],"picked":"Busted Crown"}],"items_purged_floors":[],"is_endless":false,"potions_floor_spawned":[11,13,14,16,19,22,25,28,33,37,38,48],"ascension_level":0}}