{"host":"vl29iwkwnyytuw8q","time":1612545497,"event":{"mods":["BaseMod","Minty Spire (QoL Compilation)","Permanent Neow","Relic Stats","StSLib"],"gold_per_floor":[109,129,179,190,206,206,239,239,239,239,250,280,280,280,280,355,355,374,389,151,162,74,74,91,100,100,140,140,140],"floor_reached":28,"language":"ENG","playtime":997,"items_purged":["Grand Finale"],"score":460,"play_id":"53a36792-2be0-4172-940b-c5d2d9b7f016","local_time":"20210205181817","is_ascension_mode":true,"campfire_choices":[{"data":"Calculated Gamble","floor":6.0,"key":"SMITH"},{"floor":8.0,"key":"REST"},{"data":"Phantasmal Killer","floor":10.0,"key":"SMITH"},{"floor":13.0,"key":"REST"},{"data":"Blade Dance","floor":15.0,"key":"SMITH"},{"floor":23,"key":"REST"}],"circlet_count":0,"master_deck":["AscendersBane","Survivor","Neutralize","Calculated Gamble+1","Underhanded Strike","Phantasmal Killer+1","Venomology","Quick Slash","Tools of the Trade","Flechettes","Heel Hook","Sucker Punch","Dagger Spray","Acrobatics","PiercingWail","Endless Agony","Blade Dance+1","Dodge and Roll","After Image","Malaise","CurseOfTheBell","Cloak And Dagger","Leg Sweep","Slice","Infinite Blades","Well Laid Plans","Writhe","Finisher+1"],"relics":["Pandora\u0027s Box","Juzu Bracelet","Bottled Flame","Eternal Feather","Calling Bell","Boot","Mummified Hand","Ginger","Chemical X","CeramicFish","Molten Egg 2","Red Mask"],"acts_visited":["Exordium","TheCity"],"potions_floor_usage":[21,21,27,28],"damage_taken":[{"damage":0.0,"enemies":"Cultist","floor":1.0,"turns":4.0},{"damage":8.0,"enemies":"2 Louse","floor":2.0,"turns":2.0},{"damage":4.0,"enemies":"Small Slimes","floor":4.0,"turns":3.0},{"damage":0.0,"enemies":"Exordium Wildlife","floor":5.0,"turns":1.0},{"damage":33.0,"enemies":"3 Sentries","floor":7.0,"turns":6.0},{"damage":0.0,"enemies":"Looter","floor":11.0,"turns":2.0},{"damage":25.0,"enemies":"Lagavulin","floor":12.0,"turns":6.0},{"damage":0.0,"enemies":"3 Louse","floor":14.0,"turns":1.0},{"damage":4.0,"enemies":"The Guardian","floor":16.0,"turns":9.0},{"damage":19.0,"enemies":"Spheric Guardian","floor":18.0,"turns":4.0},{"damage":22.0,"enemies":"Shell Parasite","floor":19.0,"turns":6.0},{"damage":9,"enemies":"Centurion and Healer","floor":21,"turns":6},{"damage":13,"enemies":"Sentry and Sphere","floor":24,"turns":5},{"damage":26,"enemies":"Masked Bandits","floor":27,"turns":5},{"damage":17,"enemies":"Chosen and Byrds","floor":28,"turns":3}],"seed_played":"2287243178753862574","potions_obtained":[{"floor":1.0,"key":"SmokeBomb"},{"floor":7.0,"key":"ColorlessPotion"},{"floor":16.0,"key":"SpeedPotion"}],"is_trial":false,"path_per_floor":["M","M","?","M","M","R","E","R","T","R","M","E","R","M","R","B",null,"M","M","$","M","$","R","M","?","T","?","M"],"character_chosen":"THE_SILENT","items_purchased":["Chemical X","Infinite Blades"],"campfire_rested":3,"item_purchase_floors":[20,22],"current_hp_per_floor":[59,51,45,41,41,41,8,27,27,27,27,2,33,33,45,41,60,41,19,19,10,10,44,31,31,31,5,0,0],"gold":140,"neow_bonus":"BOSS_RELIC","is_daily":false,"chose_seed":false,"campfire_upgraded":3,"win_rate":0.0,"timestamp":1612545497,"path_taken":["M","M","?","M","M","R","E","R","T","R","M","E","R","M","R","BOSS","M","M","?","M","$","R","M","?","T","?","M"],"items_purchased_type":["Relic","Card"],"build_version":"2020-12-22","purchased_purges":1,"victory":false,"max_hp_per_floor":[66,66,66,66,66,66,66,66,66,66,66,66,66,66,66,66,66,66,66,66,66,66,66,66,66,66,66,66,66],"relic_stats":{"counters":[15,63],"Mummified Hand":[11],"CeramicFish":18,"Pandora\u0027s Box":["Calculated Gamble","Underhanded Strike","Phantasmal Killer","Venomology","Quick Slash","Tools of the Trade","Flechettes","Heel Hook","Sucker Punch","Grand Finale"],"Eternal Feather":39,"Juzu Bracelet":0,"Ginger":[3],"Chemical X":[4],"Boot":[54],"obtain_stats":[{"CeramicFish":25,"Eternal Feather":12,"Juzu Bracelet":7,"Ginger":17,"Boot":17,"Calling Bell":17,"Bottled Flame":9,"Mummified Hand":17,"Pandora\u0027s Box":0,"Molten Egg 2":26,"Red Mask":27,"Chemical X":20,"Ring of the Snake":0},{"CeramicFish":13,"Eternal Feather":7,"Juzu Bracelet":5,"Ginger":9,"Boot":9,"Calling Bell":9,"Bottled Flame":5,"Mummified Hand":9,"Pandora\u0027s Box":0,"Molten Egg 2":13,"Red Mask":14,"Chemical X":11,"Ring of the Snake":0},{"CeramicFish":55,"Eternal Feather":24,"Juzu Bracelet":16,"Ginger":34,"Boot":34,"Calling Bell":34,"Bottled Flame":16,"Mummified Hand":34,"Pandora\u0027s Box":0,"Molten Egg 2":55,"Red Mask":60,"Chemical X":44,"Ring of the Snake":0}]},"card_choices":[{"not_picked":["Sucker Punch","Accuracy"],"picked":"Dagger Spray","floor":1.0},{"not_picked":["Flying Knee","Caltrops"],"picked":"Acrobatics","floor":2.0},{"not_picked":["Quick Slash","Outmaneuver"],"picked":"PiercingWail","floor":4.0},{"not_picked":["Bane","Dagger Throw"],"picked":"Endless Agony","floor":5.0},{"not_picked":["Distraction","Sucker Punch"],"picked":"Blade Dance","floor":7.0},{"not_picked":["Poisoned Stab","Dagger Spray"],"picked":"Dodge and Roll","floor":11.0},{"not_picked":["Flying Knee","Deflect"],"picked":"After Image","floor":12.0},{"not_picked":["Doppelganger","Storm of Steel"],"picked":"Malaise","floor":16.0},{"not_picked":["Flying Knee","Eviscerate"],"picked":"Cloak And Dagger","floor":18.0},{"not_picked":["Caltrops","Deadly Poison+1"],"picked":"Leg Sweep","floor":19.0},{"not_picked":["Poisoned Stab","Masterful Stab"],"picked":"Slice","floor":21},{"not_picked":["Dash","Dodge and Roll"],"picked":"Well Laid Plans","floor":24},{"not_picked":["Cloak And Dagger","Bane+1"],"picked":"Finisher+1","floor":27}],"player_experience":667952,"relics_obtained":[{"floor":7.0,"key":"Juzu Bracelet"},{"floor":9.0,"key":"Bottled Flame"},{"floor":12.0,"key":"Eternal Feather"},{"floor":17.0,"key":"Boot"},{"floor":17.0,"key":"Mummified Hand"},{"floor":17.0,"key":"Ginger"},{"floor":26,"key":"Molten Egg 2"},{"floor":27,"key":"Red Mask"}],"event_choices":[{"damage_healed":0.0,"max_hp_gain":0.0,"max_hp_loss":0.0,"gold_gain":50.0,"event_name":"FaceTrader","player_choice":"Touch","floor":3.0,"gold_loss":0.0,"damage_taken":6.0},{"damage_healed":0,"gold_gain":0,"player_choice":"Opened","damage_taken":0,"relics_obtained":["CeramicFish"],"max_hp_gain":0,"max_hp_loss":0,"event_name":"The Mausoleum","floor":25,"gold_loss":0,"cards_obtained":["Writhe"]},{"damage_healed":0,"gold_gain":0,"player_choice":"Fought Bandits","damage_taken":0,"max_hp_gain":0,"max_hp_loss":0,"event_name":"Masked Bandits","floor":27,"gold_loss":0}],"is_beta":false,"boss_relics":[{"not_picked":["Velvet Choker","Snecko Eye"],"picked":"Calling Bell"}],"items_purged_floors":[20],"is_endless":false,"potions_floor_spawned":[1,7,11,14,16,19,24],"killed_by":"Chosen and Byrds","ascension_level":20}}