{"host":"omgphoea13lnyb7y","time":1612529823,"event":{"mods":["Aspiration","BaseMod","Better Note","BetterRewards","Colored Map","DeckTracker","Hubris","Minty Spire (QoL Compilation)","StSLib","The Construct","The Cursed","The Jungle","The Necromancer"],"gold_per_floor":[115,115,115,134,10,10,38,57,112,142,174,186,211,239,251,361,373,395,426,438,450,462,493,505,531,543,572,614,626,652,680,692,808,820,844,856,884,155,171,197,20,20,20,20,32,60,60,111,111,111,111,111,63,94,94],"floor_reached":56,"language":"ENG","playtime":1780,"items_purged":["Strike_R","Strike_R","Flex"],"score":1468,"play_id":"131f868c-5b83-466f-8690-50d4f3b66c0f","local_time":"20210205045703","is_ascension_mode":true,"campfire_choices":[{"data":"Bash","floor":6,"key":"SMITH"},{"data":"Heavy Blade","floor":12,"key":"SMITH"},{"data":"Heavy Blade","floor":15,"key":"SMITH"},{"data":"Flame Barrier","floor":24,"key":"SMITH"},{"data":"Dropkick","floor":29,"key":"SMITH"},{"data":"Spot Weakness","floor":32,"key":"SMITH"},{"floor":42,"key":"RECALL"},{"data":"Thunderclap","floor":49,"key":"SMITH"},{"data":"Twin Strike","floor":52,"key":"SMITH"}],"circlet_count":0,"master_deck":["Strike_R","Strike_R","Strike_R","Defend_R","Defend_R","Defend_R","Bash+1","Heavy Blade+1","Heavy Blade+1","Thunderclap+1","Twin Strike+1","Twin Strike","Dropkick","Heavy Blade+1","Reaper","Shrug It Off+1","Flame Barrier+1","Dropkick+1","Spot Weakness+1","Cleave","Pummel+1","Cleave+1","Thunderclap"],"relics":["Burning Blood","NeowsBlessing","Pen Nib","hubris:Towel","Bag of Marbles","aspiration:ChemicalBlood","MawBank","Runic Cube","aspiration:Stabinomicon","aspiration:RitualStick","hubris:Metronome","Red Skull","aspiration:PoetsPen_weak","Pear","ClockworkSouvenir","Ornamental Fan","Blood Vial","hubris:Icosahedron","aspiration:HummingbirdHeart","FossilizedHelix","HornCleat"],"acts_visited":["Exordium","TheCity","TheBeyond","TheEnding"],"potions_floor_usage":[10,14,16,16,18,19,23,23,23,27,27,27,28,30,31,31,33,33,33,37,50,54,55],"damage_taken":[{"damage":0,"enemies":"Small Slimes","floor":1,"turns":1},{"damage":0,"enemies":"Jaw Worm","floor":4,"turns":1},{"damage":0,"enemies":"Gremlin Nob","floor":7,"turns":1},{"damage":2,"enemies":"2 Louse","floor":8,"turns":2},{"damage":13,"enemies":"3 Sentries","floor":10,"turns":4},{"damage":5,"enemies":"2 Fungi Beasts","floor":11,"turns":3},{"damage":14,"enemies":"Lots of Slimes","floor":13,"turns":4},{"damage":0,"enemies":"3 Louse","floor":14,"turns":1},{"damage":24,"enemies":"The Guardian","floor":16,"turns":4},{"damage":18,"enemies":"2 Thieves","floor":18,"turns":3},{"damage":9,"enemies":"3 Byrds","floor":19,"turns":3},{"damage":25,"enemies":"Sentry and Sphere","floor":23,"turns":5},{"damage":16,"enemies":"Shelled Parasite and Fungi","floor":25,"turns":4},{"damage":14,"enemies":"Centurion and Healer","floor":27,"turns":4},{"damage":42,"enemies":"Book of Stabbing","floor":28,"turns":5},{"damage":0,"enemies":"Snecko","floor":30,"turns":2},{"damage":22,"enemies":"Sentry and Sphere","floor":31,"turns":5},{"damage":12,"enemies":"Automaton","floor":33,"turns":4},{"damage":29,"enemies":"3 Shapes","floor":35,"turns":3},{"damage":10,"enemies":"3 Darklings","floor":37,"turns":2},{"damage":0,"enemies":"Transient","floor":39,"turns":4},{"damage":0,"enemies":"Nemesis","floor":40,"turns":1},{"damage":0,"enemies":"Spire Growth","floor":45,"turns":1},{"damage":0,"enemies":"Reptomancer","floor":46,"turns":1},{"damage":0,"enemies":"2 Orb Walkers","floor":48,"turns":1},{"damage":5,"enemies":"Donu and Deca","floor":50,"turns":2},{"damage":0,"enemies":"Shield and Spear","floor":54,"turns":2},{"damage":3,"enemies":"The Heart","floor":55,"turns":3}],"seed_played":"-7984568992998459825","potions_obtained":[{"floor":1,"key":"AttackPotion"},{"floor":4,"key":"construct:ShiftPotion"},{"floor":7,"key":"Ancient Potion"},{"floor":14,"key":"LiquidMemories"},{"floor":18,"key":"PowerPotion"},{"floor":23,"key":"Strength Potion"},{"floor":25,"key":"Strength Potion"},{"floor":28,"key":"AttackPotion"},{"floor":31,"key":"SteroidPotion"},{"floor":35,"key":"EssenceOfSteel"},{"floor":39,"key":"BlessingOfTheForge"}],"is_trial":false,"path_per_floor":["M","?","?","M","$","R","E","M","T","E","M","R","M","M","R","B",null,"M","M","?","?","?","M","R","M","T","M","E","R","M","M","R","B",null,"M","?","M","$","M","E","$","R","T","?","M","E","?","?","R","B",null,"R","$","E","B",null],"character_chosen":"IRONCLAD","items_purchased":["Thunderclap","Pear","ClockworkSouvenir","Ornamental Fan","Energy Potion","Block Potion"],"campfire_rested":0,"item_purchase_floors":[5,38,38,38,41,53],"current_hp_per_floor":[80,77,77,80,80,80,80,80,80,73,74,74,66,72,72,54,80,68,80,64,64,48,29,29,19,19,59,38,38,68,52,52,46,80,63,63,59,69,75,81,81,81,81,81,89,90,85,85,85,85,85,85,85,85,85],"gold":94,"neow_bonus":"THREE_ENEMY_KILL","is_daily":false,"chose_seed":false,"campfire_upgraded":8,"win_rate":0.0,"timestamp":1612529823,"path_taken":["M","?","?","M","?","R","E","M","T","E","M","R","?","M","R","BOSS","M","M","?","?","?","?","R","M","T","M","E","R","M","M","R","BOSS","M","?","M","$","M","E","$","R","T","?","M","E","?","?","R","BOSS","R","$","E","BOSS"],"items_purchased_type":["Card","Relic","Relic","Relic","Potion","Potion"],"build_version":"2020-12-22","purchased_purges":3,"victory":true,"max_hp_per_floor":[80,80,80,80,80,80,80,80,80,80,80,80,80,80,80,80,80,80,80,80,80,80,80,80,80,80,80,80,80,80,80,80,80,80,80,80,80,90,90,90,90,90,90,90,90,90,85,85,85,85,85,85,85,85,85],"card_choices":[{"not_picked":["Wild Strike","Feel No Pain"],"picked":"Heavy Blade","floor":1},{"not_picked":["hubris:CleavingFinish","Pommel Strike"],"picked":"Heavy Blade","floor":4},{"not_picked":["Impervious","Perfected Strike"],"picked":"Twin Strike","floor":7},{"not_picked":["Thunderclap","Perfected Strike"],"picked":"Twin Strike","floor":8},{"not_picked":["Cleave","Wild Strike"],"picked":"Dropkick","floor":10},{"not_picked":["Clash","Perfected Strike"],"picked":"Heavy Blade","floor":11},{"not_picked":["Heavy Blade","Sever Soul"],"picked":"Flex","floor":13},{"not_picked":["hubris:ReadiedAction","Dropkick"],"picked":"Reaper","floor":14},{"not_picked":["Combust+1","Reckless Charge","Battle Trance"],"picked":"SKIP","floor":18},{"not_picked":["hubris:SharpeningStone","Perfected Strike+1"],"picked":"Shrug It Off+1","floor":19},{"not_picked":["Clash","Fire Breathing"],"picked":"Flame Barrier","floor":23},{"not_picked":["Infernal Blade","Body Slam","True Grit"],"picked":"SKIP","floor":25},{"not_picked":["Armaments","Twin Strike","Impervious"],"picked":"SKIP","floor":27},{"not_picked":["Pommel Strike+1","Hemokinesis"],"picked":"Dropkick","floor":28},{"not_picked":["Clothesline","Carnage","Havoc+1"],"picked":"SKIP","floor":30},{"not_picked":["Berserk","Entrench"],"picked":"Spot Weakness","floor":31},{"not_picked":["hubris:ReadiedAction+1","Shockwave","Infernal Blade"],"picked":"SKIP","floor":35},{"not_picked":["Warcry+1","Thunderclap"],"picked":"Cleave","floor":37},{"not_picked":["Second Wind","Anger","Power Through"],"picked":"SKIP","floor":39},{"not_picked":["Wild Strike","Clothesline+1"],"picked":"Pummel+1","floor":40},{"not_picked":["Headbutt","Clothesline+1"],"picked":"Cleave+1","floor":45},{"not_picked":["Armaments","Sever Soul","Havoc+1"],"picked":"SKIP","floor":46},{"not_picked":["Dark Embrace","Bloodletting+1"],"picked":"Thunderclap","floor":54}],"player_experience":70595,"relics_obtained":[{"floor":7,"key":"Bag of Marbles"},{"floor":9,"key":"aspiration:ChemicalBlood"},{"floor":10,"key":"MawBank"},{"floor":20,"key":"aspiration:Stabinomicon"},{"floor":26,"key":"hubris:Metronome"},{"floor":28,"key":"Red Skull"},{"floor":40,"key":"Blood Vial"},{"floor":46,"key":"aspiration:HummingbirdHeart"},{"floor":48,"key":"FossilizedHelix"},{"floor":54,"key":"HornCleat"}],"event_choices":[{"damage_healed":0,"gold_gain":0,"player_choice":"Success","damage_taken":3,"relics_obtained":["Pen Nib"],"max_hp_gain":0,"max_hp_loss":0,"event_name":"Scrap Ooze","floor":2,"gold_loss":0},{"damage_healed":0,"gold_gain":0,"player_choice":"Obtained Book","damage_taken":16,"max_hp_gain":0,"max_hp_loss":0,"event_name":"Cursed Tome","floor":20,"gold_loss":0},{"cards_removed":["Defend_R"],"damage_healed":0,"gold_gain":0,"player_choice":"Removed Skill","damage_taken":0,"max_hp_gain":0,"max_hp_loss":0,"event_name":"Falling","floor":36,"gold_loss":0},{"damage_healed":0,"gold_gain":0,"player_choice":"Max HP","damage_taken":0,"max_hp_gain":0,"max_hp_loss":5,"event_name":"Winding Halls","floor":47,"gold_loss":0},{"damage_healed":0,"gold_gain":0,"player_choice":"Fight","damage_taken":0,"max_hp_gain":0,"max_hp_loss":0,"event_name":"Mysterious Sphere","floor":48,"gold_loss":0}],"is_beta":false,"boss_relics":[{"not_picked":["aspiration:SilentSkillbook","construct:WeddingRing"],"picked":"Runic Cube"},{"not_picked":["Black Star","Sozu"],"picked":"aspiration:PoetsPen_weak"}],"items_purged_floors":[5,38,41],"is_endless":false,"potions_floor_spawned":[1,4,7,14,18,25,28,31,35,39,48],"ascension_level":2}}