{"host":"c6u7e77myxvw4d0m","time":1612550798,"event":{"mods":["AchievementEnabler","BaseMod","Bestiary","Colored Map","Colored Powertips","Minty Spire (QoL Compilation)","Rare Cards Sparkle","Relic Stats","everything is the same but u backflip on backflip"],"gold_per_floor":[119,143,169,169,223,223,251,293,293,332,13,32,32,67,67,149,149,169,94,120,129,129,129,165,165,189,218,259,15,34,63,63,146,173,198,225,225,247,247,269,293,50,50,78,78,78,78],"floor_reached":46,"language":"ENG","playtime":18776,"items_purged":["Writhe"],"score":989,"play_id":"7f7fb5e6-c3f9-4c29-98f1-bbb3ef1ba51b","local_time":"20210205204638","is_ascension_mode":true,"campfire_choices":[{"data":"Crippling Poison","floor":6,"key":"SMITH"},{"data":"Deadly Poison","floor":15,"key":"SMITH"},{"floor":23,"key":"REST"},{"floor":25,"key":"REST"},{"floor":32,"key":"REST"},{"floor":45,"key":"REST"}],"circlet_count":0,"master_deck":["AscendersBane","Strike_G","Defend_G","Defend_G","Defend_G","Defend_G","Defend_G","Survivor","Neutralize","Flying Knee","Poisoned Stab","Crippling Poison+1","Deadly Poison+1","Calculated Gamble","Prepared","Dagger Spray","Dodge and Roll+1","After Image","Cloak And Dagger+1","Noxious Fumes","PiercingWail+1","Glass Knife","Deadly Poison+1","Backflip+1","Crippling Poison+1","Bullet Time+1","Poisoned Stab+1","Accuracy+1","Underhanded Strike+1","Crippling Poison+1","Choke+1","Distraction+1","Corpse Explosion+1","Acrobatics+1","After Image","Concentrate+1"],"relics":["Ring of the Snake","CeramicFish","Bag of Preparation","Ancient Tea Set","Mummified Hand","Toxic Egg 2","Mercury Hourglass","Fusion Hammer","StrikeDummy","Nloth\u0027s Gift","Blue Candle","Regal Pillow","HornCleat","Lee\u0027s Waffle","Astrolabe","DollysMirror"],"acts_visited":["Exordium","TheCity","TheBeyond"],"potions_floor_usage":[8,14,16,16,28,28,40,44,44],"damage_taken":[{"damage":3,"enemies":"Jaw Worm","floor":1,"turns":4},{"damage":0,"enemies":"2 Louse","floor":2,"turns":3},{"damage":1,"enemies":"Cultist","floor":3,"turns":3},{"damage":1,"enemies":"3 Louse","floor":7,"turns":5},{"damage":15,"enemies":"Lagavulin","floor":8,"turns":6},{"damage":24,"enemies":"Gremlin Nob","floor":10,"turns":4},{"damage":0,"enemies":"2 Fungi Beasts","floor":12,"turns":3},{"damage":13,"enemies":"3 Sentries","floor":14,"turns":6},{"damage":29,"enemies":"The Guardian","floor":16,"turns":10},{"damage":24,"enemies":"Spheric Guardian","floor":18,"turns":6},{"damage":4,"enemies":"Chosen","floor":20,"turns":6},{"damage":34,"enemies":"Book of Stabbing","floor":24,"turns":6},{"damage":8,"enemies":"Snecko","floor":27,"turns":4},{"damage":14,"enemies":"Gremlin Leader","floor":28,"turns":6},{"damage":7,"enemies":"Snake Plant","floor":30,"turns":5},{"damage":13,"enemies":"Cultist and Chosen","floor":31,"turns":5},{"damage":46,"enemies":"Automaton","floor":33,"turns":9},{"damage":0,"enemies":"3 Shapes","floor":35,"turns":4},{"damage":0,"enemies":"Orb Walker","floor":36,"turns":3},{"damage":46,"enemies":"Spire Growth","floor":38,"turns":4},{"damage":13,"enemies":"Maw","floor":40,"turns":6},{"damage":6,"enemies":"Jaw Worm Horde","floor":41,"turns":4},{"damage":0,"enemies":"3 Darklings","floor":44,"turns":5},{"damage":78,"enemies":"Giant Head","floor":46,"turns":8}],"seed_played":"1317962858626565575","potions_obtained":[{"floor":3,"key":"SpeedPotion"},{"floor":7,"key":"EssenceOfSteel"},{"floor":10,"key":"Swift Potion"},{"floor":13,"key":"Dexterity Potion"},{"floor":14,"key":"Regen Potion"},{"floor":24,"key":"LiquidMemories"},{"floor":28,"key":"Fruit Juice"},{"floor":33,"key":"SpeedPotion"},{"floor":36,"key":"Poison Potion"},{"floor":41,"key":"Energy Potion"}],"is_trial":false,"path_per_floor":["M","M","M","?","T","R","M","E","T","E","$","M","?","E","R","B",null,"M","?","M","?","?","R","E","R","T","M","E","$","M","M","R","B",null,"M","M","$","M","$","M","M","$","T","M","R","E"],"character_chosen":"THE_SILENT","items_purchased":["Toxic Egg 2","Dagger Spray","Lee\u0027s Waffle","Regen Potion","DollysMirror"],"campfire_rested":4,"item_purchase_floors":[11,11,29,42,42],"current_hp_per_floor":[56,56,55,60,60,60,59,44,44,20,20,20,20,12,12,8,55,31,31,27,27,27,48,14,35,35,27,18,83,76,63,83,37,72,72,72,72,26,26,13,7,7,7,22,61,0,0],"gold":78,"neow_bonus":"RANDOM_COMMON_RELIC","is_daily":false,"chose_seed":false,"campfire_upgraded":2,"win_rate":0.0,"timestamp":1612550798,"path_taken":["M","M","M","?","?","R","M","E","T","E","$","M","?","E","R","BOSS","M","?","M","?","?","R","E","R","T","M","E","$","M","?","R","BOSS","M","M","$","M","$","M","M","$","T","M","R","E"],"items_purchased_type":["Relic","Card","Relic","Potion","Relic"],"build_version":"2020-12-22","purchased_purges":1,"victory":false,"max_hp_per_floor":[66,66,66,71,71,71,71,71,71,71,71,71,71,71,71,71,71,71,71,71,71,71,71,71,71,71,71,76,83,83,83,83,83,83,83,83,83,83,83,83,83,83,83,83,83,83,83],"relic_stats":{"Regal Pillow":15,"Lee\u0027s Waffle":65,"counters":[24,125],"Mummified Hand":[35],"CeramicFish":252,"Blue Candle":[0],"Astrolabe":["Poisoned Stab","Accuracy","Underhanded Strike"],"Bag of Preparation":[42],"Nloth\u0027s Gift":3,"obtain_stats":[{"Regal Pillow":26,"Lee\u0027s Waffle":29,"CeramicFish":0,"Blue Candle":24,"Astrolabe":34,"Bag of Preparation":5,"Ancient Tea Set":8,"Mercury Hourglass":14,"HornCleat":28,"Mummified Hand":9,"DollysMirror":42,"Fusion Hammer":17,"Nloth\u0027s Gift":22,"Toxic Egg 2":11,"StrikeDummy":21,"Toy Ornithopter":10,"Ring of the Snake":0},{"Regal Pillow":12,"Lee\u0027s Waffle":14,"CeramicFish":0,"Blue Candle":12,"Astrolabe":17,"Bag of Preparation":3,"Ancient Tea Set":5,"Mercury Hourglass":8,"HornCleat":14,"Mummified Hand":5,"DollysMirror":22,"Fusion Hammer":9,"Nloth\u0027s Gift":11,"Toxic Egg 2":6,"StrikeDummy":11,"Toy Ornithopter":6,"Ring of the Snake":0},{"Regal Pillow":62,"Lee\u0027s Waffle":72,"CeramicFish":0,"Blue Candle":62,"Astrolabe":91,"Bag of Preparation":10,"Ancient Tea Set":21,"Mercury Hourglass":34,"HornCleat":72,"Mummified Hand":21,"DollysMirror":112,"Fusion Hammer":44,"Nloth\u0027s Gift":56,"Toxic Egg 2":25,"StrikeDummy":56,"Toy Ornithopter":25,"Ring of the Snake":0}],"Ring of the Snake":[48],"Mercury Hourglass":[294]},"card_choices":[{"not_picked":["Bane","Heel Hook"],"picked":"Flying Knee","floor":1},{"not_picked":["Dagger Spray","Dagger Throw"],"picked":"Poisoned Stab","floor":2},{"not_picked":["Dagger Spray","Deadly Poison"],"picked":"Crippling Poison","floor":3},{"not_picked":["Prepared","Flying Knee"],"picked":"Deadly Poison","floor":7},{"not_picked":["Finisher","Acrobatics"],"picked":"Calculated Gamble","floor":8},{"not_picked":["Masterful Stab","Reflex"],"picked":"Prepared","floor":10},{"not_picked":["Dagger Throw","Quick Slash","Dagger Spray"],"picked":"SKIP","floor":12},{"not_picked":["Glass Knife","Dagger Spray"],"picked":"Dodge and Roll+1","floor":14},{"not_picked":["Glass Knife","Grand Finale"],"picked":"After Image","floor":16},{"not_picked":["PiercingWail+1","Blade Dance+1"],"picked":"Cloak And Dagger+1","floor":18},{"not_picked":["Setup+1","Heel Hook"],"picked":"Noxious Fumes","floor":20},{"not_picked":["Glass Knife","Well Laid Plans"],"picked":"PiercingWail+1","floor":24},{"not_picked":["Finisher","Dagger Spray"],"picked":"Glass Knife","floor":27},{"not_picked":["Terror+1","Flechettes"],"picked":"Deadly Poison+1","floor":28},{"not_picked":["Blade Dance+1","Accuracy"],"picked":"Backflip+1","floor":30},{"not_picked":["Backflip+1","Underhanded Strike"],"picked":"Crippling Poison+1","floor":31},{"not_picked":["After Image","Glass Knife"],"picked":"Bullet Time+1","floor":33},{"not_picked":["Envenom","Backflip+1"],"picked":"Crippling Poison+1","floor":35},{"not_picked":["Poisoned Stab","Crippling Poison+1"],"picked":"Choke+1","floor":36},{"not_picked":["Expertise+1","Bane+1"],"picked":"Distraction+1","floor":38},{"not_picked":["Terror+1","Deflect+1"],"picked":"Corpse Explosion+1","floor":40},{"not_picked":["Setup+1","Dodge and Roll+1"],"picked":"Acrobatics+1","floor":41},{"not_picked":["Dagger Spray","Dagger Throw"],"picked":"Concentrate+1","floor":44}],"player_experience":685109,"relics_obtained":[{"floor":5,"key":"Bag of Preparation"},{"floor":8,"key":"Ancient Tea Set"},{"floor":9,"key":"Mummified Hand"},{"floor":10,"key":"Toy Ornithopter"},{"floor":14,"key":"Mercury Hourglass"},{"floor":24,"key":"Blue Candle"},{"floor":26,"key":"Regal Pillow"},{"floor":28,"key":"HornCleat"}],"event_choices":[{"damage_healed":0,"gold_gain":0,"player_choice":"Donut","damage_taken":0,"max_hp_gain":5,"max_hp_loss":0,"event_name":"Big Fish","floor":4,"gold_loss":0},{"damage_healed":0,"gold_gain":0,"player_choice":"Got Potions","damage_taken":0,"max_hp_gain":0,"max_hp_loss":0,"event_name":"Lab","floor":13,"gold_loss":0},{"cards_removed":["Strike_G"],"damage_healed":0,"gold_gain":0,"player_choice":"Gave Gold","damage_taken":0,"max_hp_gain":0,"max_hp_loss":0,"event_name":"Beggar","floor":19,"gold_loss":75},{"damage_healed":0,"gold_gain":0,"player_choice":"Opened","damage_taken":0,"relics_obtained":["StrikeDummy"],"max_hp_gain":0,"max_hp_loss":0,"event_name":"The Mausoleum","floor":21,"gold_loss":0,"cards_obtained":["Writhe"]},{"damage_healed":0,"gold_gain":0,"player_choice":"Traded Relic","damage_taken":0,"relics_obtained":["Nloth\u0027s Gift"],"max_hp_gain":0,"max_hp_loss":0,"event_name":"N\u0027loth","floor":22,"relics_lost":["Toy Ornithopter"],"gold_loss":0}],"is_beta":false,"boss_relics":[{"not_picked":["Ring of the Serpent","Calling Bell"],"picked":"Fusion Hammer"},{"not_picked":["SacredBark","SlaversCollar"],"picked":"Astrolabe"}],"items_purged_floors":[29],"is_endless":false,"potions_floor_spawned":[3,7,10,14,24,28,33,36,41],"killed_by":"Giant Head","ascension_level":20}}