{"host":"jegehu1t82aiec5j","time":1612545536,"event":{"mods":["BaseMod","Colored Map","Minty Spire (QoL Compilation)","Relic Stats","StSLib"],"gold_per_floor":[112,132,132,232,64,94,94,119,201,201,62,77,77,77,77,148,148,158,178,103,18,18,45,45,45,45,65,65,76,76,102,102,173,173,191,209,209,84,98,98,133,133,133,165,165,185,0,31,31,31],"floor_reached":51,"language":"ENG","playtime":2770,"items_purged":["Strike_G","Strike_G","Setup"],"score":1472,"play_id":"166d7f00-a744-4f38-9dc8-bef63c97d11c","local_time":"20210205121856","is_ascension_mode":true,"campfire_choices":[{"floor":7.0,"key":"REST"},{"data":"Footwork","floor":10.0,"key":"SMITH"},{"data":"Noxious Fumes","floor":13.0,"key":"SMITH"},{"data":"Well Laid Plans","floor":15.0,"key":"SMITH"},{"data":"Adrenaline","floor":24.0,"key":"SMITH"},{"data":"Bouncing Flask","floor":28.0,"key":"SMITH"},{"data":"Dodge and Roll","floor":30.0,"key":"SMITH"},{"floor":32.0,"key":"REST"},{"data":"Adrenaline","floor":40.0,"key":"SMITH"},{"floor":49.0,"key":"REST"}],"circlet_count":0,"master_deck":["AscendersBane","Defend_G","Defend_G","Defend_G+1","Defend_G","Defend_G","Survivor","Neutralize","Blind","Bouncing Flask+1","Poisoned Stab","Footwork+1","Dodge and Roll+1","All Out Attack","Dagger Spray","Adrenaline+1","Well Laid Plans+1","Noxious Fumes+1","Corpse Explosion","Leg Sweep","Concentrate","PiercingWail","Adrenaline+1","CurseOfTheBell","After Image","Predator","Cloak And Dagger+1","Noxious Fumes+1"],"relics":["Ring of the Snake","WarpedTongs","Dream Catcher","Sundial","Question Card","Busted Crown","Juzu Bracelet","HornCleat","Turnip","MealTicket","Calling Bell","Happy Flower","Mummified Hand","Prayer Wheel","CaptainsWheel","Kunai","Molten Egg 2","Red Mask","Bird Faced Urn"],"acts_visited":["Exordium","TheCity","TheBeyond"],"potions_floor_usage":[],"damage_taken":[{"damage":0.0,"enemies":"Cultist","floor":1.0,"turns":4.0},{"damage":1.0,"enemies":"Small Slimes","floor":2.0,"turns":4.0},{"damage":31.0,"enemies":"3 Sentries","floor":6.0,"turns":11.0},{"damage":43.0,"enemies":"Gremlin Nob","floor":8.0,"turns":6.0},{"damage":0.0,"enemies":"Jaw Worm","floor":12.0,"turns":3.0},{"damage":0.0,"enemies":"The Guardian","floor":16.0,"turns":8.0},{"damage":0.0,"enemies":"Chosen","floor":18.0,"turns":5.0},{"damage":5.0,"enemies":"3 Byrds","floor":19.0,"turns":3.0},{"damage":12.0,"enemies":"Book of Stabbing","floor":23.0,"turns":9.0},{"damage":0.0,"enemies":"Snecko","floor":27.0,"turns":6.0},{"damage":0.0,"enemies":"3 Cultists","floor":29.0,"turns":4.0},{"damage":33.0,"enemies":"Slavers","floor":31.0,"turns":5.0},{"damage":19.0,"enemies":"Automaton","floor":33.0,"turns":11.0},{"damage":7.0,"enemies":"3 Darklings","floor":35.0,"turns":4.0},{"damage":0.0,"enemies":"Orb Walker","floor":36.0,"turns":4.0},{"damage":0.0,"enemies":"Sphere and 2 Shapes","floor":39.0,"turns":5.0},{"damage":8.0,"enemies":"Reptomancer","floor":41.0,"turns":7.0},{"damage":0.0,"enemies":"Giant Head","floor":44.0,"turns":10.0},{"damage":13.0,"enemies":"4 Shapes","floor":46.0,"turns":3.0},{"damage":0.0,"enemies":"Nemesis","floor":48.0,"turns":7.0},{"damage":8.0,"enemies":"Time Eater","floor":50.0,"turns":15.0}],"seed_played":"5109709504925396023","potions_obtained":[{"floor":6.0,"key":"FairyPotion"},{"floor":8.0,"key":"AttackPotion"},{"floor":12.0,"key":"GamblersBrew"},{"floor":18.0,"key":"Regen Potion"},{"floor":23.0,"key":"EssenceOfSteel"},{"floor":31.0,"key":"SkillPotion"},{"floor":46.0,"key":"EssenceOfSteel"}],"is_trial":false,"path_per_floor":["M","M","?","?","$","E","R","E","T","R","$","M","R","$","R","B",null,"M","M","?","?","?","E","R","?","T","M","R","M","R","E","R","B",null,"M","M","?","$","M","R","E","?","T","E","?","M","?","E","R","B",null],"character_chosen":"THE_SILENT","items_purchased":["Footwork","Dodge and Roll","Well Laid Plans"],"campfire_rested":3,"item_purchase_floors":[5,5,11],"current_hp_per_floor":[59,58,38,38,38,7,26,19,19,19,19,19,19,19,19,19,54,54,49,49,49,49,52,52,52,52,52,52,52,52,19,38,19,54,47,47,47,62,62,62,54,54,54,54,54,41,41,41,60,62],"gold":31,"neow_bonus":"RANDOM_COLORLESS","is_daily":false,"chose_seed":false,"campfire_upgraded":7,"win_rate":0.0,"timestamp":1612545536,"path_taken":["M","?","?","?","$","E","R","E","T","R","$","?","R","?","R","BOSS","M","M","?","?","?","E","R","?","T","M","R","M","R","E","R","BOSS","M","M","?","$","M","R","E","?","T","E","?","M","?","E","R","BOSS"],"items_purchased_type":["Card","Card","Card"],"build_version":"2020-12-22","purchased_purges":3,"victory":true,"max_hp_per_floor":[66,66,66,66,66,66,66,66,66,66,66,66,66,66,66,66,66,66,66,66,66,66,66,66,66,66,66,66,66,66,66,66,66,66,66,66,66,66,66,66,66,66,66,66,66,66,66,66,66,66],"relic_stats":{"Happy Flower":[18],"counters":[21,134],"Juzu Bracelet":1,"Question Card":24,"WarpedTongs":[132],"Dream Catcher":3,"Busted Crown":44,"Sundial":[12],"Mummified Hand":[42],"Bird Faced Urn":[10],"MealTicket":15,"Prayer Wheel":4,"Turnip":[5],"Kunai":[8],"obtain_stats":[{"Happy Flower":34,"Juzu Bracelet":21,"Question Card":9,"WarpedTongs":1,"Calling Bell":34,"Dream Catcher":6,"CaptainsWheel":41,"Busted Crown":17,"HornCleat":23,"Sundial":8,"Mummified Hand":34,"Bird Faced Urn":48,"MealTicket":31,"Prayer Wheel":34,"Molten Egg 2":44,"Turnip":26,"Red Mask":47,"Kunai":43,"Ring of the Snake":0},{"Happy Flower":13,"Juzu Bracelet":8,"Question Card":4,"WarpedTongs":1,"Calling Bell":13,"Dream Catcher":3,"CaptainsWheel":17,"Busted Crown":6,"HornCleat":9,"Sundial":4,"Mummified Hand":13,"Bird Faced Urn":20,"MealTicket":12,"Prayer Wheel":13,"Molten Egg 2":18,"Turnip":9,"Red Mask":19,"Kunai":17,"Ring of the Snake":0},{"Happy Flower":79,"Juzu Bracelet":44,"Question Card":25,"WarpedTongs":1,"Calling Bell":79,"Dream Catcher":19,"CaptainsWheel":99,"Busted Crown":36,"HornCleat":53,"Sundial":25,"Mummified Hand":79,"Bird Faced Urn":119,"MealTicket":68,"Prayer Wheel":79,"Molten Egg 2":109,"Turnip":53,"Red Mask":112,"Kunai":99,"Ring of the Snake":0}],"Ring of the Snake":[42]},"card_choices":[{"not_picked":["Impatience","Forethought"],"picked":"Blind","floor":0.0},{"not_picked":["Dodge and Roll","Deflect"],"picked":"Bouncing Flask","floor":1.0},{"not_picked":["Sucker Punch","Calculated Gamble"],"picked":"Poisoned Stab","floor":2.0},{"not_picked":["Prepared","Eviscerate"],"picked":"All Out Attack","floor":6.0},{"not_picked":["Cloak And Dagger","Endless Agony"],"picked":"Dagger Spray","floor":7.0},{"not_picked":["Cloak And Dagger","Dodge and Roll"],"picked":"Adrenaline","floor":8.0},{"not_picked":["Dodge and Roll","Acrobatics","Flying Knee"],"picked":"Noxious Fumes","floor":12.0},{"not_picked":["Adrenaline","Night Terror","Phantasmal Killer"],"picked":"Corpse Explosion","floor":16.0},{"not_picked":["Blade Dance"],"picked":"Leg Sweep","floor":18.0},{"not_picked":["Deflect","Dagger Spray"],"picked":"SKIP","floor":19.0},{"not_picked":["Quick Slash","Deflect"],"picked":"SKIP","floor":23.0},{"not_picked":["Dagger Throw","Dagger Spray"],"picked":"SKIP","floor":27.0},{"not_picked":["Dagger Spray","Infinite Blades"],"picked":"SKIP","floor":29.0},{"not_picked":["Flechettes"],"picked":"PiercingWail","floor":31.0},{"not_picked":["Unload"],"picked":"Adrenaline","floor":33.0},{"not_picked":["Flying Knee"],"picked":"After Image","floor":35.0},{"not_picked":["Dagger Throw+1","Flying Knee"],"picked":"SKIP","floor":35.0},{"not_picked":["Deflect"],"picked":"Predator","floor":36.0},{"not_picked":["Eviscerate","Expertise"],"picked":"SKIP","floor":36.0},{"not_picked":["Eviscerate"],"picked":"Cloak And Dagger+1","floor":39.0},{"not_picked":["Predator","Poisoned Stab"],"picked":"SKIP","floor":39.0},{"not_picked":["Dash"],"picked":"Noxious Fumes","floor":41.0},{"not_picked":["Underhanded Strike+1","Reflex"],"picked":"SKIP","floor":44.0},{"not_picked":["Bouncing Flask","Outmaneuver"],"picked":"SKIP","floor":46.0},{"not_picked":["Flechettes+1","Backstab+1"],"picked":"SKIP","floor":46.0},{"not_picked":["Choke+1","All Out Attack+1"],"picked":"SKIP","floor":48.0}],"player_experience":2587779,"relics_obtained":[{"floor":6.0,"key":"Dream Catcher"},{"floor":8.0,"key":"Sundial"},{"floor":9.0,"key":"Question Card"},{"floor":23.0,"key":"HornCleat"},{"floor":26.0,"key":"Turnip"},{"floor":31.0,"key":"MealTicket"},{"floor":34.0,"key":"Happy Flower"},{"floor":34.0,"key":"Mummified Hand"},{"floor":34.0,"key":"Prayer Wheel"},{"floor":41.0,"key":"CaptainsWheel"},{"floor":43.0,"key":"Kunai"},{"floor":44.0,"key":"Molten Egg 2"},{"floor":48.0,"key":"Bird Faced Urn"}],"event_choices":[{"damage_healed":0.0,"max_hp_gain":0.0,"max_hp_loss":0.0,"gold_gain":0.0,"event_name":"Shining Light","player_choice":"Entered Light","floor":3.0,"gold_loss":0.0,"damage_taken":20.0,"cards_upgraded":["Strike_G","Defend_G"]},{"damage_healed":0.0,"max_hp_gain":0.0,"max_hp_loss":0.0,"gold_gain":100.0,"event_name":"Wheel of Change","player_choice":"Gold","floor":4.0,"gold_loss":0.0,"damage_taken":0.0},{"cards_removed":["Strike_G"],"damage_healed":0.0,"max_hp_gain":0.0,"max_hp_loss":0.0,"gold_gain":0.0,"event_name":"Beggar","player_choice":"Gave Gold","floor":20.0,"gold_loss":75.0,"damage_taken":0.0},{"damage_healed":0.0,"max_hp_gain":0.0,"max_hp_loss":0.0,"gold_gain":0.0,"event_name":"Addict","player_choice":"Obtained Relic","floor":21.0,"gold_loss":85.0,"damage_taken":0.0,"relics_obtained":["Juzu Bracelet"]},{"damage_healed":0.0,"max_hp_gain":0.0,"max_hp_loss":0.0,"gold_gain":0.0,"cards_transformed":["Strike_G","Strike_G"],"event_name":"Drug Dealer","player_choice":"Became Test Subject","floor":22.0,"gold_loss":0.0,"damage_taken":0.0,"cards_obtained":["Concentrate","Setup"]},{"damage_healed":0.0,"max_hp_gain":0.0,"max_hp_loss":0.0,"gold_gain":0.0,"event_name":"Vampires","player_choice":"Ignored","floor":25.0,"gold_loss":0.0,"damage_taken":0.0},{"damage_healed":0.0,"max_hp_gain":0.0,"max_hp_loss":0.0,"gold_gain":0.0,"event_name":"Mysterious Sphere","player_choice":"Ignored","floor":37.0,"gold_loss":0.0,"damage_taken":0.0},{"damage_healed":0.0,"max_hp_gain":0.0,"max_hp_loss":0.0,"gold_gain":0.0,"event_name":"SensoryStone","player_choice":"Memory 1","floor":42.0,"gold_loss":0.0,"damage_taken":0.0},{"damage_healed":0.0,"max_hp_gain":0.0,"max_hp_loss":0.0,"gold_gain":0.0,"event_name":"Accursed Blacksmith","player_choice":"Forge","floor":45.0,"gold_loss":0.0,"damage_taken":0.0,"cards_upgraded":["Noxious Fumes"]},{"damage_healed":0.0,"max_hp_gain":0.0,"max_hp_loss":0.0,"gold_gain":0.0,"event_name":"Tomb of Lord Red Mask","player_choice":"Paid","floor":47.0,"gold_loss":185.0,"damage_taken":0.0,"relics_obtained":["Red Mask"]}],"is_beta":false,"boss_relics":[{"not_picked":["Sozu","Pandora\u0027s Box"],"picked":"Busted Crown"},{"not_picked":["Empty Cage","Black Star"],"picked":"Calling Bell"}],"items_purged_floors":[5,11,38],"is_endless":false,"potions_floor_spawned":[6,8,12,18,23,31,36,44,46],"ascension_level":15}}