{"host":"y1oqg7uy0jc6f5mb","time":1612518041,"event":{"mods":["AchievementEnabler","BaseMod","Better Altar","Better Match","Better Note","Better Sensory Stone","Better Skull","Better Third Choice","BetterRewards","Colored Map","Colored Powertips","Downfall","Highlight Path","Ironclad Rager","Minty Spire (QoL Compilation)","Permanent Neow","Quick Restart","Relic Stats","Replay The Spire","Shop Mod","Smile Girya","StSLib"],"gold_per_floor":[118,118,137,4,16,16,26,26,26,59,59,76,76,87,87,186,186,202,202,218,31,31,31,31,31,55,55,55,68,68,82,82,179,179,193,193,18,90,104,104,137,137,163,163,178,56,89,99,99,99,99,99,30,30,30],"floor_reached":54,"language":"ENG","playtime":5572,"items_purged":["Voices","Strike_B","downfall:Aged"],"score":898,"play_id":"9e20af10-6821-4f02-9a2d-cf38c19f81bb","local_time":"20210205174041","is_ascension_mode":true,"campfire_choices":[{"data":"Magnetism","floor":6.0,"key":"SMITH"},{"data":"Zap","floor":8.0,"key":"SMITH"},{"data":"Buffer","floor":11.0,"key":"SMITH"},{"data":"Skim","floor":13.0,"key":"SMITH"},{"data":"ReplayTheSpireMod:Calculation Training","floor":15.0,"key":"SMITH"},{"data":"Apotheosis","floor":23.0,"key":"SMITH"},{"floor":25.0,"key":"REST"},{"data":"Rainbow","floor":30.0,"key":"SMITH"},{"floor":32.0,"key":"REST"},{"data":"ReplayTheSpireMod:Calculation Training","floor":40.0,"key":"SMITH"},{"floor":44.0,"key":"REST"},{"floor":49.0,"key":"RECALL"},{"data":"Defend_B","floor":52.0,"key":"PURGE"}],"circlet_count":0,"master_deck":["Defend_B","Zap+1","Dualcast","Magnetism+1","Ball Lightning","Exhume+1","Streamline+1","Undo+1","Panic Button","Buffer+1","Skim+1","ReplayTheSpireMod:Calculation Training+1","Rainbow+1","Stack+1","Redo","Apotheosis+1","ReplayTheSpireMod:Omega Cannon","White Noise+1","Core Surge+1","AbeCurse","Leap+1","FIFO Queue","ReplaySort","ReplayTheSpireMod:Calculation Training+1","Meteor Strike","ReplayTheSpireMod:Calculation Training+1","Glacier","Recycle+1","Skim+1","Auto Shields+1","Steam Power","ReplayTheSpireMod:System Scan","ReplayTheSpireMod:IOU","Enlightenment"],"relics":["Cracked Core","Ornamental Fan","WingedGreaves","Gremlin Horn","Sozu","Replay:Multitool","Bloody Idol","Abe\u0027s Treasure","Ring of Peace","Ring of Chaos","Replay:PocketPolymizer","Strawberry","Replay:Mystery Machine","ReplayTheSpireMod:CursedCoin","Whetstone","StrikeDummy","Replay:Wax Seal"],"acts_visited":["Exordium","TheCity","TheBeyond","TheEnding"],"potions_floor_usage":[],"damage_taken":[{"damage":6.0,"enemies":"2 Louse","floor":1.0,"turns":4.0},{"damage":7.0,"enemies":"Small Slimes","floor":3.0,"turns":3.0},{"damage":7.0,"enemies":"Jaw Worm","floor":5.0,"turns":4.0},{"damage":4.0,"enemies":"Red Slaver","floor":7.0,"turns":3.0},{"damage":0.0,"enemies":"Replay:BlueRogue","floor":10.0,"turns":4.0},{"damage":0.0,"enemies":"Lots of Slimes","floor":12.0,"turns":2.0},{"damage":0.0,"enemies":"Gremlin Gang","floor":14.0,"turns":2.0},{"damage":8.0,"enemies":"Fading Forest","floor":16.0,"turns":11.0},{"damage":12.0,"enemies":"3 Byrds","floor":18.0,"turns":3.0},{"damage":0.0,"enemies":"Shell Parasite","floor":20.0,"turns":4.0},{"damage":0.0,"enemies":"Snecko","floor":29.0,"turns":3.0},{"damage":10.0,"enemies":"3 Cultists","floor":31.0,"turns":4.0},{"damage":39.0,"enemies":"Pondfish","floor":33.0,"turns":10.0},{"damage":6.0,"enemies":"3 Darklings","floor":35.0,"turns":4.0},{"damage":30.0,"enemies":"2 Orb Walkers","floor":38.0,"turns":6.0},{"damage":0.0,"enemies":"3 Shapes","floor":39.0,"turns":5.0},{"damage":21.0,"enemies":"Reptomancer","floor":41.0,"turns":5.0},{"damage":0.0,"enemies":"Writhing Mass","floor":45.0,"turns":6.0},{"damage":34.0,"enemies":"Giant Head","floor":47.0,"turns":11.0},{"damage":0.0,"enemies":"Transient","floor":48.0,"turns":5.0},{"damage":32.0,"enemies":"Replay:Hell Engine","floor":50.0,"turns":15.0},{"damage":73,"enemies":"Shield and Spear","floor":54,"turns":4}],"seed_played":"-3880714885393762261","potions_obtained":[{"floor":3.0,"key":"SteroidPotion"},{"floor":7.0,"key":"hexamod:SoulburnPotion"},{"floor":10.0,"key":"Fire Potion"},{"floor":16.0,"key":"LiquidBronze"}],"is_trial":false,"path_per_floor":["M","?","M","$","M","R","M","R","T","E","R","M","R","M","R","B",null,"M","?","M","$","?","R","R","R","T","R","?","M","R","M","R","B",null,"M","?","$","?","M","R","E","?","T","R","M","$","E","M","R","B",null,"R","$","E"],"character_chosen":"DEFECT","items_purchased":["Undo+1","Apotheosis","FIFO Queue","ReplayTheSpireMod:CursedCoin","Whetstone","Replay:Wax Seal","Enlightenment"],"campfire_rested":3,"item_purchase_floors":[4,21,37,46,46,53,53],"current_hp_per_floor":[69,64,57,57,50,50,46,46,46,46,46,46,46,46,46,38,66,54,54,54,54,54,54,16,38,43,43,43,48,48,43,65,31,64,63,63,63,43,48,48,39,39,44,68,73,78,49,54,54,22,67,67,72,0,0],"gold":30,"neow_bonus":"RANDOM_COLORLESS_2","is_daily":false,"chose_seed":false,"campfire_upgraded":8,"win_rate":0.0,"timestamp":1612518041,"path_taken":["M","?","M","$","M","R","M","R","T","E","R","M","R","M","R","BOSS","M","?","M","$","?","R","R","R","T","R","?","M","R","M","R","BOSS","M","?","$","?","M","R","E","?","T","R","?","$","E","M","R","BOSS","R","$","E"],"items_purchased_type":["Card","Card","Card","Relic","Relic","Relic","Card"],"build_version":"2020-12-22","purchased_purges":3,"victory":false,"max_hp_per_floor":[75,75,75,75,75,75,75,75,75,75,75,75,75,75,75,75,75,75,75,75,75,75,75,75,75,75,75,75,75,75,75,75,75,75,75,75,75,75,75,75,82,82,82,82,82,82,82,82,82,82,82,82,82,82,82],"relic_stats":{"Sozu":6,"Gremlin Horn":[28,28],"counters":[22,118],"Ornamental Fan":[48],"Bloody Idol":75,"Whetstone":["Core Surge","Streamline"],"obtain_stats":[{"Replay:PocketPolymizer":38,"Gremlin Horn":10,"ReplayTheSpireMod:CursedCoin":46,"Ring of Chaos":36,"Replay:Multitool":22,"Whetstone":46,"Replay:Mystery Machine":43,"Sozu":17,"Ornamental Fan":2,"Bloody Idol":24,"Ring of Peace":36,"Strawberry":41,"WingedGreaves":9,"Replay:Wax Seal":53,"Cracked Core":0,"StrikeDummy":47,"Abe\u0027s Treasure":34},{"Replay:PocketPolymizer":15,"Gremlin Horn":5,"ReplayTheSpireMod:CursedCoin":18,"Ring of Chaos":14,"Replay:Multitool":10,"Whetstone":18,"Replay:Mystery Machine":17,"Sozu":8,"Ornamental Fan":1,"Bloody Idol":10,"Ring of Peace":14,"Strawberry":17,"WingedGreaves":4,"Replay:Wax Seal":21,"Cracked Core":0,"StrikeDummy":19,"Abe\u0027s Treasure":13},{"Replay:PocketPolymizer":67,"Gremlin Horn":18,"ReplayTheSpireMod:CursedCoin":83,"Ring of Chaos":61,"Replay:Multitool":40,"Whetstone":83,"Replay:Mystery Machine":77,"Sozu":33,"Ornamental Fan":4,"Bloody Idol":40,"Ring of Peace":61,"Strawberry":77,"WingedGreaves":14,"Replay:Wax Seal":114,"Cracked Core":0,"StrikeDummy":94,"Abe\u0027s Treasure":57}]},"card_choices":[{"not_picked":["Sadistic Nature","Metamorphosis"],"picked":"Magnetism","floor":0.0},{"not_picked":["Rebound","Hologram"],"picked":"Ball Lightning","floor":1.0},{"not_picked":["Turbo","Barrage"],"picked":"Streamline","floor":3.0},{"not_picked":["Compile Driver","Storm"],"picked":"Panic Button","floor":5.0},{"not_picked":["Turbo","Ball Lightning","Barrage"],"picked":"SKIP","floor":7.0},{"not_picked":["Skim","Blizzard"],"picked":"Buffer","floor":10.0},{"not_picked":["Melter","Stack"],"picked":"Skim","floor":12.0},{"not_picked":["Streamline","Beam Cell"],"picked":"ReplayTheSpireMod:Calculation Training","floor":14.0},{"not_picked":["Meteor Strike","Reboot"],"picked":"Rainbow","floor":16.0},{"not_picked":["Time Bomb","Streamline"],"picked":"Stack+1","floor":18.0},{"not_picked":["Panic Button","Defragment"],"picked":"Redo","floor":20.0},{"not_picked":["Turbo","Double Energy"],"picked":"White Noise+1","floor":29.0},{"not_picked":["Stack","Hologram","Tempest"],"picked":"SKIP","floor":31.0},{"not_picked":["Rainbow","Thunder Strike"],"picked":"Core Surge","floor":33.0},{"not_picked":["Conserve Battery","Go for the Eyes"],"picked":"Leap+1","floor":35.0},{"not_picked":["Beam Cell","Rebound"],"picked":"ReplaySort","floor":38.0},{"not_picked":["Go for the Eyes+1","Panic Button+1"],"picked":"ReplayTheSpireMod:Calculation Training","floor":39.0},{"not_picked":["Doom and Gloom+1","Panic Button"],"picked":"ReplayTheSpireMod:Calculation Training+1","floor":41.0},{"not_picked":["Stack+1","ReplaySolidLightProjector+1"],"picked":"Recycle+1","floor":45.0},{"not_picked":["Reinforced Body","Streamline+1"],"picked":"Skim+1","floor":47.0},{"not_picked":["Conserve Battery+1","Core Surge"],"picked":"Auto Shields+1","floor":48.0}],"player_experience":364377,"relics_obtained":[{"floor":9.0,"key":"WingedGreaves"},{"floor":10.0,"key":"Gremlin Horn"},{"floor":36.0,"key":"Ring of Peace"},{"floor":36.0,"key":"Ring of Chaos"},{"floor":38.0,"key":"Replay:PocketPolymizer"},{"floor":41.0,"key":"Strawberry"},{"floor":43.0,"key":"Replay:Mystery Machine"},{"floor":47.0,"key":"StrikeDummy"}],"event_choices":[{"damage_healed":0.0,"max_hp_gain":0.0,"max_hp_loss":0.0,"gold_gain":0.0,"event_name":"The Mausoleum","player_choice":"Opened","floor":22.0,"gold_loss":0.0,"damage_taken":0.0,"relics_obtained":["Replay:Multitool"]},{"damage_healed":0.0,"max_hp_gain":54.0,"max_hp_loss":16.0,"gold_gain":0.0,"event_name":"betterAltar:BetterAltar","player_choice":" Idol ","floor":24.0,"potions_obtained":[],"relics_lost":[],"gold_loss":0.0,"damage_taken":38.0,"relics_obtained":["Bloody Idol"]},{"damage_healed":0.0,"max_hp_gain":0.0,"max_hp_loss":0.0,"gold_gain":0.0,"cards_transformed":["Strike_B"],"event_name":"Transmorgrifier","player_choice":"Transformed","floor":27.0,"gold_loss":0.0,"damage_taken":0.0,"cards_obtained":["ReplayTheSpireMod:Omega Cannon"]},{"damage_healed":0.0,"max_hp_gain":0.0,"max_hp_loss":0.0,"gold_gain":0.0,"event_name":"betterThird:BetterWriting","player_choice":"Adaptability","floor":28.0,"gold_loss":0.0,"damage_taken":0.0},{"damage_healed":0.0,"max_hp_gain":0.0,"max_hp_loss":0.0,"gold_gain":0.0,"event_name":"Mysterious Sphere","player_choice":"Fight","floor":38.0,"gold_loss":0.0,"damage_taken":0.0},{"damage_healed":0.0,"max_hp_gain":0.0,"max_hp_loss":0.0,"gold_gain":0.0,"event_name":"Tomb of Lord Red Mask","player_choice":"Ignored","floor":42.0,"gold_loss":0.0,"damage_taken":0.0}],"is_beta":false,"boss_relics":[{"not_picked":["Ring of Chaos","SacredBark"],"picked":"Sozu"},{"not_picked":["Snecko Eye","ReplayTheSpireMod:DimensionalGlitch"],"picked":"Abe\u0027s Treasure"}],"items_purged_floors":[4,37,46],"is_endless":false,"potions_floor_spawned":[3,7,10,16,20,29,33,41,45,47],"killed_by":"Shield and Spear","ascension_level":5}}