{"host":"fuszjwm6fqgjjp4d","time":1612560297,"event":{"mods":["BaseMod","Bestiary","Colored Map","Minty Spire (QoL Compilation)","Permanent Neow","Relic Sorter","Relic Stats","StSLib"],"gold_per_floor":[112,112,126,91,107,142,161,161,186,219,231,231,258,267,267,350,350,360,72,94,108,108,108,143,143,152,172,193,230,190,224,224,305,305,340,385,399,399,399,408,444,479,488,529,529,529],"floor_reached":45,"language":"ENG","playtime":1655,"items_purged":["Strike_P"],"score":1283,"play_id":"6009b965-051b-494b-bc32-18090ecf0b09","local_time":"20210205152457","is_ascension_mode":true,"campfire_choices":[{"data":"Tantrum","floor":8.0,"key":"SMITH"},{"data":"Eruption","floor":12.0,"key":"SMITH"},{"data":"WindmillStrike","floor":15.0,"key":"SMITH"},{"data":"Tantrum","floor":23.0,"key":"SMITH"},{"data":"EmptyFist","floor":25.0,"key":"SMITH"},{"data":"Scrawl","floor":32.0,"key":"SMITH"},{"floor":40.0,"key":"REST"}],"circlet_count":0,"master_deck":["AscendersBane","Strike_P","Defend_P","Defend_P","Defend_P","Defend_P","Eruption+1","Vigilance","Secret Weapon+1","WindmillStrike+1","FlyingSleeves","Halt","Tantrum+1","EmptyFist+1","FollowUp","SignatureMove","Scrawl+1","CutThroughFate","Tantrum+1","EmptyFist","SpiritShield","Tantrum+1","FlurryOfBlows+1","Wish","Wallop","Conclude","Doubt"],"relics":["PureWater","CeramicFish","Dream Catcher","Vajra","Cursed Key","Regal Pillow","Lantern","Question Card","GoldenEye","Happy Flower","Busted Crown","Spirit Poop","Bronze Scales"],"acts_visited":["Exordium","TheCity","TheBeyond"],"potions_floor_usage":[],"damage_taken":[{"damage":2.0,"enemies":"Jaw Worm","floor":1.0,"turns":3.0},{"damage":0.0,"enemies":"Small Slimes","floor":3.0,"turns":4.0},{"damage":0.0,"enemies":"Cultist","floor":5.0,"turns":2.0},{"damage":10.0,"enemies":"Gremlin Nob","floor":6.0,"turns":3.0},{"damage":4.0,"enemies":"Gremlin Gang","floor":7.0,"turns":3.0},{"damage":5.0,"enemies":"3 Sentries","floor":10.0,"turns":4.0},{"damage":0.0,"enemies":"Large Slime","floor":11.0,"turns":3.0},{"damage":0.0,"enemies":"Lots of Slimes","floor":13.0,"turns":2.0},{"damage":0.0,"enemies":"Slime Boss","floor":16.0,"turns":4.0},{"damage":7.0,"enemies":"Chosen","floor":18.0,"turns":3.0},{"damage":0.0,"enemies":"3 Byrds","floor":20.0,"turns":3.0},{"damage":0.0,"enemies":"Snake Plant","floor":21.0,"turns":2.0},{"damage":0.0,"enemies":"Gremlin Leader","floor":24.0,"turns":3.0},{"damage":1.0,"enemies":"Centurion and Healer","floor":27.0,"turns":2.0},{"damage":7.0,"enemies":"Chosen and Byrds","floor":28.0,"turns":3.0},{"damage":0.0,"enemies":"Slavers","floor":29.0,"turns":3.0},{"damage":0.0,"enemies":"Book of Stabbing","floor":31.0,"turns":2.0},{"damage":13.0,"enemies":"Champ","floor":33.0,"turns":4.0},{"damage":15.0,"enemies":"3 Darklings","floor":35.0,"turns":4.0},{"damage":0.0,"enemies":"Orb Walker","floor":36.0,"turns":2.0},{"damage":16.0,"enemies":"Jaw Worm Horde","floor":37.0,"turns":3.0},{"damage":16.0,"enemies":"Reptomancer","floor":41.0,"turns":4.0},{"damage":24.0,"enemies":"4 Shapes","floor":42.0,"turns":12.0},{"damage":8.0,"enemies":"Maw","floor":44.0,"turns":6.0},{"damage":29,"enemies":"Writhing Mass","floor":45,"turns":6}],"seed_played":"4300867418028569224","potions_obtained":[{"floor":1.0,"key":"Explosive Potion"},{"floor":3.0,"key":"SteroidPotion"},{"floor":10.0,"key":"FearPotion"},{"floor":13.0,"key":"PowerPotion"},{"floor":16.0,"key":"ColorlessPotion"},{"floor":24.0,"key":"Strength Potion"},{"floor":27.0,"key":"Regen Potion"},{"floor":30.0,"key":"Strength Potion"},{"floor":30.0,"key":"DistilledChaos"},{"floor":31.0,"key":"Strength Potion"},{"floor":35.0,"key":"Weak Potion"},{"floor":42.0,"key":"Block Potion"}],"is_trial":false,"path_per_floor":["M","?","M","?","M","E","M","R","T","E","M","R","M","?","R","B",null,"M","$","M","M","?","R","E","R","T","M","M","E","?","E","R","B",null,"M","M","M","?","?","R","E","M","T","M","M"],"character_chosen":"WATCHER","items_purchased":["Regal Pillow","CutThroughFate"],"campfire_rested":1,"item_purchase_floors":[19,19],"current_hp_per_floor":[41,34,34,51,51,41,37,37,37,32,32,32,32,32,32,32,59,52,52,52,52,52,52,52,52,52,51,53,53,53,53,53,40,61,46,46,30,30,30,65,49,25,25,17,0,0],"gold":529,"neow_bonus":"RANDOM_COLORLESS_2","is_daily":false,"chose_seed":false,"campfire_upgraded":6,"win_rate":0.0,"timestamp":1612560297,"path_taken":["M","?","M","?","M","E","M","R","T","E","M","R","M","?","R","BOSS","M","$","M","M","?","R","E","R","T","M","?","E","?","E","R","BOSS","M","?","M","?","?","R","E","M","T","?","M"],"items_purchased_type":["Relic","Card"],"build_version":"2020-12-22","purchased_purges":1,"victory":false,"max_hp_per_floor":[68,68,68,68,68,68,68,68,68,68,68,68,68,68,68,68,68,68,68,68,68,68,68,68,68,68,68,68,68,68,68,68,68,68,68,68,68,68,68,68,68,68,68,68,68,68],"relic_stats":{"Dream Catcher":1,"Regal Pillow":15,"Busted Crown":14,"Happy Flower":[13],"counters":[25,90],"CeramicFish":153,"Bronze Scales":[45],"Cursed Key":2,"Question Card":12,"GoldenEye":[16],"obtain_stats":[{"Regal Pillow":19,"Lantern":24,"Happy Flower":31,"CeramicFish":6,"Vajra":10,"Spirit Poop":39,"Cursed Key":17,"Question Card":26,"GoldenEye":29,"Dream Catcher":9,"Busted Crown":34,"Bronze Scales":41,"PureWater":0},{"Regal Pillow":10,"Lantern":13,"Happy Flower":17,"CeramicFish":4,"Vajra":6,"Spirit Poop":21,"Cursed Key":9,"Question Card":13,"GoldenEye":16,"Dream Catcher":5,"Busted Crown":18,"Bronze Scales":22,"PureWater":0},{"Regal Pillow":31,"Lantern":39,"Happy Flower":49,"CeramicFish":12,"Vajra":19,"Spirit Poop":62,"Cursed Key":28,"Question Card":39,"GoldenEye":47,"Dream Catcher":15,"Busted Crown":53,"Bronze Scales":66,"PureWater":0}]},"card_choices":[{"not_picked":["Transmutation","Secret Technique"],"picked":"Secret Weapon","floor":0.0},{"not_picked":["Swivel","EmptyBody"],"picked":"WindmillStrike","floor":1.0},{"not_picked":["Study","Halt"],"picked":"FlyingSleeves","floor":3.0},{"not_picked":["FlurryOfBlows","BowlingBash"],"picked":"Halt","floor":5.0},{"not_picked":["Prostrate","EmptyFist"],"picked":"Tantrum","floor":6.0},{"not_picked":["CrushJoints","Consecrate"],"picked":"EmptyFist","floor":7.0},{"not_picked":["Prostrate","Worship","Collect"],"picked":"SKIP","floor":10.0},{"not_picked":["CarveReality","Wireheading","EmptyFist"],"picked":"SKIP","floor":11.0},{"not_picked":["Swivel","Fasting2"],"picked":"FollowUp","floor":13.0},{"not_picked":["Devotion","MasterReality"],"picked":"Scrawl","floor":16.0},{"not_picked":["Swivel","ClearTheMind","Crescendo"],"picked":"SKIP","floor":18.0},{"not_picked":["Weave","ThirdEye"],"picked":"Tantrum","floor":20.0},{"not_picked":["Worship","CutThroughFate","DeceiveReality"],"picked":"SKIP","floor":21.0},{"not_picked":["Fasting2","Meditate"],"picked":"EmptyFist","floor":24.0},{"not_picked":["Fasting2","Evaluate","SandsOfTime"],"picked":"SpiritShield","floor":27.0},{"not_picked":["SashWhip","Indignation","JustLucky"],"picked":"EmptyBody","floor":28.0},{"not_picked":["Wireheading","SignatureMove+1","ThirdEye"],"picked":"Tantrum+1","floor":29.0},{"not_picked":["Wish","ClearTheMind","CrushJoints"],"picked":"FlurryOfBlows+1","floor":31.0},{"not_picked":["Brilliance","Scrawl","ConjureBlade"],"picked":"Wish","floor":33.0},{"not_picked":["CrushJoints+1","Collect"],"picked":"SKIP","floor":35.0},{"not_picked":["Halt","EmptyBody"],"picked":"SKIP","floor":36.0},{"not_picked":["BowlingBash","CrushJoints"],"picked":"SKIP","floor":37.0},{"not_picked":["SashWhip"],"picked":"Wallop","floor":40.0},{"not_picked":["Tantrum"],"picked":"Conclude","floor":41.0},{"not_picked":["DeusExMachina","Indignation"],"picked":"SKIP","floor":42.0},{"not_picked":["CrushJoints+1","Consecrate"],"picked":"SKIP","floor":44.0}],"player_experience":1474275,"relics_obtained":[{"floor":6.0,"key":"CeramicFish"},{"floor":9.0,"key":"Dream Catcher"},{"floor":10.0,"key":"Vajra"},{"floor":24.0,"key":"Lantern"},{"floor":26.0,"key":"Question Card"},{"floor":29.0,"key":"GoldenEye"},{"floor":31.0,"key":"Happy Flower"},{"floor":41.0,"key":"Bronze Scales"}],"event_choices":[{"cards_removed":["Strike_P"],"damage_healed":0.0,"max_hp_gain":0.0,"max_hp_loss":0.0,"gold_gain":0.0,"event_name":"Golden Wing","player_choice":"Card Removal","floor":2.0,"gold_loss":0.0,"damage_taken":7.0},{"damage_healed":17.0,"max_hp_gain":0.0,"max_hp_loss":0.0,"gold_gain":0.0,"event_name":"The Cleric","player_choice":"Healed","floor":4.0,"gold_loss":35.0,"damage_taken":0.0},{"damage_healed":0.0,"max_hp_gain":0.0,"max_hp_loss":0.0,"gold_gain":0.0,"cards_transformed":["Strike_P"],"event_name":"Transmorgrifier","player_choice":"Transformed","floor":14.0,"gold_loss":0.0,"damage_taken":0.0,"cards_obtained":["SignatureMove"]},{"damage_healed":0.0,"max_hp_gain":0.0,"max_hp_loss":0.0,"gold_gain":0.0,"event_name":"Upgrade Shrine","player_choice":"Upgraded","floor":22.0,"gold_loss":0.0,"damage_taken":0.0,"cards_upgraded":["Secret Weapon"]},{"damage_healed":0.0,"max_hp_gain":0.0,"max_hp_loss":0.0,"gold_gain":0.0,"event_name":"The Woman in Blue","player_choice":"Bought 3 Potions","floor":30.0,"gold_loss":0.0,"damage_taken":0.0},{"cards_removed":["EmptyBody"],"damage_healed":0.0,"max_hp_gain":0.0,"max_hp_loss":0.0,"gold_gain":0.0,"event_name":"Falling","player_choice":"Removed Skill","floor":38.0,"gold_loss":0.0,"damage_taken":0.0},{"cards_removed":["Doubt"],"damage_healed":0.0,"max_hp_gain":0.0,"max_hp_loss":0.0,"gold_gain":0.0,"event_name":"Bonfire Elementals","player_choice":"Offered Curse","floor":39.0,"gold_loss":0.0,"damage_taken":0.0,"relics_obtained":["Spirit Poop"]}],"is_beta":false,"boss_relics":[{"not_picked":["Runic Dome","Fusion Hammer"],"picked":"Cursed Key"},{"not_picked":["Black Star","VioletLotus"],"picked":"Busted Crown"}],"items_purged_floors":[19],"is_endless":false,"potions_floor_spawned":[1,3,10,13,16,24,27,31,35,42],"killed_by":"Writhing Mass","ascension_level":20}}