{"host":"2d0rd30cigwncx1y","time":1612555972,"event":{"mods":["BaseMod","Colored Map","Colored Powertips","Downfall","MarisaÅiñ∂âJÅ@ñÇóùçπÅj","Minty Spire (QoL Compilation)","Replay The Spire","StSLib","The Alterego","The Marked","The Servant 0.9.4"],"gold_per_floor":[99,118,135,154,167,167,167,167,201,40,40,56,56,89,106,203,203,3,14,29,129,144,144,191,211,211,211,211],"floor_reached":26,"language":"ENG","playtime":1584,"items_purged":[],"score":270,"play_id":"1c07dbbf-37fd-40bd-b665-ac6a289e2a2e","local_time":"20210205211252","is_ascension_mode":false,"campfire_choices":[{"data":"Apotheosis","floor":1,"key":"SMITH"},{"floor":11,"key":"RECALL"},{"floor":13,"key":"REST"},{"data":"Slimebound:TagTeam","floor":18,"key":"SMITH"}],"circlet_count":0,"master_deck":["Slimebound:Tackle","Slimebound:Defend_Slimebound","Slimebound:Defend_Slimebound","Slimebound:Defend_Slimebound","Slimebound:Defend_Slimebound","Slimebound:Split","Slimebound:CorrosiveSpit","Apotheosis+1","Slimebound:SlimeSpikes","Slimebound:SplitMire","Slimebound:LevelUp","Slimebound:SplitLeeching","Slimebound:SplitAcid","Slimebound:RallyTheTroops","Slimebound:SplitMire","Slimebound:TagTeam+1","Slimebound:PressTheAttack","Slimebound:Darklings","Slimebound:SlimeBarrage+1","Slimebound:Split","Slimebound:Schlurp","Slimebound:SlimeBrawl","Slimebound:Darklings","ReplayTheSpireMod:Private Reserves","Normality","Bite","Bite","Bite","Bite","Bite"],"relics":["Slimebound:AbsorbEndCombat","downfall:ShatteredFragment","Tiny Chest","InkBottle","Black Star","downfall:HeartBlessingRed","downfall:HeartBlessingGreen","downfall:GremlinSack","ReplayTheSpireMod:TigerMarble"],"acts_visited":["Exordium","TheCity"],"potions_floor_usage":[16,22,26],"damage_taken":[{"damage":0,"enemies":"2 Louse","floor":2,"turns":2},{"damage":0,"enemies":"Small Slimes","floor":3,"turns":3},{"damage":0,"enemies":"Cultist","floor":4,"turns":2},{"damage":5,"enemies":"3 Louse","floor":5,"turns":4},{"damage":3,"enemies":"Replay:BlueRogue","floor":9,"turns":5},{"damage":2,"enemies":"downfall:FleeingMerchant","floor":10,"turns":4},{"damage":12,"enemies":"2 Fungi Beasts","floor":12,"turns":2},{"damage":0,"enemies":"Lagavulin","floor":14,"turns":4},{"damage":12,"enemies":"Lots of Slimes","floor":15,"turns":3},{"damage":12,"enemies":"DF_ARCHETYPE_STREAMLINE","floor":16,"turns":6},{"damage":0,"enemies":"3 Byrds","floor":19,"turns":4},{"damage":1,"enemies":"Spheric Guardian","floor":20,"turns":3},{"damage":9,"enemies":"Spheric Guardian","floor":21,"turns":3},{"damage":12,"enemies":"Cultist and Chosen","floor":22,"turns":5},{"damage":37,"enemies":"Shelled Parasite and Fungi","floor":25,"turns":4},{"damage":21,"enemies":"Snake Plant","floor":26,"turns":1}],"seed_played":"-6523495161994406676","potions_obtained":[{"floor":2,"key":"DuplicationPotion"},{"floor":4,"key":"DistilledChaos"},{"floor":5,"key":"SkillPotion"},{"floor":19,"key":"hexamod:SoulburnPotion"}],"is_trial":false,"path_per_floor":["R","M","M","M","M","?","T","?","E","$","R","M","R","E","M","B",null,"R","M","M","?","M","?","T","M","M"],"character_chosen":"SLIMEBOUND","items_purchased":["Slimebound:RallyTheTroops"],"campfire_rested":1,"item_purchase_floors":[10],"current_hp_per_floor":[47,47,51,53,50,50,50,32,35,41,41,33,52,58,50,46,65,65,65,65,58,48,45,45,17,0,0,0],"gold":211,"neow_bonus":"RANDOM_COLORLESS_2","is_daily":false,"chose_seed":false,"campfire_upgraded":2,"win_rate":0.0,"timestamp":1612555972,"path_taken":["R","M","M","M","M","?","T","?","E","$","R","M","R","E","M","BOSS","R","M","M","?","?","?","T","M","M"],"items_purchased_type":["Card"],"build_version":"2020-12-22","purchased_purges":0,"victory":false,"max_hp_per_floor":[65,65,65,65,65,65,65,65,65,65,65,65,65,65,65,65,65,65,65,65,65,65,45,45,45,45,45,45],"card_choices":[{"not_picked":["Sadistic Nature","Poisoned Strike"],"picked":"Apotheosis","floor":0},{"not_picked":["Slimebound:SplitAcid","Slimebound:Chomp"],"picked":"Slimebound:SlimeSpikes","floor":2},{"not_picked":["Slimebound:Gluttony","Slimebound:Prepare"],"picked":"Slimebound:SplitMire","floor":3},{"not_picked":["Slimebound:FlameTackle","Slimebound:SlimeTap"],"picked":"Slimebound:LevelUp","floor":4},{"not_picked":["Slimebound:GoopTackle","Slimebound:AcidTongue","Slimebound:LeechingTouch"],"picked":"SKIP","floor":5},{"not_picked":["Slimebound:FinishingTackle","Slimebound:SpikyOuterGoop"],"picked":"Slimebound:SplitLeeching","floor":9},{"not_picked":["Slimebound:Schlurp","Slimebound:HauntingLick"],"picked":"Slimebound:SplitAcid","floor":10},{"not_picked":["Slimebound:DouseInSlime","Slimebound:Gluttony","Slimebound:Schlurp"],"picked":"SKIP","floor":12},{"not_picked":["Slimebound:SplitAcid","Slimebound:FinishingTackle"],"picked":"Slimebound:SplitMire","floor":14},{"not_picked":["Slimebound:FinishingTackle","Slimebound:Chomp","Slimebound:Nibble"],"picked":"SKIP","floor":15},{"not_picked":["Slimebound:RallyTheTroops","Slimebound:Overexert"],"picked":"Slimebound:TagTeam","floor":16},{"not_picked":["Slimebound:MegaLick","Slimebound:ComboTackle+1"],"picked":"Slimebound:PressTheAttack","floor":19},{"not_picked":["Slimebound:SplitAcid","Slimebound:FinishingTackle"],"picked":"Slimebound:Darklings","floor":20},{"not_picked":["Slimebound:SlimeTap","Slimebound:FormOfPuddle"],"picked":"Slimebound:SlimeBarrage+1","floor":21},{"not_picked":["Slimebound:Chomp","Slimebound:RejuvenatingLick","Slimebound:LeechingTouch"],"picked":"SKIP","floor":22},{"not_picked":["Slimebound:SplitMire","Slimebound:AcidTongue","Slimebound:SplitAcid"],"picked":"SKIP","floor":25}],"player_experience":136437,"relics_obtained":[{"floor":9,"key":"Tiny Chest"},{"floor":14,"key":"InkBottle"},{"floor":21,"key":"downfall:GremlinSack"},{"floor":24,"key":"ReplayTheSpireMod:TigerMarble"}],"event_choices":[{"damage_healed":0,"gold_gain":0,"player_choice":"Became a vampire","damage_taken":0,"max_hp_gain":0,"max_hp_loss":20,"event_name":"Vampires","floor":23,"gold_loss":0,"cards_obtained":["Bite","Bite","Bite","Bite","Bite"]}],"is_beta":false,"boss_relics":[{"not_picked":["Fusion Hammer","Coffee Dripper"],"picked":"Black Star"}],"items_purged_floors":[],"is_endless":false,"potions_floor_spawned":[2,4,5,14,19,21],"killed_by":"Snake Plant","ascension_level":0}}