{"host":"a6lkfb6c2wawj5iq","time":1612504709,"event":{"mods":["AchievementEnabler","BaseMod","Jorbs\u0027s Wanderer Trilogy","Minty Spire (QoL Compilation)","Relic Stats","StSLib"],"gold_per_floor":[110,124,134,59,134,134,160,160,160,171,186,203,203,228,228,304,304,316,330,220,240,240,240],"floor_reached":22,"language":"ENG","playtime":919,"items_purged":[],"score":396,"play_id":"5562f5d9-a1fc-4a2e-8780-17b0043743e0","local_time":"20210205005829","is_ascension_mode":true,"campfire_choices":[{"data":"Darkness","floor":6,"key":"SMITH"},{"floor":8,"key":"REST"},{"data":"Reinforced Body","floor":13,"key":"SMITH"},{"floor":15,"key":"REST"}],"circlet_count":0,"master_deck":["AscendersBane","Strike_B+1","Strike_B","Defend_B","Defend_B","Defend_B","Defend_B","Zap","Dualcast","BootSequence","Compile Driver","Darkness+1","Turbo","Reinforced Body+1","Rebound","Defragment+1","FTL","Echo Form+1","Conserve Battery","Self Repair+1","Ball Lightning"],"relics":["Black Star","Symbiotic Virus","Bag of Marbles","Frozen Egg 2","Calipers","Bird Faced Urn","Runic Pyramid"],"acts_visited":["Exordium","TheCity"],"potions_floor_usage":[7,16,22,22],"damage_taken":[{"damage":13,"enemies":"Small Slimes","floor":1,"turns":6},{"damage":2,"enemies":"Jaw Worm","floor":2,"turns":4},{"damage":1,"enemies":"Cultist","floor":3,"turns":3},{"damage":15,"enemies":"3 Sentries","floor":7,"turns":6},{"damage":0,"enemies":"Looter","floor":10,"turns":2},{"damage":5,"enemies":"3 Louse","floor":11,"turns":4},{"damage":4,"enemies":"Red Slaver","floor":12,"turns":3},{"damage":15,"enemies":"Lagavulin","floor":14,"turns":6},{"damage":24,"enemies":"The Guardian","floor":16,"turns":10},{"damage":46,"enemies":"2 Thieves","floor":18,"turns":4},{"damage":14,"enemies":"Spheric Guardian","floor":19,"turns":6},{"damage":0,"enemies":"Snecko","floor":21,"turns":5},{"damage":42,"enemies":"Masked Bandits","floor":22,"turns":3}],"seed_played":"-6333033329765405561","potions_obtained":[{"floor":1,"key":"Weak Potion"},{"floor":3,"key":"EssenceOfDarkness"},{"floor":11,"key":"Swift Potion"},{"floor":18,"key":"Weak Potion"}],"is_trial":false,"path_per_floor":["M","M","M","?","?","R","E","R","T","M","M","M","R","E","R","B",null,"M","M","?","M","?"],"character_chosen":"DEFECT","items_purchased":[],"campfire_rested":2,"item_purchase_floors":[],"current_hp_per_floor":[51,49,48,48,37,37,22,43,43,43,38,34,34,19,40,18,58,16,4,4,34,0,0],"gold":240,"neow_bonus":"BOSS_RELIC","is_daily":false,"chose_seed":false,"campfire_upgraded":2,"win_rate":0.0,"timestamp":1612504709,"path_taken":["M","M","M","?","?","R","E","R","T","M","M","M","R","E","R","BOSS","M","M","?","?","?"],"items_purchased_type":[],"build_version":"2020-12-22","purchased_purges":0,"victory":false,"max_hp_per_floor":[71,71,71,71,71,71,71,71,71,71,71,71,71,71,71,71,71,71,71,71,71,71,71],"relic_stats":{"counters":[13,62],"Bird Faced Urn":[22],"Black Star":2,"obtain_stats":[{"Calipers":14,"Bird Faced Urn":14,"Black Star":0,"Bag of Marbles":7,"Frozen Egg 2":9,"Cracked Core":0,"Symbiotic Virus":7,"Runic Pyramid":17},{"Calipers":8,"Bird Faced Urn":8,"Black Star":0,"Bag of Marbles":4,"Frozen Egg 2":4,"Cracked Core":0,"Symbiotic Virus":4,"Runic Pyramid":9},{"Calipers":34,"Bird Faced Urn":34,"Black Star":0,"Bag of Marbles":19,"Frozen Egg 2":19,"Cracked Core":0,"Symbiotic Virus":19,"Runic Pyramid":44}]},"card_choices":[{"not_picked":["Stack","Conserve Battery"],"picked":"BootSequence","floor":1},{"not_picked":["Conserve Battery","Auto Shields"],"picked":"Compile Driver","floor":2},{"not_picked":["Barrage","Sunder"],"picked":"Darkness","floor":3},{"not_picked":["Buffer","Hologram"],"picked":"Turbo","floor":7},{"not_picked":["Sunder","Beam Cell"],"picked":"Reinforced Body","floor":10},{"not_picked":["Barrage","Streamline"],"picked":"Rebound","floor":11},{"not_picked":["Ball Lightning","Rebound"],"picked":"Defragment+1","floor":12},{"not_picked":["Redo","Skim"],"picked":"FTL","floor":14},{"not_picked":["Seek","Hyperbeam"],"picked":"Echo Form+1","floor":16},{"not_picked":["Gash","Tempest"],"picked":"Conserve Battery","floor":18},{"not_picked":["Cold Snap","Conserve Battery"],"picked":"Self Repair+1","floor":19},{"not_picked":["Hello World+1","Gash"],"picked":"Ball Lightning","floor":21}],"player_experience":203172,"relics_obtained":[{"floor":7,"key":"Symbiotic Virus"},{"floor":7,"key":"Bag of Marbles"},{"floor":9,"key":"Frozen Egg 2"},{"floor":14,"key":"Calipers"},{"floor":14,"key":"Bird Faced Urn"}],"event_choices":[{"cards_removed":["Strike_B"],"damage_healed":0,"gold_gain":0,"player_choice":"Card Removal","damage_taken":0,"max_hp_gain":0,"max_hp_loss":0,"event_name":"The Cleric","floor":4,"gold_loss":75},{"damage_healed":0,"gold_gain":75,"player_choice":"Gather Gold","damage_taken":11,"max_hp_gain":0,"max_hp_loss":0,"event_name":"World of Goop","floor":5,"gold_loss":0},{"cards_removed":["Strike_B"],"damage_healed":0,"gold_gain":0,"player_choice":"Upgrade and Remove","damage_taken":0,"max_hp_gain":0,"max_hp_loss":0,"event_name":"Designer","floor":20,"gold_loss":110,"cards_upgraded":["Strike_B"]},{"damage_healed":0,"gold_gain":0,"player_choice":"Fought Bandits","damage_taken":0,"max_hp_gain":0,"max_hp_loss":0,"event_name":"Masked Bandits","floor":22,"gold_loss":0}],"is_beta":false,"boss_relics":[{"not_picked":["Empty Cage","Philosopher\u0027s Stone"],"picked":"Runic Pyramid"}],"items_purged_floors":[],"is_endless":false,"potions_floor_spawned":[1,3,11,12,14,18],"killed_by":"Masked Bandits","ascension_level":20}}