{"host":"f7jml7vkwn3tj7tu","time":1612566537,"event":{"mods":["BaseMod","Block Reminder","Minty Spire (QoL Compilation)","Relic Stats","Slay-I"],"gold_per_floor":[111,61,136,136,153,163,192,192,192,220,232,243,243,255,255,359,359,370,36,46,62,82,82,82],"floor_reached":23,"language":"ENG","playtime":1910,"items_purged":[],"score":203,"play_id":"1e1b5f91-e1d0-4b2f-b70d-f5a41628ef39","local_time":"20210205180857","is_ascension_mode":false,"campfire_choices":[{"data":"Ball Lightning","floor":13,"key":"SMITH"},{"floor":15,"key":"REST"}],"circlet_count":0,"master_deck":["Strike_B","Strike_B","Strike_B","Strike_B","Defend_B","Defend_B","Defend_B","Zap","Dualcast","Glacier","Cold Snap","Melter","Static Discharge","Hologram","Self Repair","Ball Lightning+1","Seek","Machine Learning","Streamline+1","Blizzard","Conserve Battery","Capacitor","Coolheaded"],"relics":["Cracked Core","NeowsBlessing","Unceasing Top","SsserpentHead","Bottled Lightning","Bird Faced Urn","Nuclear Battery","Membership Card","Turnip"],"acts_visited":["Exordium","TheCity"],"potions_floor_usage":[7,16,16],"damage_taken":[{"damage":0,"enemies":"2 Louse","floor":1,"turns":1},{"damage":0,"enemies":"Small Slimes","floor":5,"turns":1},{"damage":0,"enemies":"Jaw Worm","floor":6,"turns":1},{"damage":15,"enemies":"Lagavulin","floor":7,"turns":7},{"damage":20,"enemies":"Gremlin Nob","floor":10,"turns":5},{"damage":10,"enemies":"Lots of Slimes","floor":11,"turns":6},{"damage":1,"enemies":"3 Louse","floor":12,"turns":6},{"damage":6,"enemies":"Red Slaver","floor":14,"turns":4},{"damage":8,"enemies":"The Guardian","floor":16,"turns":13},{"damage":23,"enemies":"2 Thieves","floor":18,"turns":5},{"damage":8,"enemies":"3 Byrds","floor":20,"turns":5},{"damage":33,"enemies":"Snake Plant","floor":22,"turns":5},{"damage":69,"enemies":"Slavers","floor":23,"turns":4}],"seed_played":"-2771560420097911510","potions_obtained":[{"floor":1,"key":"ColorlessPotion"},{"floor":10,"key":"Block Potion"},{"floor":12,"key":"SpeedPotion"},{"floor":14,"key":"FocusPotion"},{"floor":16,"key":"SteroidPotion"},{"floor":18,"key":"LiquidMemories"}],"is_trial":false,"path_per_floor":["M","?","?","$","M","M","E","?","T","E","M","M","R","M","R","B",null,"M","$","M","$","M","E"],"character_chosen":"DEFECT","items_purchased":["Membership Card","Turnip","Blizzard","Capacitor"],"campfire_rested":1,"item_purchase_floors":[19,19,19,21],"current_hp_per_floor":[75,75,64,64,64,64,49,49,49,29,21,29,29,32,54,57,75,61,61,66,66,48,0,0],"gold":82,"neow_bonus":"THREE_ENEMY_KILL","is_daily":false,"chose_seed":false,"campfire_upgraded":1,"win_rate":0.0,"timestamp":1612566537,"path_taken":["M","?","?","?","?","?","E","?","T","E","M","M","R","M","R","BOSS","M","$","M","?","M","E"],"items_purchased_type":["Relic","Relic","Card","Card"],"build_version":"2020-12-22","purchased_purges":0,"victory":false,"max_hp_per_floor":[75,75,75,75,75,75,75,75,75,75,75,75,75,75,75,75,75,75,75,75,75,75,75,75],"relic_stats":{"SsserpentHead":50,"counters":[13,63],"Bird Faced Urn":[32],"Turnip":[2],"obtain_stats":[{"SsserpentHead":8,"NeowsBlessing":0,"Bird Faced Urn":10,"Turnip":19,"Bottled Lightning":9,"Membership Card":19,"Cracked Core":0,"Unceasing Top":7,"Nuclear Battery":17},{"SsserpentHead":4,"NeowsBlessing":0,"Bird Faced Urn":5,"Turnip":10,"Bottled Lightning":4,"Membership Card":10,"Cracked Core":0,"Unceasing Top":4,"Nuclear Battery":9},{"SsserpentHead":10,"NeowsBlessing":0,"Bird Faced Urn":15,"Turnip":49,"Bottled Lightning":10,"Membership Card":49,"Cracked Core":0,"Unceasing Top":10,"Nuclear Battery":44}],"Unceasing Top":[3]},"card_choices":[{"not_picked":["Chill","Redo"],"picked":"Glacier","floor":1},{"not_picked":["Leap","Turbo"],"picked":"Cold Snap","floor":5},{"not_picked":["Sweeping Beam","Scrape"],"picked":"Melter","floor":6},{"not_picked":["Machine Learning","Force Field"],"picked":"Static Discharge","floor":7},{"not_picked":["Rip and Tear","Lockon"],"picked":"Hologram","floor":10},{"not_picked":["Reinforced Body","Streamline"],"picked":"Self Repair","floor":11},{"not_picked":["Cold Snap","Leap"],"picked":"Ball Lightning","floor":12},{"not_picked":["Chaos","Conserve Battery"],"picked":"Seek","floor":14},{"not_picked":["Fission","All For One"],"picked":"Machine Learning","floor":16},{"not_picked":["Beam Cell","Compile Driver"],"picked":"Streamline+1","floor":18},{"not_picked":["Chaos","Sweeping Beam+1"],"picked":"Conserve Battery","floor":20},{"not_picked":["Hologram","Ball Lightning"],"picked":"Coolheaded","floor":22}],"player_experience":581913,"relics_obtained":[{"floor":7,"key":"Unceasing Top"},{"floor":9,"key":"Bottled Lightning"},{"floor":10,"key":"Bird Faced Urn"}],"event_choices":[{"cards_removed":["Defend_B"],"damage_healed":0,"gold_gain":0,"player_choice":"Card Removal","damage_taken":0,"max_hp_gain":0,"max_hp_loss":0,"event_name":"The Cleric","floor":2,"gold_loss":50},{"damage_healed":0,"gold_gain":75,"player_choice":"Gather Gold","damage_taken":11,"max_hp_gain":0,"max_hp_loss":0,"event_name":"World of Goop","floor":3,"gold_loss":0},{"damage_healed":0,"gold_gain":0,"player_choice":"Trade","damage_taken":0,"relics_obtained":["SsserpentHead"],"max_hp_gain":0,"max_hp_loss":0,"event_name":"FaceTrader","floor":8,"gold_loss":0}],"is_beta":false,"boss_relics":[{"not_picked":["Astrolabe","Calling Bell"],"picked":"Nuclear Battery"}],"items_purged_floors":[],"is_endless":false,"potions_floor_spawned":[1,10,12,14,16,18],"killed_by":"Slavers","ascension_level":0}}