{"host":"jpcy2bclvs7juczu","time":1612562508,"event":{"mods":["Alarm Clock","BaseMod","Bestiary","Block Reminder","Colored Map","Colored Powertips","Curses Come First","Dark Map","Filter the Spire","Minty Spire (QoL Compilation)","Quick Restart","RNG Fix","Relic Stats","Slay the Relics Exporter","Smile Girya","StSLib","everything is the same but u backflip on backflip","ojb\u0027s Better Paths Mod","ojb\u0027s Info Mod","slay the spire mod where everything is the same but ironclad has a cowboy hat"],"gold_per_floor":[369,389,24,37,54,85,85,113,113,113,142,142,171,184,184,255,255,266,266,26,301,335,335,354,388,442,457,104,104,104],"floor_reached":29,"language":"ENG","playtime":2454,"items_purged":["Strike_B","Regret"],"score":642,"play_id":"cb41ac4b-68dc-4a6e-9e6e-096fee8ac4e1","local_time":"20210205170148","is_ascension_mode":true,"campfire_choices":[{"floor":7,"key":"REST"},{"floor":10,"key":"REST"},{"data":"Defragment","floor":15,"key":"SMITH"},{"data":"Aggregate","floor":23,"key":"SMITH"}],"circlet_count":0,"master_deck":["AscendersBane","Strike_B","Strike_B","Strike_B","Defend_B","Defend_B","Defend_B","Defend_B","Zap","Dualcast","Streamline","Leap","White Noise","Reboot","Chill","Defragment+1","Doom and Gloom","Sunder","Creative AI","Biased Cognition","Conserve Battery","Aggregate+1","Skim","Barrage+1","Echo Form","Skim"],"relics":["Cracked Core","Bag of Marbles","Strange Spoon","Orichalcum","Potion Belt","Dead Branch","Letter Opener","NlothsMask","Centennial Puzzle","Inserter","Red Mask","Dream Catcher","Frozen Eye"],"acts_visited":["Exordium","TheCity"],"potions_floor_usage":[8,13,14,16,24,29,29,29,29],"damage_taken":[{"damage":1,"enemies":"Small Slimes","floor":1,"turns":4},{"damage":0,"enemies":"Cultist","floor":2,"turns":2},{"damage":0,"enemies":"2 Louse","floor":4,"turns":2},{"damage":20,"enemies":"Large Slime","floor":5,"turns":5},{"damage":32,"enemies":"3 Sentries","floor":6,"turns":12},{"damage":25,"enemies":"Gremlin Nob","floor":8,"turns":5},{"damage":2,"enemies":"3 Sentries","floor":11,"turns":6},{"damage":16,"enemies":"Lagavulin","floor":13,"turns":6},{"damage":4,"enemies":"Exordium Wildlife","floor":14,"turns":2},{"damage":0,"enemies":"Hexaghost","floor":16,"turns":8},{"damage":4,"enemies":"Chosen","floor":18,"turns":5},{"damage":4,"enemies":"Masked Bandits","floor":22,"turns":4},{"damage":9,"enemies":"Shell Parasite","floor":24,"turns":2},{"damage":15,"enemies":"Slavers","floor":25,"turns":6},{"damage":6,"enemies":"Centurion and Healer","floor":27,"turns":6},{"damage":18,"enemies":"Snake Plant","floor":29,"turns":2}],"seed_played":"-5291011481665509410","potions_obtained":[{"floor":1,"key":"Ancient Potion"},{"floor":2,"key":"CultistPotion"},{"floor":8,"key":"SteroidPotion"},{"floor":13,"key":"BlessingOfTheForge"},{"floor":16,"key":"EssenceOfDarkness"},{"floor":18,"key":"LiquidBronze"},{"floor":19,"key":"LiquidMemories"},{"floor":19,"key":"SmokeBomb"},{"floor":24,"key":"SteroidPotion"}],"is_trial":false,"path_per_floor":["M","M","$","M","M","E","R","E","T","R","E","?","E","M","R","B",null,"M","?","$","?","?","R","M","E","T","M","$","M"],"character_chosen":"DEFECT","items_purchased":["Bag of Marbles","Strange Spoon","White Noise","Aggregate","Skim","Ancient Potion","Frozen Eye"],"campfire_rested":2,"item_purchase_floors":[3,3,3,20,20,28,28],"current_hp_per_floor":[63,63,63,63,43,11,30,5,5,24,22,22,6,2,2,2,49,45,45,45,45,41,41,32,17,17,11,11,0,0],"gold":104,"neow_bonus":"TWO_FIFTY_GOLD","is_daily":false,"chose_seed":false,"campfire_upgraded":2,"win_rate":0.0,"timestamp":1612562508,"path_taken":["M","M","$","M","M","E","R","E","T","R","E","?","E","M","R","BOSS","M","?","$","?","?","R","?","E","T","M","$","M"],"items_purchased_type":["Relic","Relic","Card","Card","Card","Potion","Relic"],"build_version":"2020-12-22","purchased_purges":2,"victory":false,"max_hp_per_floor":[64,64,64,64,64,64,64,64,64,64,64,64,64,64,64,64,64,64,64,64,64,64,64,64,64,64,64,64,64,64],"relic_stats":{"Strange Spoon":[18],"Centennial Puzzle":[21],"Dream Catcher":0,"Inserter":[12],"counters":[16,77],"Dead Branch":[26],"Letter Opener":[30],"Orichalcum":[216],"obtain_stats":[{"Potion Belt":8,"Inserter":17,"Dead Branch":9,"Letter Opener":11,"Orichalcum":6,"Strange Spoon":3,"Frozen Eye":28,"Centennial Puzzle":13,"Dream Catcher":25,"Bag of Marbles":3,"Red Mask":22,"Cracked Core":0,"NlothsMask":12},{"Potion Belt":6,"Inserter":10,"Dead Branch":6,"Letter Opener":7,"Orichalcum":5,"Strange Spoon":2,"Frozen Eye":15,"Centennial Puzzle":8,"Dream Catcher":14,"Bag of Marbles":2,"Red Mask":12,"Cracked Core":0,"NlothsMask":7},{"Potion Belt":30,"Inserter":52,"Dead Branch":30,"Letter Opener":36,"Orichalcum":25,"Strange Spoon":6,"Frozen Eye":75,"Centennial Puzzle":42,"Dream Catcher":69,"Bag of Marbles":6,"Red Mask":61,"Cracked Core":0,"NlothsMask":36}]},"card_choices":[{"not_picked":["Stack","Genetic Algorithm"],"picked":"Streamline","floor":1},{"not_picked":["Loop","Storm"],"picked":"Leap","floor":2},{"not_picked":["Turbo","Gash"],"picked":"Reboot","floor":4},{"not_picked":["Stack","Barrage"],"picked":"Chill","floor":5},{"not_picked":["Redo","Leap"],"picked":"Defragment","floor":6},{"not_picked":["Lockon","Cold Snap"],"picked":"Doom and Gloom","floor":8},{"not_picked":["Static Discharge","Steam"],"picked":"Sunder","floor":11},{"not_picked":["Steam","Hologram"],"picked":"Creative AI","floor":13},{"not_picked":["Leap","Sweeping Beam","Redo"],"picked":"SKIP","floor":14},{"not_picked":["Buffer","All For One"],"picked":"Biased Cognition","floor":16},{"not_picked":["Beam Cell","Go for the Eyes+1"],"picked":"Conserve Battery","floor":18},{"not_picked":["Defragment","Steam"],"picked":"Barrage+1","floor":24},{"not_picked":["Hologram","Compile Driver"],"picked":"Echo Form","floor":25},{"not_picked":["Redo","Streamline"],"picked":"Skim","floor":27}],"player_experience":1574063,"relics_obtained":[{"floor":6,"key":"Orichalcum"},{"floor":8,"key":"Potion Belt"},{"floor":9,"key":"Dead Branch"},{"floor":11,"key":"Letter Opener"},{"floor":13,"key":"Centennial Puzzle"},{"floor":22,"key":"Red Mask"},{"floor":25,"key":"Dream Catcher"}],"event_choices":[{"damage_healed":0,"gold_gain":0,"player_choice":"Trade","damage_taken":0,"relics_obtained":["NlothsMask"],"max_hp_gain":0,"max_hp_loss":0,"event_name":"FaceTrader","floor":12,"gold_loss":0},{"damage_healed":0,"gold_gain":0,"player_choice":"Got Potions","damage_taken":0,"max_hp_gain":0,"max_hp_loss":0,"event_name":"Lab","floor":19,"gold_loss":0},{"damage_healed":0,"gold_gain":275,"player_choice":"Desecrate","damage_taken":0,"max_hp_gain":0,"max_hp_loss":0,"event_name":"Golden Shrine","floor":21,"gold_loss":0,"cards_obtained":["Regret"]},{"damage_healed":0,"gold_gain":0,"player_choice":"Fought Bandits","damage_taken":0,"max_hp_gain":0,"max_hp_loss":0,"event_name":"Masked Bandits","floor":22,"gold_loss":0}],"is_beta":false,"boss_relics":[{"not_picked":["Nuclear Battery","SlaversCollar"],"picked":"Inserter"}],"items_purged_floors":[20,28],"is_endless":false,"potions_floor_spawned":[1,2,8,13,16,18,24],"killed_by":"Snake Plant","ascension_level":20}}