{"host":"3a1ypf1irl30q4k8","time":1612520326,"event":{"mods":["AchievementEnabler","BaseMod","Bestiary","Colored Map","Minty Spire (QoL Compilation)","Relic Stats","ojb\u0027s Info Mod"],"gold_per_floor":[110,122,122,122,38,38,68,86,86,86,86,106,121,22,22,145,145,158,177,191,191,191,191,44,69,69,69,69,69],"floor_reached":28,"language":"ENG","playtime":1336,"items_purged":[],"score":283,"play_id":"07cbe421-6add-4b4b-b6e9-411a96c35077","local_time":"20210205101846","is_ascension_mode":true,"campfire_choices":[{"data":"Dagger Spray","floor":6.0,"key":"SMITH"},{"floor":10.0,"key":"REST"},{"data":"Dagger Spray","floor":15.0,"key":"SMITH"},{"floor":23,"key":"REST"}],"circlet_count":0,"master_deck":["Survivor","Neutralize","Leg Sweep","Dagger Throw","Slice","Dagger Spray+1","Noxious Fumes","Poisoned Stab","Footwork","All Out Attack","Quick Slash","Dagger Spray+1","Envenom","Terror","Bane","Crippling Poison","Bouncing Flask","Sucker Punch","Tactician","Die Die Die","Blur","Dodge and Roll","Outmaneuver","Noxious Fumes","Blur"],"relics":["Ring of the Snake","Ninja Scroll","Pantograph","Bloody Idol","Pandora\u0027s Box","Lee\u0027s Waffle","Ginger","Question Card"],"acts_visited":["Exordium","TheCity"],"potions_floor_usage":[19,20,25],"damage_taken":[{"damage":4.0,"enemies":"Jaw Worm","floor":1.0,"turns":9.0},{"damage":0.0,"enemies":"Cultist","floor":2.0,"turns":4.0},{"damage":25.0,"enemies":"Lagavulin","floor":7.0,"turns":5.0},{"damage":0.0,"enemies":"Small Slimes","floor":8.0,"turns":2.0},{"damage":0.0,"enemies":"2 Fungi Beasts","floor":12.0,"turns":2.0},{"damage":3.0,"enemies":"Looter","floor":13.0,"turns":3.0},{"damage":33.0,"enemies":"Slime Boss","floor":16.0,"turns":7.0},{"damage":13.0,"enemies":"Spheric Guardian","floor":18.0,"turns":4.0},{"damage":4,"enemies":"Shell Parasite","floor":19,"turns":4},{"damage":32,"enemies":"Snake Plant","floor":20,"turns":5},{"damage":42,"enemies":"Slavers","floor":25,"turns":4},{"damage":41,"enemies":"Shelled Parasite and Fungi","floor":28,"turns":4}],"seed_played":"-3809897063269737088","potions_obtained":[{"floor":2.0,"key":"Strength Potion"},{"floor":8.0,"key":"Swift Potion"},{"floor":18.0,"key":"DistilledChaos"},{"floor":20,"key":"Dexterity Potion"}],"is_trial":false,"path_per_floor":["M","M","?","?","$","R","E","M","T","R","?","M","M","$","R","B",null,"M","M","M","?","?","R","$","E","T","?","M"],"character_chosen":"THE_SILENT","items_purchased":["Dagger Spray","Noxious Fumes","Dagger Spray","Strength Potion","Lee\u0027s Waffle"],"campfire_rested":2,"item_purchase_floors":[5,5,14,14,24],"current_hp_per_floor":[66,66,59,59,59,59,34,34,34,55,38,38,35,35,35,27,70,57,53,21,21,21,42,77,40,40,40,0,0],"gold":69,"neow_bonus":"THREE_CARDS","is_daily":false,"chose_seed":false,"campfire_upgraded":2,"win_rate":0.0,"timestamp":1612520326,"path_taken":["M","M","?","?","?","R","E","?","T","R","?","M","M","?","R","BOSS","M","M","M","?","?","R","$","E","T","?","M"],"items_purchased_type":["Card","Card","Card","Potion","Relic"],"build_version":"2020-12-22","purchased_purges":0,"victory":false,"max_hp_per_floor":[70,70,70,70,70,70,70,70,70,70,70,70,70,70,70,70,70,70,70,70,70,70,70,77,77,77,77,77,77],"relic_stats":{"Lee\u0027s Waffle":35,"counters":[12,53],"Pantograph":25,"Bloody Idol":5,"Pandora\u0027s Box":["Terror","Bane","Crippling Poison","Bouncing Flask","Sucker Punch","Tactician","Die Die Die","Blur","Dodge and Roll"],"Ginger":[0],"Question Card":0,"obtain_stats":[{"Lee\u0027s Waffle":24,"Ninja Scroll":7,"Golden Idol":11,"Pantograph":9,"Bloody Idol":22,"Pandora\u0027s Box":17,"Ginger":25,"Question Card":26,"Ring of the Snake":0},{"Lee\u0027s Waffle":10,"Ninja Scroll":3,"Golden Idol":4,"Pantograph":4,"Bloody Idol":10,"Pandora\u0027s Box":7,"Ginger":11,"Question Card":11,"Ring of the Snake":0},{"Lee\u0027s Waffle":45,"Ninja Scroll":18,"Golden Idol":20,"Pantograph":20,"Bloody Idol":45,"Pandora\u0027s Box":32,"Ginger":49,"Question Card":49,"Ring of the Snake":0}],"Ring of the Snake":[24]},"card_choices":[{"not_picked":["Caltrops","Backflip"],"picked":"Leg Sweep","floor":0.0},{"not_picked":["Sucker Punch","Backflip"],"picked":"Dagger Throw","floor":1.0},{"not_picked":["Leg Sweep","PiercingWail"],"picked":"Slice","floor":2.0},{"not_picked":["Blade Dance","Backflip"],"picked":"Poisoned Stab","floor":7.0},{"not_picked":["Expertise","Infinite Blades"],"picked":"Footwork","floor":8.0},{"not_picked":["Cloak And Dagger","Prepared"],"picked":"All Out Attack","floor":12.0},{"not_picked":["Dodge and Roll","Distraction"],"picked":"Quick Slash","floor":13.0},{"not_picked":["Night Terror","Die Die Die"],"picked":"Envenom","floor":16.0},{"not_picked":["Masterful Stab","Tactician"],"picked":"Outmaneuver","floor":18.0},{"not_picked":["Deadly Poison","Outmaneuver"],"picked":"Noxious Fumes","floor":19},{"not_picked":["Riddle With Holes","Predator","Underhanded Strike"],"picked":"SKIP","floor":20},{"not_picked":["Leg Sweep","Flechettes"],"picked":"Blur","floor":25}],"player_experience":1333506,"relics_obtained":[{"floor":7.0,"key":"Ninja Scroll"},{"floor":9.0,"key":"Pantograph"},{"floor":25,"key":"Ginger"},{"floor":26,"key":"Question Card"}],"event_choices":[{"cards_removed":["Strike_G"],"damage_healed":0.0,"max_hp_gain":0.0,"max_hp_loss":0.0,"gold_gain":0.0,"event_name":"Golden Wing","player_choice":"Card Removal","floor":3.0,"gold_loss":0.0,"damage_taken":7.0},{"damage_healed":0.0,"max_hp_gain":0.0,"max_hp_loss":0.0,"gold_gain":0.0,"event_name":"Scrap Ooze","player_choice":"Fled","floor":4.0,"gold_loss":0.0,"damage_taken":0.0},{"damage_healed":0.0,"max_hp_gain":0.0,"max_hp_loss":0.0,"gold_gain":0.0,"event_name":"Golden Idol","player_choice":"Take Damage","floor":11.0,"gold_loss":0.0,"damage_taken":17.0,"relics_obtained":["Golden Idol"]},{"damage_healed":0,"gold_gain":0,"player_choice":"Ignored","damage_taken":0,"max_hp_gain":0,"max_hp_loss":0,"event_name":"The Mausoleum","floor":21,"gold_loss":0},{"damage_healed":0,"gold_gain":0,"player_choice":"Gave Idol","damage_taken":0,"relics_obtained":["Bloody Idol"],"max_hp_gain":0,"max_hp_loss":0,"event_name":"Forgotten Altar","floor":22,"relics_lost":["Golden Idol"],"gold_loss":0},{"damage_healed":0,"gold_gain":0,"player_choice":"0 cards matched","damage_taken":0,"max_hp_gain":0,"max_hp_loss":0,"event_name":"Match and Keep!","floor":27,"gold_loss":0,"cards_obtained":[]}],"is_beta":false,"boss_relics":[{"not_picked":["Coffee Dripper","Black Star"],"picked":"Pandora\u0027s Box"}],"items_purged_floors":[],"is_endless":false,"potions_floor_spawned":[2,8,18,20],"killed_by":"Shelled Parasite and Fungi","ascension_level":4}}