{"host":"815dqs41i1y8uxms","time":1612531140,"event":{"mods":["A Penny For Your Troubles","Act Like it!","BaseMod","GungeonMod","Minty Spire (QoL Compilation)","Rare Cards Sparkle","Shop Mod","Spire Arcade","StSLib"],"gold_per_floor":[112,25,45,45,64,134,134,173,221,221,230,230,380,407,407,407,407],"floor_reached":16,"language":"ENG","playtime":778,"items_purged":[],"score":133,"play_id":"66fa2297-cdfb-46f1-8f32-ba6eef719d1c","local_time":"20210205141900","is_ascension_mode":false,"campfire_choices":[{"floor":7,"key":"REST"},{"floor":12,"key":"RECALL"},{"data":"DemoMod:ManualReload","floor":15,"key":"SMITH"}],"circlet_count":0,"master_deck":["DemoMod:Strike_Huntress","DemoMod:Strike_Huntress","DemoMod:Strike_Huntress","DemoMod:Defend_Huntress","DemoMod:Defend_Huntress","DemoMod:Defend_Huntress","DemoMod:Defend_Huntress","DemoMod:Roll","DemoMod:ManualReload+1","DemoMod:RustySidearm","DemoMod:CrossBow","DemoMod:BSG","DemoMod:PracticeMakesPerfect","DemoMod:Polaris","DemoMod:PotionOfGunFriendShip","DemoMod:HardPowerCard","DemoMod:CombinedRifle","DemoMod:ProbeStrike","DemoMod:DarkMarker","Parasite","DemoMod:BattleInHaste"],"relics":["DemoMod:Dog","CeramicFish","DemoMod:WeirdEgg","Regal Pillow","Orichalcum","DemoMod:SerJunkan"],"acts_visited":["Exordium"],"potions_floor_usage":[8,16],"damage_taken":[{"damage":0,"enemies":"2 Louse","floor":1,"turns":2},{"damage":0,"enemies":"Cultist","floor":3,"turns":3},{"damage":0,"enemies":"Jaw Worm","floor":5,"turns":2},{"damage":14,"enemies":"Gremlin Nob","floor":6,"turns":4},{"damage":0,"enemies":"3 Sentries","floor":8,"turns":2},{"damage":3,"enemies":"2 Fungi Beasts","floor":14,"turns":2},{"damage":60,"enemies":"The Guardian","floor":16,"turns":11}],"seed_played":"3985026897041692975","potions_obtained":[{"floor":1,"key":"Strength Potion"},{"floor":6,"key":"DistilledChaos"},{"floor":14,"key":"FearPotion"}],"is_trial":false,"path_per_floor":["M","$","M","?","M","E","R","E","T","?","?","R","?","M","R","B"],"character_chosen":"HUNTRESS","items_purchased":["DemoMod:Polaris","DemoMod:PotionOfGunFriendShip"],"campfire_rested":1,"item_purchase_floors":[2,2],"current_hp_per_floor":[49,49,49,49,49,35,56,56,56,44,61,61,61,58,58,0,0],"gold":407,"neow_bonus":"THREE_RARE_CARDS","is_daily":false,"chose_seed":false,"campfire_upgraded":1,"win_rate":0.0,"timestamp":1612531140,"path_taken":["M","$","M","?","?","E","R","E","T","?","?","R","?","M","R","BOSS"],"items_purchased_type":["Card","Card"],"build_version":"2020-12-22","purchased_purges":0,"victory":false,"max_hp_per_floor":[70,70,70,70,70,70,70,70,70,70,70,70,70,70,70,70,70],"card_choices":[{"not_picked":["DemoMod:BulletBore","DemoMod:SuppressiveFire"],"picked":"DemoMod:BSG","floor":0},{"not_picked":["DemoMod:ConditionalReflex","DemoMod:Unmoved"],"picked":"DemoMod:PracticeMakesPerfect","floor":1},{"not_picked":["DemoMod:GunstockTap","DemoMod:Camera"],"picked":"DemoMod:HardPowerCard","floor":3},{"not_picked":["DemoMod:Polaris","DemoMod:PotionOfGunFriendShip"],"picked":"DemoMod:CombinedRifle","floor":5},{"not_picked":["DemoMod:SAA","DemoMod:RadGun"],"picked":"DemoMod:ProbeStrike","floor":6},{"not_picked":["DemoMod:TripleGun","DemoMod:LifeOrb"],"picked":"DemoMod:DarkMarker","floor":8},{"not_picked":["DemoMod:Purify","DemoMod:PotionOfGunFriendShip"],"picked":"DemoMod:BattleInHaste","floor":14}],"player_experience":3742254,"relics_obtained":[{"floor":6,"key":"DemoMod:WeirdEgg"},{"floor":8,"key":"Regal Pillow"},{"floor":9,"key":"Orichalcum"}],"event_choices":[{"damage_healed":0,"gold_gain":0,"player_choice":"Gave Potion","damage_taken":0,"relics_obtained":["CeramicFish"],"max_hp_gain":0,"max_hp_loss":0,"event_name":"WeMeetAgain","floor":4,"gold_loss":0},{"damage_healed":0,"gold_gain":0,"player_choice":"Success","damage_taken":12,"relics_obtained":["DemoMod:SerJunkan"],"max_hp_gain":0,"max_hp_loss":0,"event_name":"Scrap Ooze","floor":10,"gold_loss":0},{"damage_healed":17,"gold_gain":0,"player_choice":"Healed and dodged fight","damage_taken":0,"max_hp_gain":0,"max_hp_loss":0,"event_name":"Mushrooms","floor":11,"gold_loss":0,"cards_obtained":["Parasite"]}],"is_beta":false,"boss_relics":[],"items_purged_floors":[],"is_endless":false,"potions_floor_spawned":[1,6,14],"killed_by":"The Guardian","ascension_level":0}}