{"host":"vlrft5ik259qp7l8","time":1612514055,"event":{"mods":["AchievementEnabler","BaseMod","Colored Map","Colored Powertips","DeckTracker","Highlight Path","Minty Spire (QoL Compilation)","Quick Restart","Replay The Spire","StSLib"],"gold_per_floor":[110,110,7,22,32,60,60,77,77,89,103,103,103,158,158,158,158],"floor_reached":16,"language":"ENG","playtime":1348,"items_purged":[],"score":102,"play_id":"053bad1e-e9e9-4f4f-b222-a1578396ad51","local_time":"20210205033415","is_ascension_mode":false,"campfire_choices":[{"floor":7,"key":"REST"},{"floor":15,"key":"REST"}],"circlet_count":0,"master_deck":["Strike_G","Strike_G","Strike_G","Strike_G","Strike_G","Defend_G","Defend_G","Defend_G","Defend_G","Defend_G","Survivor","Neutralize+1","Quick Slash","Dash","Bouncing Flask+1","Deflect","Dodge and Roll","Prepared","Concentrate","Outmaneuver","Tactician","Adrenaline","Doubt","Sucker Punch"],"relics":["Ring of the Snake","Mummified Hand","Meat on the Bone","Ring of Panic","Mercury Hourglass"],"acts_visited":["Exordium"],"potions_floor_usage":[1,6,6,11,14,16],"damage_taken":[{"damage":0,"enemies":"2 Louse","floor":1,"turns":3},{"damage":0,"enemies":"Cultist","floor":4,"turns":3},{"damage":11,"enemies":"Small Slimes","floor":5,"turns":4},{"damage":17,"enemies":"Gremlin Nob","floor":6,"turns":5},{"damage":8,"enemies":"3 Louse","floor":8,"turns":4},{"damage":12,"enemies":"Blue Slaver","floor":10,"turns":3},{"damage":0,"enemies":"2 Fungi Beasts","floor":11,"turns":3},{"damage":14,"enemies":"3 Sentries","floor":14,"turns":3},{"damage":73,"enemies":"Fading Forest","floor":16,"turns":8}],"seed_played":"8648990392806338027","potions_obtained":[{"floor":1,"key":"EntropicBrew"},{"floor":8,"key":"CunningPotion"},{"floor":10,"key":"AttackPotion"}],"is_trial":false,"path_per_floor":["M","?","$","M","M","E","R","M","T","M","M","?","?","?","R_BF","B"],"character_chosen":"THE_SILENT","items_purchased":["Bouncing Flask","Deflect"],"campfire_rested":2,"item_purchase_floors":[3,3],"current_hp_per_floor":[70,70,70,70,59,42,63,55,55,43,43,43,43,41,62,0,0],"gold":158,"neow_bonus":"THREE_CARDS","is_daily":false,"chose_seed":false,"campfire_upgraded":0,"win_rate":0.0,"timestamp":1612514055,"path_taken":["M","?","?","M","M","E","R","M","T","M","M","?","?","?","R_BF","BOSS"],"items_purchased_type":["Card","Card"],"build_version":"2020-12-22","purchased_purges":0,"victory":false,"max_hp_per_floor":[70,70,70,70,70,70,70,70,70,70,70,70,70,70,70,70,70],"card_choices":[{"not_picked":["Hidden Blade","Backflip"],"picked":"Quick Slash","floor":0},{"not_picked":["Backflip","ReplayTheSpireMod:Speed Training"],"picked":"Dash","floor":1},{"not_picked":["PiercingWail","Calculated Gamble"],"picked":"Dodge and Roll","floor":4},{"not_picked":["Acrobatics","Deflect"],"picked":"Prepared","floor":5},{"not_picked":["Riddle With Holes","Deadly Poison"],"picked":"Concentrate","floor":6},{"not_picked":["Bane","Deadly Poison"],"picked":"Outmaneuver","floor":8},{"not_picked":["Dodge and Roll","PiercingWail"],"picked":"Tactician","floor":10},{"not_picked":["Dagger Spray","Bane"],"picked":"Adrenaline","floor":11},{"not_picked":["ReplayTheSpireMod:Tripwire","Deflect"],"picked":"Sucker Punch","floor":14}],"player_experience":205738,"relics_obtained":[{"floor":6,"key":"Mummified Hand"},{"floor":9,"key":"Meat on the Bone"},{"floor":13,"key":"Ring of Panic"}],"event_choices":[{"damage_healed":0,"gold_gain":0,"player_choice":"Upgraded","damage_taken":0,"max_hp_gain":0,"max_hp_loss":0,"event_name":"Upgrade Shrine","floor":2,"gold_loss":0,"cards_upgraded":["Neutralize"]},{"damage_healed":0,"gold_gain":0,"player_choice":"Grow","damage_taken":0,"max_hp_gain":0,"max_hp_loss":0,"event_name":"Living Wall","floor":12,"gold_loss":0,"cards_upgraded":["Bouncing Flask"]},{"damage_healed":0,"gold_gain":0,"player_choice":"Searched \u00272\u0027 times","damage_taken":0,"relics_obtained":["Mercury Hourglass"],"max_hp_gain":0,"max_hp_loss":0,"event_name":"Dead Adventurer","floor":14,"gold_loss":0}],"is_beta":false,"boss_relics":[],"items_purged_floors":[],"is_endless":false,"potions_floor_spawned":[1,8,10],"killed_by":"Fading Forest","ascension_level":0}}