{"host":"dn2xyj3kd3d9cfyb","time":1612544759,"event":{"mods":["BaseMod","Colored Powertips","Downfall","Hubris","Marisa£®ÏF”Í°°ƒß¿Ì…≥£©","Minty Spire (QoL Compilation)","Remilia£®¿Ÿ√◊¿Ú—«£©","Replay The Spire","Shop Mod","StSLib","The Animator","The Construct","The Cursed","The Mystic","Youmu£®ªÍ∆«—˝√Œ£©","Yuri Mod","Yuyuko"],"gold_per_floor":[125,136,149,149,149,149,132,132,132,158,158,187,202,236,236,331,331,341,121,141,158,10,10,42,42,42,67,67,92,92,105,105,222,222,242,259,22,32,224,224,271,271,271,271,284,284,310,324,324,324,324,324,798,798,798],"floor_reached":54,"language":"ZHS","playtime":5274,"items_purged":["animator:Curse_Nutcracker","animator:Curse_GriefSeed"],"score":818,"play_id":"c8ff8447-5679-4763-aa05-88963d4bdf2c","local_time":"20210206010559","is_ascension_mode":true,"campfire_choices":[{"data":"animator:Kuroyukihime","floor":6.0,"key":"SMITH"},{"floor":8.0,"key":"RECALL"},{"data":"animator:Entoma+5","floor":11.0,"key":"SMITH"},{"data":"animator:Albedo","floor":15,"key":"SMITH"},{"data":"animator:Sora","floor":23,"key":"SMITH"},{"data":"animator:GoblinSlayer","floor":28,"key":"SMITH"},{"data":"animator:Entoma+12","floor":30,"key":"SMITH"},{"data":"animator:Entoma+14","floor":32,"key":"SMITH"},{"data":"animator:Shiro","floor":40,"key":"SMITH"},{"data":"animator:EmiyaShirou","floor":42,"key":"SMITH"},{"data":"animator:Entoma+17","floor":44,"key":"SMITH"},{"floor":49,"key":"REST"}],"circlet_count":0,"master_deck":["animator:Strike_AccelWorld+1","animator:Defend_AccelWorld","animator:Defend","animator:Kuroyukihime","animator:LimeBell","animator:Entoma+2","animator:CowGirl","animator:GoblinSlayer","animator:Albedo","animator:Sora+1","Replay:Sluggish","animator:Ainz","animator:Shiro","animator:EmiyaShirou","animator:HigakiRinne","animator:Priestess","Pain"],"relics":["animator:TheEgnaroPiece","animator:AncientMedallion"],"acts_visited":["Exordium","TheCity","TheBeyond","TheEnding","EYB:TheUnnamedReign"],"potions_floor_usage":[24,27,31,33,33,47,50,50,50],"damage_taken":[{"damage":9.0,"enemies":"Cultist","floor":1.0,"turns":5.0},{"damage":0.0,"enemies":"Small Slimes","floor":2.0,"turns":4.0},{"damage":5.0,"enemies":"Jaw Worm","floor":3.0,"turns":4.0},{"damage":11.0,"enemies":"3 Sentries","floor":7.0,"turns":9.0},{"damage":0.0,"enemies":"Lagavulin","floor":10.0,"turns":8.0},{"damage":7.0,"enemies":"Gremlin Nob","floor":12.0,"turns":4.0},{"damage":7.0,"enemies":"Exordium Wildlife","floor":13.0,"turns":5.0},{"damage":14,"enemies":"Lagavulin","floor":14,"turns":9},{"damage":9,"enemies":"Slime Boss","floor":16,"turns":10},{"damage":0,"enemies":"Chosen","floor":18,"turns":4},{"damage":10,"enemies":"Spheric Guardian","floor":20,"turns":4},{"damage":10,"enemies":"Snake Plant","floor":21,"turns":4},{"damage":0,"enemies":"Gremlin Leader","floor":24,"turns":5},{"damage":10,"enemies":"Replay:Snechameleon","floor":27,"turns":5},{"damage":0,"enemies":"Book of Stabbing","floor":29,"turns":5},{"damage":0,"enemies":"3 Cultists","floor":31,"turns":4},{"damage":18,"enemies":"Pondfish","floor":33,"turns":9},{"damage":0,"enemies":"3 Darklings","floor":35,"turns":6},{"damage":6,"enemies":"3 Shapes","floor":36,"turns":3},{"damage":7,"enemies":"Sphere and 2 Shapes","floor":38,"turns":6},{"damage":0,"enemies":"R_Hoarder","floor":41,"turns":7},{"damage":24,"enemies":"Jaw Worm Horde","floor":45,"turns":6},{"damage":2,"enemies":"Nemesis","floor":47,"turns":9},{"damage":49,"enemies":"3 Darklings","floor":48,"turns":6},{"damage":0,"enemies":"Replay:Hell Engine","floor":50,"turns":15},{"damage":104,"enemies":"animator:TRIPLE_SHAPES_WEAK","floor":54,"turns":5}],"seed_played":"853592032695026757","potions_obtained":[{"floor":7.0,"key":"Guardian:BlockOnCardUsePotion"},{"floor":10.0,"key":"BlessingOfTheForge"},{"floor":16,"key":"Adrenaline Potion"},{"floor":25,"key":"DistilledChaos"},{"floor":25,"key":"Adrenaline Potion"},{"floor":25,"key":"Guardian:BlockOnCardUsePotion"},{"floor":27,"key":"FearPotion"},{"floor":29,"key":"Ancient Potion"},{"floor":31,"key":"Swift Potion"},{"floor":38,"key":"GamblersBrew"},{"floor":47,"key":"SpeedPotion"},{"floor":52,"key":"Swift Potion"},{"floor":52,"key":"LiquidMemories"}],"is_trial":false,"path_per_floor":["M","M","M","?","?","R","E","R","T","E","R","E","M","E","R","B",null,"M","$","M","M","$","R","E","?","T","E","R","E","R","M","R","B",null,"M","M","$","M","?","R","E","R","T","R","M","T","E","M","R","B",null,"R","??","M"],"character_chosen":"THE_ANIMATOR","items_purchased":["Potion Belt","Membership Card","Ice Cream","animator:Shiro"],"campfire_rested":1,"item_purchase_floors":[19,22,37,37],"current_hp_per_floor":[57,59,56,56,56,56,47,47,47,57,57,55,53,48,48,41,81,81,81,73,64,64,64,69,69,69,61,61,70,70,72,72,57,85,87,82,82,89,54,54,69,69,69,69,47,47,54,7,34,93,93,93,98,0,0],"gold":798,"neow_bonus":"DOUBLE_BOSS_RELIC","is_daily":false,"chose_seed":false,"campfire_upgraded":10,"win_rate":0.0,"timestamp":1612544759,"path_taken":["M","?","?","?","?","R","E","R","T","E","R","E","M","E","R","BOSS","M","$","M","M","$","R","E","?","T","E","R","E","R","?","R","BOSS","M","M","$","M","?","R","E","R","T","R","?","?","E","?","R","BOSS","R","??","M"],"items_purchased_type":["Relic","Relic","Relic","Card"],"build_version":"2020-12-22","purchased_purges":2,"victory":false,"max_hp_per_floor":[66,68,70,70,70,70,72,72,72,74,74,76,78,81,81,81,81,81,81,81,81,81,81,81,81,81,81,81,83,83,85,85,85,85,87,87,87,89,89,89,89,89,89,89,91,91,91,93,93,93,93,93,98,98,98],"card_choices":[{"not_picked":["animator:DolaSchwi","animator:DolaRiku"],"picked":"animator:Entoma","floor":1.0},{"not_picked":["animator:Sloth","animator:MaesHughes"],"picked":"animator:CowGirl","floor":2.0},{"not_picked":["animator:Tet","animator:Tyuule","animator:Chung"],"picked":"SKIP","floor":3.0},{"not_picked":["animator:Verdia","animator:CowGirl","animator:AcuraAkari"],"picked":"SKIP","floor":7.0},{"not_picked":["animator:ElricEdward","animator:Cocytus"],"picked":"animator:Entoma","floor":10.0},{"not_picked":["animator:DolaSchwi","animator:Cocytus"],"picked":"animator:GoblinSlayer","floor":12.0},{"not_picked":["animator:Vanir","animator:ElricAlphonse","animator:TukaLunaMarceau"],"picked":"SKIP","floor":13.0},{"not_picked":["animator:Mitsurugi","animator:DolaStephanie"],"picked":"animator:Albedo","floor":14},{"not_picked":["animator:AcuraShin","animator:Albedo"],"picked":"animator:Sora","floor":16},{"not_picked":["animator:Kuribayashi","animator:Guy+1"],"picked":"animator:Entoma","floor":18},{"not_picked":["animator:ElricEdward","animator:Lancer+1","animator:RoyMustang"],"picked":"SKIP","floor":20},{"not_picked":["animator:Sebas","animator:CowGirl","animator:GuildGirl+1"],"picked":"SKIP","floor":21},{"not_picked":["animator:Lu","animator:YaoHaDucy","animator:ElricEdward"],"picked":"SKIP","floor":24},{"not_picked":["animator:IzunaHatsuse","animator:Illya","animator:DolaSchwi"],"picked":"SKIP","floor":27},{"not_picked":["animator:Illya","animator:Sebas"],"picked":"animator:Entoma","floor":29},{"not_picked":["animator:Aqua+1","animator:DwarfShaman","animator:Pride"],"picked":"SKIP","floor":31},{"not_picked":["animator:Wiz","animator:Envy"],"picked":"animator:Ainz","floor":33},{"not_picked":["animator:TukaLunaMarceau","animator:Sebas","animator:Rider"],"picked":"SKIP","floor":35},{"not_picked":["animator:MaesHughes","animator:RinTohsaka","animator:Raven"],"picked":"SKIP","floor":36},{"not_picked":["animator:TukaLunaMarceau","animator:DolaCouronne+1","animator:Alexander"],"picked":"SKIP","floor":38},{"not_picked":["animator:Rider","animator:SakuraMatou+1"],"picked":"animator:EmiyaShirou","floor":41},{"not_picked":["animator:ChaikaBohdan","animator:HighElfArcher"],"picked":"animator:Priestess","floor":45},{"not_picked":["animator:LeleiLaLalena","animator:MaesHughes+1","animator:RinTohsaka+1"],"picked":"SKIP","floor":47},{"not_picked":["animator:Pride","animator:YunYun+1","animator:Vanir+1"],"picked":"SKIP","floor":48}],"player_experience":617224,"relics_obtained":[{"floor":7.0,"key":"Ornamental Fan"},{"floor":9.0,"key":"hubris:FunFungus"},{"floor":10.0,"key":"hubris:Potato"},{"floor":12.0,"key":"Gremlin Food"},{"floor":14,"key":"hubris:SlimyHat"},{"floor":24,"key":"Iron Hammer"},{"floor":27,"key":"Orichalcum"},{"floor":29,"key":"Chameleon Ring"},{"floor":41,"key":"Lantern"},{"floor":43,"key":"Torii"},{"floor":46,"key":"FossilizedHelix"},{"floor":47,"key":"Garlic"},{"floor":53,"key":"animator:TheEgnaroPiece"},{"floor":53,"key":"animator:AncientMedallion"}],"event_choices":[{"damage_healed":0,"gold_gain":0,"player_choice":"Got Potions","damage_taken":0,"max_hp_gain":0,"max_hp_loss":0,"event_name":"Lab","floor":25,"gold_loss":0}],"is_beta":false,"boss_relics":[{"not_picked":["animator:CursedBlade","Sozu"],"picked":"Replay:Grab Bag"},{"not_picked":["Runic Dome","Velvet Choker"],"picked":"Cursed Key"},{"not_picked":["Busted Crown","hubris:CrackedHourglass"],"picked":"ChewingGum"},{"not_picked":["hubris:HollowSoul","hubris:BlackHole"],"picked":"Kintsugi"},{"not_picked":["hubris:Stopwatch","Ring of Chaos"],"picked":"hubris:Backtick"},{"not_picked":["hubris:TerracottaHorce","Abe\u0027s Treasure"],"picked":"bronze:MakeshiftBattery"}],"items_purged_floors":[19,37],"is_endless":false,"potions_floor_spawned":[7,10,16,27,29,31,38,47],"killed_by":"animator:TRIPLE_SHAPES_WEAK","ascension_level":1}}