{"host":"g5fmetnswx4f9rhi","time":1612497558,"event":{"mods":["AchievementEnabler","Act Like it!","Aspiration","BaseMod","Conspire","Downfall","Friendly Minions","Gensokyo","GifTheSpireLib","Halation","Hallownest","Hubris","Koishi","Lobotomy","LobotomyExtend","Luminous","Mari Mod (Legacy)","Mari\u0027s V1 Patch","Marisa????????","Mimic Mod","Minty Spire (QoL Compilation)","Railgun Mod","Reimu??????","Remilia??????","Replay The Spire","StSLib","Td1madao Mod","The Administrix","The Alterego","The Animator","The Bladedancer","The Bug Knight","The Cursed","The Jungle","The Marked","The Senshi","The Servant 0.9.4","Yakumo Yukari mod","Yuri Mod"],"gold_per_floor":[115,132,146,146,161,191,211,211,261,274,274,307,108,126,126,229,229,241,254,154,168,179,191,222,222,257,7,38,50,50,67,67,163,163,174,174,49,67,78,78,78,78,78,78,97,97,129,129,129],"floor_reached":48,"language":"ENG","playtime":8020,"items_purged":["Strike_S","Strike_S","Defend_S"],"score":616,"play_id":"b0c89f8e-7b77-45e6-a643-6cd54eabb1c5","local_time":"20210204215918","is_ascension_mode":false,"campfire_choices":[{"floor":11,"key":"REST"},{"floor":15,"key":"REST"},{"data":"Potential","floor":25,"key":"SMITH"},{"floor":32,"key":"REST"},{"data":"Replace","floor":40,"key":"SMITH"},{"data":"TimeWarp","floor":42,"key":"SMITH"},{"data":"TimeWarp","floor":44,"key":"SMITH"}],"circlet_count":0,"master_deck":["Defend_S+1","Defend_S","Defend_S","KidneyShot","Exchange","Deny","Sabotage","SurpressingFire","TimeWarp+1","Potential+1","Initiator","Ricochet","TimeWarp+1","Advance+1","Foresight","GearUp","GearUp","FanOfKnives","FlawlessForm","InstantArmor+1","Luminosity+1","SilverBlades","Rewind","GearUp+1","Starlight+1","GremboGang","Starlight","SilverBlades","BestPractice","PendulumOfEternity","hubris:Compulsion","hubris:Wrath","hubris:Despair","SpecialFormula","Alleviate+1","Replace+1","BottledTime","Starlight+1"],"relics":["Uniform","aspiration:HiddenCompartment","Anchor","HollowMod:PaleOreRelic","Honey Jar","LetterFromLob","CrazyTorch:ReiMu","Onion Ring","ReplayTheSpireMod:Shallot","Replay:Ancient Bell","War Paint","conspire:BottledYoYo","Incense Burner","Nunchaku","Mirror","Replay:Kaleidoscope"],"acts_visited":["Exordium","TheCity","TheBeyond"],"potions_floor_usage":[12,28,33,33],"damage_taken":[{"damage":0,"enemies":"Cultist","floor":1,"turns":3},{"damage":2,"enemies":"Small Slimes","floor":2,"turns":3},{"damage":0,"enemies":"2 Louse","floor":3,"turns":5},{"damage":3,"enemies":"2 Fungi Beasts","floor":5,"turns":4},{"damage":8,"enemies":"Replay:BlueRogue","floor":6,"turns":5},{"damage":13,"enemies":"Exordium Thugs","floor":7,"turns":4},{"damage":0,"enemies":"Large Slime","floor":10,"turns":3},{"damage":22,"enemies":"HollowMod:MossKnight","floor":12,"turns":9},{"damage":0,"enemies":"2 Fungi Beasts","floor":14,"turns":3},{"damage":25,"enemies":"Hexaghost","floor":16,"turns":13},{"damage":7,"enemies":"Spheric Guardian","floor":18,"turns":7},{"damage":0,"enemies":"Chosen and Byrds","floor":19,"turns":6},{"damage":4,"enemies":"Centurion and Healer","floor":21,"turns":8},{"damage":0,"enemies":"3 Cultists","floor":22,"turns":4},{"damage":12,"enemies":"Shelled Parasite and Fungi","floor":23,"turns":7},{"damage":7,"enemies":"Gremlin Leader","floor":24,"turns":7},{"damage":0,"enemies":"Cultist and Chosen","floor":26,"turns":5},{"damage":0,"enemies":"HollowMod:Nosk","floor":28,"turns":5},{"damage":0,"enemies":"Cultist and Chosen","floor":29,"turns":5},{"damage":0,"enemies":"Centurion and Healer","floor":31,"turns":5},{"damage":0,"enemies":"Champ","floor":33,"turns":9},{"damage":0,"enemies":"Orb Walker","floor":35,"turns":3},{"damage":0,"enemies":"3 Darklings","floor":38,"turns":4},{"damage":1,"enemies":"Maw","floor":39,"turns":10},{"damage":26,"enemies":"Transient","floor":45,"turns":5},{"damage":26,"enemies":"Nemesis","floor":47,"turns":9},{"damage":0,"enemies":"Spire Growth","floor":48,"turns":1}],"seed_played":"-3080929542808727257","potions_obtained":[{"floor":1,"key":"ZuzhouPotion:ReiMu"},{"floor":5,"key":"champ:CounterPotion"},{"floor":19,"key":"SpeedPotion"},{"floor":24,"key":"LiquidMemories"},{"floor":29,"key":"champ:CounterPotion"},{"floor":31,"key":"BlessingOfTheForge"},{"floor":38,"key":"Guardian:BlockOnCardUsePotion"},{"floor":47,"key":"SpeedPotion"}],"is_trial":false,"path_per_floor":["M","M","M","?","M","E","M","?","T","M","R","E","$","M","R","B",null,"M","M","$","M","M","M","E","R","MIM","?","E","M","?","M","R","B",null,"M","?","$","M","M","R","?","R","T","R","M","?","E","M"],"character_chosen":"THE_SERVANT","items_purchased":["Foresight","GearUp"],"campfire_rested":3,"item_purchase_floors":[13,13],"current_hp_per_floor":[65,63,63,56,53,45,32,32,32,32,51,29,29,29,48,23,65,58,58,58,54,54,42,35,35,35,35,35,35,35,35,54,54,65,65,65,65,65,65,65,65,65,65,65,39,39,18,18,18],"gold":129,"neow_bonus":"ONE_RANDOM_RARE_CARD","is_daily":false,"chose_seed":false,"campfire_upgraded":4,"win_rate":0.0,"timestamp":1612497558,"path_taken":["M","?","M","?","M","E","M","?","T","M","R","E","$","M","R","BOSS","M","M","$","M","M","M","E","R","MIM","?","E","M","?","M","R","BOSS","M","?","$","M","?","R","?","R","T","R","M","?","E","M"],"items_purchased_type":["Card","Card"],"build_version":"2020-12-22","purchased_purges":3,"victory":false,"max_hp_per_floor":[65,65,65,65,65,65,65,65,65,65,65,65,65,65,65,65,65,65,65,65,65,65,65,65,65,65,65,65,65,65,65,65,65,65,65,65,65,65,65,65,65,65,65,65,65,65,65,65,65],"card_choices":[{"not_picked":["SurpressingFire","Desolation"],"picked":"Sabotage","floor":1},{"not_picked":["Alleviate","BottledTime"],"picked":"SurpressingFire","floor":2},{"not_picked":["Rewind","Potential"],"picked":"TimeWarp","floor":3},{"not_picked":["FastForward","Advance"],"picked":"Potential","floor":5},{"not_picked":["Gouge","Solidify"],"picked":"Initiator","floor":6},{"not_picked":["Barrier","ShatteredReality"],"picked":"Ricochet","floor":7},{"not_picked":["DualDimension","DoubleEdge"],"picked":"TimeWarp","floor":10},{"not_picked":["Spin","Potential"],"picked":"Advance","floor":12},{"not_picked":["MoonPhase","WasteNot"],"picked":"FanOfKnives","floor":14},{"not_picked":["PendulumOfEternity","SoulSculpture"],"picked":"FlawlessForm","floor":16},{"not_picked":["Starlight","TimeWarp","Ricochet"],"picked":"InstantArmor+1","floor":18},{"not_picked":["TimeWarp","DualDimension","Desolation+1"],"picked":"Luminosity+1","floor":19},{"not_picked":["Read+1","Replace+1","BottledTime"],"picked":"SilverBlades","floor":21},{"not_picked":["Comet+1","FastForward","Potential"],"picked":"Rewind","floor":22},{"not_picked":["FastForward","Collapse","Ricochet+1"],"picked":"ShatteredReality","floor":23},{"not_picked":["Spin","Foresight","SoulSculpture"],"picked":"GearUp+1","floor":24},{"not_picked":["ShatteredReality","Manipulate","Alleviate"],"picked":"Starlight+1","floor":26},{"not_picked":["Comet+1","Misdirection","Defy"],"picked":"Starlight","floor":28},{"not_picked":["Ricochet","Rewind+1","Initiator"],"picked":"SilverBlades","floor":29},{"not_picked":["Defy+1","ShiftingGears","Sabotage"],"picked":"BestPractice","floor":31},{"not_picked":["LightFlow","FloweringNight","Deny"],"picked":"PendulumOfEternity","floor":33},{"not_picked":["Gensokyo:AllTheWorldsEvil","blademaster:WrongfulFootwork","Hallucinations"],"picked":"hubris:Compulsion","floor":34},{"not_picked":["CommonCold","animator:Curse_Greed","ReplayTheSpireMod:Faulty Equipment"],"picked":"hubris:Wrath","floor":34},{"not_picked":["Sickly","blademaster:WrongfulFootwork","hubris:Envy"],"picked":"hubris:Despair","floor":34},{"not_picked":["Potential","FastForward+1","Reset"],"picked":"SpecialFormula","floor":35},{"not_picked":["Dilation","Ricochet","Rearm"],"picked":"Alleviate+1","floor":38},{"not_picked":["DoubleEdge+1","Alleviate","Defy"],"picked":"Replace","floor":39},{"not_picked":["Rewind","ShatteredReality+1","DoubleEdge"],"picked":"BottledTime","floor":45},{"not_picked":["Spin+1","Sabotage+1","Potential"],"picked":"Starlight+1","floor":47}],"player_experience":27788,"relics_obtained":[{"floor":6,"key":"aspiration:HiddenCompartment"},{"floor":9,"key":"Anchor"},{"floor":12,"key":"HollowMod:PaleOreRelic"},{"floor":18,"key":"LetterFromLob"},{"floor":24,"key":"CrazyTorch:ReiMu"},{"floor":26,"key":"Onion Ring"},{"floor":28,"key":"ReplayTheSpireMod:Shallot"},{"floor":43,"key":"Mirror"},{"floor":47,"key":"Replay:Kaleidoscope"}],"event_choices":[{"cards_removed":["Strike_S"],"damage_healed":0,"gold_gain":0,"player_choice":"Card Removal","damage_taken":7,"max_hp_gain":0,"max_hp_loss":0,"event_name":"Golden Wing","floor":4,"gold_loss":0},{"cards_removed":["Strike_S"],"damage_healed":0,"gold_gain":0,"player_choice":"Forget","damage_taken":0,"max_hp_gain":0,"max_hp_loss":0,"event_name":"Living Wall","floor":8,"gold_loss":0},{"damage_healed":0,"gold_gain":0,"player_choice":"Gave Potion","damage_taken":0,"relics_obtained":["Nunchaku"],"max_hp_gain":0,"max_hp_loss":0,"event_name":"WeMeetAgain","floor":36,"gold_loss":0},{"damage_healed":0,"gold_gain":0,"player_choice":"Leave","damage_taken":0,"max_hp_gain":0,"max_hp_loss":0,"event_name":"conspire:Investor","floor":41,"gold_loss":0},{"cards_removed":["ShatteredReality"],"damage_healed":0,"gold_gain":0,"player_choice":"Removed Attack","damage_taken":0,"max_hp_gain":0,"max_hp_loss":0,"event_name":"Falling","floor":46,"gold_loss":0}],"is_beta":false,"boss_relics":[{"not_picked":["Cursed Key","StoneMask"],"picked":"Honey Jar"},{"not_picked":["halation:CatFaceCupcake","hubris:BlackHole"],"picked":"Replay:Ancient Bell"},{"not_picked":["MealTicket","Bag of Marbles"],"picked":"War Paint"},{"not_picked":["Tea:ReiMu","aspiration:StickyExplosives_weak"],"picked":"conspire:BottledYoYo"},{"not_picked":["aspiration:AnachronicSnailShell","hubris:Zylophone"],"picked":"Incense Burner"}],"items_purged_floors":[13,20,37],"is_endless":false,"potions_floor_spawned":[1,3,5,14,19,24,29,31,38,47],"killed_by":"Spire Growth","ascension_level":0}}