{"host":"4eao2pkwlmv012cz","time":1612491089,"event":{"mods":["BaseMod","Colored Powertips","Minty Spire (QoL Compilation)","Permanent Neow","Quick Restart","Random Character Button","StSLib"],"gold_per_floor":[363,438,450,50,63,63,89,89,160,160,194,194,194,30,30,102,102,121,121,121],"floor_reached":19,"language":"ENG","playtime":548,"items_purged":["Strike_B"],"score":346,"play_id":"efd2c165-6ba8-43f0-ab0c-057bdac4b0ae","local_time":"20210204211129","is_ascension_mode":true,"campfire_choices":[{"data":"Apotheosis","floor":6.0,"key":"SMITH"},{"floor":8,"key":"REST"},{"data":"Defragment","floor":10,"key":"SMITH"},{"floor":12,"key":"REST"},{"data":"Biased Cognition","floor":15,"key":"SMITH"}],"circlet_count":0,"master_deck":["AscendersBane","Strike_B","Strike_B","Strike_B","Defend_B","Defend_B","Defend_B","Zap","Dualcast","Sweeping Beam","Consume","Apotheosis+1","Defragment+1","Biased Cognition+1","Glacier","Amplify","FTL"],"relics":["Cracked Core","Potion Belt","Bottled Tornado","Question Card","Sling","Sozu"],"acts_visited":["Exordium","TheCity"],"potions_floor_usage":[7,11,16],"damage_taken":[{"damage":0.0,"enemies":"2 Louse","floor":1.0,"turns":2.0},{"damage":7.0,"enemies":"Jaw Worm","floor":3.0,"turns":4.0},{"damage":10.0,"enemies":"Small Slimes","floor":5.0,"turns":3.0},{"damage":12,"enemies":"Lagavulin","floor":7,"turns":5},{"damage":31,"enemies":"Gremlin Nob","floor":11,"turns":4},{"damage":8,"enemies":"Hexaghost","floor":16,"turns":10},{"damage":11,"enemies":"Chosen","floor":18,"turns":6},{"damage":45,"enemies":"Masked Bandits","floor":19,"turns":3}],"seed_played":"-7918506381716795420","potions_obtained":[{"floor":5.0,"key":"Block Potion"},{"floor":11,"key":"PotionOfCapacity"}],"is_trial":false,"path_per_floor":["M","?","M","$","M","R","E","R","T","R","E","R","?","$","R","B",null,"M","?"],"character_chosen":"DEFECT","items_purchased":["Apotheosis","Defragment","PowerPotion","Sling"],"campfire_rested":2,"item_purchase_floors":[4,4,4,14],"current_hp_per_floor":[64,53,46,46,36,36,24,43,43,43,12,31,31,31,31,23,54,43,0,0],"gold":121,"neow_bonus":"TWO_FIFTY_GOLD","is_daily":false,"chose_seed":false,"campfire_upgraded":3,"win_rate":0.0,"timestamp":1612491089,"path_taken":["M","?","M","$","M","R","E","R","T","R","E","R","?","$","R","BOSS","M","?"],"items_purchased_type":["Card","Card","Potion","Relic"],"build_version":"2020-12-22","purchased_purges":1,"victory":false,"max_hp_per_floor":[64,64,64,64,64,64,64,64,64,64,64,64,64,64,64,64,64,64,64,64],"card_choices":[{"not_picked":["Beam Cell","Compile Driver"],"picked":"Sweeping Beam","floor":1.0},{"not_picked":["Gash","Blizzard"],"picked":"Consume","floor":3.0},{"not_picked":["Sweeping Beam","Consume","Go for the Eyes"],"picked":"SKIP","floor":5.0},{"not_picked":["Meteor Strike","Heatsinks"],"picked":"Biased Cognition","floor":7},{"not_picked":["Genetic Algorithm","Turbo"],"picked":"Glacier","floor":11},{"not_picked":["Core Surge","Fission","Machine Learning"],"picked":"Amplify","floor":16},{"not_picked":["Compile Driver","Turbo","BootSequence"],"picked":"FTL","floor":18}],"player_experience":2875986,"relics_obtained":[{"floor":7,"key":"Potion Belt"},{"floor":9,"key":"Bottled Tornado"},{"floor":11,"key":"Question Card"}],"event_choices":[{"damage_healed":0.0,"max_hp_gain":0.0,"max_hp_loss":0.0,"gold_gain":75.0,"event_name":"World of Goop","player_choice":"Gather Gold","floor":2.0,"gold_loss":0.0,"damage_taken":11.0},{"cards_removed":["Defend_B"],"damage_healed":0,"gold_gain":0,"player_choice":"Forget","damage_taken":0,"max_hp_gain":0,"max_hp_loss":0,"event_name":"Living Wall","floor":13,"gold_loss":0},{"damage_healed":0,"gold_gain":0,"player_choice":"Fought Bandits","damage_taken":0,"max_hp_gain":0,"max_hp_loss":0,"event_name":"Masked Bandits","floor":19,"gold_loss":0}],"is_beta":false,"boss_relics":[{"not_picked":["Tiny House","Empty Cage"],"picked":"Sozu"}],"items_purged_floors":[4],"is_endless":false,"potions_floor_spawned":[5,11,18],"killed_by":"Masked Bandits","ascension_level":20}}