{"host":"ggy1mjjy92c62u6a","time":1612537612,"event":{"mods":["10 clothes from DAL","ATMod(∞¢Ë™Mod)","Act Like it!","BaseMod","Colored Powertips","GifTheSpireLib","Library of Ruina","Library of Ruina Extra","Lobotomy","LobotomyExtend","Minty Spire (QoL Compilation)","Quick Restart","Relic Filter Mod","Relic Stats","Shop Mod","Spicy Shops","StSLib","TestMod","°æπ¶ƒ‹Mod°øªÏ„Á÷Æª∑–ﬁ∏¥≤π∂°","°æ“≈ŒÔMod°øÀ¿¡È∑® ¶NEW","°æ“≈ŒÔø®≈∆°øREMEMod"],"gold_per_floor":[118,129,304,304,321,354,354,379,449,449,449,98,98,113,113,211,211,223,223,223],"floor_reached":19,"language":"ZHS","playtime":590,"items_purged":["LightAttack"],"score":261,"play_id":"4a273b33-b8a3-46d5-9ca0-6bd7ca6ad723","local_time":"20210205230652","is_ascension_mode":true,"campfire_choices":[{"data":"FrontalAssault","floor":7,"key":"SMITH"},{"floor":11,"key":"REST"},{"floor":13,"key":"REST"},{"data":"Faith","floor":15,"key":"SMITH"}],"circlet_count":0,"master_deck":["Dodge","LightDefense+1","LightAttack","LightAttack","LightDefense","LightDefense","LightDefense","ChargeAndCover","FocusedStrikes","AT_SoftenMuscles","OldLady","Funeral","Doubt","Faith+1"],"relics":["PageOfLibrarian","REME_ComplimentaryCards","AT_ATBox","testmod-TestBox","CogitoBucket","testmod-TurbochargingSystem","LetterFromLob","Unceasing Top","Centennial Puzzle","AT_RedNoBalance","AT_ChloranthyRing","PageOfScorchedGirl","ChangeAnything","testmod-EnergyCheck"],"acts_visited":["Exordium","TheCity"],"potions_floor_usage":[16],"damage_taken":[{"damage":5,"enemies":"Small Slimes","floor":1,"turns":3},{"damage":0,"enemies":"2 Louse","floor":2,"turns":2},{"damage":0,"enemies":"Cultist","floor":5,"turns":2},{"damage":5,"enemies":"Gremlin Nob","floor":6,"turns":3},{"damage":15,"enemies":"Lagavulin","floor":8,"turns":4},{"damage":10,"enemies":"Exordium Wildlife","floor":14,"turns":4},{"damage":30,"enemies":"Hexaghost","floor":16,"turns":8},{"damage":24,"enemies":"Spheric Guardian","floor":18,"turns":3},{"damage":55,"enemies":"Spheric Guardian","floor":19,"turns":2}],"seed_played":"7418401458522380861","potions_obtained":[{"floor":8,"key":"DuplicationPotion"},{"floor":16,"key":"LiquidMemories"}],"is_trial":false,"path_per_floor":["M","M","?","?","M","E","R","E","T","?","R","$","R","M","R","B",null,"M","?"],"character_chosen":"Librarian","items_purchased":["AT_ChloranthyRing","PageOfScorchedGirl"],"campfire_rested":2,"item_purchase_floors":[12,12],"current_hp_per_floor":[49,49,49,34,34,30,30,16,16,21,44,44,67,31,31,11,62,16,0,0],"gold":223,"neow_bonus":"","is_daily":false,"chose_seed":false,"campfire_upgraded":2,"win_rate":0.0,"timestamp":1612537612,"path_taken":["M","M","?","?","M","E","R","E","T","?","R","$","R","M","R","BOSS","M","?"],"items_purchased_type":["Relic","Relic"],"build_version":"2020-12-22","purchased_purges":1,"victory":false,"max_hp_per_floor":[95,74,74,74,74,74,74,74,74,79,79,79,79,79,79,79,79,79,79,79],"relic_stats":{"Centennial Puzzle":[9],"counters":[10,32],"obtain_stats":[{"AT_ChloranthyRing":12,"AT_ATBox":0,"testmod-TestBox":0,"AT_SilverBalance":9,"testmod-TurbochargingSystem":0,"PageOfLibrarian":0,"CogitoBucket":0,"Centennial Puzzle":8,"PageOfScorchedGirl":12,"LetterFromLob":1,"ChangeAnything":14,"AT_RedNoBalance":18,"testmod-EnergyCheck":17,"Unceasing Top":6,"REME_ComplimentaryCards":0},{"AT_ChloranthyRing":5,"AT_ATBox":0,"testmod-TestBox":0,"AT_SilverBalance":5,"testmod-TurbochargingSystem":0,"PageOfLibrarian":0,"CogitoBucket":0,"Centennial Puzzle":5,"PageOfScorchedGirl":5,"LetterFromLob":1,"ChangeAnything":7,"AT_RedNoBalance":9,"testmod-EnergyCheck":8,"Unceasing Top":4,"REME_ComplimentaryCards":0},{"AT_ChloranthyRing":14,"AT_ATBox":0,"testmod-TestBox":0,"AT_SilverBalance":14,"testmod-TurbochargingSystem":0,"PageOfLibrarian":0,"CogitoBucket":0,"Centennial Puzzle":14,"PageOfScorchedGirl":14,"LetterFromLob":3,"ChangeAnything":19,"AT_RedNoBalance":27,"testmod-EnergyCheck":27,"Unceasing Top":10,"REME_ComplimentaryCards":0}],"Unceasing Top":[0]},"card_choices":[{"not_picked":["OSAHOGD","MHz"],"picked":"OldLady","floor":1},{"not_picked":["InkOver","BladeWhirl","PreemptiveStrike","Track","MultiBlock","RepressedFlesh","HandleRequest","SpearedSweep"],"picked":"Unlock1","floor":1},{"not_picked":["FairyFestival","Wellcheers"],"picked":"Funeral","floor":2},{"not_picked":["LawAndOrder","Reload","SilentMist","ProselytesBlade","MultiBlock","InnerArdor","SuppressingShot","Outburst","EnergyCycle"],"picked":"SKIP","floor":2},{"not_picked":["MHz","UniverseFragment","Bloodbath"],"picked":"Singing Bowl","floor":5},{"not_picked":["TendonChords","Reload","CircusKnives","SpearedSweep","InkOver","RulesOfTheBackstreets","HiddenBlade","UnavoidableGaze"],"picked":"FrontalAssault","floor":5},{"not_picked":["Zzzzzap","NonstopAssault","OpportunitySpotted","GoinFirst","Creak","Eliminate","EnergyCycle","Collision"],"picked":"GrazeTheGrass","floor":6},{"not_picked":["BoundaryOfDeath","EnergyStrike","MultiHit","MindWhip","SturdyDefense","UpbeatPerformance","StrongStrike","DesperateStruggle"],"picked":"Faith","floor":8},{"not_picked":["HandleRequest","SharpenedBlade","Rewind","FleetFootsteps","CookingPrep","BizarreAttack","BackAttack","Observe","HighKick"],"picked":"SKIP","floor":14},{"not_picked":["EnergyStrike","Track","TendonChords","GuardingStance","UpbeatPerformance","SharpSwipe+1","YourShield+1","FleetEdge+1","PinpointShot"],"picked":"SKIP","floor":18}],"player_experience":98840,"relics_obtained":[{"floor":1,"key":"LetterFromLob"},{"floor":6,"key":"Unceasing Top"},{"floor":8,"key":"Centennial Puzzle"},{"floor":9,"key":"AT_SilverBalance"}],"event_choices":[{"damage_healed":0,"gold_gain":175,"player_choice":"AGREE","damage_taken":0,"max_hp_gain":0,"max_hp_loss":0,"event_name":"Liars Game","floor":3,"gold_loss":0,"cards_obtained":["Doubt"]},{"damage_healed":0,"gold_gain":0,"player_choice":"Entered Light","damage_taken":15,"max_hp_gain":0,"max_hp_loss":0,"event_name":"Shining Light","floor":4,"gold_loss":0,"cards_upgraded":["LightDefense","Unlock1"]},{"damage_healed":0,"gold_gain":0,"player_choice":"Donut","damage_taken":0,"max_hp_gain":5,"max_hp_loss":0,"event_name":"Big Fish","floor":10,"gold_loss":0}],"is_beta":false,"boss_relics":[{"not_picked":["testmod-StringDisintegrator","testmod-KeyOfTheVoid"],"picked":"testmod-EnergyCheck"}],"items_purged_floors":[12],"is_endless":false,"potions_floor_spawned":[2,8,16],"killed_by":"Spheric Guardian","ascension_level":7}}