{"host":"7fyy23rucerupe6i","time":1612500582,"event":{"mods":["BaseMod","Minty Spire (QoL Compilation)","Reimu£®≤©¿ˆ¡È√Œ£©","StSLib"],"gold_per_floor":[111,125,137,97,22,22,55,55,55,55,69,88,88,103,103,200,200,213,213,241,255,255,283,283,32,105,105,116,142,142,142,142,246,246,263,263,280,295,309,309,159,185,197,84,99,99,99,112,112,112],"floor_reached":51,"language":"ZHS","playtime":4751,"items_purged":["Strike_Lin:ReiMu","Strike_Lin:ReiMu","Defend_Lin:ReiMu"],"score":740,"play_id":"7bd7cc9d-7c82-48ab-b87e-d505d2f99e49","local_time":"20210205124942","is_ascension_mode":false,"campfire_choices":[{"data":"NB:ReiMu","floor":6.0,"key":"SMITH"},{"data":"MikOfLucky:ReiMu","floor":8.0,"key":"SMITH"},{"data":"SpringWay:ReiMu","floor":10.0,"key":"SMITH"},{"data":"CardOfSanctity:ReiMu","floor":13.0,"key":"SMITH"},{"data":"ManaGlint:ReiMu","floor":15.0,"key":"SMITH"},{"data":"DependentForm:ReiMu","floor":24.0,"key":"SMITH"},{"data":"OctopathBindingBorder2:ReiMu","floor":27.0,"key":"SMITH"},{"floor":30.0,"key":"REST"},{"floor":32.0,"key":"REST"},{"data":"Shading:ReiMu","floor":40.0,"key":"SMITH"},{"floor":49,"key":"REST"}],"circlet_count":0,"master_deck":["Defend_Lin:ReiMu","NB:ReiMu+1","Stagnation:ReiMu","SpringWay:ReiMu+1","MikOfLucky:ReiMu+1","CardOfSanctity:ReiMu+1","ManaGlint:ReiMu+1","DependentForm:ReiMu+1","RainPray2:ReiMu+1","Revelation:ReiMu+1","AlertArray:ReiMu+1","MountainWay:ReiMu","LovePray:ReiMu","OctopathBindingBorder2:ReiMu+1","Sadistic Nature+1","YinYangSange:ReiMu","Gathering:ReiMu+1","Shading:ReiMu+1","WonderfulDomain:ReiMu+1","Amulet:ReiMu+1","AirStrike:ReiMu","DependentForm:ReiMu","Madness","Madness"],"relics":["Cursed Key","PaintedHorse:ReiMu","Potion Belt","Astrolabe","Red Mask","Omamori","Bottled Tornado","InkBottle","Toy Ornithopter","Sozu","MawBank"],"acts_visited":["Exordium","TheCity","TheBeyond"],"potions_floor_usage":[50,50,50],"damage_taken":[{"damage":0.0,"enemies":"Small Slimes","floor":1.0,"turns":5.0},{"damage":0.0,"enemies":"2 Louse","floor":2.0,"turns":3.0},{"damage":0.0,"enemies":"Jaw Worm","floor":3.0,"turns":4.0},{"damage":25.0,"enemies":"3 Sentries","floor":7.0,"turns":9.0},{"damage":0.0,"enemies":"Exordium Wildlife","floor":11.0,"turns":5.0},{"damage":0.0,"enemies":"3 Louse","floor":12.0,"turns":4.0},{"damage":1.0,"enemies":"Blue Slaver","floor":14.0,"turns":3.0},{"damage":16.0,"enemies":"Hexaghost","floor":16.0,"turns":8.0},{"damage":0.0,"enemies":"Shell Parasite","floor":18.0,"turns":5.0},{"damage":0.0,"enemies":"Masked Bandits","floor":20.0,"turns":8.0},{"damage":0.0,"enemies":"3 Byrds","floor":21.0,"turns":4.0},{"damage":23.0,"enemies":"Gremlin Leader","floor":23.0,"turns":5.0},{"damage":13.0,"enemies":"Centurion and Healer","floor":28.0,"turns":5.0},{"damage":18.0,"enemies":"Book of Stabbing","floor":29.0,"turns":5.0},{"damage":0.0,"enemies":"Champ","floor":33.0,"turns":7.0},{"damage":18.0,"enemies":"3 Darklings","floor":35.0,"turns":5.0},{"damage":4.0,"enemies":"Orb Walker","floor":37.0,"turns":5.0},{"damage":0.0,"enemies":"Sphere and 2 Shapes","floor":38.0,"turns":6.0},{"damage":1.0,"enemies":"Transient","floor":39.0,"turns":5.0},{"damage":0.0,"enemies":"Nemesis","floor":42.0,"turns":7.0},{"damage":0.0,"enemies":"Maw","floor":45.0,"turns":5.0},{"damage":22,"enemies":"Spire Growth","floor":48,"turns":4},{"damage":20,"enemies":"Donu and Deca","floor":50,"turns":6}],"seed_played":"921807714898004276","potions_obtained":[{"floor":7.0,"key":"SneckoOil"},{"floor":12.0,"key":"Strength Potion"},{"floor":14.0,"key":"BlessingOfTheForge"},{"floor":16.0,"key":"Energy Potion"},{"floor":21.0,"key":"FairyPotion"},{"floor":23.0,"key":"Dexterity Potion"},{"floor":29.0,"key":"CultistPotion"}],"is_trial":false,"path_per_floor":["M","M","M","?","$","R","E","R","T","R","M","M","R","M","R","B",null,"M","?","?","M","?","E","R","$","T","R","M","E","R","T","R","B",null,"M","?","M","M","M","R","$","E","T","$","M","?","T","M","R","B",null],"character_chosen":"REIMU","items_purchased":["OctopathBindingBorder2:ReiMu","Sadistic Nature","AirStrike:ReiMu"],"campfire_rested":3,"item_purchase_floors":[25,25,41],"current_hp_per_floor":[65,65,65,65,65,65,40,40,40,40,40,40,40,39,39,23,65,65,65,65,65,65,42,42,42,42,42,29,11,30,30,49,49,65,47,47,43,43,42,42,42,42,42,42,42,34,34,12,31,26],"gold":112,"neow_bonus":"BOSS_RELIC","is_daily":false,"chose_seed":false,"campfire_upgraded":8,"win_rate":0.0,"timestamp":1612500582,"path_taken":["M","M","M","?","$","R","E","R","T","R","M","M","R","M","R","BOSS","M","?","?","?","?","E","R","?","T","R","M","E","R","?","R","BOSS","M","?","M","?","M","R","$","E","T","?","M","?","?","M","R","BOSS"],"items_purchased_type":["Card","Card","Card"],"build_version":"2020-12-22","purchased_purges":3,"victory":true,"max_hp_per_floor":[65,65,65,65,65,65,65,65,65,65,65,65,65,65,65,65,65,65,65,65,65,65,65,65,65,65,65,65,65,65,65,65,65,65,65,65,65,65,65,65,65,65,65,65,65,65,65,65,65,65],"card_choices":[{"not_picked":["Meditation:ReiMu","SpreadBorder2:ReiMu"],"picked":"SpringWay:ReiMu","floor":1.0},{"not_picked":["PayForSelf:ReiMu","SpreadBorder2:ReiMu"],"picked":"MikOfLucky:ReiMu","floor":2.0},{"not_picked":["DoubleButterfly:ReiMu","OrbThrow:ReiMu","WonderfulDomain:ReiMu"],"picked":"SKIP","floor":3.0},{"not_picked":["SafetyPray:ReiMu","CareerPray:ReiMu","SpreadBorder2:ReiMu"],"picked":"SKIP","floor":7.0},{"not_picked":["KamiSacrifice:ReiMu","Amulet:ReiMu"],"picked":"RainPray2:ReiMu","floor":11.0},{"not_picked":["EmergencyTakeOff:ReiMu","Crusade:ReiMu"],"picked":"CardOfSanctity:ReiMu","floor":12.0},{"not_picked":["RainPray2:ReiMu","SubcavityInstant:ReiMu"],"picked":"ManaGlint:ReiMu","floor":14.0},{"not_picked":["RunawayExorcism:ReiMu","HakureiPhantom:ReiMu"],"picked":"DependentForm:ReiMu","floor":16.0},{"not_picked":["SubAcupoint:ReiMu+1","SpreadBorder2:ReiMu+1","AirManeuver:ReiMu"],"picked":"SKIP","floor":18.0},{"not_picked":["Conquer:ReiMu","KamiSacrifice:ReiMu+1","CeremonyResonance:ReiMu"],"picked":"SKIP","floor":21.0},{"not_picked":["Amulet:ReiMu","AirStrike:ReiMu","OrbThrow:ReiMu"],"picked":"SKIP","floor":23.0},{"not_picked":["RainPray2:ReiMu","PayForSelf:ReiMu+1"],"picked":"YinYangSange:ReiMu","floor":28.0},{"not_picked":["LovePray:ReiMu","AlertArray:ReiMu"],"picked":"Gathering:ReiMu+1","floor":29.0},{"not_picked":["PrayRite:ReiMu","RunawayExorcism:ReiMu"],"picked":"Shading:ReiMu","floor":33.0},{"not_picked":["Meditation:ReiMu","SpringWay:ReiMu"],"picked":"WonderfulDomain:ReiMu+1","floor":35.0},{"not_picked":["SpreadBorder2:ReiMu","AlertArray:ReiMu+1","Meditation:ReiMu+1"],"picked":"SKIP","floor":37.0},{"not_picked":["RainPray2:ReiMu+1","YinYangSange:ReiMu"],"picked":"Amulet:ReiMu+1","floor":38.0},{"not_picked":["WonderfulDomain:ReiMu+1","Intuition:ReiMu","PayForSelf:ReiMu+1"],"picked":"SKIP","floor":39.0},{"not_picked":["YinYangSange:ReiMu+1","UpKicking:ReiMu","PrepareRite:ReiMu"],"picked":"SKIP","floor":42.0},{"not_picked":["SpreadBorder2:ReiMu+1","FantasyBorder:ReiMu+1"],"picked":"DependentForm:ReiMu","floor":45.0},{"not_picked":["Meditation:ReiMu","Dreaming2:ReiMu","SpringWay:ReiMu"],"picked":"SKIP","floor":48}],"player_experience":328744,"relics_obtained":[{"floor":7.0,"key":"Potion Belt"},{"floor":20.0,"key":"Red Mask"},{"floor":23.0,"key":"Omamori"},{"floor":26.0,"key":"Bottled Tornado"},{"floor":29.0,"key":"InkBottle"},{"floor":31.0,"key":"Toy Ornithopter"},{"floor":42.0,"key":"MawBank"}],"event_choices":[{"damage_healed":0.0,"max_hp_gain":0.0,"max_hp_loss":0.0,"gold_gain":0.0,"event_name":"yidonshenshe","player_choice":"»˚«Æ","floor":4.0,"gold_loss":40.0,"damage_taken":0.0,"relics_obtained":["PaintedHorse:ReiMu"]},{"damage_healed":0.0,"max_hp_gain":0.0,"max_hp_loss":0.0,"gold_gain":0.0,"event_name":"Ghosts","player_choice":"Ignored","floor":19.0,"gold_loss":0.0,"damage_taken":0.0},{"damage_healed":0.0,"max_hp_gain":0.0,"max_hp_loss":0.0,"gold_gain":0.0,"event_name":"Masked Bandits","player_choice":"Fought Bandits","floor":20.0,"gold_loss":0.0,"damage_taken":0.0},{"damage_healed":0.0,"max_hp_gain":0.0,"max_hp_loss":0.0,"gold_gain":0.0,"cards_transformed":["Defend_Lin:ReiMu","RainPray2:ReiMu"],"event_name":"Drug Dealer","player_choice":"Became Test Subject","floor":22.0,"gold_loss":0.0,"damage_taken":0.0,"cards_obtained":["MountainWay:ReiMu","LovePray:ReiMu"]},{"damage_healed":0.0,"max_hp_gain":0.0,"max_hp_loss":0.0,"gold_gain":0.0,"event_name":"Accursed Blacksmith","player_choice":"Forge","floor":36.0,"gold_loss":0.0,"damage_taken":0.0,"cards_upgraded":["Sadistic Nature"]},{"damage_healed":0.0,"max_hp_gain":0.0,"max_hp_loss":0.0,"gold_gain":0.0,"event_name":"Winding Halls","player_choice":"Embrace Madness","floor":46.0,"gold_loss":0.0,"damage_taken":8.0,"cards_obtained":["Madness","Madness"]}],"is_beta":false,"boss_relics":[{"not_picked":["Calling Bell","Fusion Hammer"],"picked":"Astrolabe"},{"not_picked":["Tiny House","Philosopher\u0027s Stone"],"picked":"Sozu"}],"items_purged_floors":[5,41,44],"is_endless":false,"potions_floor_spawned":[7,12,14,16,21,23,29,35,38,48],"ascension_level":0}}