{"host":"fevvm7bbzuh4s1jc","time":1612562530,"event":{"mods":["BaseMod","Highlight Path","Minty Spire (QoL Compilation)","Relic Stats"],"gold_per_floor":[15,32,49,61,81,81,111,129,153,153,184,184,184,203,203,274,274,284,296,346,357,374,374,399,399,424,424,160,191,191,217,217,288,288,302,320,335,350,350,350,384,402,402,67,95,120,136,168,168,168,168,168,168,5,33,33],"floor_reached":57,"language":"ENG","playtime":5226,"items_purged":["Strike_R","Blood for Blood"],"score":3828,"play_id":"4ced9c99-583d-4eae-b601-5dd4a95a94b1","local_time":"20210205170210","is_ascension_mode":true,"campfire_choices":[{"data":"Whirlwind","floor":6,"key":"SMITH"},{"floor":10,"key":"REST"},{"data":"Dark Embrace","floor":12,"key":"SMITH"},{"data":"Armaments","floor":15,"key":"SMITH"},{"data":"Feed","floor":23,"key":"SMITH"},{"data":"Demon Form","floor":27,"key":"SMITH"},{"data":"Impervious","floor":32,"key":"SMITH"},{"floor":40,"key":"RECALL"},{"floor":49,"key":"REST"},{"floor":53,"key":"REST"}],"circlet_count":0,"master_deck":["AscendersBane","Defend_R+1","Defend_R","Defend_R+1","Whirlwind+1","Havoc","Dark Embrace+1","Armaments+1","Battle Trance+1","Pommel Strike+1","Reaper+1","Feel No Pain+1","Spot Weakness","Reaper","Corruption","Corruption+1","Offering+1","Pummel+1","Demon Form+1","Shrug It Off+1","Feed+1","Shockwave","Shrug It Off","Barricade","Impervious+1","Flame Barrier+1","Disarm","Body Slam+1","Bloodletting+1","Feel No Pain"],"relics":["Burning Blood","Question Card","War Paint","Singing Bowl","Astrolabe","Toy Ornithopter","Happy Flower","PreservedInsect","Centennial Puzzle","Mummified Hand","Fusion Hammer","Whetstone","Potion Belt","OrangePellets","Nunchaku","Dead Branch","Turnip","Paper Frog"],"acts_visited":["Exordium","TheCity","TheBeyond","TheEnding"],"potions_floor_usage":[4,7,11,16,24,24,29,33,37,55,56,56,56],"damage_taken":[{"damage":2,"enemies":"2 Louse","floor":1,"turns":2},{"damage":7,"enemies":"Cultist","floor":2,"turns":4},{"damage":7,"enemies":"Jaw Worm","floor":3,"turns":6},{"damage":0,"enemies":"Gremlin Gang","floor":4,"turns":2},{"damage":21,"enemies":"Large Slime","floor":5,"turns":6},{"damage":52,"enemies":"Lagavulin","floor":7,"turns":6},{"damage":13,"enemies":"Blue Slaver","floor":8,"turns":4},{"damage":5,"enemies":"3 Sentries","floor":11,"turns":6},{"damage":0,"enemies":"3 Louse","floor":14,"turns":1},{"damage":34,"enemies":"The Guardian","floor":16,"turns":11},{"damage":7,"enemies":"Spheric Guardian","floor":18,"turns":5},{"damage":6,"enemies":"Chosen","floor":19,"turns":7},{"damage":13,"enemies":"Sentry and Sphere","floor":21,"turns":7},{"damage":26,"enemies":"Shelled Parasite and Fungi","floor":22,"turns":4},{"damage":30,"enemies":"Slavers","floor":24,"turns":6},{"damage":9,"enemies":"Book of Stabbing","floor":29,"turns":4},{"damage":31,"enemies":"Slavers","floor":31,"turns":5},{"damage":11,"enemies":"Collector","floor":33,"turns":7},{"damage":6,"enemies":"Orb Walker","floor":35,"turns":2},{"damage":0,"enemies":"3 Shapes","floor":36,"turns":5},{"damage":6,"enemies":"Jaw Worm Horde","floor":37,"turns":3},{"damage":24,"enemies":"Sphere and 2 Shapes","floor":38,"turns":3},{"damage":8,"enemies":"Reptomancer","floor":41,"turns":5},{"damage":6,"enemies":"Maw","floor":42,"turns":8},{"damage":6,"enemies":"Giant Head","floor":45,"turns":4},{"damage":6,"enemies":"Mind Bloom Boss Battle","floor":46,"turns":5},{"damage":0,"enemies":"3 Darklings","floor":47,"turns":1},{"damage":6,"enemies":"Reptomancer","floor":48,"turns":3},{"damage":12,"enemies":"Donu and Deca","floor":50,"turns":4},{"damage":9,"enemies":"Time Eater","floor":51,"turns":3},{"damage":12,"enemies":"Shield and Spear","floor":55,"turns":4},{"damage":26,"enemies":"The Heart","floor":56,"turns":6}],"seed_played":"9219676107610309697","potions_obtained":[{"floor":1,"key":"SkillPotion"},{"floor":5,"key":"Explosive Potion"},{"floor":7,"key":"HeartOfIron"},{"floor":11,"key":"EntropicBrew"},{"floor":14,"key":"ElixirPotion"},{"floor":19,"key":"Fire Potion"},{"floor":29,"key":"Dexterity Potion"},{"floor":36,"key":"AttackPotion"},{"floor":38,"key":"Ancient Potion"},{"floor":45,"key":"Strength Potion"},{"floor":48,"key":"Weak Potion"}],"is_trial":false,"path_per_floor":["M","M","M","M","M","R","E","M","T","R","E","R","?","M","R","B",null,"M","M","?","M","M","R","E","T","T","R","$","E","?","E","R","B",null,"M","M","M","M","?","R","E","M","T","$","E","?","M","E","R","B","B",null,"R","$","E","B",null],"character_chosen":"IRONCLAD","items_purchased":["PreservedInsect","Shrug It Off","OrangePellets","GamblersBrew","Feel No Pain","DuplicationPotion"],"campfire_rested":3,"item_purchase_floors":[28,28,44,44,54,54],"current_hp_per_floor":[72,71,70,75,60,60,14,13,13,35,44,44,44,50,50,22,62,61,75,68,61,59,59,78,78,78,78,78,88,88,83,83,94,94,98,104,110,116,116,116,120,124,124,124,130,136,138,142,142,142,143,145,146,146,148,148],"gold":33,"neow_bonus":"TRANSFORM_TWO_CARDS","is_daily":false,"chose_seed":false,"campfire_upgraded":6,"win_rate":0.0,"timestamp":1612562530,"path_taken":["M","M","M","M","M","R","E","M","T","R","E","R","?","M","R","BOSS","M","M","?","?","M","R","E","?","T","R","$","E","?","E","R","BOSS","M","M","?","M","?","R","E","M","T","$","E","?","M","E","R","BOSS","BOSS","R","$","E","BOSS"],"items_purchased_type":["Relic","Card","Relic","Potion","Card","Potion"],"build_version":"2020-12-22","purchased_purges":2,"victory":true,"max_hp_per_floor":[75,75,75,75,75,75,75,75,75,75,75,75,75,75,75,75,75,75,75,75,75,78,78,84,84,84,84,84,88,88,88,88,94,94,98,104,110,116,116,116,120,124,124,124,130,136,138,142,142,142,146,146,146,146,148,148],"relic_stats":{"Singing Bowl":18,"Happy Flower":[24],"counters":[32,149],"Astrolabe":["Corruption","Offering","Pummel"],"Dead Branch":[160],"PreservedInsect":447,"Whetstone":["Reaper","Pommel Strike"],"War Paint":["Defend_R","Defend_R"],"Question Card":23,"Burning Blood":120,"OrangePellets":[16],"Centennial Puzzle":[40],"Nunchaku":[7],"Mummified Hand":[143],"Turnip":[2],"obtain_stats":[{"Potion Belt":43,"Singing Bowl":11,"Happy Flower":26,"Astrolabe":17,"Dead Branch":46,"PreservedInsect":28,"Whetstone":41,"War Paint":9,"Question Card":7,"Burning Blood":0,"OrangePellets":44,"Centennial Puzzle":29,"Nunchaku":45,"Mummified Hand":31,"Fusion Hammer":34,"Turnip":48,"Toy Ornithopter":24,"Paper Frog":55},{"Potion Belt":24,"Singing Bowl":8,"Happy Flower":15,"Astrolabe":10,"Dead Branch":26,"PreservedInsect":15,"Whetstone":23,"War Paint":7,"Question Card":6,"Burning Blood":0,"OrangePellets":24,"Centennial Puzzle":16,"Nunchaku":25,"Mummified Hand":17,"Fusion Hammer":18,"Turnip":28,"Toy Ornithopter":15,"Paper Frog":31},{"Potion Belt":119,"Singing Bowl":36,"Happy Flower":77,"Astrolabe":48,"Dead Branch":128,"PreservedInsect":77,"Whetstone":111,"War Paint":30,"Question Card":26,"Burning Blood":0,"OrangePellets":119,"Centennial Puzzle":81,"Nunchaku":123,"Mummified Hand":86,"Fusion Hammer":93,"Turnip":132,"Toy Ornithopter":77,"Paper Frog":143}],"Toy Ornithopter":20},"card_choices":[{"not_picked":["Infernal Blade","Sword Boomerang"],"picked":"Dark Embrace","floor":1},{"not_picked":["Havoc","Pommel Strike"],"picked":"Armaments","floor":2},{"not_picked":["Thunderclap","Clash"],"picked":"Battle Trance","floor":3},{"not_picked":["Shrug It Off","Anger"],"picked":"Blood for Blood","floor":4},{"not_picked":["Heavy Blade","Rage"],"picked":"Pommel Strike","floor":5},{"not_picked":["Twin Strike","Warcry"],"picked":"Reaper","floor":7},{"not_picked":["Body Slam","Reckless Charge","Thunderclap"],"picked":"Feel No Pain","floor":8},{"not_picked":["Shrug It Off","Ghostly Armor","True Grit"],"picked":"Spot Weakness","floor":11},{"not_picked":["Feel No Pain","Perfected Strike","Dark Embrace"],"picked":"Reaper","floor":14},{"not_picked":["Impervious","Bludgeon","Exhume"],"picked":"Corruption","floor":16},{"not_picked":["Armaments+1","Clash","True Grit"],"picked":"Demon Form","floor":18},{"not_picked":["Havoc+1","Headbutt","Inflame"],"picked":"Shrug It Off+1","floor":19},{"not_picked":["Burning Pact","Dark Embrace+1","Twin Strike"],"picked":"Feed","floor":21},{"not_picked":["Flex","Uppercut","Thunderclap"],"picked":"Shockwave","floor":22},{"not_picked":["Havoc","Inflame","Evolve","Body Slam"],"picked":"Singing Bowl","floor":24},{"not_picked":["Limit Break","Clothesline","Sword Boomerang"],"picked":"Barricade","floor":29},{"not_picked":["Juggernaut","Cleave+1","Rampage"],"picked":"Impervious","floor":31},{"not_picked":["Limit Break","Immolate","Juggernaut","Barricade"],"picked":"Singing Bowl","floor":33},{"not_picked":["Dual Wield","Headbutt","Rupture+1"],"picked":"Flame Barrier+1","floor":35},{"not_picked":["Pummel","Carnage","Shrug It Off","Body Slam"],"picked":"Singing Bowl","floor":36},{"not_picked":["Clash","Infernal Blade","Sword Boomerang","Rupture+1"],"picked":"Singing Bowl","floor":37},{"not_picked":["Rage","True Grit","Uppercut","Clothesline"],"picked":"Singing Bowl","floor":38},{"not_picked":["Bloodletting+1","Sever Soul","Flex+1"],"picked":"Disarm","floor":41},{"not_picked":["Armaments+1","Clothesline","Anger"],"picked":"Body Slam+1","floor":42},{"not_picked":["Seeing Red","Searing Blow","Juggernaut","Flame Barrier"],"picked":"Singing Bowl","floor":45},{"not_picked":["Thunderclap","Clothesline","Armaments","Body Slam"],"picked":"Singing Bowl","floor":46},{"not_picked":["Second Wind","Sword Boomerang","Flex","Shrug It Off"],"picked":"Singing Bowl","floor":47},{"not_picked":["Second Wind","Rage","True Grit"],"picked":"Bloodletting+1","floor":48},{"not_picked":["Dropkick","Pommel Strike","Power Through","Berserk"],"picked":"Singing Bowl","floor":55}],"player_experience":2773352,"relics_obtained":[{"floor":7,"key":"Question Card"},{"floor":9,"key":"War Paint"},{"floor":11,"key":"Singing Bowl"},{"floor":24,"key":"Toy Ornithopter"},{"floor":26,"key":"Happy Flower"},{"floor":29,"key":"Centennial Puzzle"},{"floor":31,"key":"Mummified Hand"},{"floor":41,"key":"Whetstone"},{"floor":43,"key":"Potion Belt"},{"floor":45,"key":"Nunchaku"},{"floor":46,"key":"Dead Branch"},{"floor":48,"key":"Turnip"},{"floor":55,"key":"Paper Frog"}],"event_choices":[{"damage_healed":0,"gold_gain":0,"player_choice":"Grow","damage_taken":0,"max_hp_gain":0,"max_hp_loss":0,"event_name":"Living Wall","floor":13,"gold_loss":0,"cards_upgraded":["Feel No Pain"]},{"damage_healed":0,"gold_gain":50,"player_choice":"Touch","damage_taken":7,"max_hp_gain":0,"max_hp_loss":0,"event_name":"FaceTrader","floor":20,"gold_loss":0},{"damage_healed":0,"gold_gain":0,"player_choice":"Forge","damage_taken":0,"max_hp_gain":0,"max_hp_loss":0,"event_name":"Accursed Blacksmith","floor":30,"gold_loss":0,"cards_upgraded":["Battle Trance"]},{"cards_removed":["Bash"],"damage_healed":0,"gold_gain":0,"player_choice":"Removed Attack","damage_taken":0,"max_hp_gain":0,"max_hp_loss":0,"event_name":"Falling","floor":39,"gold_loss":0},{"damage_healed":0,"gold_gain":0,"player_choice":"Fight","damage_taken":0,"max_hp_gain":0,"max_hp_loss":0,"event_name":"MindBloom","floor":46,"gold_loss":0}],"is_beta":false,"boss_relics":[{"not_picked":["Mark of Pain","Velvet Choker"],"picked":"Astrolabe"},{"not_picked":["Tiny House","Busted Crown"],"picked":"Fusion Hammer"}],"items_purged_floors":[28,44],"is_endless":false,"potions_floor_spawned":[1,5,7,11,14,19,22,29,31,36,38,45,48],"ascension_level":20}}