{"host":"qgrlfjrqk9z96gfi","time":1612502677,"event":{"mods":["BaseMod","Block Reminder","Colored Map","Custom Start","DeckTracker","Minty Spire (QoL Compilation)"],"gold_per_floor":[116,216,234,250,250,281,281,294,368,368,43,43,62,106,106,202,202,217,217,217,8,28,64,64,87,87,127,252,252,267,290,290,386,386,405,405,405,421,446,446,460,496,521,521,521,552,576,612,612,612,612,612],"floor_reached":51,"language":"ENG","playtime":2381,"items_purged":[],"score":1510,"play_id":"214d3c6c-414f-41ce-8e79-12428a55ad0f","local_time":"20210204192437","is_ascension_mode":true,"campfire_choices":[{"data":"1","floor":7.0,"key":"LIFT"},{"floor":12.0,"key":"REST"},{"floor":15.0,"key":"REST"},{"data":"2","floor":24.0,"key":"LIFT"},{"floor":32,"key":"REST"},{"floor":40,"key":"RECALL"},{"floor":45,"key":"REST"},{"data":"3","floor":49,"key":"LIFT"}],"circlet_count":0,"master_deck":["AscendersBane","Defend_G","Defend_G","Defend_G","Defend_G","Defend_G","Survivor","Neutralize","Skewer","Flying Knee","Terror","Envenom+1","Crippling Poison","Backstab","Dodge and Roll","Infinite Blades","Venomology","Slice","Bite","Bite","Bite","Bite","Bite","Backflip","Leg Sweep+1","Acrobatics","Blade Dance+1","PiercingWail","Malaise","After Image+1","Cloak And Dagger","Flash of Steel","Caltrops+1","Backflip+1","Decay","Blur","Burst"],"relics":["Ring of the Snake","NeowsBlessing","Golden Idol","Girya","Pear","Kunai","Lantern","Cursed Key","Vajra","Snake Skull","Gremlin Horn","The Specimen","Bottled Flame","SacredBark","Bottled Tornado","Ice Cream","Toy Ornithopter"],"acts_visited":["Exordium","TheCity","TheBeyond"],"potions_floor_usage":[27,27,27,28,31,33,33,38,39,41,41,42,42,48,51,51],"damage_taken":[{"damage":0.0,"enemies":"Cultist","floor":1.0,"turns":1.0},{"damage":0.0,"enemies":"2 Louse","floor":3.0,"turns":1.0},{"damage":0.0,"enemies":"Small Slimes","floor":4.0,"turns":1.0},{"damage":30.0,"enemies":"Gremlin Nob","floor":6.0,"turns":4.0},{"damage":9.0,"enemies":"Exordium Wildlife","floor":8.0,"turns":5.0},{"damage":15.0,"enemies":"Exordium Thugs","floor":13.0,"turns":5.0},{"damage":14.0,"enemies":"Lagavulin","floor":14.0,"turns":6.0},{"damage":32.0,"enemies":"Slime Boss","floor":16.0,"turns":11.0},{"damage":14.0,"enemies":"3 Byrds","floor":18.0,"turns":5.0},{"damage":2.0,"enemies":"Chosen","floor":22.0,"turns":3.0},{"damage":8.0,"enemies":"Slavers","floor":23.0,"turns":6.0},{"damage":13,"enemies":"Snecko","floor":25,"turns":3},{"damage":26,"enemies":"Book of Stabbing","floor":27,"turns":4},{"damage":0,"enemies":"Colosseum Slavers","floor":28,"turns":3},{"damage":26,"enemies":"Colosseum Nobs","floor":28,"turns":5},{"damage":0,"enemies":"3 Cultists","floor":30,"turns":5},{"damage":6,"enemies":"Snake Plant","floor":31,"turns":2},{"damage":36,"enemies":"Collector","floor":33,"turns":7},{"damage":7,"enemies":"Orb Walker","floor":35,"turns":4},{"damage":7,"enemies":"3 Darklings","floor":38,"turns":6},{"damage":5,"enemies":"Maw","floor":39,"turns":5},{"damage":27,"enemies":"Transient","floor":41,"turns":6},{"damage":24,"enemies":"Giant Head","floor":42,"turns":9},{"damage":6,"enemies":"Mind Bloom Boss Battle","floor":46,"turns":9},{"damage":0,"enemies":"Sphere and 2 Shapes","floor":47,"turns":6},{"damage":4,"enemies":"Reptomancer","floor":48,"turns":5},{"damage":65,"enemies":"Awakened One","floor":50,"turns":13},{"damage":56,"enemies":"Time Eater","floor":51,"turns":8}],"seed_played":"2628371914360405782","potions_obtained":[{"floor":3.0,"key":"FearPotion"},{"floor":8.0,"key":"Energy Potion"},{"floor":13.0,"key":"Explosive Potion"},{"floor":14.0,"key":"Poison Potion"},{"floor":16.0,"key":"LiquidMemories"},{"floor":23.0,"key":"Fire Potion"},{"floor":27,"key":"CunningPotion"},{"floor":28,"key":"SkillPotion"},{"floor":38,"key":"CunningPotion"},{"floor":47,"key":"CultistPotion"}],"is_trial":false,"path_per_floor":["M","?","M","M","?","E","R","M","T","?","$","R","M","E","R","B",null,"M","?","?","$","M","E","R","M","T","E","?","?","M","M","R","B",null,"M","?","?","M","M","R","M","E","T","?","R","?","M","E","R","B","B"],"character_chosen":"THE_SILENT","items_purchased":["Kunai","Backstab","Vajra","Backflip"],"campfire_rested":4,"item_purchase_floors":[11,11,21,21],"current_hp_per_floor":[59,59,59,59,59,29,29,20,30,30,30,51,36,22,43,11,55,41,41,41,41,49,49,49,38,38,18,6,16,26,24,38,16,41,42,42,42,45,48,48,26,24,24,24,38,45,47,47,47,6,0,0],"gold":612,"neow_bonus":"THREE_ENEMY_KILL","is_daily":false,"chose_seed":false,"campfire_upgraded":0,"win_rate":0.0,"timestamp":1612502677,"path_taken":["M","?","?","M","?","E","R","M","T","?","?","R","?","E","R","BOSS","M","?","?","$","M","E","R","M","T","E","?","?","M","M","R","BOSS","M","?","?","?","M","R","M","E","T","?","R","?","M","E","R","BOSS","BOSS"],"items_purchased_type":["Relic","Card","Relic","Card"],"build_version":"2020-12-22","purchased_purges":0,"victory":false,"max_hp_per_floor":[66,66,66,66,60,60,60,60,70,70,70,70,70,70,70,70,70,70,70,49,49,49,49,49,49,49,49,49,49,49,49,49,49,49,49,49,49,49,49,49,49,49,49,47,47,47,47,47,47,47,47,47],"card_choices":[{"not_picked":["Cloak And Dagger","Outmaneuver"],"picked":"Skewer","floor":1.0},{"not_picked":["Backflip","Finisher"],"picked":"Flying Knee","floor":3.0},{"not_picked":["Dodge and Roll","Blade Dance"],"picked":"Terror","floor":4.0},{"not_picked":["Eviscerate","Bane"],"picked":"Envenom","floor":6.0},{"not_picked":["Calculated Gamble","Acrobatics"],"picked":"Crippling Poison","floor":8.0},{"not_picked":["Sucker Punch","Predator"],"picked":"Dodge and Roll","floor":13.0},{"not_picked":["Backstab","Dagger Throw"],"picked":"Infinite Blades","floor":14.0},{"not_picked":["Night Terror","Doppelganger"],"picked":"Venomology","floor":16.0},{"not_picked":["Bane","Backflip"],"picked":"Slice","floor":18.0},{"not_picked":["Caltrops","Flying Knee"],"picked":"Leg Sweep+1","floor":22.0},{"not_picked":["Backstab","Eviscerate","Quick Slash"],"picked":"SKIP","floor":23.0},{"not_picked":["Eviscerate","Deadly Poison+1","Masterful Stab"],"picked":"SKIP","floor":25},{"not_picked":["Infinite Blades+1","Dagger Throw"],"picked":"Acrobatics","floor":27},{"not_picked":["Acrobatics+1","Outmaneuver"],"picked":"Blade Dance+1","floor":28},{"not_picked":["Dagger Throw","Outmaneuver"],"picked":"PiercingWail","floor":30},{"not_picked":["Dodge and Roll+1","Distraction+1"],"picked":"Malaise","floor":31},{"not_picked":["A Thousand Cuts","Tools of the Trade"],"picked":"After Image","floor":33},{"not_picked":["Flying Knee","Dagger Spray"],"picked":"Cloak And Dagger","floor":35},{"not_picked":["Madness","Jack Of All Trades"],"picked":"Flash of Steel","floor":36},{"not_picked":["Distraction","Riddle With Holes+1"],"picked":"Caltrops+1","floor":38},{"not_picked":["Outmaneuver","Dagger Spray+1","Prepared"],"picked":"SKIP","floor":39},{"not_picked":["Bane","Bouncing Flask+1","Predator"],"picked":"SKIP","floor":41},{"not_picked":["Outmaneuver","Flying Knee+1"],"picked":"Backflip+1","floor":42},{"not_picked":["Sucker Punch","Flying Knee"],"picked":"Blur","floor":47},{"not_picked":["Escape Plan","Prepared"],"picked":"Burst","floor":48}],"player_experience":1113241,"relics_obtained":[{"floor":6.0,"key":"Girya"},{"floor":9.0,"key":"Pear"},{"floor":14.0,"key":"Lantern"},{"floor":23.0,"key":"Snake Skull"},{"floor":27,"key":"Gremlin Horn"},{"floor":28,"key":"The Specimen"},{"floor":28,"key":"Bottled Flame"},{"floor":42,"key":"Bottled Tornado"},{"floor":46,"key":"Ice Cream"},{"floor":48,"key":"Toy Ornithopter"}],"event_choices":[{"damage_healed":0.0,"max_hp_gain":0.0,"max_hp_loss":0.0,"gold_gain":100.0,"event_name":"Wheel of Change","player_choice":"Gold","floor":2.0,"gold_loss":0.0,"damage_taken":0.0},{"damage_healed":0.0,"max_hp_gain":0.0,"max_hp_loss":6.0,"gold_gain":0.0,"event_name":"Golden Idol","player_choice":"Lose Max HP","floor":5.0,"gold_loss":0.0,"damage_taken":0.0,"relics_obtained":["Golden Idol"]},{"damage_healed":0.0,"max_hp_gain":0.0,"max_hp_loss":0.0,"gold_gain":0.0,"event_name":"Living Wall","player_choice":"Grow","floor":10.0,"gold_loss":0.0,"damage_taken":0.0,"cards_upgraded":["Envenom"]},{"damage_healed":0.0,"max_hp_gain":0.0,"max_hp_loss":0.0,"gold_gain":0.0,"event_name":"Beggar","player_choice":"Ignored","floor":19.0,"gold_loss":0.0,"damage_taken":0.0},{"damage_healed":0.0,"max_hp_gain":0.0,"max_hp_loss":21.0,"gold_gain":0.0,"event_name":"Vampires","player_choice":"Became a vampire","floor":20.0,"gold_loss":0.0,"damage_taken":0.0,"cards_obtained":["Bite","Bite","Bite","Bite","Bite"]},{"damage_healed":0,"gold_gain":0,"player_choice":"Fight","damage_taken":0,"max_hp_gain":0,"max_hp_loss":0,"event_name":"Colosseum","floor":28,"gold_loss":0},{"damage_healed":0,"gold_gain":0,"player_choice":"Fought Nobs","damage_taken":0,"max_hp_gain":0,"max_hp_loss":0,"event_name":"Colosseum","floor":28,"gold_loss":0},{"damage_healed":10,"gold_gain":0,"player_choice":"Heal","damage_taken":0,"max_hp_gain":0,"max_hp_loss":0,"event_name":"The Library","floor":29,"gold_loss":0},{"damage_healed":0,"gold_gain":0,"player_choice":"Memory 1","damage_taken":0,"max_hp_gain":0,"max_hp_loss":0,"event_name":"SensoryStone","floor":36,"gold_loss":0},{"damage_healed":0,"gold_gain":0,"player_choice":"Forge","damage_taken":0,"max_hp_gain":0,"max_hp_loss":0,"event_name":"Accursed Blacksmith","floor":37,"gold_loss":0,"cards_upgraded":["After Image"]},{"damage_healed":0,"gold_gain":0,"player_choice":"Max HP","damage_taken":0,"max_hp_gain":0,"max_hp_loss":2,"event_name":"Winding Halls","floor":44,"gold_loss":0},{"damage_healed":0,"gold_gain":0,"player_choice":"Fight","damage_taken":0,"max_hp_gain":0,"max_hp_loss":0,"event_name":"MindBloom","floor":46,"gold_loss":0}],"is_beta":false,"boss_relics":[{"not_picked":["HoveringKite","Fusion Hammer"],"picked":"Cursed Key"},{"not_picked":["Pandora\u0027s Box","Runic Dome"],"picked":"SacredBark"}],"items_purged_floors":[],"is_endless":false,"potions_floor_spawned":[3,8,13,14,16,23,27,28,28,38,39,47],"killed_by":"Time Eater","ascension_level":20}}