{"host":"5n1fl7z5i1vf7jan","time":1612522098,"event":{"mods":["BaseMod","Minty Spire (QoL Compilation)","Quick Restart","Relic Stats"],"gold_per_floor":[359,369,444,464,146,179,179,213,213,213,213,213,246,269,269,358,358,379,183,199,234,44,44,60,60,86,86,107,121,121,121],"floor_reached":30,"language":"ENG","playtime":927,"items_purged":["Shame","Strike_P"],"score":513,"play_id":"d7cb7456-f7c7-4d8f-9c70-fa0846fd4f12","local_time":"20210205024818","is_ascension_mode":true,"campfire_choices":[{"data":"TalkToTheHand","floor":7.0,"key":"SMITH"},{"data":"TalkToTheHand","floor":10.0,"key":"SMITH"},{"data":"SashWhip","floor":12.0,"key":"SMITH"},{"floor":15.0,"key":"REST"},{"data":"Tantrum","floor":23.0,"key":"SMITH"},{"data":"Omniscience","floor":25.0,"key":"SMITH"},{"data":"MentalFortress","floor":27.0,"key":"SMITH"}],"circlet_count":0,"master_deck":["AscendersBane","Strike_P","Strike_P+1","Strike_P","Defend_P","Defend_P","Defend_P","Defend_P","Eruption+1","Vigilance","SashWhip+1","FearNoEvil","TalkToTheHand+1","TalkToTheHand+1","FlurryOfBlows","ThirdEye","Conclude","Omniscience+1","Vengeance","EmptyFist","Halt","Tantrum+1","TalkToTheHand","MentalFortress+1","FlurryOfBlows+1","EmptyMind"],"relics":["PureWater","Whetstone","Matryoshka","Bird Faced Urn","Centennial Puzzle","StrikeDummy","Golden Idol","Odd Mushroom","Coffee Dripper","Oddly Smooth Stone","Red Mask","Sundial","Toy Ornithopter"],"acts_visited":["TheCity"],"potions_floor_usage":[30],"damage_taken":[{"damage":11.0,"enemies":"2 Louse","floor":1.0,"turns":4.0},{"damage":9.0,"enemies":"Small Slimes","floor":2.0,"turns":3.0},{"damage":0.0,"enemies":"Cultist","floor":4.0,"turns":2.0},{"damage":12.0,"enemies":"Gremlin Nob","floor":6.0,"turns":3.0},{"damage":0.0,"enemies":"Lagavulin","floor":8.0,"turns":9.0},{"damage":12.0,"enemies":"The Mushroom Lair","floor":13.0,"turns":5.0},{"damage":6.0,"enemies":"3 Louse","floor":14.0,"turns":2.0},{"damage":3.0,"enemies":"Hexaghost","floor":16.0,"turns":8.0},{"damage":8.0,"enemies":"3 Byrds","floor":18.0,"turns":4.0},{"damage":0.0,"enemies":"Spheric Guardian","floor":20.0,"turns":1.0},{"damage":1.0,"enemies":"Masked Bandits","floor":21.0,"turns":3.0},{"damage":0.0,"enemies":"3 Cultists","floor":24.0,"turns":3.0},{"damage":0.0,"enemies":"Cultist and Chosen","floor":28.0,"turns":5.0},{"damage":17,"enemies":"Snecko","floor":29,"turns":7},{"damage":58,"enemies":"Gremlin Leader","floor":30,"turns":4}],"seed_played":"7795755203520755279","potions_obtained":[{"floor":1.0,"key":"Weak Potion"},{"floor":4.0,"key":"Regen Potion"},{"floor":8.0,"key":"GamblersBrew"},{"floor":14.0,"key":"BottledMiracle"},{"floor":20.0,"key":"Regen Potion"}],"is_trial":false,"path_per_floor":["M","M","?","M","$","E","R","E","T","R","?","R","?","M","R","B",null,"M","$","M","?","$","R","M","R","T","R","M","M","E"],"character_chosen":"WATCHER","items_purchased":["TalkToTheHand","Whetstone","EmptyFist","Oddly Smooth Stone","TalkToTheHand"],"campfire_rested":1,"item_purchase_floors":[5,5,19,19,22],"current_hp_per_floor":[50,41,30,30,30,18,18,33,33,33,33,33,21,15,33,30,54,46,46,46,45,45,45,45,45,45,45,49,34,0,0],"gold":121,"neow_bonus":"TWO_FIFTY_GOLD","is_daily":false,"chose_seed":false,"campfire_upgraded":6,"win_rate":0.0,"timestamp":1612522098,"path_taken":["M","M","?","M","$","E","R","E","T","R","?","R","?","M","R","BOSS","M","$","M","?","$","R","M","R","T","R","M","M","E"],"items_purchased_type":["Card","Relic","Card","Relic","Card"],"build_version":"2020-12-22","purchased_purges":2,"victory":false,"max_hp_per_floor":[68,68,68,68,68,68,68,68,68,68,62,62,62,62,62,62,62,62,62,62,62,62,62,62,62,62,62,62,62,62,62],"relic_stats":{"Centennial Puzzle":[21],"counters":[15,63],"Golden Idol":54,"Sundial":[0],"Bird Faced Urn":[10],"Whetstone":["Strike_P","Eruption"],"obtain_stats":[{"Golden Idol":11,"Oddly Smooth Stone":19,"Whetstone":5,"Odd Mushroom":13,"Centennial Puzzle":9,"Matryoshka":6,"Sundial":26,"Bird Faced Urn":8,"Coffee Dripper":17,"Red Mask":21,"PureWater":0,"StrikeDummy":9,"Toy Ornithopter":26},{"Golden Idol":5,"Oddly Smooth Stone":9,"Whetstone":3,"Odd Mushroom":6,"Centennial Puzzle":5,"Matryoshka":4,"Sundial":12,"Bird Faced Urn":5,"Coffee Dripper":8,"Red Mask":11,"PureWater":0,"StrikeDummy":5,"Toy Ornithopter":12},{"Golden Idol":21,"Oddly Smooth Stone":40,"Whetstone":9,"Odd Mushroom":26,"Centennial Puzzle":21,"Matryoshka":12,"Sundial":47,"Bird Faced Urn":21,"Coffee Dripper":36,"Red Mask":44,"PureWater":0,"StrikeDummy":21,"Toy Ornithopter":47}],"Toy Ornithopter":5},"card_choices":[{"not_picked":["Halt","PathToVictory"],"picked":"SashWhip","floor":1.0},{"not_picked":["EmptyMind","Fasting2"],"picked":"FearNoEvil","floor":2.0},{"not_picked":["ThirdEye","CutThroughFate"],"picked":"TalkToTheHand","floor":4.0},{"not_picked":["ThirdEye","WindmillStrike"],"picked":"FlurryOfBlows","floor":6.0},{"not_picked":["ForeignInfluence","Swivel"],"picked":"ThirdEye","floor":8.0},{"not_picked":["FollowUp","Consecrate"],"picked":"Conclude","floor":13.0},{"not_picked":["Evaluate","SignatureMove","PathToVictory"],"picked":"SKIP","floor":14.0},{"not_picked":["Scrawl","Wish"],"picked":"Omniscience","floor":16.0},{"not_picked":["DeceiveReality","PathToVictory"],"picked":"Vengeance","floor":18.0},{"not_picked":["Consecrate","EmptyBody"],"picked":"Halt","floor":20.0},{"not_picked":["FearNoEvil","Weave"],"picked":"Tantrum","floor":21.0},{"not_picked":["SashWhip","WheelKick+1"],"picked":"MentalFortress","floor":24.0},{"not_picked":["Indignation","EmptyFist"],"picked":"FlurryOfBlows+1","floor":28.0},{"not_picked":["ClearTheMind","Protect"],"picked":"EmptyMind","floor":29}],"player_experience":316659,"relics_obtained":[{"floor":6.0,"key":"Matryoshka"},{"floor":8.0,"key":"Bird Faced Urn"},{"floor":9.0,"key":"Centennial Puzzle"},{"floor":9.0,"key":"StrikeDummy"},{"floor":13.0,"key":"Odd Mushroom"},{"floor":21.0,"key":"Red Mask"},{"floor":26.0,"key":"Sundial"},{"floor":26.0,"key":"Toy Ornithopter"}],"event_choices":[{"damage_healed":0.0,"max_hp_gain":0.0,"max_hp_loss":0.0,"gold_gain":75.0,"event_name":"World of Goop","player_choice":"Gather Gold","floor":3.0,"gold_loss":0.0,"damage_taken":11.0},{"damage_healed":0.0,"max_hp_gain":0.0,"max_hp_loss":6.0,"gold_gain":0.0,"event_name":"Golden Idol","player_choice":"Lose Max HP","floor":11.0,"gold_loss":0.0,"damage_taken":0.0,"relics_obtained":["Golden Idol"]},{"damage_healed":0.0,"max_hp_gain":0.0,"max_hp_loss":0.0,"gold_gain":0.0,"event_name":"Mushrooms","player_choice":"Fought Mushrooms","floor":13.0,"gold_loss":0.0,"damage_taken":0.0},{"damage_healed":0.0,"max_hp_gain":0.0,"max_hp_loss":0.0,"gold_gain":0.0,"event_name":"Masked Bandits","player_choice":"Fought Bandits","floor":21.0,"gold_loss":0.0,"damage_taken":0.0}],"is_beta":false,"boss_relics":[{"not_picked":["Runic Dome","Astrolabe"],"picked":"Coffee Dripper"}],"items_purged_floors":[5,22],"is_endless":false,"potions_floor_spawned":[1,4,8,14,18,20],"killed_by":"Gremlin Leader","ascension_level":19}}