{"host":"56xwnffi6e9z5l58","time":1612545066,"event":{"mods":["Aspiration","BaseMod","Better Match","Better Note","Better Sensory Stone","BetterRewards","Colored Map","Colored Powertips","Conspire","Downfall","GifTheSpireLib","Hermit","Highlight Path","Hubris","Infinite Spire","Key Reminder","Minty Spire (QoL Compilation)","Permanent Neow","Quick Restart","Rare Cards Sparkle","Replay The Spire","StSLib","Stuff the Spire","SuperFastMode","Unceasing Turn Reminder"],"gold_per_floor":[99,118,42,42,42,42,42,62,62,62,82,0,0,0,0],"floor_reached":14,"language":"ENG","playtime":351,"items_purged":["expansioncontent:AwakenDeath+1"],"score":130,"play_id":"265f2aa6-7143-42c7-ad43-f5f9563e2f46","local_time":"20210206011106","is_ascension_mode":true,"campfire_choices":[{"data":"hermit:Snapshot","floor":1,"key":"SMITH"},{"data":"expansioncontent:QuickStudy","floor":9,"key":"SMITH"},{"data":"hermit:Malice","floor":13,"key":"SMITH"}],"circlet_count":0,"master_deck":["conspire:GhostlyStrike","conspire:GhostlyStrike","conspire:GhostlyStrike","conspire:GhostlyStrike","conspire:GhostlyDefend","conspire:GhostlyDefend","conspire:GhostlyDefend","conspire:GhostlyDefend","hermit:Snapshot+1","hermit:Covet","hermit:Dissolve","hermit:Glare","hermit:Snipe","hubris:Lust","hermit:Spite","expansioncontent:QuickStudy+1","downfall:Malfunctioning","hermit:Dive","hermit:TakeAim","hermit:Malice+1"],"relics":["hermit:Momento","ReplayTheSpireMod:CursedCoin","hubris:Icosahedron","StuffTheSpire:RubySignet","Simple Rune"],"acts_visited":["Exordium"],"potions_floor_usage":[],"damage_taken":[{"damage":0,"enemies":"Small Slimes","floor":2,"turns":4},{"damage":0,"enemies":"downfall:FleeingMerchant","floor":3,"turns":4},{"damage":0,"enemies":"2 Louse","floor":8,"turns":3},{"damage":16,"enemies":"Jaw Worm","floor":11,"turns":4},{"damage":3,"enemies":"downfall:FleeingMerchant","floor":12,"turns":4},{"damage":59,"enemies":"Lagavulin","floor":14,"turns":8}],"seed_played":"7929988774405390757","potions_obtained":[{"floor":2,"key":"hermit:Tonic"},{"floor":8,"key":"Strength Potion"}],"is_trial":false,"path_per_floor":["R","M","$","?","?","?","T","M","R","?","M","$","R","E"],"character_chosen":"HERMIT","items_purchased":["ReplayTheSpireMod:CursedCoin","hermit:Spite","expansioncontent:QuickStudy"],"campfire_rested":0,"item_purchase_floors":[3,3,3],"current_hp_per_floor":[75,75,75,75,75,72,72,72,72,72,58,55,55,0,0],"gold":0,"neow_bonus":"ONE_RANDOM_RARE_CARD","is_daily":false,"chose_seed":false,"campfire_upgraded":3,"win_rate":0.0,"timestamp":1612545066,"path_taken":["R","M","$","?","?","?","T","M","R","?","M","$","R","E"],"items_purchased_type":["Relic","Card","Card"],"build_version":"2020-12-22","purchased_purges":1,"victory":false,"max_hp_per_floor":[75,75,75,75,75,75,75,75,75,75,75,75,75,75,75],"card_choices":[{"not_picked":["hermit:Ricochet","hermit:FullyLoaded"],"picked":"hermit:Glare","floor":2},{"not_picked":["hermit:Glare","hermit:BodyArmor"],"picked":"hermit:Snipe","floor":3},{"not_picked":["hermit:NoHoldsBarred","hermit:PistolWhip"],"picked":"hermit:Dive","floor":8},{"not_picked":["hermit:Malice","hermit:Ricochet"],"picked":"hermit:TakeAim","floor":11},{"not_picked":["hermit:Spite","hermit:Headshot"],"picked":"hermit:Malice","floor":12}],"player_experience":1016322,"relics_obtained":[{"floor":7,"key":"Simple Rune"}],"event_choices":[{"damage_healed":0,"gold_gain":0,"player_choice":"Success","damage_taken":3,"relics_obtained":["StuffTheSpire:RubySignet"],"max_hp_gain":0,"max_hp_loss":0,"event_name":"Scrap Ooze","floor":6,"gold_loss":0},{"damage_healed":0,"gold_gain":0,"player_choice":"Agree","damage_taken":0,"max_hp_gain":0,"max_hp_loss":0,"event_name":"conspire:LoneGhost","floor":10,"gold_loss":0}],"is_beta":false,"boss_relics":[],"items_purged_floors":[12],"is_endless":false,"potions_floor_spawned":[2,8],"killed_by":"Lagavulin","ascension_level":1}}