{"host":"xiain65d2hovry7l","time":1612530634,"event":{"mods":["2.2 Compatiblity","Act Like it!","BaseMod","Better Match","Better Note","BetterRewards","Challenge The Spire","Colored Map","Colored Powertips","Downfall","Friendly Minions","Mimic Mod","Minty Spire (QoL Compilation)","Remilia??????","StSLib","The Administrix","The Construct","The Necromancer","The Servant 0.9.4","Unknown Chances"],"gold_per_floor":[99,99,99,99,99,126,126,145,164,183,83,95,95,113,126,223,223,23,23,41,26,41,41,41,41,26,26,45,55,55,88,100,205,205,205,221,83,99,111,111,111,130,155,192,192,210,210,32,46,46,46,76,15,15,15,15,15,15],"floor_reached":56,"language":"ENG","playtime":4040,"items_purged":["Guardian:Defend_Guardian","Guardian:Strike_Guardian","Parasite"],"score":774,"play_id":"3e235df6-c0ff-41b7-b765-0612dd7b3018","local_time":"20210205141034","is_ascension_mode":false,"campfire_choices":[{"floor":1,"key":"RECALL"},{"data":"Guardian:TwinSlam","floor":11,"key":"SMITH"},{"data":"Guardian:StasisField","floor":13,"key":"SMITH"},{"data":"Guardian:StasisStrike","floor":18,"key":"SMITH"},{"data":"Guardian:FloatingOrbs","floor":23,"key":"SMITH"},{"data":"Guardian:VentSteam","floor":27,"key":"SMITH"},{"data":"Guardian:DecasProtection","floor":35,"key":"SMITH"},{"data":"Guardian:PiercingHide","floor":40,"key":"SMITH"},{"data":"Guardian:Planning","floor":45,"key":"SMITH"},{"floor":54,"key":"REST"}],"circlet_count":0,"master_deck":["Guardian:Strike_Guardian","Guardian:Strike_Guardian","Guardian:Strike_Guardian","Guardian:Defend_Guardian","Guardian:Defend_Guardian","Guardian:Defend_Guardian","Guardian:CurlUp","Guardian:TwinSlam+1","Guardian:Recover","Guardian:PiercingHide+1","Guardian:FloatingOrbs+1","Guardian:TemporalShield","Guardian:VentSteam+1","Guardian:StasisField+1","Guardian:GuardianWhirl","Guardian:ArmoredProtocol","Guardian:StasisStrike+1","Guardian:DecasProtection+1","Guardian:BodySlam+1","Guardian:Planning+1","Guardian:Incinerate+1","Guardian:Repulse+1","Guardian:VentSteam","Guardian:Incinerate","expansioncontent:Hexaburn","Guardian:FastForward","Guardian:Incinerate","Guardian:PolyBeam"],"relics":["Guardian:ModeShifterPlus","downfall:HeartsMalice","Ginger","downfall:HeartBlessingRed","bronze:MakeshiftBattery","downfall:HeartBlessingGreen","downfall:HeartBlessingBlue","Bottled Flame","downfall:RedIOU","Pen Nib","Singing Bowl","Vajra","Membership Card","Darkstone Periapt","Medical Kit","Blood Vial"],"acts_visited":["Exordium","TheCity","TheBeyond","TheEnding"],"potions_floor_usage":[33,37,46,50,52,56,56,56,56],"damage_taken":[{"damage":0,"enemies":"Small Slimes","floor":2,"turns":1},{"damage":0,"enemies":"2 Louse","floor":5,"turns":1},{"damage":0,"enemies":"3 Sentries","floor":6,"turns":1},{"damage":0,"enemies":"Cultist","floor":8,"turns":4},{"damage":9,"enemies":"Large Slime","floor":9,"turns":8},{"damage":3,"enemies":"Red Slaver","floor":10,"turns":5},{"damage":2,"enemies":"Blue Slaver","floor":12,"turns":4},{"damage":10,"enemies":"3 Louse","floor":14,"turns":4},{"damage":7,"enemies":"Lots of Slimes","floor":15,"turns":4},{"damage":22,"enemies":"WA_ARCHETYPE_RETAIN","floor":16,"turns":10},{"damage":0,"enemies":"3 Byrds","floor":20,"turns":4},{"damage":0,"enemies":"downfall:FleeingMerchant","floor":21,"turns":4},{"damage":4,"enemies":"Spheric Guardian","floor":22,"turns":6},{"damage":0,"enemies":"downfall:FleeingMerchant","floor":26,"turns":4},{"damage":0,"enemies":"Centurion and Healer","floor":28,"turns":7},{"damage":2,"enemies":"Cultist and Chosen","floor":29,"turns":7},{"damage":0,"enemies":"Book of Stabbing","floor":31,"turns":5},{"damage":4,"enemies":"Shelled Parasite and Fungi","floor":32,"turns":5},{"damage":42,"enemies":"IC_MUSHROOM_ARCHETYPE","floor":33,"turns":7},{"damage":12,"enemies":"Orb Walker","floor":36,"turns":4},{"damage":0,"enemies":"downfall:FleeingMerchant","floor":37,"turns":4},{"damage":0,"enemies":"3 Shapes","floor":38,"turns":4},{"damage":0,"enemies":"Maw","floor":39,"turns":6},{"damage":15,"enemies":"3 Darklings","floor":42,"turns":5},{"damage":0,"enemies":"Nemesis","floor":43,"turns":5},{"damage":0,"enemies":"downfall:FleeingMerchant","floor":44,"turns":3},{"damage":0,"enemies":"Writhing Mass","floor":46,"turns":3},{"damage":0,"enemies":"Jaw Worm Horde","floor":49,"turns":3},{"damage":47,"enemies":"DF_ARCHETYPE_ORBS","floor":50,"turns":9},{"damage":69,"enemies":"downfall:CharBossMerchant","floor":52,"turns":9},{"damage":14,"enemies":"downfall:NeowBoss","floor":55,"turns":12},{"damage":48,"enemies":"downfall:NeowBossFinal","floor":56,"turns":8}],"seed_played":"-3847857239219069529","potions_obtained":[{"floor":8,"key":"sneckomod:MuddlingPotion"},{"floor":9,"key":"Swift Potion"},{"floor":10,"key":"CultistPotion"},{"floor":16,"key":"Explosive Potion"},{"floor":19,"key":"EntropicBrew"},{"floor":36,"key":"sneckomod:MuddlingPotion"},{"floor":38,"key":"sneckomod:MuddlingPotion"},{"floor":42,"key":"Block Potion"},{"floor":46,"key":"EssenceOfSteel"},{"floor":49,"key":"ColorlessPotion"}],"is_trial":false,"path_per_floor":["R","M","?","?","M","E","T","M","M","M","R","M","R","M","M","B",null,"R","?","M","$","M","R","T","?","$","R","M","M","?","E","M","B",null,"R","M","$","M","M","R","T","M","E","$","R","M","T","$","M","B",null,"E","$","R","B","B"],"character_chosen":"GUARDIAN","items_purchased":["Guardian:Planning","Membership Card","Guardian:Gem_Orange","Guardian:Incinerate","expansioncontent:Hexaburn","Guardian:FastForward","Medical Kit","Guardian:Incinerate","Guardian:PolyBeam"],"campfire_rested":1,"item_purchase_floors":[37,44,44,44,44,48,48,53,53],"current_hp_per_floor":[80,80,68,68,68,68,68,68,59,56,56,54,54,44,37,15,80,90,90,90,90,86,86,86,86,86,86,86,84,84,84,80,39,90,90,78,78,78,78,78,78,63,63,63,63,65,65,65,67,21,91,22,22,49,37,0,0,0],"gold":15,"neow_bonus":"THREE_ENEMY_KILL","is_daily":false,"chose_seed":false,"campfire_upgraded":8,"win_rate":0.0,"timestamp":1612530634,"path_taken":["R","M","?","?","M","E","T","M","?","M","R","M","R","M","M","BOSS","R","?","M","$","?","R","T","?","$","R","M","M","?","E","M","BOSS","R","M","?","M","M","R","T","M","E","$","R","M","?","$","M","BOSS","E","$","R","BOSS","BOSS"],"items_purchased_type":["Card","Relic","Card","Card","Card","Card","Relic","Card","Card"],"build_version":"2020-12-22","purchased_purges":3,"victory":false,"max_hp_per_floor":[80,80,80,80,80,80,80,80,80,80,80,80,80,80,80,80,80,90,90,90,90,90,90,90,90,90,90,90,90,90,90,90,90,90,90,90,90,90,90,90,90,90,90,90,90,92,92,89,91,91,91,91,91,91,91,91,91,91],"card_choices":[{"not_picked":["Guardian:Harden","Guardian:RollAttack"],"picked":"Guardian:Recover","floor":2},{"not_picked":["Guardian:Recover","Guardian:GuardianWhirl"],"picked":"Guardian:PiercingHide","floor":5},{"not_picked":["Guardian:StasisStrike","Guardian:TimeSifter"],"picked":"Guardian:FloatingOrbs","floor":6},{"not_picked":["Guardian:TemporalStrike","Guardian:ShieldCharger"],"picked":"Guardian:Gem_Fragmented","floor":8},{"not_picked":["Guardian:CrystalBeam","Guardian:WalkerClaw"],"picked":"Guardian:TemporalShield","floor":9},{"not_picked":["Guardian:BodySlam","Guardian:BronzeOrb"],"picked":"Guardian:VentSteam","floor":10},{"not_picked":["Guardian:PrimingBeam","Guardian:Repulse"],"picked":"Guardian:StasisField","floor":12},{"not_picked":["Guardian:EvasiveProtocol","Guardian:Reroute"],"picked":"Guardian:GuardianWhirl","floor":14},{"not_picked":["Guardian:MultiBeam","Guardian:VentSteam"],"picked":"Guardian:ArmoredProtocol","floor":15},{"not_picked":["Guardian:TimeSifter","Guardian:SphericShield"],"picked":"Guardian:StasisStrike","floor":16},{"not_picked":["Guardian:ShieldCharger","Guardian:RollAttack"],"picked":"Guardian:DecasProtection","floor":20},{"not_picked":["Guardian:Suspension","Guardian:Planning"],"picked":"Guardian:Gem_Yellow","floor":21},{"not_picked":["Guardian:Recover","Guardian:CrystalBeam","Guardian:MultiBeam+1"],"picked":"SKIP","floor":22},{"not_picked":["Guardian:Clone","Guardian:TimeCapacitor"],"picked":"Guardian:Gem_Cyan","floor":26},{"not_picked":["Guardian:PiercingHide","Guardian:VentSteam+1","Guardian:Recover"],"picked":"SKIP","floor":28},{"not_picked":["Guardian:PrismaticBeam","Guardian:Suspension"],"picked":"Guardian:Gem_Cyan","floor":29},{"not_picked":["Guardian:Harden","Guardian:ShieldSpikes"],"picked":"Guardian:Gem_Red","floor":31},{"not_picked":["Guardian:ChargeCore","Guardian:RollAttack+1"],"picked":"Guardian:BodySlam+1","floor":32},{"not_picked":["Guardian:ExploitGems","Guardian:BaubleBeam"],"picked":"Guardian:Gem_Synthetic","floor":33},{"not_picked":["Guardian:EvasiveProtocol+1","Guardian:Gem_Lightblue"],"picked":"Guardian:Gem_Cyan","floor":36},{"not_picked":["Guardian:SentryBeam+1","Guardian:Planning"],"picked":"Guardian:Gem_Red","floor":37},{"not_picked":["Guardian:Gem_Green","Guardian:GuardianWhirl+1"],"picked":"Guardian:Incinerate+1","floor":38},{"not_picked":["Guardian:PiercingHide","Guardian:Clone+1"],"picked":"Guardian:Gem_Green","floor":39},{"not_picked":["Guardian:Recover","Guardian:Gem_Cyan"],"picked":"Guardian:Gem_Blue","floor":42},{"not_picked":["Guardian:Clone","Guardian:Recover+1"],"picked":"Guardian:Repulse+1","floor":43},{"not_picked":["Guardian:Gem_Lightblue","Guardian:BronzeArmor"],"picked":"Guardian:VentSteam","floor":44},{"not_picked":["Guardian:Recover+1","Guardian:CrystalBeam+1","Guardian:SentryBeam+1"],"picked":"Singing Bowl","floor":46},{"not_picked":["Guardian:Planning","Guardian:TemporalShield+1","Guardian:RollAttack+1"],"picked":"Singing Bowl","floor":49},{"not_picked":["Guardian:Incinerate+1","Guardian:ShieldCharger"],"picked":"Guardian:Gem_Orange","floor":52}],"player_experience":712159,"relics_obtained":[{"floor":6,"key":"Ginger"},{"floor":24,"key":"Bottled Flame"},{"floor":31,"key":"Pen Nib"},{"floor":41,"key":"Singing Bowl"},{"floor":43,"key":"Vajra"},{"floor":47,"key":"Darkstone Periapt"},{"floor":52,"key":"Blood Vial"}],"event_choices":[{"damage_healed":0,"gold_gain":0,"player_choice":"Success","damage_taken":12,"relics_obtained":["Orichalcum"],"max_hp_gain":0,"max_hp_loss":0,"event_name":"Scrap Ooze","floor":3,"gold_loss":0},{"cards_removed":["Guardian:Recover"],"damage_healed":0,"gold_gain":0,"player_choice":"Give","damage_taken":0,"max_hp_gain":0,"max_hp_loss":0,"event_name":"betterNote:BetterNote","floor":4,"gold_loss":0,"cards_obtained":["None"]},{"damage_healed":0,"gold_gain":0,"player_choice":"Got Potions","damage_taken":0,"max_hp_gain":0,"max_hp_loss":0,"event_name":"Lab","floor":19,"gold_loss":0}],"is_beta":false,"boss_relics":[{"not_picked":["Runic Pyramid","Fusion Hammer"],"picked":"bronze:MakeshiftBattery"},{"not_picked":["Empty Cage","Calling Bell"],"picked":"Guardian:ModeShifterPlus"}],"items_purged_floors":[37,44,48],"is_endless":false,"potions_floor_spawned":[8,9,10,14,16,20,22,28,32,36,38,42,46,49],"killed_by":"downfall:NeowBossFinal","ascension_level":0}}