{"host":"1ekl8hlbnopmdapi","time":1612562712,"event":{"mods":["AchievementEnabler","BaseMod","Colored Map","Colored Powertips","DeckTracker","Downfall","Googly Eyes","Highlight Path","Minty Spire (QoL Compilation)","Relic Sorter","StSLib","Synergy Search"],"gold_per_floor":[99,112,122,122,133,133,210,110,120,120,139,139,164,179,198,298,298,198,214,231,38,38,38,38,38,55,65,65,65,65],"floor_reached":28,"language":"ENG","playtime":1092,"items_purged":[],"score":222,"play_id":"e2034b92-173e-4804-9932-be74ddfc78d0","local_time":"20210205170512","is_ascension_mode":false,"campfire_choices":[{"data":"champ:Taunt","floor":1,"key":"SMITH"},{"floor":6,"key":"RECALL"},{"data":"champ:Execute","floor":8,"key":"SMITH"},{"data":"champ:TornadoPunch","floor":10,"key":"SMITH"},{"data":"champ:Backstep","floor":18,"key":"SMITH"},{"data":"expansioncontent:DashGenerateEvil","floor":23,"key":"SMITH"}],"circlet_count":0,"master_deck":["champ:Strike","champ:Strike","champ:Strike","champ:Strike","champ:Defend","champ:Defend","champ:Defend","champ:Defend","champ:Execute+1","champ:Taunt+1","champ:TornadoPunch","champ:Haymaker","champ:FanOfKnives","champ:TornadoPunch+1","champ:DeathBlow","champ:Backstep+1","champ:SteelEdge","champ:Parry+1","champ:IronFortress","champ:FocusedDefense","expansioncontent:DashGenerateEvil+1","champ:FalseCounter+1"],"relics":["champ:ChampionCrown","downfall:ShatteredFragment","Shuriken","downfall:HeartBlessingRed","Bag of Preparation","Black Star","downfall:HeartBlessingGreen","champ:GladiatorsBookOfMartialProwess"],"acts_visited":["Exordium","TheCity"],"potions_floor_usage":[16,16,28],"damage_taken":[{"damage":16,"enemies":"Jaw Worm","floor":2,"turns":3},{"damage":4,"enemies":"Small Slimes","floor":3,"turns":3},{"damage":10,"enemies":"Cultist","floor":5,"turns":3},{"damage":12,"enemies":"Gremlin Gang","floor":9,"turns":3},{"damage":10,"enemies":"Exordium Thugs","floor":11,"turns":2},{"damage":33,"enemies":"Gremlin Nob","floor":13,"turns":4},{"damage":26,"enemies":"Large Slime","floor":14,"turns":2},{"damage":0,"enemies":"Lots of Slimes","floor":15,"turns":1},{"damage":43,"enemies":"DF_ARCHETYPE_STREAMLINE","floor":16,"turns":8},{"damage":10,"enemies":"3 Byrds","floor":19,"turns":2},{"damage":10,"enemies":"Chosen","floor":20,"turns":4},{"damage":40,"enemies":"downfall:FleeingMerchant","floor":21,"turns":4},{"damage":0,"enemies":"Shelled Parasite and Fungi","floor":26,"turns":4},{"damage":25,"enemies":"Snecko","floor":27,"turns":4},{"damage":39,"enemies":"Slavers","floor":28,"turns":2}],"seed_played":"-3415244134408843460","potions_obtained":[{"floor":5,"key":"CultistPotion"},{"floor":13,"key":"Energy Potion"},{"floor":14,"key":"FairyPotion"},{"floor":19,"key":"LiquidBronze"},{"floor":27,"key":"champ:CounterPotion"}],"is_trial":false,"path_per_floor":["R","M","M","?","M","R","T","R","M","R","M","?","E","M","M","B",null,"R","M","M","$","?","R","T","?","M","M","E"],"character_chosen":"THE_CHAMP","items_purchased":["expansioncontent:DashGenerateEvil"],"campfire_rested":0,"item_purchase_floors":[21],"current_hp_per_floor":[99,93,89,62,62,62,62,62,60,60,50,55,32,16,16,17,99,99,99,99,89,89,89,89,54,54,39,0,0,0],"gold":65,"neow_bonus":"TEN_PERCENT_HP_BONUS","is_daily":false,"chose_seed":false,"campfire_upgraded":5,"win_rate":0.0,"timestamp":1612562712,"path_taken":["R","M","M","?","M","R","T","R","M","R","M","?","E","?","M","BOSS","R","M","?","$","?","R","T","?","?","M","E"],"items_purchased_type":["Card"],"build_version":"2020-12-22","purchased_purges":0,"victory":false,"max_hp_per_floor":[99,99,99,99,99,99,99,99,99,99,99,99,99,99,99,99,99,99,99,99,99,99,99,99,99,99,99,99,99,99],"card_choices":[{"not_picked":["champ:AdrenalArmor","champ:Shatter"],"picked":"champ:TornadoPunch","floor":2},{"not_picked":["champ:PreemptiveStrike","champ:AdrenalArmor"],"picked":"champ:Haymaker","floor":3},{"not_picked":["champ:Haymaker","champ:PerfectedStrike"],"picked":"champ:FanOfKnives","floor":5},{"not_picked":["champ:AdrenalArmor","champ:DefensiveShout"],"picked":"champ:TornadoPunch","floor":9},{"not_picked":["champ:BladeFlurry","champ:CrookedStrike"],"picked":"champ:PerfectedStrike","floor":11},{"not_picked":["champ:GladiatorStyle","champ:Lariat"],"picked":"champ:DeathBlow","floor":13},{"not_picked":["champ:CrownThrow","champ:Endure"],"picked":"champ:Backstep","floor":15},{"not_picked":["champ:MurderStrike","champ:ShieldThrow"],"picked":"champ:SteelEdge","floor":16},{"not_picked":["champ:FanOfKnives","champ:TornadoPunch+1"],"picked":"champ:Parry+1","floor":19},{"not_picked":["champ:FlashCut","champ:FocusedBerserking"],"picked":"champ:IronFortress","floor":20},{"not_picked":["champ:Parry+1","champ:Circumvent"],"picked":"champ:FocusedDefense","floor":21},{"not_picked":["champ:Backstep","champ:FanOfKnives+1"],"picked":"champ:FalseCounter+1","floor":27}],"player_experience":535843,"relics_obtained":[{"floor":7,"key":"Shuriken"},{"floor":13,"key":"Bag of Preparation"}],"event_choices":[{"cards_removed":["champ:PerfectedStrike"],"damage_healed":5,"gold_gain":0,"player_choice":"Offered Common","damage_taken":0,"max_hp_gain":0,"max_hp_loss":0,"event_name":"Bonfire Elementals","floor":12,"gold_loss":0},{"cards_removed":["champ:PerfectedStrike"],"damage_healed":5,"gold_gain":0,"player_choice":"Offered Special","damage_taken":0,"max_hp_gain":0,"max_hp_loss":0,"event_name":"Bonfire Elementals","floor":12,"gold_loss":0}],"is_beta":false,"boss_relics":[{"not_picked":["SacredBark","Cursed Key"],"picked":"Black Star"}],"items_purged_floors":[],"is_endless":false,"potions_floor_spawned":[5,13,14,19,27],"killed_by":"Slavers","ascension_level":0}}