{"host":"rtczl7o4e2em2rmi","time":1612487991,"event":{"mods":["AchievementEnabler","BaseMod","Bestiary","Block Reminder","Filter the Spire","Minty Spire (QoL Compilation)","Permanent Neow","Relic Filter","Relic Stats","StSLib"],"gold_per_floor":[111,186,204,33,49,49,82,95,172,172,172,6,6,39,39,162,162,181,181,204,51,69,109,109,129,156,69,85,85,104,104,104,224,224,247,580,580,592,592,592,603,603,603,621,636,636,9,25,25,25],"floor_reached":51,"language":"ZHS","playtime":2955,"items_purged":["Injury","Parasite"],"score":840,"play_id":"52c9ac1d-15b4-486d-8765-989d1997fd85","local_time":"20210204201951","is_ascension_mode":true,"campfire_choices":[{"data":"Neutralize","floor":6.0,"key":"SMITH"},{"floor":10.0,"key":"REST"},{"data":"Envenom","floor":15.0,"key":"SMITH"},{"data":"After Image","floor":24.0,"key":"SMITH"},{"data":"Wraith Form v2","floor":29.0,"key":"SMITH"},{"data":"Blade Dance","floor":32.0,"key":"SMITH"},{"data":"Wraith Form v2","floor":40.0,"key":"SMITH"},{"data":"Blade Dance","floor":42.0,"key":"SMITH"},{"floor":46.0,"key":"REST"},{"data":"Accuracy","floor":49,"key":"SMITH"}],"circlet_count":0,"master_deck":["Strike_G","Strike_G","Strike_G","Strike_G","Strike_G+1","Defend_G","Defend_G","Defend_G","Defend_G","Defend_G","Survivor","Neutralize+1","Backflip","Blade Dance+1","Footwork","Backflip","Blade Dance+1","Cloak And Dagger","After Image+1","PiercingWail","Cloak And Dagger","A Thousand Cuts+1","PiercingWail","Wraith Form v2+1","Finisher","Envenom+1","Wraith Form v2","Blade Dance","Footwork","Bandage Up","Leg Sweep","Slice+1","Sadistic Nature","Bullet Time","Wraith Form v2+1","Well Laid Plans+1","Madness","Madness","Slice+1","Bullet Time","Neutralize","Blade Dance+1","Panache","Accuracy+1","Cloak And Dagger","PiercingWail","Panacea","Cloak And Dagger"],"relics":["Ring of the Snake","Membership Card","Happy Flower","Bottled Lightning","Orrery","Singing Bowl","WristBlade","Anchor","Unceasing Top","StoneCalendar","Enchiridion","Cursed Key","Nunchaku","Tingsha","Lee\u0027s Waffle"],"acts_visited":["Exordium","TheCity","TheBeyond"],"potions_floor_usage":[50,50,50],"damage_taken":[{"damage":4.0,"enemies":"Jaw Worm","floor":1.0,"turns":7.0},{"damage":4.0,"enemies":"Cultist","floor":3.0,"turns":5.0},{"damage":6.0,"enemies":"2 Louse","floor":5.0,"turns":2.0},{"damage":27.0,"enemies":"Lagavulin","floor":7.0,"turns":10.0},{"damage":8.0,"enemies":"2 Fungi Beasts","floor":8.0,"turns":3.0},{"damage":3.0,"enemies":"3 Sentries","floor":14.0,"turns":5.0},{"damage":17.0,"enemies":"Slime Boss","floor":16.0,"turns":12.0},{"damage":7.0,"enemies":"Shell Parasite","floor":18.0,"turns":6.0},{"damage":0.0,"enemies":"Spheric Guardian","floor":20.0,"turns":2.0},{"damage":8.0,"enemies":"Snake Plant","floor":22.0,"turns":5.0},{"damage":1.0,"enemies":"Book of Stabbing","floor":23.0,"turns":6.0},{"damage":14.0,"enemies":"Sentry and Sphere","floor":25.0,"turns":7.0},{"damage":1.0,"enemies":"Shelled Parasite and Fungi","floor":28.0,"turns":7.0},{"damage":16.0,"enemies":"Snake Plant","floor":30.0,"turns":4.0},{"damage":3.0,"enemies":"Champ","floor":33.0,"turns":8.0},{"damage":0.0,"enemies":"3 Darklings","floor":35.0,"turns":5.0},{"damage":0.0,"enemies":"3 Shapes","floor":38.0,"turns":7.0},{"damage":0.0,"enemies":"Writhing Mass","floor":41.0,"turns":5.0},{"damage":0.0,"enemies":"Jaw Worm Horde","floor":44.0,"turns":3.0},{"damage":76.0,"enemies":"Transient","floor":45.0,"turns":5.0},{"damage":0,"enemies":"Sphere and 2 Shapes","floor":48,"turns":5},{"damage":16,"enemies":"Donu and Deca","floor":50,"turns":5}],"seed_played":"-6915423750175339949","potions_obtained":[{"floor":5.0,"key":"Fire Potion"},{"floor":8.0,"key":"AttackPotion"},{"floor":18.0,"key":"Fire Potion"}],"is_trial":false,"path_per_floor":["M","?","M","$","M","R","E","M","T","R","?","$","?","E","R","B",null,"M","?","M","$","M","E","R","M","T","$","M","R","M","?","R","B",null,"M","?","?","M","?","R","M","R","T","M","M","R","$","M","R","B",null],"character_chosen":"THE_SILENT","items_purchased":["Membership Card","Footwork","Orrery","Wraith Form v2","Finisher","Bandage Up","Anchor","Sadistic Nature","Panache","Nunchaku","Accuracy","Tingsha","Lee\u0027s Waffle","Cloak And Dagger","ColorlessPotion","Strength Potion","PiercingWail","Panacea","Explosive Potion"],"campfire_rested":2,"item_purchase_floors":[4,4,12,12,12,21,21,27,47,47,47,47,47,47,47,47,47,47,47],"current_hp_per_floor":[73,66,62,62,56,56,29,21,21,44,44,44,29,26,26,9,77,72,72,72,72,70,73,73,63,63,63,68,68,56,40,40,41,83,83,83,73,77,77,77,83,83,83,83,11,37,91,91,91,79],"gold":25,"neow_bonus":"TEN_PERCENT_HP_BONUS","is_daily":false,"chose_seed":false,"campfire_upgraded":8,"win_rate":0.0,"timestamp":1612487991,"path_taken":["M","?","?","$","M","R","E","M","T","R","?","$","?","E","R","BOSS","M","?","M","$","?","E","R","M","T","$","M","R","M","?","R","BOSS","M","?","?","M","?","R","M","R","T","M","?","R","?","M","R","BOSS"],"items_purchased_type":["Relic","Card","Relic","Card","Card","Card","Relic","Card","Card","Relic","Card","Relic","Relic","Card","Potion","Potion","Card","Card","Potion"],"build_version":"2020-12-22","purchased_purges":2,"victory":true,"max_hp_per_floor":[77,77,77,77,77,77,77,77,77,77,77,77,77,77,77,77,77,79,79,79,79,81,81,81,81,81,81,83,83,83,83,83,83,83,83,83,83,83,83,83,85,85,85,85,87,87,91,91,91,91],"relic_stats":{"Nunchaku":[4],"Lee\u0027s Waffle":57,"Happy Flower":[33],"Singing Bowl":10,"counters":[22,124],"StoneCalendar":[52],"Tingsha":[0],"Cursed Key":0,"obtain_stats":[{"Lee\u0027s Waffle":47,"Happy Flower":7,"Singing Bowl":14,"Golden Idol":11,"Enchiridion":31,"StoneCalendar":26,"Tingsha":47,"Cursed Key":34,"Anchor":21,"Nunchaku":47,"WristBlade":17,"Orrery":12,"Membership Card":4,"Bottled Lightning":9,"Unceasing Top":23,"Ring of the Snake":0},{"Lee\u0027s Waffle":20,"Happy Flower":4,"Singing Bowl":6,"Golden Idol":5,"Enchiridion":14,"StoneCalendar":12,"Tingsha":20,"Cursed Key":15,"Anchor":9,"Nunchaku":20,"WristBlade":7,"Orrery":5,"Membership Card":2,"Bottled Lightning":5,"Unceasing Top":11,"Ring of the Snake":0},{"Lee\u0027s Waffle":114,"Happy Flower":24,"Singing Bowl":32,"Golden Idol":27,"Enchiridion":81,"StoneCalendar":70,"Tingsha":114,"Cursed Key":89,"Anchor":52,"Nunchaku":114,"WristBlade":44,"Orrery":27,"Membership Card":12,"Bottled Lightning":27,"Unceasing Top":63,"Ring of the Snake":0}],"Unceasing Top":[17],"Ring of the Snake":[44]},"card_choices":[{"not_picked":["Dagger Throw","Setup"],"picked":"Backflip","floor":1.0},{"not_picked":["Setup","Outmaneuver"],"picked":"Blade Dance","floor":3.0},{"not_picked":["Prepared","Dodge and Roll"],"picked":"Backflip","floor":5.0},{"not_picked":["Underhanded Strike","Eviscerate"],"picked":"Blade Dance","floor":7.0},{"not_picked":["Flying Knee","Underhanded Strike"],"picked":"Cloak And Dagger","floor":8.0},{"not_picked":["Setup","Sucker Punch"],"picked":"After Image","floor":12.0},{"not_picked":["Quick Slash","Prepared"],"picked":"PiercingWail","floor":12.0},{"not_picked":["Flying Knee","Dagger Spray"],"picked":"Cloak And Dagger","floor":12.0},{"not_picked":["Tactician","Endless Agony"],"picked":"A Thousand Cuts","floor":12.0},{"not_picked":["Outmaneuver","Deadly Poison"],"picked":"PiercingWail","floor":12.0},{"not_picked":["A Thousand Cuts","Heel Hook"],"picked":"Envenom","floor":14.0},{"not_picked":["Unload","Phantasmal Killer"],"picked":"Wraith Form v2","floor":16.0},{"not_picked":["Expertise+1","Dagger Throw","PiercingWail"],"picked":"Singing Bowl","floor":18.0},{"not_picked":["Acrobatics+1","Dodge and Roll"],"picked":"Footwork","floor":20.0},{"not_picked":["Heel Hook+1","Bane","Sucker Punch"],"picked":"Singing Bowl","floor":22.0},{"not_picked":["Glass Knife","Skewer"],"picked":"Leg Sweep","floor":23.0},{"not_picked":["Finisher","Quick Slash"],"picked":"Slice+1","floor":25.0},{"not_picked":["Blur","Sucker Punch","Underhanded Strike+1"],"picked":"Singing Bowl","floor":28.0},{"not_picked":["Acrobatics","Underhanded Strike"],"picked":"Bullet Time","floor":30.0},{"not_picked":["Corpse Explosion","Tools of the Trade"],"picked":"Wraith Form v2","floor":33.0},{"not_picked":["Cloak And Dagger+1","Catalyst+1"],"picked":"Well Laid Plans+1","floor":35.0},{"not_picked":["Acrobatics+1","Skewer+1"],"picked":"Slice+1","floor":38.0},{"not_picked":["Deflect","Dagger Throw","Heel Hook"],"picked":"Singing Bowl","floor":41.0},{"not_picked":["Blur+1","Dagger Spray+1"],"picked":"Blade Dance+1","floor":44.0},{"not_picked":["Quick Slash","Crippling Poison+1","Eviscerate"],"picked":"Singing Bowl","floor":45.0},{"not_picked":["Dagger Throw+1","Noxious Fumes+1"],"picked":"Cloak And Dagger","floor":48}],"player_experience":539028,"relics_obtained":[{"floor":7.0,"key":"Happy Flower"},{"floor":9.0,"key":"Bottled Lightning"},{"floor":14.0,"key":"Singing Bowl"},{"floor":23.0,"key":"Unceasing Top"},{"floor":26.0,"key":"StoneCalendar"},{"floor":31.0,"key":"Enchiridion"}],"event_choices":[{"damage_healed":0.0,"max_hp_gain":0.0,"max_hp_loss":0.0,"gold_gain":75.0,"event_name":"FaceTrader","player_choice":"Touch","floor":2.0,"gold_loss":0.0,"damage_taken":7.0},{"damage_healed":0.0,"max_hp_gain":0.0,"max_hp_loss":0.0,"gold_gain":0.0,"event_name":"Golden Idol","player_choice":"Take Wound","floor":11.0,"gold_loss":0.0,"damage_taken":0.0,"relics_obtained":["Golden Idol"],"cards_obtained":["Injury"]},{"damage_healed":0.0,"max_hp_gain":0.0,"max_hp_loss":0.0,"gold_gain":0.0,"event_name":"Shining Light","player_choice":"Entered Light","floor":13.0,"gold_loss":0.0,"damage_taken":15.0,"cards_upgraded":["Strike_G","A Thousand Cuts"]},{"damage_healed":0.0,"max_hp_gain":0.0,"max_hp_loss":0.0,"gold_gain":0.0,"event_name":"Duplicator","player_choice":"Copied","floor":19.0,"gold_loss":0.0,"damage_taken":0.0,"cards_obtained":["Blade Dance"]},{"damage_healed":0.0,"max_hp_gain":0.0,"max_hp_loss":0.0,"gold_gain":0.0,"event_name":"Cursed Tome","player_choice":"Obtained Book","floor":31.0,"gold_loss":0.0,"damage_taken":16.0},{"damage_healed":0.0,"max_hp_gain":0.0,"max_hp_loss":0.0,"gold_gain":333.0,"event_name":"The Moai Head","player_choice":"Gave Idol","floor":36.0,"relics_lost":["Golden Idol"],"gold_loss":0.0,"damage_taken":0.0},{"damage_healed":0.0,"max_hp_gain":0.0,"max_hp_loss":0.0,"gold_gain":0.0,"event_name":"Winding Halls","player_choice":"Embrace Madness","floor":37.0,"gold_loss":0.0,"damage_taken":10.0,"cards_obtained":["Madness","Madness"]},{"damage_healed":0.0,"max_hp_gain":0.0,"max_hp_loss":0.0,"gold_gain":0.0,"event_name":"Match and Keep!","player_choice":"2 cards matched","floor":39.0,"gold_loss":0.0,"damage_taken":0.0,"cards_obtained":["Bullet Time","Neutralize"]}],"is_beta":false,"boss_relics":[{"not_picked":["Pandora\u0027s Box","Astrolabe"],"picked":"WristBlade"},{"not_picked":["Tiny House","Fusion Hammer"],"picked":"Cursed Key"}],"items_purged_floors":[21,47],"is_endless":false,"potions_floor_spawned":[5,8,18,28,35,38],"ascension_level":2}}