{"host":"rqs2099buorjjoja","time":1612568319,"event":{"mods":["AchievementEnabler","Act Like it!","Aspiration","BaseMod","Beaked The Cultist","Colored Powertips","Downfall","Googly Eyes","Hallownest","Hermit","Hubris","Infinite Spire","Jorbs\u0027s Wanderer Trilogy","Minty Spire (QoL Compilation)","Quick Restart","Rare Cards Sparkle","Replay The Spire","StSLib","The Bug Knight","The Construct","The Necromancer","The Servant 0.9.4"],"gold_per_floor":[113,113,128,140,152,152,163,183,183,194,11,11,23,52,64,171,183,209,232,244,256,284,296,321,359,371,383,415,517,543,248,341,341,341],"floor_reached":33,"language":"ENG","playtime":2638,"items_purged":[],"score":263,"play_id":"c26e60f8-376d-4409-904a-f4d543cf8f1f","local_time":"20210205183839","is_ascension_mode":false,"campfire_choices":[{"data":"Toxin Wave","floor":6,"key":"SMITH"},{"floor":13,"key":"REST"},{"floor":15,"key":"RECALL"},{"floor":23,"key":"REST"},{"floor":27,"key":"REST"}],"circlet_count":0,"master_deck":["Strike_G","Strike_G","Strike_G","Strike_G","Strike_G","Defend_G","Defend_G","Defend_G","Defend_G","Defend_G","Survivor","Neutralize","Toxin Wave+1","Flying Knee","Cloak And Dagger","Quick Slash","Dagger Spray","Slice","PiercingWail","Backstab","Phantasmal Killer","Dodge and Roll","Backflip+1","Terror","Toxin Wave","Quick Slash+1","PiercingWail","Dagger Throw"],"relics":["Ring of the Snake","aspiration:Nostalgia","m_ScarletBlood","aspiration:FrozenJewel","Replay:Lucky Slots","MawBank","WristBlade","Ancient Tea Set","Paper Crane","hubris:Spice","Happy Flower","Boot"],"acts_visited":["Exordium","TheCity"],"potions_floor_usage":[10,10,16,22,25,33],"damage_taken":[{"damage":2,"enemies":"Small Slimes","floor":1,"turns":3},{"damage":4,"enemies":"Cultist","floor":3,"turns":4},{"damage":0,"enemies":"2 Louse","floor":4,"turns":2},{"damage":0,"enemies":"Exordium Wildlife","floor":5,"turns":3},{"damage":0,"enemies":"Looter","floor":7,"turns":4},{"damage":7,"enemies":"Gremlin Gang","floor":8,"turns":3},{"damage":0,"enemies":"Blue Slaver","floor":10,"turns":2},{"damage":5,"enemies":"Large Slime","floor":14,"turns":5},{"damage":42,"enemies":"Slime Boss","floor":16,"turns":13},{"damage":0,"enemies":"Chosen","floor":18,"turns":5},{"damage":2,"enemies":"2 Thieves","floor":19,"turns":4},{"damage":25,"enemies":"Centurion and Healer","floor":22,"turns":6},{"damage":6,"enemies":"Snecko","floor":24,"turns":4},{"damage":22,"enemies":"HollowMod:Nosk","floor":25,"turns":8},{"damage":0,"enemies":"Snake Plant","floor":28,"turns":2},{"damage":4,"enemies":"Centurion and Healer","floor":30,"turns":5},{"damage":52,"enemies":"hubris:MusketHawk","floor":33,"turns":9}],"seed_played":"-1731125685864780467","potions_obtained":[{"floor":7,"key":"Languid Potion"},{"floor":8,"key":"CunningPotion"},{"floor":10,"key":"GamblersBrew"},{"floor":19,"key":"FearPotion"},{"floor":22,"key":"Weak Potion"},{"floor":24,"key":"FearPotion"},{"floor":25,"key":"Elixir"}],"is_trial":false,"path_per_floor":["M","?","M","M","M","R","M","M","T","M","$","?","R","M","R","B",null,"M","M","AVR","?","M","R","M","E","T","R","M","?","M","$","R","B"],"character_chosen":"THE_SILENT","items_purchased":["Replay:Lucky Slots","Happy Flower","Boot"],"campfire_rested":3,"item_purchase_floors":[11,31,31],"current_hp_per_floor":[68,68,64,64,64,64,64,57,57,57,57,57,70,65,65,23,70,70,68,68,68,43,64,58,36,44,67,67,55,51,51,51,0,0],"gold":341,"neow_bonus":"NOSTALGIA","is_daily":false,"chose_seed":false,"campfire_upgraded":1,"win_rate":0.0,"timestamp":1612568319,"path_taken":["M","?","M","M","M","R","M","M","T","?","$","?","R","M","R","BOSS","M","M","AVR","?","M","R","M","E","T","R","M","?","M","$","R","BOSS"],"items_purchased_type":["Relic","Relic","Relic"],"build_version":"2020-12-22","purchased_purges":0,"victory":false,"max_hp_per_floor":[70,70,70,70,70,70,70,70,70,70,70,70,70,70,70,70,70,70,70,70,70,70,70,70,70,78,78,78,78,78,78,78,78,78],"card_choices":[{"not_picked":["Dash","Well Laid Plans"],"picked":"Toxin Wave","floor":1},{"not_picked":["Pummel","Dagger Throw"],"picked":"Flying Knee","floor":3},{"not_picked":["Slice","Catalyst"],"picked":"Cloak And Dagger","floor":4},{"not_picked":["hubris:SlightOfHand","Draining Mist"],"picked":"Quick Slash","floor":5},{"not_picked":["Tactician","Expertise"],"picked":"Dagger Spray","floor":7},{"not_picked":["Dagger Spray","Riddle With Holes"],"picked":"Slice","floor":8},{"not_picked":["Quick Slash","Crippling Poison"],"picked":"PiercingWail","floor":10},{"not_picked":["Calculated Gamble","Heavy Blade"],"picked":"Backstab","floor":14},{"not_picked":["Storm of Steel","Tools of the Trade"],"picked":"Phantasmal Killer","floor":16},{"not_picked":["hubris:SlightOfHand+1","Bane"],"picked":"Dodge and Roll","floor":18},{"not_picked":["Toxin Wave","Poisoned Stab"],"picked":"Backflip+1","floor":19},{"not_picked":["Skewer+1","Calculated Gamble+1"],"picked":"Terror","floor":22},{"not_picked":["Eviscerate","Calculated Gamble"],"picked":"Toxin Wave","floor":24},{"not_picked":["hubris:Counter","Catalyst+1"],"picked":"Quick Slash+1","floor":25},{"not_picked":["Acrobatics","Backflip"],"picked":"PiercingWail","floor":28},{"not_picked":["Dodge and Roll","hubris:TrickCloak"],"picked":"Dagger Throw","floor":30}],"player_experience":228807,"relics_obtained":[{"floor":9,"key":"aspiration:FrozenJewel"},{"floor":12,"key":"MawBank"},{"floor":25,"key":"Paper Crane"},{"floor":26,"key":"hubris:Spice"}],"event_choices":[{"damage_healed":0,"gold_gain":0,"player_choice":"Ignored","damage_taken":0,"max_hp_gain":0,"max_hp_loss":0,"event_name":"NoteForYourself","floor":2,"gold_loss":0},{"damage_healed":0,"gold_gain":90,"player_choice":"GOLD ","damage_taken":12,"max_hp_gain":0,"max_hp_loss":0,"event_name":"Knowing Skull","floor":29,"potions_obtained":[],"gold_loss":0,"cards_obtained":[]}],"is_beta":false,"boss_relics":[{"not_picked":["hubris:Stopwatch","construct:ClawGrip"],"picked":"WristBlade"}],"items_purged_floors":[],"is_endless":false,"potions_floor_spawned":[7,8,10,19,22,24,25],"killed_by":"hubris:MusketHawk","ascension_level":0}}