{"host":"2yqfi47fogfu1ic4","time":1612539781,"event":{"mods":["AchievementEnabler","BaseMod","Colored Map","Colored Powertips","Highlight Path","Minty Spire (QoL Compilation)","Permanent Neow","Relic Stats","StSLib"],"gold_per_floor":[109,109,124,140,151,151,162,187,234,293,293,324,343,370,370,445,445,460,460,460],"floor_reached":19,"language":"DEU","playtime":1050,"items_purged":[],"score":428,"play_id":"ad52dce2-22e1-4560-8c88-a6f75d9de8cb","local_time":"20210205164301","is_ascension_mode":true,"campfire_choices":[{"floor":6,"key":"REST"},{"data":"Catalyst","floor":15,"key":"SMITH"}],"circlet_count":0,"master_deck":["AscendersBane","Strike_G","Strike_G","Strike_G","Strike_G","Strike_G","Defend_G","Defend_G","Defend_G","Defend_G","Defend_G","Survivor","Neutralize","Terror","Dagger Spray","Die Die Die","Dagger Spray","Blur","Catalyst+1","Phantasmal Killer","Adrenaline","Deadly Poison","Dash"],"relics":["Sozu","PreservedInsect","Singing Bowl","MealTicket","Oddly Smooth Stone","Pen Nib","Philosopher\u0027s Stone"],"acts_visited":["Exordium","TheCity"],"potions_floor_usage":[],"damage_taken":[{"damage":0,"enemies":"2 Louse","floor":1,"turns":4},{"damage":7,"enemies":"Jaw Worm","floor":3,"turns":4},{"damage":0,"enemies":"Small Slimes","floor":4,"turns":3},{"damage":8,"enemies":"3 Louse","floor":5,"turns":3},{"damage":0,"enemies":"Large Slime","floor":7,"turns":3},{"damage":5,"enemies":"3 Sentries","floor":8,"turns":4},{"damage":6,"enemies":"Gremlin Nob","floor":10,"turns":3},{"damage":0,"enemies":"Lagavulin","floor":12,"turns":5},{"damage":10,"enemies":"Exordium Thugs","floor":13,"turns":5},{"damage":4,"enemies":"3 Sentries","floor":14,"turns":4},{"damage":23,"enemies":"Hexaghost","floor":16,"turns":8},{"damage":42,"enemies":"3 Byrds","floor":18,"turns":4},{"damage":18,"enemies":"Shell Parasite","floor":19,"turns":2}],"seed_played":"2303973268441996937","potions_obtained":[],"is_trial":false,"path_per_floor":["M","?","M","M","M","R","M","E","T","?","?","E","M","E","R","B",null,"M","M"],"character_chosen":"THE_SILENT","items_purchased":[],"campfire_rested":1,"item_purchase_floors":[],"current_hp_per_floor":[59,41,34,34,26,45,45,40,40,34,34,36,28,24,24,3,55,13,0,0],"gold":460,"neow_bonus":"BOSS_RELIC","is_daily":false,"chose_seed":false,"campfire_upgraded":1,"win_rate":0.0,"timestamp":1612539781,"path_taken":["M","?","M","M","M","R","M","E","T","?","?","E","M","E","R","BOSS","M","M"],"items_purchased_type":[],"build_version":"2020-12-22","purchased_purges":0,"victory":false,"max_hp_per_floor":[66,66,66,66,66,66,66,66,66,66,66,68,70,70,70,72,72,72,72,72],"relic_stats":{"Sozu":5,"Singing Bowl":6,"counters":[13,52],"MealTicket":0,"PreservedInsect":116,"Pen Nib":[2],"obtain_stats":[{"Sozu":0,"Singing Bowl":8,"Oddly Smooth Stone":12,"MealTicket":10,"Philosopher\u0027s Stone":17,"PreservedInsect":2,"Pen Nib":14,"Ring of the Snake":0},{"Sozu":0,"Singing Bowl":6,"Oddly Smooth Stone":8,"MealTicket":6,"Philosopher\u0027s Stone":11,"PreservedInsect":1,"Pen Nib":10,"Ring of the Snake":0},{"Sozu":0,"Singing Bowl":21,"Oddly Smooth Stone":29,"MealTicket":21,"Philosopher\u0027s Stone":46,"PreservedInsect":4,"Pen Nib":38,"Ring of the Snake":0}]},"card_choices":[{"not_picked":["Slice","Backflip"],"picked":"Terror","floor":1},{"not_picked":["PiercingWail","Bane"],"picked":"Dagger Spray","floor":3},{"not_picked":["Quick Slash","Blade Dance"],"picked":"Die Die Die","floor":4},{"not_picked":["Deadly Poison","Dodge and Roll"],"picked":"Dagger Spray","floor":5},{"not_picked":["Well Laid Plans","Outmaneuver"],"picked":"Blur","floor":7},{"not_picked":["Deflect","Finisher"],"picked":"Catalyst","floor":8},{"not_picked":["Cloak And Dagger","Sucker Punch"],"picked":"Phantasmal Killer","floor":10},{"not_picked":["Dodge and Roll","Outmaneuver","Cloak And Dagger"],"picked":"Singing Bowl","floor":12},{"not_picked":["Escape Plan","Dash","All Out Attack"],"picked":"Singing Bowl","floor":13},{"not_picked":["Predator","Poisoned Stab"],"picked":"Deadly Poison","floor":14},{"not_picked":["After Image","Tools of the Trade","Die Die Die"],"picked":"Singing Bowl","floor":16},{"not_picked":["Predator","Outmaneuver+1"],"picked":"Dash","floor":18}],"player_experience":1652819,"relics_obtained":[{"floor":8,"key":"Singing Bowl"},{"floor":12,"key":"Oddly Smooth Stone"},{"floor":14,"key":"Pen Nib"}],"event_choices":[{"damage_healed":0,"gold_gain":0,"player_choice":"Success","damage_taken":18,"relics_obtained":["PreservedInsect"],"max_hp_gain":0,"max_hp_loss":0,"event_name":"Scrap Ooze","floor":2,"gold_loss":0},{"damage_healed":0,"gold_gain":0,"player_choice":"Searched \u00272\u0027 times","damage_taken":0,"relics_obtained":["MealTicket"],"max_hp_gain":0,"max_hp_loss":0,"event_name":"Dead Adventurer","floor":10,"gold_loss":0},{"damage_healed":0,"gold_gain":0,"player_choice":"1 cards matched","damage_taken":0,"max_hp_gain":0,"max_hp_loss":0,"event_name":"Match and Keep!","floor":11,"gold_loss":0,"cards_obtained":["Adrenaline"]}],"is_beta":false,"boss_relics":[{"not_picked":["Snecko Eye","Empty Cage"],"picked":"Philosopher\u0027s Stone"}],"items_purged_floors":[],"is_endless":false,"potions_floor_spawned":[1,5,8,10,14],"killed_by":"Shell Parasite","ascension_level":20}}