{"host":"eaiphzh066bwqdh7","time":1612531037,"event":{"mods":["BaseMod","Better Note","Halation","Hubris","Minty Spire (QoL Compilation)","Reliquary","Replay The Spire","StSLib"],"gold_per_floor":[119,134,147,72,91,91,120,120,200,200,200],"floor_reached":10,"language":"ENG","playtime":260,"items_purged":["Decay"],"score":78,"play_id":"2d8868d2-aa93-4a64-86d2-c5c3d12f31e9","local_time":"20210205081717","is_ascension_mode":true,"campfire_choices":[{"floor":6,"key":"REST"},{"floor":8,"key":"REST"}],"circlet_count":0,"master_deck":["Strike_P","Strike_P","Strike_P","Strike_P","Defend_P","Defend_P","Defend_P","Defend_P","Eruption","Vigilance","Secret Weapon","Study"],"relics":["PureWater","halation:BottledLove","halation:TwoAmDonut"],"acts_visited":["Exordium"],"potions_floor_usage":[7],"damage_taken":[{"damage":7,"enemies":"Cultist","floor":1,"turns":3},{"damage":0,"enemies":"Small Slimes","floor":2,"turns":3},{"damage":1,"enemies":"2 Louse","floor":3,"turns":2},{"damage":12,"enemies":"Exordium Thugs","floor":5,"turns":3},{"damage":55,"enemies":"3 Sentries","floor":7,"turns":7},{"damage":55,"enemies":"Gremlin Nob","floor":10,"turns":3}],"seed_played":"1545417467040580814","potions_obtained":[{"floor":3,"key":"Fire Potion"}],"is_trial":false,"path_per_floor":["M","M","M","$","M","R","E","R","T","E"],"character_chosen":"WATCHER","items_purchased":[],"campfire_rested":2,"item_purchase_floors":[],"current_hp_per_floor":[65,65,64,64,52,72,17,38,38,0,0],"gold":200,"neow_bonus":"RANDOM_COLORLESS_2","is_daily":false,"chose_seed":false,"campfire_upgraded":0,"win_rate":0.0,"timestamp":1612531037,"path_taken":["M","M","?","$","M","R","E","R","T","E"],"items_purchased_type":[],"build_version":"2020-12-22","purchased_purges":1,"victory":false,"max_hp_per_floor":[72,72,72,72,72,72,72,72,72,72,72],"card_choices":[{"not_picked":["Poisoned Strike","Sadistic Nature"],"picked":"Secret Weapon","floor":0},{"not_picked":["Replay:Hum","Replay:Cycle","Halt"],"picked":"SKIP","floor":1},{"not_picked":["EmptyFist","ThirdEye","SashWhip"],"picked":"SKIP","floor":2},{"not_picked":["Replay:Cycle","Evaluate"],"picked":"Study","floor":3},{"not_picked":["Weave","JustLucky","Crescendo"],"picked":"SKIP","floor":5},{"not_picked":["Fasting2","EmptyBody","MentalFortress"],"picked":"SKIP","floor":7}],"player_experience":258262,"relics_obtained":[{"floor":7,"key":"halation:BottledLove"},{"floor":9,"key":"halation:TwoAmDonut"}],"event_choices":[],"is_beta":false,"boss_relics":[],"items_purged_floors":[4],"is_endless":false,"potions_floor_spawned":[3],"killed_by":"Gremlin Nob","ascension_level":3}}