{"host":"d52brwsy6af8zvaq","time":1612561315,"event":{"mods":["AchievementEnabler","BaseMod","Bestiary","Highlight Path","Minty Spire (QoL Compilation)","Quick Restart","Relic Stats","ojb\u0027s Better Paths Mod"],"gold_per_floor":[112,57,57,75,95,95,123,88,114,114,143,212,237,264,264,264,264],"floor_reached":16,"language":"ENG","playtime":751,"items_purged":[],"score":220,"play_id":"318d9705-e409-46e5-a75e-4526f11674c3","local_time":"20210205144155","is_ascension_mode":true,"campfire_choices":[{"data":"Dualcast","floor":6,"key":"SMITH"},{"data":"Ball Lightning","floor":10,"key":"SMITH"},{"data":"Redo","floor":15,"key":"SMITH"}],"circlet_count":0,"master_deck":["AscendersBane","Strike_B","Strike_B","Strike_B","Defend_B","Defend_B","Defend_B","Defend_B","Zap+1","Dualcast+1","White Noise","Ball Lightning+1","Cold Snap","Leap","Coolheaded","Doom and Gloom","Redo+1"],"relics":["Cracked Core","Blood Vial","CeramicFish","Smiling Mask","Singing Bowl"],"acts_visited":["Exordium"],"potions_floor_usage":[12],"damage_taken":[{"damage":0,"enemies":"Cultist","floor":1,"turns":3},{"damage":1,"enemies":"2 Louse","floor":4,"turns":3},{"damage":0,"enemies":"Small Slimes","floor":5,"turns":3},{"damage":29,"enemies":"3 Sentries","floor":7,"turns":8},{"damage":1,"enemies":"2 Fungi Beasts","floor":11,"turns":4},{"damage":18,"enemies":"Gremlin Nob","floor":12,"turns":4},{"damage":8,"enemies":"Lagavulin","floor":13,"turns":5},{"damage":3,"enemies":"Gremlin Gang","floor":14,"turns":3},{"damage":27,"enemies":"Hexaghost","floor":16,"turns":9}],"seed_played":"6800794824416857284","potions_obtained":[{"floor":1,"key":"Block Potion"},{"floor":5,"key":"SpeedPotion"},{"floor":13,"key":"FearPotion"}],"is_trial":false,"path_per_floor":["M","$","?","M","M","R","E","?","T","R","M","?","E","M","R","B"],"character_chosen":"DEFECT","items_purchased":["Ball Lightning"],"campfire_rested":0,"item_purchase_floors":[2],"current_hp_per_floor":[64,64,57,56,56,56,27,44,44,44,45,29,25,24,24,0,0],"gold":264,"neow_bonus":"UPGRADE_CARD","is_daily":false,"chose_seed":false,"campfire_upgraded":3,"win_rate":0.0,"timestamp":1612561315,"path_taken":["M","$","?","M","M","R","E","?","T","R","M","?","E","M","R","BOSS"],"items_purchased_type":["Card"],"build_version":"2020-12-22","purchased_purges":0,"victory":false,"max_hp_per_floor":[71,71,71,71,71,71,71,71,71,71,71,71,73,73,73,73,73],"relic_stats":{"Blood Vial":10,"Singing Bowl":2,"counters":[9,42],"CeramicFish":27,"Smiling Mask":0,"obtain_stats":[{"Blood Vial":7,"Singing Bowl":13,"CeramicFish":9,"Cracked Core":0,"Smiling Mask":12},{"Blood Vial":4,"Singing Bowl":7,"CeramicFish":4,"Cracked Core":0,"Smiling Mask":6},{"Blood Vial":17,"Singing Bowl":30,"CeramicFish":17,"Cracked Core":0,"Smiling Mask":25}]},"card_choices":[{"not_picked":["BootSequence","Capacitor"],"picked":"White Noise","floor":1},{"not_picked":["Lockon","Tempest"],"picked":"Cold Snap","floor":4},{"not_picked":["Rebound","Turbo","Cold Snap"],"picked":"SKIP","floor":5},{"not_picked":["Hologram","Force Field"],"picked":"Leap","floor":7},{"not_picked":["Rainbow","Reinforced Body"],"picked":"Coolheaded","floor":11},{"not_picked":["Streamline","Sweeping Beam"],"picked":"Doom and Gloom","floor":12},{"not_picked":["Fusion","Go for the Eyes","Cold Snap"],"picked":"Singing Bowl","floor":13},{"not_picked":["Consume","Sweeping Beam"],"picked":"Redo","floor":14}],"player_experience":2154637,"relics_obtained":[{"floor":7,"key":"Blood Vial"},{"floor":9,"key":"CeramicFish"},{"floor":12,"key":"Smiling Mask"},{"floor":13,"key":"Singing Bowl"}],"event_choices":[{"cards_removed":["Strike_B"],"damage_healed":0,"gold_gain":0,"player_choice":"Card Removal","damage_taken":7,"max_hp_gain":0,"max_hp_loss":0,"event_name":"Golden Wing","floor":3,"gold_loss":0},{"damage_healed":17,"gold_gain":0,"player_choice":"Healed","damage_taken":0,"max_hp_gain":0,"max_hp_loss":0,"event_name":"The Cleric","floor":8,"gold_loss":35},{"damage_healed":0,"gold_gain":30,"player_choice":"Searched \u00272\u0027 times","damage_taken":0,"max_hp_gain":0,"max_hp_loss":0,"event_name":"Dead Adventurer","floor":12,"gold_loss":0}],"is_beta":false,"boss_relics":[],"items_purged_floors":[],"is_endless":false,"potions_floor_spawned":[1,5,13],"killed_by":"Hexaghost","ascension_level":20}}