{"host":"7ap89n2sm7vm35bt","time":1612536103,"event":{"mods":["AchievementEnabler","Aspiration","BaseMod","Minty Spire (QoL Compilation)","StSLib","[IsaacMod]ÒÔÈö¼âËþ"],"gold_per_floor":[119,44,59,59,71,71,87,122,198,198,230,230,180,197,197,197,197],"floor_reached":16,"language":"ZHS","playtime":678,"items_purged":["Strike_R"],"score":190,"play_id":"b18341ef-30e6-4bed-9f8d-984b08241cbc","local_time":"20210205224143","is_ascension_mode":true,"campfire_choices":[{"data":"Barricade","floor":6.0,"key":"SMITH"},{"floor":10,"key":"REST"},{"data":"Flex","floor":12,"key":"SMITH"},{"data":"Armaments","floor":15,"key":"SMITH"}],"circlet_count":0,"master_deck":["AscendersBane","Strike_R","Strike_R","Strike_R","Defend_R","Defend_R","Defend_R","Defend_R","Bash","Second Wind","Barricade+1","Power Through","Flex+1","Armaments+1"],"relics":["Burning Blood","HushsDoor","NeowsBlessing","BookofShadows","Pear","Pantograph","Champion Belt"],"acts_visited":["Exordium"],"potions_floor_usage":[8,8,11,11,11],"damage_taken":[{"damage":0.0,"enemies":"Cultist","floor":1.0,"turns":1.0},{"damage":0.0,"enemies":"Jaw Worm","floor":3.0,"turns":1.0},{"damage":0.0,"enemies":"2 Louse","floor":5.0,"turns":1.0},{"damage":7.0,"enemies":"2 Fungi Beasts","floor":7.0,"turns":5.0},{"damage":59,"enemies":"Gremlin Nob","floor":8,"turns":8},{"damage":48,"enemies":"Lagavulin","floor":11,"turns":18},{"damage":11,"enemies":"Looter","floor":14,"turns":5},{"damage":22,"enemies":"The Guardian","floor":16,"turns":4}],"seed_played":"-3152789511097253306","potions_obtained":[{"floor":1.0,"key":"Weak Potion"},{"floor":5.0,"key":"Fruit Juice"},{"floor":7.0,"key":"SteroidPotion"},{"floor":8,"key":"EntropicBrew"}],"is_trial":false,"path_per_floor":["M","$","M","$","M","R","M","E","T","R","E","R","?","M","R","B"],"character_chosen":"IRONCLAD","items_purchased":[],"campfire_rested":1,"item_purchase_floors":[],"current_hp_per_floor":[78,78,80,80,85,85,84,41,41,69,42,42,42,37,37,40,40],"gold":197,"neow_bonus":"THREE_ENEMY_KILL","is_daily":false,"chose_seed":false,"campfire_upgraded":3,"win_rate":0.0,"timestamp":1612536103,"path_taken":["M","?","M","?","?","R","?","E","T","R","E","R","?","?","R","BOSS"],"items_purchased_type":[],"build_version":"2020-12-22","purchased_purges":1,"victory":false,"max_hp_per_floor":[80,80,80,80,85,85,85,95,95,95,95,95,95,95,95,95,95],"card_choices":[{"not_picked":["Anger","Twin Strike","Metallicize"],"picked":"SKIP","floor":1.0},{"not_picked":["Pummel","Perfected Strike"],"picked":"Second Wind","floor":3.0},{"not_picked":["Rampage","Iron Wave"],"picked":"Barricade","floor":5.0},{"not_picked":["Headbutt","Reckless Charge"],"picked":"Power Through","floor":7.0},{"not_picked":["Anger","Spot Weakness","Uppercut"],"picked":"SKIP","floor":8},{"not_picked":["Havoc","Armaments"],"picked":"Flex","floor":11},{"not_picked":["Power Through","Anger"],"picked":"Armaments","floor":14}],"player_experience":252747,"relics_obtained":[{"floor":8,"key":"Pear"},{"floor":9,"key":"Pantograph"},{"floor":11,"key":"Champion Belt"}],"event_choices":[{"cards_removed":["Strike_R"],"damage_healed":0,"gold_gain":0,"player_choice":"Card Removal","damage_taken":0,"max_hp_gain":0,"max_hp_loss":0,"event_name":"The Cleric","floor":13,"gold_loss":50}],"is_beta":false,"boss_relics":[],"items_purged_floors":[2],"is_endless":false,"potions_floor_spawned":[1,5,7,8],"killed_by":"The Guardian","ascension_level":10}}