{"host":"f76wcztdlwlduum6","time":1612506603,"event":{"mods":["BaseMod","BetterRewards","Colored Powertips","Minty Spire (QoL Compilation)","Quick Restart","Rare Cards Sparkle","Relic Stats","StSLib","SuperFastMode","everything is the same but u backflip on backflip"],"gold_per_floor":[112,112,112,112,132,166,166,204,204,204,79,79,79,93,93,189,189,210,210,210],"floor_reached":19,"language":"ENG","playtime":695,"items_purged":["Strike_P","Defend_P","Defend_P"],"score":478,"play_id":"5842a664-6b5e-4c70-be78-2d501a87bb03","local_time":"20210205003003","is_ascension_mode":true,"campfire_choices":[{"data":"Ragnarok","floor":10,"key":"SMITH"},{"data":"Evaluate","floor":12,"key":"SMITH"},{"floor":15,"key":"REST"}],"circlet_count":0,"master_deck":["AscendersBane","Strike_P","Defend_P","Defend_P","Eruption","Vigilance","Evaluate+1","FlurryOfBlows","Evaluate+1","Ragnarok+1","TalkToTheHand","Crescendo","DevaForm"],"relics":["PureWater","Juzu Bracelet","Golden Idol","Question Card","Ancient Tea Set","Busted Crown"],"acts_visited":["Exordium","TheCity"],"potions_floor_usage":[6,8,8],"damage_taken":[{"damage":6,"enemies":"Cultist","floor":1,"turns":5},{"damage":2,"enemies":"Jaw Worm","floor":5,"turns":4},{"damage":16,"enemies":"Gremlin Nob","floor":6,"turns":4},{"damage":12,"enemies":"Lagavulin","floor":8,"turns":8},{"damage":0,"enemies":"2 Louse","floor":14,"turns":2},{"damage":11,"enemies":"Hexaghost","floor":16,"turns":7},{"damage":4,"enemies":"3 Byrds","floor":18,"turns":5},{"damage":51,"enemies":"Masked Bandits","floor":19,"turns":4}],"seed_played":"-612118086869734721","potions_obtained":[{"floor":1,"key":"DuplicationPotion"},{"floor":7,"key":"ColorlessPotion"},{"floor":7,"key":"Energy Potion"},{"floor":16,"key":"BottledMiracle"},{"floor":18,"key":"FearPotion"}],"is_trial":false,"path_per_floor":["M","?","?","?","M","E","?","E","T","R","$","R","?","M","R","B",null,"M","?"],"character_chosen":"WATCHER","items_purchased":["Evaluate","Juzu Bracelet"],"campfire_rested":1,"item_purchase_floors":[0,0],"current_hp_per_floor":[55,48,48,48,46,30,30,18,18,18,18,18,18,18,36,25,53,49,0,0],"gold":210,"neow_bonus":"","is_daily":false,"chose_seed":false,"campfire_upgraded":2,"win_rate":0.0,"timestamp":1612506603,"path_taken":["M","?","?","?","M","E","?","E","T","R","?","R","?","M","R","BOSS","M","?"],"items_purchased_type":["Card","Relic"],"build_version":"2020-12-22","purchased_purges":3,"victory":false,"max_hp_per_floor":[68,68,62,62,62,62,62,62,62,62,62,62,62,62,62,62,62,62,62,62],"relic_stats":{"Busted Crown":2,"counters":[260,962],"Golden Idol":54,"Juzu Bracelet":2,"Question Card":4,"obtain_stats":[{"Whetstone":9,"Ginger":53,"Bottled Tornado":45,"Sling":37,"Boot":27,"Old Coin":43,"Blood Vial":40,"MealTicket":14,"Fusion Hammer":17,"Kunai":9,"Pear":0,"Blue Candle":48,"Pen Nib":0,"Guardian:PocketSentry":0,"Akabeko":37,"SlaversCollar":17,"Bird Faced Urn":0,"MutagenicStrength":45,"StrikeDummy":7,"Unceasing Top":48,"Lantern":38,"Regal Pillow":40,"Singing Bowl":31,"StoneCalendar":53,"Bag of Preparation":0,"Ancient Tea Set":30,"Cursed Key":34,"Shovel":42,"Matryoshka":40,"Chemical X":53,"InkBottle":27,"Potion Belt":44,"Lee\u0027s Waffle":19,"Golden Idol":5,"Damaru":0,"Circlet":0,"The Courier":31,"Omamori":0,"Frozen Egg 2":0,"bronze:BronzeIdol":28,"Busted Crown":17,"Ornamental Fan":45,"Orrery":31,"Turnip":54,"Art of War":38,"Bottled Lightning":8,"hexamod:BolsterEngine":40,"Toy Ornithopter":11,"Ice Cream":0,"Calipers":0,"Gremlin Horn":0,"CeramicFish":11,"Vajra":23,"Sozu":34,"Lizard Tail":53,"Centennial Puzzle":23,"HornCleat":53,"DollysMirror":0,"Strawberry":3,"Prayer Wheel":22,"Philosopher\u0027s Stone":34,"VioletLotus":1,"Toxic Egg 2":3,"Girya":43,"Happy Flower":0,"Dead Branch":41,"Oddly Smooth Stone":0,"Letter Opener":26,"War Paint":37,"sneckomod:SneckoTalon":34,"Question Card":0,"Du-Vu Doll":8,"OrangePellets":0,"Bottled Flame":54,"Shuriken":0,"Bronze Scales":0,"Molten Egg 2":14,"Slimebound:PreparedRelic":37,"Nloth\u0027s Gift":22,"Meat on the Bone":2,"Pocketwatch":47,"Darkstone Periapt":0,"Enchiridion":30,"Mango":19,"Yang":26,"CloakClasp":1,"Juzu Bracelet":6,"Incense Burner":45,"TeardropLocket":0,"PrismaticShard":25,"ClockworkSouvenir":0,"Nunchaku":9,"Dream Catcher":28,"TheAbacus":0,"Slimebound:StickyStick":2,"Mummified Hand":23,"Pantograph":53,"Tiny Chest":12,"Red Mask":36,"Orichalcum":21,"Odd Mushroom":13,"Medical Kit":38,"Mercury Hourglass":21,"Calling Bell":34,"Strange Spoon":53,"Anchor":0,"HolyWater":34,"Coffee Dripper":34,"Bag of Marbles":0,"Membership Card":0,"PureWater":0,"FossilizedHelix":27,"TungstenRod":0},{"Whetstone":33,"Ginger":51,"Bottled Tornado":142,"Sling":21,"Boot":41,"Old Coin":199,"Blood Vial":77,"MealTicket":36,"Fusion Hammer":182,"Kunai":58,"Pear":29,"Blue Candle":50,"Pen Nib":29,"Guardian:PocketSentry":29,"Akabeko":21,"SlaversCollar":9,"Bird Faced Urn":53,"MutagenicStrength":111,"StrikeDummy":178,"Unceasing Top":232,"Lantern":21,"Regal Pillow":109,"Singing Bowl":72,"StoneCalendar":27,"Bag of Preparation":29,"Ancient Tea Set":43,"Cursed Key":192,"Shovel":168,"Matryoshka":229,"Chemical X":27,"InkBottle":251,"Potion Belt":24,"Lee\u0027s Waffle":10,"Golden Idol":119,"Damaru":29,"Circlet":174,"The Courier":18,"Omamori":29,"Frozen Egg 2":29,"bronze:BronzeIdol":16,"Busted Crown":258,"Ornamental Fan":49,"Orrery":72,"Turnip":52,"Art of War":46,"Bottled Lightning":5,"hexamod:BolsterEngine":23,"Toy Ornithopter":6,"Ice Cream":29,"Calipers":205,"Gremlin Horn":145,"CeramicFish":35,"Vajra":14,"Sozu":104,"Lizard Tail":114,"Centennial Puzzle":249,"HornCleat":27,"DollysMirror":29,"Strawberry":30,"Prayer Wheel":67,"Philosopher\u0027s Stone":73,"VioletLotus":1,"Toxic Egg 2":1,"Girya":23,"Happy Flower":29,"Dead Branch":78,"Oddly Smooth Stone":85,"Letter Opener":15,"War Paint":21,"sneckomod:SneckoTalon":45,"Question Card":85,"Du-Vu Doll":5,"OrangePellets":53,"Bottled Flame":28,"Shuriken":85,"Bronze Scales":29,"Molten Egg 2":244,"Slimebound:PreparedRelic":21,"Nloth\u0027s Gift":67,"Meat on the Bone":1,"Pocketwatch":26,"Darkstone Periapt":174,"Enchiridion":133,"Mango":10,"Yang":131,"CloakClasp":1,"Juzu Bracelet":4,"Incense Burner":142,"TeardropLocket":0,"PrismaticShard":40,"ClockworkSouvenir":53,"Nunchaku":121,"Dream Catcher":132,"TheAbacus":29,"Slimebound:StickyStick":1,"Mummified Hand":14,"Pantograph":27,"Tiny Chest":212,"Red Mask":74,"Orichalcum":39,"Odd Mushroom":93,"Medical Kit":46,"Mercury Hourglass":39,"Calling Bell":224,"Strange Spoon":114,"Anchor":29,"HolyWater":164,"Coffee Dripper":19,"Bag of Marbles":29,"Membership Card":29,"PureWater":0,"FossilizedHelix":71,"TungstenRod":235},{"Whetstone":157,"Ginger":214,"Bottled Tornado":534,"Sling":100,"Boot":180,"Old Coin":708,"Blood Vial":306,"MealTicket":166,"Fusion Hammer":664,"Kunai":239,"Pear":149,"Blue Candle":209,"Pen Nib":149,"Guardian:PocketSentry":149,"Akabeko":100,"SlaversCollar":44,"Bird Faced Urn":225,"MutagenicStrength":431,"StrikeDummy":648,"Unceasing Top":824,"Lantern":100,"Regal Pillow":423,"Singing Bowl":283,"StoneCalendar":136,"Bag of Preparation":149,"Ancient Tea Set":185,"Cursed Key":686,"Shovel":607,"Matryoshka":811,"Chemical X":136,"InkBottle":921,"Potion Belt":120,"Lee\u0027s Waffle":48,"Golden Idol":464,"Damaru":149,"Circlet":631,"The Courier":85,"Omamori":149,"Frozen Egg 2":149,"bronze:BronzeIdol":77,"Busted Crown":953,"Ornamental Fan":206,"Orrery":283,"Turnip":219,"Art of War":196,"Bottled Lightning":27,"hexamod:BolsterEngine":113,"Toy Ornithopter":31,"Ice Cream":149,"Calipers":722,"Gremlin Horn":545,"CeramicFish":163,"Vajra":72,"Sozu":406,"Lizard Tail":444,"Centennial Puzzle":911,"HornCleat":136,"DollysMirror":149,"Strawberry":150,"Prayer Wheel":264,"Philosopher\u0027s Stone":291,"VioletLotus":3,"Toxic Egg 2":8,"Girya":113,"Happy Flower":149,"Dead Branch":309,"Oddly Smooth Stone":343,"Letter Opener":74,"War Paint":100,"sneckomod:SneckoTalon":193,"Question Card":343,"Du-Vu Doll":27,"OrangePellets":225,"Bottled Flame":141,"Shuriken":343,"Bronze Scales":149,"Molten Egg 2":883,"Slimebound:PreparedRelic":100,"Nloth\u0027s Gift":264,"Meat on the Bone":8,"Pocketwatch":129,"Darkstone Periapt":631,"Enchiridion":512,"Mango":48,"Yang":507,"CloakClasp":3,"Juzu Bracelet":23,"Incense Burner":534,"TeardropLocket":0,"PrismaticShard":177,"ClockworkSouvenir":225,"Nunchaku":475,"Dream Catcher":510,"TheAbacus":149,"Slimebound:StickyStick":8,"Mummified Hand":70,"Pantograph":136,"Tiny Chest":743,"Red Mask":294,"Orichalcum":175,"Odd Mushroom":367,"Medical Kit":196,"Mercury Hourglass":175,"Calling Bell":791,"Strange Spoon":444,"Anchor":149,"HolyWater":593,"Coffee Dripper":92,"Bag of Marbles":149,"Membership Card":149,"PureWater":0,"FossilizedHelix":279,"TungstenRod":841}]},"card_choices":[{"not_picked":["Halt","SandsOfTime"],"picked":"FlurryOfBlows","floor":1},{"not_picked":["Wireheading","Fasting2"],"picked":"Evaluate","floor":5},{"not_picked":["FearNoEvil","SandsOfTime"],"picked":"Ragnarok","floor":6},{"not_picked":["CrushJoints","JustLucky","Weave"],"picked":"TalkToTheHand","floor":8},{"not_picked":["Prostrate","EmptyFist","SashWhip"],"picked":"Crescendo","floor":14},{"not_picked":["Establishment","Judgement","Wish"],"picked":"DevaForm","floor":16},{"not_picked":["Consecrate","PathToVictory"],"picked":"SKIP","floor":18}],"player_experience":267278,"relics_obtained":[{"floor":6,"key":"Question Card"},{"floor":8,"key":"Ancient Tea Set"}],"event_choices":[{"cards_removed":["Strike_P"],"damage_healed":0,"gold_gain":0,"player_choice":"Card Removal","damage_taken":7,"max_hp_gain":0,"max_hp_loss":0,"event_name":"Golden Wing","floor":2,"gold_loss":0},{"damage_healed":0,"gold_gain":0,"player_choice":"Lose Max HP","damage_taken":0,"relics_obtained":["Golden Idol"],"max_hp_gain":0,"max_hp_loss":6,"event_name":"Golden Idol","floor":3,"gold_loss":0},{"damage_healed":0,"gold_gain":0,"player_choice":"Upgraded","damage_taken":0,"max_hp_gain":0,"max_hp_loss":0,"event_name":"Upgrade Shrine","floor":4,"gold_loss":0,"cards_upgraded":["Evaluate"]},{"damage_healed":0,"gold_gain":0,"player_choice":"Got Potions","damage_taken":0,"max_hp_gain":0,"max_hp_loss":0,"event_name":"Lab","floor":7,"gold_loss":0},{"cards_removed":["Strike_P"],"damage_healed":0,"gold_gain":0,"player_choice":"Offered Basic","damage_taken":0,"max_hp_gain":0,"max_hp_loss":0,"event_name":"Bonfire Elementals","floor":13,"gold_loss":0},{"damage_healed":0,"gold_gain":0,"player_choice":"Fought Bandits","damage_taken":0,"max_hp_gain":0,"max_hp_loss":0,"event_name":"Masked Bandits","floor":19,"gold_loss":0}],"is_beta":false,"boss_relics":[{"not_picked":["SacredBark","Calling Bell"],"picked":"Busted Crown"}],"items_purged_floors":[0,0,11],"is_endless":false,"potions_floor_spawned":[1,16,18],"killed_by":"Masked Bandits","ascension_level":15}}