{"host":"i0avyit1s6jb1siw","time":1612538856,"event":{"mods":["BaseMod","DeckTracker","Dota2Spire","Highlight Path","Minty Spire (QoL Compilation)","Quick Restart","StSLib","SuperFastMode"],"gold_per_floor":[112,37,53,66,66,66,96,96,123,123,123,123,123,123,20,20,94,94,111,111,144,163,175,175,175],"floor_reached":24,"language":"ENG","playtime":310,"items_purged":[],"score":384,"play_id":"bc86ccf4-6b41-47c8-8706-28c597301038","local_time":"20210205162736","is_ascension_mode":true,"campfire_choices":[{"data":"Evolve","floor":6,"key":"SMITH"},{"data":"Wild Strike","floor":11,"key":"SMITH"},{"floor":14,"key":"REST"},{"data":"Pommel Strike","floor":16,"key":"SMITH"}],"circlet_count":0,"master_deck":["AscendersBane","Defend_R","Defend_R+1","Defend_R+1","Defend_R","Bash","Immolate+1","Flame Barrier+1","Shockwave+1","Evolve+1","Wild Strike+1","Parasite","Pommel Strike+1","Feel No Pain","Corruption","Second Wind"],"relics":["Astrolabe","Ancient Tea Set","Vajra","FossilizedHelix","Black Star","Red Mask"],"acts_visited":["Exordium","TheCity"],"potions_floor_usage":[7,21,24],"damage_taken":[{"damage":4,"enemies":"Cultist","floor":1,"turns":3},{"damage":11,"enemies":"Small Slimes","floor":3,"turns":3},{"damage":8,"enemies":"2 Louse","floor":4,"turns":2},{"damage":10,"enemies":"Lagavulin","floor":7,"turns":5},{"damage":2,"enemies":"Slime Boss","floor":17,"turns":5},{"damage":0,"enemies":"3 Byrds","floor":19,"turns":1},{"damage":45,"enemies":"Masked Bandits","floor":21,"turns":4},{"damage":0,"enemies":"Chosen","floor":22,"turns":4},{"damage":13,"enemies":"Centurion and Healer","floor":23,"turns":4},{"damage":24,"enemies":"Slavers","floor":24,"turns":3}],"seed_played":"1657949707111092647","potions_obtained":[{"floor":1,"key":"Strength Potion"},{"floor":3,"key":"BloodPotion"},{"floor":17,"key":"Weak Potion"}],"is_trial":false,"path_per_floor":["M","?","M","M","?","R","E","?","T","T","R","?","?","R","$","R","B",null,"M","?","?","M","M","E"],"character_chosen":"IRONCLAD","items_purchased":["Pommel Strike","Feel No Pain"],"campfire_rested":1,"item_purchase_floors":[15,15],"current_hp_per_floor":[64,64,53,45,38,38,28,46,46,46,46,23,23,45,45,45,43,67,67,67,22,22,9,0,0],"gold":175,"neow_bonus":"BOSS_RELIC","is_daily":false,"chose_seed":false,"campfire_upgraded":3,"win_rate":0.0,"timestamp":1612538856,"path_taken":["M","?","M","M","?","R","E","?","T","T","R","?","?","R","$","R","BOSS","M","?","?","M","M","E"],"items_purchased_type":["Card","Card"],"build_version":"2020-12-22","purchased_purges":0,"victory":false,"max_hp_per_floor":[75,75,75,75,75,75,75,75,75,75,75,75,75,75,75,75,75,75,75,75,75,75,75,75,75],"card_choices":[{"not_picked":["Warcry","Whirlwind"],"picked":"Evolve","floor":1},{"not_picked":["Anger","Clash","Havoc"],"picked":"SKIP","floor":3},{"not_picked":["Headbutt","Clothesline","Body Slam"],"picked":"SKIP","floor":4},{"not_picked":["True Grit","Flex"],"picked":"Wild Strike","floor":7},{"not_picked":["Immolate","Impervious"],"picked":"Corruption","floor":17},{"not_picked":["Sword Boomerang","Rage","Rupture"],"picked":"SKIP","floor":19},{"not_picked":["Whirlwind","Perfected Strike"],"picked":"Second Wind","floor":21},{"not_picked":["Feel No Pain","Iron Wave","Clash"],"picked":"SKIP","floor":22},{"not_picked":["Pummel","Cleave","Bloodletting"],"picked":"SKIP","floor":23}],"player_experience":2411886,"relics_obtained":[{"floor":7,"key":"Ancient Tea Set"},{"floor":9,"key":"Vajra"},{"floor":10,"key":"FossilizedHelix"},{"floor":21,"key":"Red Mask"}],"event_choices":[{"cards_removed":["Strike_R"],"damage_healed":0,"gold_gain":0,"player_choice":"Card Removal","damage_taken":0,"max_hp_gain":0,"max_hp_loss":0,"event_name":"The Cleric","floor":2,"gold_loss":75},{"cards_removed":["Strike_R"],"damage_healed":0,"gold_gain":0,"player_choice":"Card Removal","damage_taken":7,"max_hp_gain":0,"max_hp_loss":0,"event_name":"Golden Wing","floor":5,"gold_loss":0},{"damage_healed":18,"gold_gain":0,"player_choice":"Healed and dodged fight","damage_taken":0,"max_hp_gain":0,"max_hp_loss":0,"event_name":"Mushrooms","floor":8,"gold_loss":0,"cards_obtained":["Parasite"]},{"damage_healed":0,"gold_gain":0,"player_choice":"Entered Light","damage_taken":23,"max_hp_gain":0,"max_hp_loss":0,"event_name":"Shining Light","floor":12,"gold_loss":0,"cards_upgraded":["Defend_R","Defend_R"]},{"damage_healed":0,"gold_gain":0,"player_choice":"Fled","damage_taken":0,"max_hp_gain":0,"max_hp_loss":0,"event_name":"Scrap Ooze","floor":13,"gold_loss":0},{"damage_healed":0,"gold_gain":0,"player_choice":"Ignored","damage_taken":0,"max_hp_gain":0,"max_hp_loss":0,"event_name":"Vampires","floor":20,"gold_loss":0},{"damage_healed":0,"gold_gain":0,"player_choice":"Fought Bandits","damage_taken":0,"max_hp_gain":0,"max_hp_loss":0,"event_name":"Masked Bandits","floor":21,"gold_loss":0}],"is_beta":false,"boss_relics":[{"not_picked":["Velvet Choker","Pandora\u0027s Box"],"picked":"Black Star"}],"items_purged_floors":[],"is_endless":false,"potions_floor_spawned":[1,3,17,19],"killed_by":"Slavers","ascension_level":20}}