{"host":"amvb77pwe2wp6zyc","time":1612527336,"event":{"mods":["2.2 Compatiblity","AchievementEnabler","AlwaysNeverKeys","BaseMod","BetterRewards","Downfall","Duelist Mod","GifTheSpireLib","Minty Spire (QoL Compilation)","Permanent Neow","Quick Restart","Relic Filter","Shop Mod","StSLib","SuperFastMode","Trackpad"],"gold_per_floor":[143,169,187,187,21,56,56,56,56,56,71,71,71,97,97,174,174,191,191,191,102,102,102,137,137,162,162,192,192,207,241,241,241,241],"floor_reached":33,"language":"DEU","playtime":963,"items_purged":["theDuelist:NaturiaBeast","theDuelist:CastleWalls"],"score":644,"play_id":"1e6e98ad-6a4e-4486-889a-ea2b1381f5a3","local_time":"20210205131536","is_ascension_mode":true,"campfire_choices":[{"data":"theDuelist:NaturiaCliff","floor":7.0,"key":"PURGE"},{"data":"theDuelist:CastleWalls","floor":10,"key":"PURGE"},{"floor":13,"key":"DIG"},{"floor":15,"key":"DIG"},{"floor":23,"key":"DIG"},{"floor":25,"key":"DIG"},{"floor":27,"key":"DIG"},{"floor":29,"key":"DIG"},{"floor":32,"key":"DIG"}],"circlet_count":0,"master_deck":["AscendersBane","theDuelist:CastleWalls","theDuelist:NaturiaRock","theDuelist:NaturiaTulip","theDuelist:LonefireBlossom","theDuelist:NaturiaHorneedle"],"relics":["theDuelist:MillenniumPuzzle","theDuelist:CardPoolRelic","theDuelist:CardPoolBasicRelic","theDuelist:BoosterPackPoolRelic","theDuelist:CardPoolAddRelic","theDuelist:CardPoolMinusRelic","theDuelist:CardPoolSaveRelic","theDuelist:CardPoolOptionsRelic","Shovel","Medical Kit","Peace Pipe","trackpad:FieryHotPepper","Blue Candle","MerchantsRug","Incense Burner","trackpad:PetRock","theDuelist:ElectricKey","Lee\u0027s Waffle","Eternal Feather","theDuelist:GiftAnubis","Happy Flower","MealTicket","theDuelist:BoosterExtraAllRaresRelic","Pen Nib","trackpad:ToughGloves","Lantern","Pear"],"acts_visited":["Exordium","TheCity"],"potions_floor_usage":[16,33],"damage_taken":[{"damage":0.0,"enemies":"Cultist","floor":1.0,"turns":3.0},{"damage":0.0,"enemies":"2 Louse","floor":3.0,"turns":1.0},{"damage":2.0,"enemies":"3 Sentries","floor":6.0,"turns":5.0},{"damage":0,"enemies":"Small Slimes","floor":11,"turns":3},{"damage":2,"enemies":"Lagavulin","floor":14,"turns":5},{"damage":21,"enemies":"Slime Boss","floor":16,"turns":6},{"damage":7,"enemies":"Spheric Guardian","floor":18,"turns":4},{"damage":35,"enemies":"Gremlin Leader","floor":24,"turns":6},{"damage":22,"enemies":"Book of Stabbing","floor":28,"turns":6},{"damage":1,"enemies":"Shell Parasite","floor":30,"turns":4},{"damage":0,"enemies":"Gremlin Leader","floor":31,"turns":5},{"damage":53,"enemies":"Collector","floor":33,"turns":11}],"seed_played":"-4677666475524871004","potions_obtained":[{"floor":1.0,"key":"bronze:BurnAndBuffPotion"},{"floor":6.0,"key":"theDuelist:VampireVial"},{"floor":11,"key":"theDuelist:FlamingBottle"},{"floor":16,"key":"Fruit Juice"},{"floor":24,"key":"EssenceOfSteel"}],"is_trial":false,"path_per_floor":["M","T","M","?","$","E","R","?","T","R","M","?","R","E","R","B",null,"M","?","?","$","?","R","E","R","T","R","E","R","M","E","R","B"],"character_chosen":"THE_DUELIST","items_purchased":["Shovel","Medical Kit","Peace Pipe","trackpad:FieryHotPepper","MerchantsRug","Lee\u0027s Waffle"],"campfire_rested":0,"item_purchase_floors":[0,0,0,0,5,21],"current_hp_per_floor":[31,31,31,31,31,29,29,29,29,29,29,29,29,27,27,11,59,52,52,52,82,82,82,47,50,50,53,31,34,33,33,46,0,0],"gold":241,"neow_bonus":"","is_daily":false,"chose_seed":false,"campfire_upgraded":0,"win_rate":0.0,"timestamp":1612527336,"path_taken":["M","?","M","?","$","E","R","?","T","R","M","?","R","E","R","BOSS","M","?","?","$","?","R","E","R","T","R","E","R","M","E","R","BOSS"],"items_purchased_type":["Relic","Relic","Relic","Relic","Relic","Relic"],"build_version":"2020-12-22","purchased_purges":2,"victory":false,"max_hp_per_floor":[70,70,70,70,70,70,70,70,70,70,70,70,70,70,70,75,75,75,75,75,82,82,82,82,82,82,82,82,82,82,82,92,92,92],"card_choices":[{"not_picked":["theDuelist:NaturiaHydrangea","theDuelist:NaturiaAntjaw","theDuelist:Spore","theDuelist:SummoningSwarm","theDuelist:NaturiaSunflower"],"picked":"SKIP","floor":1.0},{"not_picked":["theDuelist:NatureReflection","theDuelist:NaturalDisaster","theDuelist:LeodrakeMane","theDuelist:LairWire"],"picked":"SKIP","floor":3.0},{"not_picked":["theDuelist:NaturiaEggplant","theDuelist:NaturiaMantis","theDuelist:NaturiaRock","theDuelist:NaturiaSunflower","theDuelist:Pollinosis"],"picked":"SKIP","floor":6.0},{"not_picked":["theDuelist:NaturiaCliff","theDuelist:NaturiaDragonfly","theDuelist:SummoningSwarm","theDuelist:NaturiaEggplant"],"picked":"theDuelist:LonefireBlossom","floor":11},{"not_picked":["theDuelist:SurvivalInstinct","theDuelist:SummoningSwarm","theDuelist:NaturiaBeetle","theDuelist:NaturalDisaster"],"picked":"theDuelist:NaturiaHorneedle","floor":14},{"not_picked":["theDuelist:NaturiaHydrangea","theDuelist:NaturiaEggplant","theDuelist:NaturiaDragonfly","theDuelist:NaturiaCliff","theDuelist:NaturiaSpiderfang"],"picked":"SKIP","floor":18},{"not_picked":["theDuelist:NaturiaEggplant","theDuelist:NaturiaCliff","theDuelist:NaturiaStinkbug","theDuelist:NaturiaMantis","theDuelist:NaturiaExterio"],"picked":"SKIP","floor":24},{"not_picked":["theDuelist:FuryFire+1","theDuelist:WildNatureRelease","theDuelist:WormBait","theDuelist:ExterioFang","theDuelist:FrozenRose"],"picked":"SKIP","floor":28},{"not_picked":["theDuelist:FuryFire","theDuelist:WildNatureRelease","theDuelist:SeismicShockwave"],"picked":"SKIP","floor":30},{"not_picked":["theDuelist:FuryFire+1","theDuelist:NaturiaBrambi+1","theDuelist:NaturiaBarkion+1"],"picked":"SKIP","floor":31}],"player_experience":405216,"relics_obtained":[{"floor":2.0,"key":"Blue Candle"},{"floor":6.0,"key":"Empty Cage"},{"floor":9.0,"key":"Incense Burner"},{"floor":13,"key":"theDuelist:ZoneToken"},{"floor":14,"key":"trackpad:PetRock"},{"floor":15,"key":"theDuelist:SolderToken"},{"floor":23,"key":"Eternal Feather"},{"floor":24,"key":"theDuelist:GiftAnubis"},{"floor":25,"key":"Happy Flower"},{"floor":26,"key":"MealTicket"},{"floor":27,"key":"theDuelist:BoosterExtraAllRaresRelic"},{"floor":28,"key":"Pen Nib"},{"floor":29,"key":"trackpad:ToughGloves"},{"floor":31,"key":"Lantern"},{"floor":32,"key":"Pear"}],"event_choices":[{"cards_removed":["theDuelist:Sparks"],"damage_healed":0.0,"max_hp_gain":0.0,"max_hp_loss":0.0,"gold_gain":0.0,"event_name":"Living Wall","player_choice":"Forget","floor":4.0,"gold_loss":0.0,"damage_taken":0.0},{"damage_healed":0.0,"max_hp_gain":0.0,"max_hp_loss":0.0,"gold_gain":0.0,"event_name":"Relic Duplicator","player_choice":"Leave","duelist":true,"floor":8.0,"gold_loss":0.0,"damage_taken":0.0},{"damage_healed":0,"gold_gain":0,"player_choice":"Leave","duelist":true,"damage_taken":0,"max_hp_gain":0,"max_hp_loss":0,"event_name":"Tomb of the Nameless","floor":12,"gold_loss":0},{"damage_healed":0,"gold_gain":0,"player_choice":"Leave","duelist":true,"damage_taken":0,"max_hp_gain":0,"max_hp_loss":0,"event_name":"Egyptian Village","floor":19,"gold_loss":0},{"damage_healed":0,"gold_gain":0,"player_choice":"Leave","duelist":true,"damage_taken":0,"max_hp_gain":0,"max_hp_loss":0,"event_name":"Aknamkanon\u0027s Tomb","floor":20,"gold_loss":0},{"damage_healed":0,"gold_gain":0,"player_choice":"Leave","duelist":true,"damage_taken":0,"max_hp_gain":0,"max_hp_loss":0,"event_name":"Tomb of the Nameless","floor":22,"gold_loss":0}],"is_beta":false,"boss_relics":[{"not_picked":["Fusion Hammer","Runic Dome"],"picked":"theDuelist:ElectricKey"}],"items_purged_floors":[0,21],"is_endless":false,"potions_floor_spawned":[1,6,11,16,24,28,31],"killed_by":"Collector","ascension_level":16}}