{"host":"ydujlihd8f5px9gp","time":1612561922,"event":{"mods":["AchievementEnabler","BaseMod","Block Reminder","Colored Map","Minty Spire (QoL Compilation)","StSLib","ojb\u0027s Info Mod"],"gold_per_floor":[168,268,281,291,291,291,323,339,415,435,435,435],"floor_reached":11,"language":"ENG","playtime":290,"items_purged":[],"score":94,"play_id":"acbe754e-92f7-418d-8ccd-09c6efd164d6","local_time":"20210205195202","is_ascension_mode":true,"campfire_choices":[{"data":"Cleave","floor":6,"key":"SMITH"}],"circlet_count":0,"master_deck":["Strike_R","Strike_R","Strike_R","Strike_R","Strike_R","Defend_R","Defend_R","Defend_R","Defend_R","Bash+1","Thunderclap","Cleave+1","Dual Wield","Dark Embrace","Clash"],"relics":["Tiny House","StoneCalendar","Blood Vial","Ornamental Fan"],"acts_visited":["Exordium"],"potions_floor_usage":[8],"damage_taken":[{"damage":0,"enemies":"2 Louse","floor":1,"turns":2},{"damage":1,"enemies":"Cultist","floor":3,"turns":3},{"damage":9,"enemies":"Jaw Worm","floor":4,"turns":4},{"damage":32,"enemies":"Gremlin Nob","floor":7,"turns":4},{"damage":3,"enemies":"3 Louse","floor":8,"turns":2},{"damage":17,"enemies":"Exordium Thugs","floor":10,"turns":5},{"damage":0,"enemies":"3 Sentries","floor":11,"turns":1}],"seed_played":"-1071376283140876681","potions_obtained":[{"floor":0,"key":"GamblersBrew"},{"floor":1,"key":"GamblersBrew"},{"floor":4,"key":"Ancient Potion"},{"floor":7,"key":"Explosive Potion"},{"floor":10,"key":"Explosive Potion"}],"is_trial":false,"path_per_floor":["M","?","M","M","?","R","E","M","T","M","E"],"character_chosen":"IRONCLAD","items_purchased":[],"campfire_rested":0,"item_purchase_floors":[],"current_hp_per_floor":[85,85,84,75,50,50,18,17,17,2,4,4],"gold":435,"neow_bonus":"BOSS_RELIC","is_daily":false,"chose_seed":false,"campfire_upgraded":1,"win_rate":0.0,"timestamp":1612561922,"path_taken":["M","?","M","?","?","R","E","M","T","M","E"],"items_purchased_type":[],"build_version":"2020-12-22","purchased_purges":0,"victory":false,"max_hp_per_floor":[85,85,85,85,85,85,85,85,85,85,85,85],"card_choices":[{"not_picked":["Ghostly Armor","True Grit"],"picked":"Thunderclap","floor":0},{"not_picked":["Pommel Strike","Second Wind"],"picked":"Cleave","floor":1},{"not_picked":["Flex","Thunderclap"],"picked":"Dual Wield","floor":3},{"not_picked":["Armaments","Sword Boomerang"],"picked":"Dark Embrace","floor":4},{"not_picked":["Sword Boomerang","Flex","Havoc"],"picked":"SKIP","floor":7},{"not_picked":["Immolate","Warcry","Havoc"],"picked":"SKIP","floor":8},{"not_picked":["Armaments","Body Slam"],"picked":"Clash","floor":10}],"player_experience":156645,"relics_obtained":[{"floor":7,"key":"Blood Vial"},{"floor":9,"key":"Ornamental Fan"}],"event_choices":[{"damage_healed":0,"gold_gain":100,"player_choice":"Pray","damage_taken":0,"max_hp_gain":0,"max_hp_loss":0,"event_name":"Golden Shrine","floor":2,"gold_loss":0},{"damage_healed":0,"gold_gain":0,"player_choice":"Success","damage_taken":25,"relics_obtained":["StoneCalendar"],"max_hp_gain":0,"max_hp_loss":0,"event_name":"Scrap Ooze","floor":5,"gold_loss":0}],"is_beta":false,"boss_relics":[],"items_purged_floors":[],"is_endless":false,"potions_floor_spawned":[1,4,7,10],"killed_by":"3 Sentries","ascension_level":5}}