{"host":"4atjpfa3b4v97p31","time":1612507294,"event":{"mods":["AchievementEnabler","Act Like it!","BaseMod","BetterRewards","Colored Map","Downfall","Friendly Minions","Minty Spire (QoL Compilation)","Shop Mod","StSLib"],"gold_per_floor":[99,119,3,21,21,49,49,63,96,107,7,23,23,23,34,129,129,129,148,148,58,74,74,74,99,116,132,162,179,79,79,94,197,197,97,109,126,175,175,185,232,462,475,491,514,526,538,600,625,637,649,693,16,16,16,16],"floor_reached":57,"language":"ZHS","playtime":4707,"items_purged":["bronze:Strike","bronze:ForLoop","bronze:Invalidate+1"],"score":1456,"play_id":"716d0491-3a8c-4374-b36e-f0d8aed96083","local_time":"20210205144134","is_ascension_mode":false,"campfire_choices":[{"data":"bronze:Replicate","floor":1.0,"key":"SMITH"},{"data":"bronze:SpaghettiCode","floor":11.0,"key":"SMITH"},{"data":"bronze:FineTuning","floor":13.0,"key":"SMITH"},{"floor":18,"key":"RECALL"},{"data":"bronze:Goto","floor":23,"key":"SMITH"},{"data":"bronze:ForceShield","floor":30,"key":"SMITH"},{"data":"bronze:Assembly","floor":35,"key":"SMITH"},{"data":"bronze:HardenedForm","floor":47,"key":"SMITH"},{"data":"bronze:HardenedForm","floor":54,"key":"SMITH"}],"circlet_count":0,"master_deck":["bronze:Replicate+1","bronze:Goto+1","bronze:WhirlingStrike","bronze:DelayedSlice+1","bronze:FineTuning+1","bronze:Philosophize+1","bronze:SpaghettiCode+1","bronze:Shell+1","bronze:Boost","bronze:DelayedGuard","bronze:Virus+1","bronze:Virus+1","bronze:Iterate+1","bronze:GetLatest","bronze:Constructor+1","bronze:Optimize","bronze:ForceShield+1","bronze:DelayedSlice+1","Necronomicurse","bronze:FollowUp+1","bronze:HardenedForm+1","bronze:Overload","bronze:Return","bronze:Assembly+1","bronze:HardenedForm+1","bronze:ClassDefault","bronze:Flail+1","bronze:ChildClass","bronze:ChildClass+1","bronze:ThunderWave+1","Sadistic Nature","Trip"],"relics":["bronze:BronzeCore","Gambling Chip","Pen Nib","Shuriken","FossilizedHelix","downfall:HeartBlessingGreen","Molten Egg 2","Philosopher\u0027s Stone","Mummified Hand","Question Card","Dead Branch","downfall:HeartBlessingRed","Necronomicon","Pandora\u0027s Box","downfall:HeartBlessingBlue","Lizard Tail","Potion Belt","MawBank","Bird Faced Urn","Pear","Toolbox"],"acts_visited":["Exordium","TheCity","TheBeyond","TheEnding"],"potions_floor_usage":[21,26,28,28,37,48,55,56,56],"damage_taken":[{"damage":0.0,"enemies":"Small Slimes","floor":2.0,"turns":3.0},{"damage":0.0,"enemies":"downfall:FleeingMerchant","floor":3.0,"turns":4.0},{"damage":0.0,"enemies":"2 Louse","floor":4.0,"turns":2.0},{"damage":13.0,"enemies":"Gremlin Nob","floor":6.0,"turns":3.0},{"damage":0.0,"enemies":"Cultist","floor":8.0,"turns":2.0},{"damage":15.0,"enemies":"3 Sentries","floor":9.0,"turns":3.0},{"damage":0.0,"enemies":"Blue Slaver","floor":10.0,"turns":2.0},{"damage":0.0,"enemies":"2 Fungi Beasts","floor":12.0,"turns":2.0},{"damage":0.0,"enemies":"Gremlin Gang","floor":15.0,"turns":1.0},{"damage":1.0,"enemies":"WA_ARCHETYPE_RETAIN","floor":16.0,"turns":4.0},{"damage":0,"enemies":"Shell Parasite","floor":19,"turns":2},{"damage":0,"enemies":"downfall:FleeingMerchant","floor":21,"turns":4},{"damage":0,"enemies":"3 Byrds","floor":22,"turns":2},{"damage":0,"enemies":"Book of Stabbing","floor":25,"turns":2},{"damage":0,"enemies":"Centurion and Healer","floor":26,"turns":3},{"damage":0,"enemies":"3 Cultists","floor":27,"turns":3},{"damage":0,"enemies":"Slavers","floor":28,"turns":3},{"damage":0,"enemies":"Sentry and Sphere","floor":29,"turns":1},{"damage":0,"enemies":"Centurion and Healer","floor":32,"turns":2},{"damage":0,"enemies":"DF_ARCHETYPE_CLAW","floor":33,"turns":2},{"damage":0,"enemies":"3 Darklings","floor":36,"turns":3},{"damage":0,"enemies":"3 Shapes","floor":37,"turns":2},{"damage":0,"enemies":"2 Orb Walkers","floor":38,"turns":2},{"damage":0,"enemies":"Writhing Mass","floor":40,"turns":5},{"damage":0,"enemies":"downfall:FleeingMerchant","floor":42,"turns":2},{"damage":0,"enemies":"Maw","floor":43,"turns":1},{"damage":0,"enemies":"3 Darklings","floor":44,"turns":2},{"damage":9,"enemies":"3 Darklings","floor":48,"turns":3},{"damage":0,"enemies":"Spire Growth","floor":49,"turns":3},{"damage":0,"enemies":"IC_BLOCK_ARCHETYPE","floor":50,"turns":5},{"damage":0,"enemies":"downfall:CharBossMerchant","floor":52,"turns":3},{"damage":0,"enemies":"downfall:NeowBoss","floor":55,"turns":6},{"damage":0,"enemies":"downfall:NeowBossFinal","floor":56,"turns":9}],"seed_played":"7211093651074411234","potions_obtained":[{"floor":4.0,"key":"DistilledChaos"},{"floor":8.0,"key":"EssenceOfSteel"},{"floor":9.0,"key":"BlessingOfTheForge"},{"floor":10.0,"key":"Fire Potion"},{"floor":15.0,"key":"Regen Potion"},{"floor":22,"key":"DuplicationPotion"},{"floor":26,"key":"Strength Potion"},{"floor":28,"key":"Ancient Potion"},{"floor":29,"key":"Ancient Potion"},{"floor":37,"key":"Fruit Juice"},{"floor":44,"key":"AttackPotion"},{"floor":48,"key":"Weak Potion"},{"floor":52,"key":"LiquidBronze"}],"is_trial":false,"path_per_floor":["R","M","$","M","?","E","T","M","E","M","R","M","R","?","M","B",null,"R","M","?","$","M","R","T","E","M","M","E","M","R","?","M","B",null,"R","M","M","?","?","M","T","$","M","M","T","?","R","?","M","B",null,"E","$","R","B","B",null],"character_chosen":"THE_AUTOMATON","items_purchased":["bronze:FineTuning","bronze:GetLatest","bronze:ThunderWave+1","Toolbox","Sadistic Nature","Trip"],"campfire_rested":0,"item_purchase_floors":[3,21,53,53,53,53],"current_hp_per_floor":[63,63,63,63,63,50,50,50,35,35,35,35,35,32,32,31,63,63,63,55,55,55,55,55,55,55,55,55,55,55,39,39,39,63,73,73,78,78,78,78,78,78,78,78,78,78,78,69,73,78,78,88,88,88,88,88],"gold":16,"neow_bonus":"ONE_RARE_RELIC","is_daily":false,"chose_seed":false,"campfire_upgraded":8,"win_rate":0.0,"timestamp":1612507294,"path_taken":["R","M","$","M","?","E","T","M","E","M","R","M","R","?","M","BOSS","R","M","?","$","?","R","T","E","M","M","E","M","R","?","M","BOSS","R","M","M","?","?","M","T","$","M","?","?","?","R","?","M","BOSS","E","$","R","BOSS","BOSS"],"items_purchased_type":["Card","Card","Card","Relic","Card","Card"],"build_version":"2020-12-22","purchased_purges":3,"victory":true,"max_hp_per_floor":[63,63,63,63,63,63,63,63,63,63,63,63,63,63,63,63,63,63,63,63,63,63,63,63,63,63,63,63,63,63,63,63,63,63,73,73,78,78,78,78,78,78,78,78,78,78,78,78,78,78,78,88,88,88,88,88],"card_choices":[{"not_picked":["bronze:Frontload","bronze:Separator"],"picked":"bronze:WhirlingStrike","floor":2.0},{"not_picked":["bronze:Shield","bronze:Turbo"],"picked":"bronze:DelayedSlice","floor":3.0},{"not_picked":["bronze:WhirlingStrike","bronze:Turbo"],"picked":"bronze:Philosophize","floor":4.0},{"not_picked":["bronze:Branch","bronze:WildBeam"],"picked":"bronze:SpaghettiCode","floor":6.0},{"not_picked":["bronze:Constructor","bronze:OilSpill"],"picked":"bronze:Shell","floor":8.0},{"not_picked":["bronze:Deprecate","bronze:WildBeam"],"picked":"bronze:Boost","floor":9.0},{"not_picked":["bronze:DelayedGuard","bronze:MaxOutput","bronze:BugBarrage"],"picked":"SKIP","floor":10.0},{"not_picked":["bronze:MaxOutput","bronze:BugBarrage"],"picked":"bronze:DelayedGuard","floor":10.0},{"not_picked":["bronze:BugBarrage","bronze:Return","bronze:BuggyMess"],"picked":"SKIP","floor":12.0},{"not_picked":["bronze:Frontload","bronze:WhirlingStrike+1"],"picked":"bronze:Virus+1","floor":15.0},{"not_picked":["bronze:Break+1","bronze:ThunderWave+1"],"picked":"bronze:Virus+1","floor":16.0},{"not_picked":["bronze:Frontload","bronze:BuggyMess+1"],"picked":"bronze:Branch+1","floor":19},{"not_picked":["bronze:DelayedGuard","bronze:Overheat+1"],"picked":"bronze:Iterate+1","floor":21},{"not_picked":["bronze:Overheat+1","bronze:Return+1","bronze:Repulsor"],"picked":"SKIP","floor":22},{"not_picked":["bronze:Frontload","bronze:Boost"],"picked":"bronze:Constructor+1","floor":25},{"not_picked":["bronze:Overheat+1","bronze:Repulsor","bronze:Iterate+1","bronze:Shell+1"],"picked":"SKIP","floor":26},{"not_picked":["bronze:Overheat+1","bronze:Repulsor","bronze:Iterate+1","bronze:Shell+1"],"picked":"SKIP","floor":26},{"not_picked":["bronze:WhirlingStrike+1","bronze:Overheat+1","bronze:ShipIt+1"],"picked":"bronze:Optimize","floor":27},{"not_picked":["bronze:GetLatest","bronze:OilSpill+1","bronze:WildBeam+1"],"picked":"bronze:ForceShield","floor":28},{"not_picked":["bronze:Backtrace+1","bronze:MaxOutput","bronze:Frontload+1"],"picked":"bronze:DelayedSlice+1","floor":29},{"not_picked":["bronze:CloningBeam+1","bronze:DelayedGuard","bronze:DigitalCarnage+1"],"picked":"bronze:FollowUp+1","floor":32},{"not_picked":["bronze:FindAndReplace","bronze:SpaghettiCode","bronze:AlphaBuild+1"],"picked":"bronze:HardenedForm","floor":33},{"not_picked":["bronze:DelayedSlice+1","bronze:WhirlingStrike+1","bronze:Branch+1"],"picked":"bronze:Flail+1","floor":36},{"not_picked":["bronze:RecursiveStrike+1","bronze:Separator+1","bronze:ClassDefault+1"],"picked":"bronze:ChildClass","floor":37},{"not_picked":["bronze:Iterate+1","bronze:BronzeOrb+1","bronze:WildBeam+1"],"picked":"bronze:ChildClass+1","floor":38},{"not_picked":["bronze:DelayedGuard+1","bronze:DelayedSlice+1","bronze:Turbo+1","bronze:DarkDash+1"],"picked":"SKIP","floor":40},{"not_picked":["bronze:WildBeam+1","bronze:Deprecate+1","bronze:Shell+1","bronze:CloningBeam+1"],"picked":"SKIP","floor":42},{"not_picked":["bronze:BugBarrage+1","bronze:Allocate","bronze:CleanCode","bronze:Frontload+1"],"picked":"SKIP","floor":43},{"not_picked":["bronze:WhirlingStrike+1","bronze:Overheat+1","bronze:DelayedGuard+1","bronze:Turbo"],"picked":"SKIP","floor":44},{"not_picked":["bronze:Iterate+1","bronze:CutThrough+1","bronze:Shield+1","bronze:BronzeOrb+1"],"picked":"SKIP","floor":49},{"not_picked":["bronze:Repair+1","bronze:WildBeam+1","bronze:DelayedSlice+1","bronze:Overload+1"],"picked":"SKIP","floor":52}],"player_experience":481337,"relics_obtained":[{"floor":6.0,"key":"Shuriken"},{"floor":9.0,"key":"FossilizedHelix"},{"floor":24,"key":"Mummified Hand"},{"floor":25,"key":"Question Card"},{"floor":28,"key":"Dead Branch"},{"floor":31,"key":"Necronomicon"},{"floor":38,"key":"Lizard Tail"},{"floor":41,"key":"Potion Belt"},{"floor":45,"key":"MawBank"},{"floor":48,"key":"Bird Faced Urn"},{"floor":52,"key":"Pear"}],"event_choices":[{"damage_healed":0.0,"max_hp_gain":0.0,"max_hp_loss":0.0,"gold_gain":0.0,"event_name":"Big Fish","player_choice":"Box","floor":5.0,"gold_loss":0.0,"damage_taken":0.0,"relics_obtained":["Pen Nib"],"cards_obtained":["Regret"]},{"damage_healed":0.0,"max_hp_gain":0.0,"max_hp_loss":0.0,"gold_gain":0.0,"event_name":"Scrap Ooze","player_choice":"Success","floor":14.0,"gold_loss":0.0,"damage_taken":3.0,"relics_obtained":["Molten Egg 2"]},{"damage_healed":0,"gold_gain":0,"player_choice":"Fight","damage_taken":0,"max_hp_gain":0,"max_hp_loss":0,"event_name":"Mysterious Sphere","floor":38,"gold_loss":0},{"cards_removed":["bronze:Branch"],"damage_healed":0,"gold_gain":0,"player_choice":"Removed Attack","damage_taken":0,"max_hp_gain":0,"max_hp_loss":0,"event_name":"Falling","floor":46,"gold_loss":0}],"is_beta":false,"boss_relics":[{"not_picked":["Cursed Key","Runic Dome"],"picked":"Philosopher\u0027s Stone"},{"not_picked":["Black Star","SlaversCollar"],"picked":"Pandora\u0027s Box"}],"items_purged_floors":[3,42,53],"is_endless":false,"potions_floor_spawned":[4,8,9,10,15,16,22,26,28,29,33,37,44,48,52],"ascension_level":0}}