{"host":"p8f0otjoacyb9giz","time":1612544185,"event":{"mods":["AchievementEnabler","BaseMod","Downfall","Minty Spire (QoL Compilation)","StSLib"],"gold_per_floor":[149,165,182,193,203,232,256,256,256,156,156,166,66,91,103,207,207,207,218,75,75,95,125,125,110,10,20,120,136,136,136,146,248,248,248,268,253,268,268,293,293,293,321,321,321,321,321,339,355,355,355,384,12,12,12,12,12,12],"floor_reached":56,"language":"ENG","playtime":3264,"items_purged":["champ:Execute"],"score":922,"play_id":"db7492ee-2406-4a6e-a32a-b4a9c714f048","local_time":"20210205195625","is_ascension_mode":true,"campfire_choices":[{"data":"champ:DefensiveShout","floor":1.0,"key":"SMITH"},{"floor":10.0,"key":"RECALL"},{"data":"champ:SkillfulDodge","floor":13.0,"key":"SMITH"},{"data":"champ:GladiatorForm","floor":18.0,"key":"SMITH"},{"floor":26,"key":"REST"},{"floor":30,"key":"REST"},{"data":"champ:DefensiveShout","floor":35,"key":"SMITH"},{"data":"champ:GladiatorForm","floor":46,"key":"SMITH"},{"data":"expansioncontent:AwakenDeath","floor":54,"key":"SMITH"}],"circlet_count":0,"master_deck":["champ:Strike+1","champ:Strike","champ:Defend","champ:Defend","champ:Defend","champ:Defend","champ:Taunt+1","champ:DefensiveShout+1","champ:SkillfulDodge+1","champ:FlashCut","champ:Duel","champ:Duel","champ:ShieldThrow+1","champ:FalseCounter","champ:GladiatorForm+1","champ:Parry","champ:DefensiveShout+1","champ:FocusedDefense+1","champ:FlashCut+1","Pride","champ:GladiatorForm+1","champ:Lariat+1","champ:SkillfulDodge+1","expansioncontent:AwakenDeath+1","champ:ArenaPreparation"],"relics":["Tiny House","bronze:BronzeIdol","Juzu Bracelet","downfall:HeartBlessingGreen","downfall:HeartBlessingRed","Vajra","Philosopher\u0027s Stone","bronze:DecasWashers","downfall:HeartBlessingBlue","Bird Faced Urn","Matryoshka","champ:DefensiveTrainingManual","Sozu","Molten Egg 2","Happy Flower","CeramicFish","sneckomod:BlankCard","Anchor","downfall:TeleportStone","Bottled Lightning","Turnip"],"acts_visited":["Exordium","TheCity","TheBeyond","TheEnding"],"potions_floor_usage":[23,33,37,56,56],"damage_taken":[{"damage":10.0,"enemies":"Cultist","floor":2.0,"turns":4.0},{"damage":19.0,"enemies":"Jaw Worm","floor":3.0,"turns":4.0},{"damage":1.0,"enemies":"Small Slimes","floor":4.0,"turns":4.0},{"damage":5.0,"enemies":"Red Slaver","floor":5.0,"turns":3.0},{"damage":28.0,"enemies":"Gremlin Nob","floor":6.0,"turns":4.0},{"damage":0.0,"enemies":"Blue Slaver","floor":12.0,"turns":2.0},{"damage":0.0,"enemies":"Lagavulin","floor":14.0,"turns":4.0},{"damage":1.0,"enemies":"3 Louse","floor":15.0,"turns":3.0},{"damage":4.0,"enemies":"SI_SHIV_ARCHETYPE","floor":16.0,"turns":8.0},{"damage":0.0,"enemies":"Chosen","floor":19.0,"turns":4.0},{"damage":10.0,"enemies":"downfall:FleeingMerchant","floor":20.0,"turns":4.0},{"damage":38,"enemies":"3 Byrds","floor":22,"turns":4},{"damage":28,"enemies":"Slavers","floor":23,"turns":5},{"damage":0,"enemies":"downfall:FleeingMerchant","floor":25,"turns":4},{"damage":14,"enemies":"3 Cultists","floor":27,"turns":6},{"damage":17,"enemies":"IC_STATUS_ARCHETYPE","floor":28,"turns":4},{"damage":14,"enemies":"Centurion and Healer","floor":29,"turns":5},{"damage":7,"enemies":"Shelled Parasite and Fungi","floor":32,"turns":4},{"damage":46,"enemies":"IC_MUSHROOM_ARCHETYPE","floor":33,"turns":10},{"damage":3,"enemies":"Orb Walker","floor":36,"turns":4},{"damage":25,"enemies":"downfall:FleeingMerchant","floor":37,"turns":4},{"damage":22,"enemies":"3 Darklings","floor":38,"turns":6},{"damage":2,"enemies":"Giant Head","floor":43,"turns":7},{"damage":11,"enemies":"Sphere and 2 Shapes","floor":48,"turns":9},{"damage":0,"enemies":"Jaw Worm Horde","floor":49,"turns":3},{"damage":0,"enemies":"WA_ARCHETYPE_DIVINITY","floor":50,"turns":10},{"damage":36,"enemies":"downfall:CharBossMerchant","floor":52,"turns":8},{"damage":168,"enemies":"downfall:NeowBoss","floor":55,"turns":21},{"damage":71,"enemies":"downfall:NeowBossFinal","floor":56,"turns":8}],"seed_played":"-3889795815240176670","potions_obtained":[{"floor":0.0,"key":"EssenceOfSteel"},{"floor":6.0,"key":"ColorlessPotion"},{"floor":12.0,"key":"Swift Potion"},{"floor":28,"key":"SpeedPotion"},{"floor":33,"key":"LiquidBronze"}],"is_trial":false,"path_per_floor":["R","M","M","M","M","E","T","?","?","R","?","M","R","E","M","B",null,"R","M","$","?","M","E","T","$","R","M","?","M","R","?","M","B",null,"R","M","$","M","?","T","T","?","E","?","?","R","?","M","M","B",null,"E","$","R","B","B"],"character_chosen":"THE_CHAMP","items_purchased":["champ:DefensiveShout","Turnip","champ:ArenaPreparation"],"campfire_rested":2,"item_purchase_floors":[20,53,53],"current_hp_per_floor":[95,95,86,85,80,62,62,62,93,93,78,78,78,78,77,73,95,95,95,95,95,57,29,29,29,70,56,39,27,58,58,51,7,105,105,102,81,61,61,61,61,61,63,55,55,55,55,50,52,56,105,73,73,73,30,0,0,0],"gold":12,"neow_bonus":"BOSS_RELIC","is_daily":false,"chose_seed":false,"campfire_upgraded":6,"win_rate":0.0,"timestamp":1612544185,"path_taken":["R","M","M","M","M","E","T","?","?","R","?","M","R","E","M","BOSS","R","M","$","?","M","E","T","$","R","M","?","M","R","?","M","BOSS","R","M","$","M","?","?","T","?","E","?","?","R","?","M","M","BOSS","E","$","R","BOSS","BOSS"],"items_purchased_type":["Card","Relic","Card"],"build_version":"2020-12-22","purchased_purges":1,"victory":false,"max_hp_per_floor":[95,95,95,95,95,95,95,95,95,95,95,95,95,95,95,95,95,95,95,95,95,95,95,95,95,105,105,105,105,105,105,105,105,105,105,105,105,105,105,105,105,105,105,105,105,105,105,105,105,105,105,105,105,105,105,105,105,105],"card_choices":[{"not_picked":["champ:Backstep","champ:CalledShot"],"picked":"champ:DefensiveShout","floor":0.0},{"not_picked":["champ:RapidStrikes","champ:CrownThrow"],"picked":"champ:SkillfulDodge","floor":2.0},{"not_picked":["champ:GutPunch","champ:EnGarde"],"picked":"champ:FlashCut","floor":3.0},{"not_picked":["champ:BringItOn","champ:FanOfKnives"],"picked":"champ:Duel","floor":4.0},{"not_picked":["champ:SetATrap","champ:PreemptiveStrike"],"picked":"champ:Duel","floor":5.0},{"not_picked":["champ:Parry","champ:Shatter"],"picked":"champ:ShieldThrow","floor":6.0},{"not_picked":["champ:EnGarde","champ:DefensiveShout","champ:CrownThrow"],"picked":"SKIP","floor":12.0},{"not_picked":["champ:PreemptiveStrike","champ:Shatter","champ:SwordSigil"],"picked":"SKIP","floor":14.0},{"not_picked":["champ:SetATrap","champ:FlashCut"],"picked":"champ:FalseCounter","floor":15.0},{"not_picked":["champ:UltimateStance","champ:Improvising"],"picked":"champ:GladiatorForm","floor":16.0},{"not_picked":["champ:Haymaker","champ:DefensiveShout+1"],"picked":"champ:Parry","floor":19.0},{"not_picked":["champ:Encircle","champ:BringItOn+1","champ:AdrenalArmor"],"picked":"SKIP","floor":20},{"not_picked":["champ:Haymaker","champ:PerfectedStrike"],"picked":"champ:FocusedDefense+1","floor":22},{"not_picked":["champ:ShieldSigil","champ:FanOfKnives"],"picked":"champ:FlashCut+1","floor":23},{"not_picked":["champ:AdrenalArmor","champ:PreciseThrust","champ:FocusedDefense"],"picked":"SKIP","floor":25},{"not_picked":["champ:StanceDance","champ:FaceSlap","champ:EnGarde"],"picked":"SKIP","floor":27},{"not_picked":["champ:Improvising","champ:ShieldSigil+1","champ:DefensiveShout"],"picked":"SKIP","floor":29},{"not_picked":["champ:PreciseThrust","champ:GutPunch+1","champ:Duel"],"picked":"SKIP","floor":32},{"not_picked":["champ:TripleStrike","champ:DancingMaster"],"picked":"champ:GladiatorForm","floor":33},{"not_picked":["champ:EndlessRage","champ:DefensiveShout+1","champ:AdrenalArmor+1"],"picked":"SKIP","floor":36},{"not_picked":["champ:PerfectedStrike+1","champ:BerserkersShout"],"picked":"champ:Lariat+1","floor":37},{"not_picked":["champ:AdrenalArmor","champ:BringItOn"],"picked":"champ:SkillfulDodge+1","floor":38},{"not_picked":["expansioncontent:YouAreMine","expansioncontent:GuardianWhirl"],"picked":"expansioncontent:AwakenDeath","floor":39},{"not_picked":["champ:SkillfulDodge","champ:BerserkerStyle","champ:FlashCut+1"],"picked":"SKIP","floor":43},{"not_picked":["champ:BringItOn","champ:Backstep","champ:GladiatorStyle+1"],"picked":"SKIP","floor":48},{"not_picked":["champ:StanceDance+1","champ:Duel+1","champ:Haymaker+1"],"picked":"SKIP","floor":49},{"not_picked":["champ:BladeFlurry+1","champ:CalledShot","champ:EnchantCrown"],"picked":"SKIP","floor":52}],"player_experience":438985,"relics_obtained":[{"floor":6.0,"key":"bronze:BronzeIdol"},{"floor":7.0,"key":"Juzu Bracelet"},{"floor":14.0,"key":"Vajra"},{"floor":23,"key":"bronze:DecasWashers"},{"floor":28,"key":"Bird Faced Urn"},{"floor":28,"key":"Matryoshka"},{"floor":40,"key":"Molten Egg 2"},{"floor":40,"key":"Happy Flower"},{"floor":41,"key":"CeramicFish"},{"floor":41,"key":"sneckomod:BlankCard"},{"floor":43,"key":"Anchor"},{"floor":52,"key":"Bottled Lightning"}],"event_choices":[{"damage_healed":0.0,"max_hp_gain":0.0,"max_hp_loss":0.0,"gold_gain":0.0,"event_name":"Living Wall","player_choice":"Grow","floor":8.0,"gold_loss":0.0,"damage_taken":0.0,"cards_upgraded":["champ:Taunt"]},{"damage_healed":31.0,"max_hp_gain":0.0,"max_hp_loss":0.0,"gold_gain":0.0,"event_name":"Big Fish","player_choice":"Banana","floor":9.0,"gold_loss":0.0,"damage_taken":0.0},{"damage_healed":0,"gold_gain":0,"player_choice":"Ignored","damage_taken":0,"max_hp_gain":0,"max_hp_loss":0,"event_name":"Ghosts","floor":21,"gold_loss":0},{"damage_healed":0,"gold_gain":0,"player_choice":"Stole Relic","damage_taken":0,"relics_obtained":["champ:DefensiveTrainingManual"],"max_hp_gain":0,"max_hp_loss":0,"event_name":"Addict","floor":31,"gold_loss":0,"cards_obtained":["Pride"]},{"cards_removed":["champ:Strike"],"damage_healed":0,"gold_gain":0,"player_choice":"Removed Attack","damage_taken":0,"max_hp_gain":0,"max_hp_loss":0,"event_name":"Falling","floor":45,"gold_loss":0}],"is_beta":false,"boss_relics":[{"not_picked":["Empty Cage","Cursed Key"],"picked":"Philosopher\u0027s Stone"},{"not_picked":["expansioncontent:StudyCardRelic","Pandora\u0027s Box"],"picked":"Sozu"}],"items_purged_floors":[20],"is_endless":false,"potions_floor_spawned":[6,12,15,16,22,28,29,33,38,43,49,52],"killed_by":"downfall:NeowBossFinal","ascension_level":3}}