{"host":"36t3qd3wjvajtu1z","time":1612496693,"event":{"mods":["2.2 Compatiblity","AchievementEnabler","BaseMod","Block Reminder","Colored Map","Colored Powertips","Minty Spire (QoL Compilation)","Permanent Neow","Quick Restart","Random Character Button","Rare Cards Sparkle","Relic Stats","Slay-I","StSLib"],"gold_per_floor":[116,216,233,245,195,227,104,114,137,163,193,205,217,247,259,366,378,403,415,427,454,476,488,516,542,554,566,588,143,143,143],"floor_reached":30,"language":"ENG","playtime":731,"items_purged":["Strike_R","Decay"],"score":261,"play_id":"73eb293a-cf07-48a2-9f81-fc4a1c8ae6e6","local_time":"20210204194453","is_ascension_mode":false,"campfire_choices":[{"data":"Bash","floor":12,"key":"SMITH"},{"data":"Spot Weakness","floor":15,"key":"SMITH"},{"floor":23,"key":"REST"}],"circlet_count":0,"master_deck":["Bash+1","Feed","Clothesline","Reckless Charge","Cleave","Evolve","Shrug It Off","Reckless Charge","Carnage","Spot Weakness+1","Juggernaut","Spot Weakness","Warcry","Berserk","Anger","Searing Blow","Anger","Combust","Feel No Pain","Pommel Strike+1","Shrug It Off","Whirlwind","True Grit"],"relics":["Burning Blood","Vajra","MawBank","Oddly Smooth Stone","Pandora\u0027s Box","Nilry\u0027s Codex","Shovel","Unceasing Top"],"acts_visited":["Exordium","TheCity"],"potions_floor_usage":[6,16,16,22,28,30],"damage_taken":[{"damage":6,"enemies":"Jaw Worm","floor":1,"turns":6},{"damage":0,"enemies":"Cultist","floor":3,"turns":3},{"damage":11,"enemies":"2 Louse","floor":4,"turns":3},{"damage":22,"enemies":"3 Sentries","floor":6,"turns":5},{"damage":5,"enemies":"Exordium Wildlife","floor":8,"turns":3},{"damage":1,"enemies":"2 Fungi Beasts","floor":10,"turns":3},{"damage":7,"enemies":"Blue Slaver","floor":11,"turns":2},{"damage":9,"enemies":"Red Slaver","floor":14,"turns":3},{"damage":45,"enemies":"The Guardian","floor":16,"turns":7},{"damage":10,"enemies":"Chosen","floor":18,"turns":3},{"damage":33,"enemies":"Spheric Guardian","floor":21,"turns":4},{"damage":15,"enemies":"Snake Plant","floor":22,"turns":3},{"damage":56,"enemies":"Shelled Parasite and Fungi","floor":24,"turns":5},{"damage":21,"enemies":"Cultist and Chosen","floor":25,"turns":5},{"damage":38,"enemies":"3 Cultists","floor":28,"turns":4},{"damage":20,"enemies":"Colosseum Slavers","floor":30,"turns":3}],"seed_played":"1387536554619051298","potions_obtained":[{"floor":1,"key":"BlessingOfTheForge"},{"floor":6,"key":"GamblersBrew"},{"floor":10,"key":"FairyPotion"},{"floor":11,"key":"SkillPotion"},{"floor":14,"key":"AttackPotion"},{"floor":21,"key":"SteroidPotion"},{"floor":25,"key":"BloodPotion"},{"floor":28,"key":"Block Potion"}],"is_trial":false,"path_per_floor":["M","?","M","M","?","E","$","M","T","M","M","R","?","M","R","B",null,"M","?","?","M","M","R","M","M","T","?","M","$","?"],"character_chosen":"IRONCLAD","items_purchased":["Shrug It Off","True Grit","Unceasing Top"],"campfire_rested":1,"item_purchase_floors":[7,29,29],"current_hp_per_floor":[80,80,83,78,78,65,65,66,66,74,73,73,73,73,73,34,92,88,72,72,45,36,63,16,29,29,29,16,16,0,0],"gold":143,"neow_bonus":"ONE_RANDOM_RARE_CARD","is_daily":false,"chose_seed":false,"campfire_upgraded":2,"win_rate":0.0,"timestamp":1612496693,"path_taken":["M","?","M","?","?","E","?","M","T","M","M","R","?","M","R","BOSS","M","?","?","M","M","R","?","M","T","?","M","$","?"],"items_purchased_type":["Card","Card","Relic"],"build_version":"2020-12-22","purchased_purges":2,"victory":false,"max_hp_per_floor":[80,80,83,83,83,86,86,86,86,89,89,89,89,92,92,92,92,92,92,92,92,92,92,95,95,95,95,95,95,95,95],"relic_stats":{"Shovel":0,"counters":[16,62],"Pandora\u0027s Box":["Spot Weakness","Warcry","Berserk","Anger","Searing Blow","Anger","Combust"],"MawBank":240,"obtain_stats":[{"Shovel":26,"Nilry\u0027s Codex":19,"Vajra":6,"Oddly Smooth Stone":13,"Pandora\u0027s Box":17,"MawBank":9,"Burning Blood":0,"Unceasing Top":29},{"Shovel":14,"Nilry\u0027s Codex":10,"Vajra":4,"Oddly Smooth Stone":7,"Pandora\u0027s Box":9,"MawBank":5,"Burning Blood":0,"Unceasing Top":15},{"Shovel":55,"Nilry\u0027s Codex":38,"Vajra":17,"Oddly Smooth Stone":25,"Pandora\u0027s Box":35,"MawBank":20,"Burning Blood":0,"Unceasing Top":59}],"Burning Blood":84,"Unceasing Top":[0]},"card_choices":[{"not_picked":["Ghostly Armor","Iron Wave"],"picked":"Clothesline","floor":1},{"not_picked":["Body Slam","Blood for Blood"],"picked":"Reckless Charge","floor":3},{"not_picked":["Headbutt","Sword Boomerang"],"picked":"Cleave","floor":4},{"not_picked":["Seeing Red","Iron Wave"],"picked":"Evolve","floor":6},{"not_picked":["Armaments","Clash"],"picked":"Reckless Charge","floor":8},{"not_picked":["Clothesline","Iron Wave"],"picked":"Carnage","floor":10},{"not_picked":["Cleave","Clothesline","Wild Strike"],"picked":"SKIP","floor":11},{"not_picked":["Carnage","Ghostly Armor"],"picked":"Spot Weakness","floor":14},{"not_picked":["Demon Form","Fiend Fire"],"picked":"Juggernaut","floor":16},{"not_picked":["Heavy Blade+1","Sword Boomerang","Rupture"],"picked":"SKIP","floor":18},{"not_picked":["Disarm","Flame Barrier"],"picked":"Feel No Pain","floor":21},{"not_picked":["Dark Embrace","Searing Blow"],"picked":"Pommel Strike+1","floor":22},{"not_picked":["Iron Wave","Twin Strike+1","Ghostly Armor"],"picked":"SKIP","floor":24},{"not_picked":["Iron Wave","Sentinel"],"picked":"Shrug It Off","floor":25},{"not_picked":["Shockwave+1","Seeing Red"],"picked":"Whirlwind","floor":28}],"player_experience":394174,"relics_obtained":[{"floor":6,"key":"Vajra"},{"floor":9,"key":"MawBank"},{"floor":19,"key":"Nilry\u0027s Codex"},{"floor":26,"key":"Shovel"}],"event_choices":[{"damage_healed":0,"gold_gain":100,"player_choice":"Pray","damage_taken":0,"max_hp_gain":0,"max_hp_loss":0,"event_name":"Golden Shrine","floor":2,"gold_loss":0},{"cards_removed":["Strike_R"],"damage_healed":0,"gold_gain":0,"player_choice":"Card Removal","damage_taken":0,"max_hp_gain":0,"max_hp_loss":0,"event_name":"The Cleric","floor":5,"gold_loss":50},{"damage_healed":0,"gold_gain":0,"player_choice":"Box","damage_taken":0,"relics_obtained":["Oddly Smooth Stone"],"max_hp_gain":0,"max_hp_loss":0,"event_name":"Big Fish","floor":13,"gold_loss":0,"cards_obtained":["Regret"]},{"damage_healed":0,"gold_gain":0,"player_choice":"Obtained Book","damage_taken":16,"max_hp_gain":0,"max_hp_loss":0,"event_name":"Cursed Tome","floor":19,"gold_loss":0},{"cards_removed":["Regret"],"damage_healed":0,"gold_gain":0,"player_choice":"Purged","damage_taken":0,"max_hp_gain":0,"max_hp_loss":0,"event_name":"Purifier","floor":20,"gold_loss":0},{"damage_healed":0,"gold_gain":0,"player_choice":"Smashed Altar","damage_taken":0,"max_hp_gain":0,"max_hp_loss":0,"event_name":"Forgotten Altar","floor":27,"gold_loss":0,"cards_obtained":["Decay"]},{"damage_healed":0,"gold_gain":0,"player_choice":"Fight","damage_taken":0,"max_hp_gain":0,"max_hp_loss":0,"event_name":"Colosseum","floor":30,"gold_loss":0}],"is_beta":false,"boss_relics":[{"not_picked":["Sozu","Philosopher\u0027s Stone"],"picked":"Pandora\u0027s Box"}],"items_purged_floors":[7,29],"is_endless":false,"potions_floor_spawned":[1,6,10,11,14,21,25,28],"killed_by":"Colosseum Slavers","ascension_level":0}}