{"host":"5td1gsj4mnrioltg","time":1612490935,"event":{"mods":["2.2 Compatiblity","AchievementEnabler","Act Like it!","Aspiration","BaseMod","Beaked The Cultist","Better Altar","Better Match","Better Note","Better Sensory Stone","Better Silent Start","Better Skull","Better Third Choice","Better Vampires","BetterRewards","Bossed Relics","Colored Map","Colored Powertips","Displayed Cursed Tome","Downfall","Emptier Cage","Evolution","Friendly Minions","GifTheSpireLib","Highlight Path","Ironclad Rager","Jedi Mod","JesterMod","Mad Scientist","Menagerie","Minty Spire (QoL Compilation)","Permanent Neow","Quick Restart","Reliquary","Replay The Spire","Reworked Bosses","Shade Mod","Spicy Shops","StSLib","The Blue Laboratory","The Dragon Tamer","The Dragonkin","The Druid","The Elementalist","The Marked","The Necromancer","The Runesmith","Thieving Mod","Transform Curses","Wandering Minibosses","Weighted Paths"],"gold_per_floor":[116,116,41,259,273,273,284,299,352,352,385,385,310,210,210,307,307,317,37,51,51,61,61,89,89,89,108,411,411,411,411,411,411,411,411,411,411,67,67,67,67,67,67,67,69,69,79,79,79,79,79,79,0,34,34,34],"floor_reached":55,"language":"ENG","playtime":2543,"items_purged":["Strike_W","Strike_W","Writhe","Defend_W","Strike_W"],"score":956,"play_id":"2333e738-f8a1-49cd-b777-dea268945199","local_time":"20210204180855","is_ascension_mode":true,"campfire_choices":[{"data":"Menagerie:BeastSpirit","floor":6,"key":"SMITH"},{"data":"Siphon_Strength","floor":10,"key":"SMITH"},{"data":"Blood_Curse","floor":15,"key":"SMITH"},{"data":"Siphon_Strength","floor":23,"key":"SMITH"},{"data":"Spectral_Walk","floor":25,"key":"SMITH"},{"floor":32,"key":"REST"},{"floor":46,"key":"RECALL"},{"floor":49,"key":"REST"},{"data":"Siphon_Strength","floor":52,"key":"SMITH"}],"circlet_count":0,"master_deck":["Strike_W","Defend_W+1","Defend_W+1","Defend_W","Negative_Energy_Arrows","Bone_Wall","Grasp_Heart","Blood_Curse+1","Menagerie:BeastSpirit+1","Siphon_Strength+1","Spectral_Walk+1","Grasp_Heart+1","AbeCurse","Blood_Is_Power","Siphon_Strength+1","Siphon_Strength","Siphon_Strength+1","jedi:BattleThirst","Grasp_Heart","wanderingMiniBosses:FinaleOfPromise","Overencumbered","Grasp_Heart","Stop_Heart+1","Scare"],"relics":["Vampire_Amulet","EVO:Axolotl","ReplayFunnel","Replay:Kaleidoscope","Darkstone Periapt","Shuriken","Abe\u0027s Treasure","Membership Card","Sling","War Paint","reliquary:Stiletto","jedi:ominousloannote","jedi:archwizardhat","Calipers","jedi:hotpepper","wanderingMiniBosses:Blackblade","Du-Vu Doll","Vajra","Bronze Scales","ReplayTheSpireMod:CursedCoin","Bag of Marbles","Guardian:PocketSentry","Pen Nib"],"acts_visited":["Exordium","TheCity","TheBeyond","TheEnding"],"potions_floor_usage":[18,22,27,33,50,54,55,55,55],"damage_taken":[{"damage":0,"enemies":"Menagerie:2_RABBITS","floor":1,"turns":4},{"damage":4,"enemies":"Menagerie:MonstrousExperiment","floor":5,"turns":3},{"damage":0,"enemies":"Menagerie:WhisperingWraith","floor":7,"turns":4},{"damage":0,"enemies":"Menagerie:RedMage","floor":8,"turns":3},{"damage":16,"enemies":"Menagerie:MaskedSummoner","floor":11,"turns":7},{"damage":16,"enemies":"Menagerie:Suneater","floor":16,"turns":6},{"damage":12,"enemies":"2 Thieves","floor":18,"turns":3},{"damage":1,"enemies":"Shell Parasite","floor":20,"turns":3},{"damage":21,"enemies":"Centurion and Healer","floor":22,"turns":5},{"damage":20,"enemies":"Slavers","floor":24,"turns":4},{"damage":21,"enemies":"Sentry and Sphere","floor":27,"turns":7},{"damage":5,"enemies":"Snake Plant","floor":29,"turns":3},{"damage":26,"enemies":"Gremlin Leader","floor":30,"turns":4},{"damage":31,"enemies":"bossMod:newCollector","floor":33,"turns":8},{"damage":9,"enemies":"3 Shapes","floor":35,"turns":3},{"damage":14,"enemies":"3 Darklings","floor":36,"turns":5},{"damage":2,"enemies":"Spire Growth","floor":37,"turns":4},{"damage":9,"enemies":"Transient","floor":39,"turns":5},{"damage":2,"enemies":"Nemesis","floor":40,"turns":7},{"damage":2,"enemies":"Giant Head","floor":42,"turns":5},{"damage":9,"enemies":"Maw","floor":44,"turns":5},{"damage":5,"enemies":"Sphere and 2 Shapes","floor":45,"turns":3},{"damage":0,"enemies":"3 Darklings","floor":47,"turns":4},{"damage":4,"enemies":"bossMod:newShapes","floor":50,"turns":6},{"damage":21,"enemies":"Shield and Spear","floor":54,"turns":4},{"damage":55,"enemies":"The Heart","floor":55,"turns":5}],"seed_played":"-2972735716648260363","potions_obtained":[{"floor":1,"key":"LiquidBronze"},{"floor":8,"key":"Energy Potion"},{"floor":18,"key":"blueLaboratory:EmptyBottle"},{"floor":24,"key":"sneckomod:MuddlingPotion"},{"floor":30,"key":"Slimebound:ThreeZeroPotion"},{"floor":35,"key":"blueLaboratory:StoneskinPotion"},{"floor":36,"key":"LiquidBronze"},{"floor":37,"key":"jedi:holywater"},{"floor":54,"key":"PowerPotion"}],"is_trial":false,"path_per_floor":["M","?","$","?","M","R","M","M","T","R","E","T","?","$","R","B",null,"M","$","M","$","M","R","E","R","T","M","$","M","E","?","R","B",null,"M","M","M","$","M","E","$","E","T","M","M","R","M","?","R","B",null,"R","$","E","B"],"character_chosen":"NECROMANCER","items_purchased":["Membership Card","Blood_Is_Power","Sling","jedi:ominousloannote","Du-Vu Doll","Vajra","blueLaboratory:LouseDecoction","ReplayTheSpireMod:CursedCoin","Guardian:PocketSentry"],"campfire_rested":2,"item_purchase_floors":[19,19,19,28,38,38,38,41,53],"current_hp_per_floor":[75,72,72,38,36,36,38,40,40,40,38,38,38,38,38,24,78,70,76,77,77,60,60,46,46,46,33,33,30,8,14,41,20,67,66,54,54,54,47,47,50,50,50,43,44,44,46,46,67,67,70,70,70,53,0,0],"gold":34,"neow_bonus":"ONE_RANDOM_RARE_CARD","is_daily":false,"chose_seed":false,"campfire_upgraded":6,"win_rate":0.0,"timestamp":1612490935,"path_taken":["M","?","$","?","M","R","?","M","T","R","E","?","?","?","R","BOSS","M","?","M","$","M","R","E","R","T","M","$","M","E","?","R","BOSS","M","M","M","$","M","E","$","E","T","M","?","R","M","?","R","BOSS","R","$","E","BOSS"],"items_purchased_type":["Relic","Card","Relic","Relic","Relic","Relic","Potion","Relic","Relic"],"build_version":"2020-12-22","purchased_purges":5,"victory":false,"max_hp_per_floor":[75,72,72,72,72,72,72,72,72,72,72,72,72,72,72,72,78,78,84,84,84,84,84,84,84,84,84,84,84,84,90,90,90,67,67,67,67,67,67,67,70,70,70,70,70,70,70,70,70,70,70,70,70,70,70,70],"card_choices":[{"not_picked":["Violent_Necrosis","Bone_Bullets"],"picked":"Blood_Curse","floor":1},{"not_picked":["Shackles_Of_Pain","Summon_Undead_Army"],"picked":"Siphon_Strength","floor":5},{"not_picked":["Bones_to_Steel","Death_Coil","Bone_Shift"],"picked":"SKIP","floor":7},{"not_picked":["Death_Coil","Bone_Armor"],"picked":"Spectral_Walk","floor":8},{"not_picked":["Bone_Spikes","Bone_Bullets","Blood_Magic"],"picked":"SKIP","floor":11},{"not_picked":["Blood_Magic+1","Skeleton_Dragon+1"],"picked":"Grasp_Heart+1","floor":13},{"not_picked":["Blood_Curse","Finger_Of_Death","Scare"],"picked":"SKIP","floor":18},{"not_picked":["Toxic_Smoke_Screen","Bones_to_Steel","Finger_Of_Death"],"picked":"SKIP","floor":20},{"not_picked":["Summon_Lich+1","Toxic_Smoke_Screen+1"],"picked":"Siphon_Strength","floor":22},{"not_picked":["Death_March_Dance+1","Bone_Shift+1","Death_Knell"],"picked":"SKIP","floor":24},{"not_picked":["Negative_Energy_Sphere","Toxic_Smoke_Screen+1","Blood_Curse"],"picked":"SKIP","floor":27},{"not_picked":["Consume_Illness+1","Death_Knell+1"],"picked":"Siphon_Strength","floor":29},{"not_picked":["Death_Coil","Vampiric_Strike"],"picked":"Siphon_Strength","floor":30},{"not_picked":["Detonate_Bones","Negative_Energy_Bomb"],"picked":"Grasp_Heart","floor":33},{"not_picked":[],"picked":"wanderingMiniBosses:FinaleOfPromise","floor":35},{"not_picked":["Death_March_Dance+1","Blood_for_Blood","Deaths_Shadow+1"],"picked":"SKIP","floor":35},{"not_picked":["Summon_Undead_Army+1","Negative_Energy_Mist+1","Bone_Spikes+1"],"picked":"SKIP","floor":36},{"not_picked":["Blood_Whip","Negative_Energy_Sphere+1","Death_Coil"],"picked":"SKIP","floor":37},{"not_picked":["Deaths_Shadow","Bone_Bullets","Whirlwind_of_Bones+1"],"picked":"SKIP","floor":39},{"not_picked":["Consume_Illness","Corrupt+1","Finger_Of_Death"],"picked":"SKIP","floor":40},{"not_picked":["Summon_Lich+1","Scare+1"],"picked":"Grasp_Heart","floor":42},{"not_picked":["Blood_Whip+1","Death_Coil+1","Consume_Illness"],"picked":"SKIP","floor":44},{"not_picked":["Epidemic+1","Necromantic_Selection","Toxic_Smoke_Screen+1"],"picked":"SKIP","floor":45},{"not_picked":["Slay_Living+1","Negative_Energy_Sphere+1"],"picked":"Stop_Heart+1","floor":47},{"not_picked":["Necrotic_Claws","Life_Tap"],"picked":"Scare","floor":54}],"player_experience":1318778,"relics_obtained":[{"floor":9,"key":"reliquary:FerryPass"},{"floor":11,"key":"Replay:Kaleidoscope"},{"floor":11,"key":"Darkstone Periapt"},{"floor":12,"key":"Shuriken"},{"floor":24,"key":"War Paint"},{"floor":26,"key":"reliquary:Stiletto"},{"floor":30,"key":"jedi:archwizardhat"},{"floor":35,"key":"wanderingMiniBosses:Blackblade"},{"floor":40,"key":"Bronze Scales"},{"floor":42,"key":"Bag of Marbles"},{"floor":54,"key":"Pen Nib"}],"event_choices":[{"damage_healed":0,"gold_gain":0,"player_choice":"Knelt","damage_taken":0,"max_hp_gain":0,"max_hp_loss":3,"event_name":"Menagerie:BeastSpiritShrine","floor":2,"gold_loss":0,"cards_obtained":["Menagerie:BeastSpirit"]},{"damage_healed":0,"gold_gain":218,"player_choice":"GO GO RE ","damage_taken":38,"relics_obtained":["ReplayFunnel"],"max_hp_gain":0,"max_hp_loss":0,"event_name":"betterSkull:BetterSkull","floor":4,"gold_loss":0,"cards_upgraded":[]},{"damage_healed":0,"gold_gain":0,"player_choice":"2","damage_taken":0,"max_hp_gain":0,"max_hp_loss":0,"event_name":"betterMatch:BetterMatch","floor":13,"gold_loss":0,"cards_obtained":["betterMatch:CommonCard","betterMatch:RareCard"]}],"is_beta":false,"boss_relics":[{"not_picked":["aspiration:SecretTechniqueScroll","Runesmith:UraniumAnvil"],"picked":"Abe\u0027s Treasure"},{"not_picked":["Coffee Dripper","jedi:paperlyon"],"picked":"jedi:hotpepper"}],"items_purged_floors":[3,14,19,28,38],"is_endless":false,"potions_floor_spawned":[1,8,18,24,30,35,36,37,44,45,54],"killed_by":"The Heart","ascension_level":3}}