{"host":"k7hcond86h7ozquk","time":1612495939,"event":{"mods":["AchievementEnabler","BaseMod","Downfall","Hermit","Hubris","Infinite Spire","Minty Spire (QoL Compilation)","Replay The Spire","StSLib","The Cursed","The Jungle"],"gold_per_floor":[99,112,125,137,152,152,179,179,179,213,232,243,143,155,171,270,270,270,270,270,270],"floor_reached":19,"language":"ENG","playtime":1485,"items_purged":[],"score":196,"play_id":"082485b7-a83c-4391-9887-eb6aa539c207","local_time":"20210205133219","is_ascension_mode":false,"campfire_choices":[{"data":"bronze:Replicate","floor":1,"key":"SMITH"},{"data":"bronze:WhirlingStrike","floor":6,"key":"SMITH"},{"floor":13,"key":"REST"},{"floor":18,"key":"RECALL"}],"circlet_count":0,"master_deck":["bronze:Strike","bronze:Strike","bronze:Strike+1","bronze:Strike","bronze:Defend","bronze:Defend+1","bronze:Defend","bronze:Defend+1","bronze:Replicate+1","bronze:Goto","bronze:Overheat","bronze:WhirlingStrike+1","bronze:Branch","bronze:WhirlingStrike","downfall:Malfunctioning","bronze:Explode","bronze:DazingPulse","bronze:OilSpill","bronze:GetLatest","bronze:ForceShield","bronze:Overheat","bronze:Overload","bronze:CloningBeam","bronze:Break"],"relics":["bronze:BronzeCore","Blood Vial","downfall:HeartBlessingBlue","Honey Jar"],"acts_visited":["Exordium","Exordium"],"potions_floor_usage":[10,15,16,16],"damage_taken":[{"damage":2,"enemies":"2 Louse","floor":2,"turns":3},{"damage":6,"enemies":"Jaw Worm","floor":3,"turns":2},{"damage":0,"enemies":"Small Slimes","floor":4,"turns":3},{"damage":16,"enemies":"Exordium Wildlife","floor":5,"turns":4},{"damage":7,"enemies":"Exordium Wildlife","floor":9,"turns":3},{"damage":20,"enemies":"Lagavulin","floor":10,"turns":5},{"damage":0,"enemies":"2 Fungi Beasts","floor":11,"turns":2},{"damage":3,"enemies":"Gremlin Gang","floor":12,"turns":3},{"damage":12,"enemies":"Exordium Wildlife","floor":14,"turns":3},{"damage":0,"enemies":"Exordium Thugs","floor":15,"turns":2},{"damage":49,"enemies":"WA_ARCHETYPE_RETAIN","floor":16,"turns":9},{"damage":11,"enemies":"theJungle:5_Spyders","floor":19,"turns":3}],"seed_played":"4119751430888340656","potions_obtained":[{"floor":3,"key":"SkillPotion"},{"floor":5,"key":"SpeedPotion"},{"floor":9,"key":"GamblersBrew"},{"floor":10,"key":"Weak Potion"},{"floor":14,"key":"LiquidMemories"},{"floor":16,"key":"bronze:FreeFunctionsPotion"}],"is_trial":false,"path_per_floor":["R","M","M","M","M","R","T","?","?","E","M","M","R","M","M","B",null,"R","M"],"character_chosen":"THE_AUTOMATON","items_purchased":[],"campfire_rested":1,"item_purchase_floors":[],"current_hp_per_floor":[77,75,69,69,53,53,53,53,46,26,28,27,63,53,55,8,87,87,76,76,76],"gold":270,"neow_bonus":"TEN_PERCENT_HP_BONUS","is_daily":false,"chose_seed":false,"campfire_upgraded":2,"win_rate":0.0,"timestamp":1612495939,"path_taken":["R","M","M","M","M","R","T","?","?","E","M","M","R","M","M","BOSS","R","M"],"items_purchased_type":[],"build_version":"2020-12-22","purchased_purges":0,"victory":false,"max_hp_per_floor":[77,77,77,77,77,77,77,77,77,77,77,77,87,87,87,87,87,87,87,87,87],"card_choices":[{"not_picked":["bronze:FineTuning","bronze:BronzeArmor"],"picked":"bronze:Overheat","floor":2},{"not_picked":["bronze:Branch","bronze:Frontload"],"picked":"bronze:WhirlingStrike","floor":3},{"not_picked":["bronze:BuggyMess","bronze:FollowUp"],"picked":"bronze:Branch","floor":4},{"not_picked":["bronze:DelayedGuard","bronze:GetLatest"],"picked":"bronze:WhirlingStrike","floor":5},{"not_picked":[],"picked":"bronze:Explode","floor":9},{"not_picked":[],"picked":"bronze:DazingPulse","floor":9},{"not_picked":["bronze:Invalidate","bronze:Overheat"],"picked":"bronze:OilSpill","floor":9},{"not_picked":["bronze:Boost","bronze:Turbo"],"picked":"bronze:GetLatest","floor":10},{"not_picked":["bronze:Shield","bronze:DelayedGuard"],"picked":"bronze:ForceShield","floor":11},{"not_picked":["bronze:DelayedGuard","bronze:Return"],"picked":"bronze:Overheat","floor":12},{"not_picked":["bronze:BronzeArmor","bronze:Flail"],"picked":"bronze:Overload","floor":14},{"not_picked":["bronze:Branch","bronze:BugBarrage"],"picked":"bronze:CloningBeam","floor":15},{"not_picked":["bronze:ShipIt","bronze:AlphaBuild"],"picked":"bronze:Break","floor":16}],"player_experience":139485,"relics_obtained":[{"floor":10,"key":"Blood Vial"}],"event_choices":[],"is_beta":false,"boss_relics":[{"not_picked":["Cursed Key","Calling Bell"],"picked":"Honey Jar"}],"items_purged_floors":[],"is_endless":false,"potions_floor_spawned":[3,5,9,10,14,16],"killed_by":"theJungle:5_Spyders","ascension_level":0}}