{"host":"pfy6u49v5s5r680p","time":1612568989,"event":{"mods":["BaseMod","Colored Map","DeckTracker","Highlight Path","Keyboard Shortcuts","Minty Spire (QoL Compilation)","Permanent Neow","Quick Restart","StSLib","SuperFastMode","everything is the same but u backflip on backflip"],"gold_per_floor":[16,34,34,52,68,99,99,174,174,30,30,47,47,47,47,143,143,158,168,30,30,44,44,58,157,157,32,32,32,51,24,24,126,126,138,115,115,125,139,169,169,185,185,185,185,185,205,31,31,31],"floor_reached":51,"language":"KOR","playtime":1899,"items_purged":["Strike_B","Strike_B","Strike_B","Defend_B"],"score":700,"play_id":"0d886da2-4717-4e55-80f8-1108e03b68e7","local_time":"20210206084949","is_ascension_mode":false,"campfire_choices":[{"data":"Dualcast","floor":7.0,"key":"SMITH"},{"floor":11.0,"key":"REST"},{"data":"Zap","floor":13.0,"key":"SMITH"},{"data":"Defragment","floor":15.0,"key":"SMITH"},{"floor":23.0,"key":"REST"},{"floor":28.0,"key":"REST"},{"data":"Thunder Strike","floor":32.0,"key":"SMITH"},{"floor":41.0,"key":"REST"},{"data":"Chaos","floor":45.0,"key":"SMITH"},{"data":"Seek","floor":49.0,"key":"SMITH"}],"circlet_count":0,"master_deck":["Defend_B","Defend_B","Zap+1","Dualcast+1","Cold Snap","Gash","Echo Form","Streamline","Auto Shields","Chaos+1","Defragment+1","Thunder Strike+1","Reboot+1","Ball Lightning","Turbo","Capacitor","Undo+1","Hologram+1","Stack","Seek+1","White Noise+1","Coolheaded","Parasite","Static Discharge+1","Heatsinks+1","Conserve Battery+1","Go for the Eyes+1","Coolheaded"],"relics":["Cracked Core","StoneCalendar","Vajra","StrikeDummy","SlaversCollar","Bottled Tornado","SacredBark","Prayer Wheel","Gambling Chip"],"acts_visited":["Exordium","TheCity","TheBeyond"],"potions_floor_usage":[],"damage_taken":[{"damage":2.0,"enemies":"2 Louse","floor":1.0,"turns":2.0},{"damage":0.0,"enemies":"Small Slimes","floor":2.0,"turns":3.0},{"damage":0.0,"enemies":"Cultist","floor":4.0,"turns":3.0},{"damage":18.0,"enemies":"2 Fungi Beasts","floor":5.0,"turns":4.0},{"damage":14.0,"enemies":"Lagavulin","floor":6.0,"turns":6.0},{"damage":13.0,"enemies":"Red Slaver","floor":12.0,"turns":3.0},{"damage":2.0,"enemies":"The Guardian","floor":16.0,"turns":6.0},{"damage":16.0,"enemies":"Spheric Guardian","floor":18.0,"turns":4.0},{"damage":23.0,"enemies":"Shell Parasite","floor":19.0,"turns":4.0},{"damage":24.0,"enemies":"Centurion and Healer","floor":22.0,"turns":5.0},{"damage":10.0,"enemies":"Snake Plant","floor":24.0,"turns":5.0},{"damage":14.0,"enemies":"Cultist and Chosen","floor":30.0,"turns":6.0},{"damage":22.0,"enemies":"Champ","floor":33.0,"turns":8.0},{"damage":28.0,"enemies":"Orb Walker","floor":35.0,"turns":3.0},{"damage":6.0,"enemies":"3 Shapes","floor":38.0,"turns":3.0},{"damage":9.0,"enemies":"Writhing Mass","floor":39.0,"turns":6.0},{"damage":0.0,"enemies":"Giant Head","floor":40.0,"turns":9.0},{"damage":49.0,"enemies":"Transient","floor":42.0,"turns":5.0},{"damage":2.0,"enemies":"Maw","floor":47.0,"turns":7.0},{"damage":34,"enemies":"Donu and Deca","floor":50,"turns":9}],"seed_played":"5746967223512017353","potions_obtained":[{"floor":1.0,"key":"SpeedPotion"},{"floor":4.0,"key":"LiquidMemories"},{"floor":5.0,"key":"Explosive Potion"},{"floor":16.0,"key":"Dexterity Potion"},{"floor":19.0,"key":"FocusPotion"},{"floor":33.0,"key":"GamblersBrew"},{"floor":35.0,"key":"EssenceOfSteel"},{"floor":39.0,"key":"SkillPotion"}],"is_trial":false,"path_per_floor":["M","M","?","M","M","E","R","?","T","$","R","M","R","$","R","B",null,"M","M","$","?","M","R","M","?","T","$","R","?","M","$","R","B",null,"M","$","?","M","M","E","R","M","T","?","R","?","M","$","R","B",null],"character_chosen":"DEFECT","items_purchased":["Defragment","Capacitor","Stack","Coolheaded","Coolheaded"],"campfire_rested":4,"item_purchase_floors":[10,20,31,36,48],"current_hp_per_floor":[73,73,73,73,55,41,41,34,34,34,56,43,43,43,43,41,75,59,36,36,36,12,34,24,24,24,24,46,46,32,32,32,10,75,47,47,47,41,32,32,54,5,5,66,66,66,64,64,64,30],"gold":31,"neow_bonus":"ONE_RARE_RELIC","is_daily":false,"chose_seed":false,"campfire_upgraded":6,"win_rate":0.0,"timestamp":1612568989,"path_taken":["M","M","?","M","M","E","R","?","T","$","R","M","R","$","R","BOSS","M","?","$","?","M","R","?","?","T","$","R","?","?","?","R","BOSS","M","$","?","M","M","E","R","M","T","?","R","?","M","$","R","BOSS"],"items_purchased_type":["Card","Card","Card","Card","Card"],"build_version":"2020-12-22","purchased_purges":4,"victory":true,"max_hp_per_floor":[75,75,75,75,75,75,75,75,75,75,75,75,75,75,75,75,75,75,75,75,75,75,75,75,75,75,75,75,75,75,75,75,75,75,75,75,75,75,75,75,75,75,75,66,66,66,66,66,66,66],"card_choices":[{"not_picked":["Steam","Undo"],"picked":"Cold Snap","floor":1.0},{"not_picked":["Reprogram","Turbo"],"picked":"Gash","floor":2.0},{"not_picked":["Stack","Steam"],"picked":"Streamline","floor":4.0},{"not_picked":["Turbo","Ball Lightning"],"picked":"Auto Shields","floor":5.0},{"not_picked":["Scrape","Consume"],"picked":"Chaos","floor":6.0},{"not_picked":["Hologram","Turbo"],"picked":"Thunder Strike","floor":12.0},{"not_picked":["All For One","Buffer"],"picked":"Reboot","floor":16.0},{"not_picked":["Streamline","Undo"],"picked":"Ball Lightning","floor":18.0},{"not_picked":["Compile Driver+1","Barrage"],"picked":"Turbo","floor":19.0},{"not_picked":["Beam Cell","Coolheaded"],"picked":"Undo+1","floor":22.0},{"not_picked":["Sunder","Turbo"],"picked":"Hologram+1","floor":24.0},{"not_picked":["Steam","Go for the Eyes","Hologram"],"picked":"SKIP","floor":30.0},{"not_picked":["Amplify","Rainbow"],"picked":"Seek","floor":33.0},{"not_picked":["Compile Driver+1","Reprogram"],"picked":"White Noise+1","floor":35.0},{"not_picked":["Heatsinks+1","Ball Lightning+1","Genetic Algorithm+1"],"picked":"SKIP","floor":38.0},{"not_picked":["Gash","Rip and Tear"],"picked":"Static Discharge+1","floor":39.0},{"not_picked":["Genetic Algorithm+1","Go for the Eyes+1","Ball Lightning"],"picked":"SKIP","floor":40.0},{"not_picked":["Hello World+1","Barrage+1"],"picked":"Heatsinks+1","floor":42.0},{"not_picked":["Steam Power+1","Stack"],"picked":"Conserve Battery+1","floor":42.0},{"not_picked":["Beam Cell+1","Sweeping Beam+1"],"picked":"Go for the Eyes+1","floor":47.0},{"not_picked":["Thunder Strike","Reprogram+1","Turbo+1"],"picked":"SKIP","floor":47.0}],"player_experience":165675,"relics_obtained":[{"floor":6.0,"key":"Vajra"},{"floor":9.0,"key":"StrikeDummy"},{"floor":26.0,"key":"Bottled Tornado"},{"floor":40.0,"key":"Prayer Wheel"},{"floor":43.0,"key":"Gambling Chip"}],"event_choices":[{"damage_healed":0.0,"max_hp_gain":0.0,"max_hp_loss":0.0,"gold_gain":0.0,"cards_transformed":["Strike_B"],"event_name":"Living Wall","player_choice":"Change","floor":3.0,"gold_loss":0.0,"damage_taken":0.0,"cards_obtained":["Echo Form"]},{"damage_healed":0.0,"max_hp_gain":0.0,"max_hp_loss":0.0,"gold_gain":75.0,"event_name":"FaceTrader","player_choice":"Touch","floor":8.0,"gold_loss":0.0,"damage_taken":7.0},{"damage_healed":0.0,"max_hp_gain":0.0,"max_hp_loss":0.0,"gold_gain":0.0,"event_name":"Accursed Blacksmith","player_choice":"Forge","floor":21.0,"gold_loss":0.0,"damage_taken":0.0,"cards_upgraded":["Reboot"]},{"damage_healed":0.0,"max_hp_gain":0.0,"max_hp_loss":0.0,"gold_gain":99.0,"event_name":"Nest","player_choice":"Stole From Cult","floor":25.0,"gold_loss":0.0,"damage_taken":0.0},{"damage_healed":0.0,"max_hp_gain":0.0,"max_hp_loss":0.0,"gold_gain":0.0,"event_name":"NoteForYourself","player_choice":"Ignored","floor":29.0,"gold_loss":0.0,"damage_taken":0.0},{"cards_removed":["Defend_B"],"damage_healed":0.0,"max_hp_gain":0.0,"max_hp_loss":0.0,"gold_gain":0.0,"event_name":"Falling","player_choice":"Removed Skill","floor":37.0,"gold_loss":0.0,"damage_taken":0.0},{"damage_healed":66.0,"max_hp_gain":0.0,"max_hp_loss":9.0,"gold_gain":0.0,"event_name":"The Moai Head","player_choice":"Heal","floor":44.0,"gold_loss":0.0,"damage_taken":0.0},{"damage_healed":0.0,"max_hp_gain":0.0,"max_hp_loss":0.0,"gold_gain":0.0,"event_name":"SecretPortal","player_choice":"Ignored","floor":46.0,"gold_loss":0.0,"damage_taken":0.0}],"is_beta":false,"boss_relics":[{"not_picked":["FrozenCore","Black Star"],"picked":"SlaversCollar"},{"not_picked":["Fusion Hammer","Sozu"],"picked":"SacredBark"}],"items_purged_floors":[10,20,27,48],"is_endless":false,"potions_floor_spawned":[1,4,5,12,16,19,33,35,39],"ascension_level":0}}