{"host":"d61fcf2p3sjwe6yo","time":1612537734,"event":{"mods":["Act Like it!","BaseMod","Colored Map","Hallownest","Minty Spire (QoL Compilation)","StSLib","SuperFastMode","The Bug Knight"],"gold_per_floor":[217,217,37,37,37,72,72,92,115,129,160,172,208,220,232,244,244],"floor_reached":16,"language":"ENG","playtime":778,"items_purged":[],"score":106,"play_id":"a3781aca-ddc6-437b-8412-d07161301bb2","local_time":"20210205180854","is_ascension_mode":false,"campfire_choices":[{"data":"HollowMod:RecoilStrike","floor":7,"key":"SMITH"},{"data":"HollowMod:MantisMark","floor":12,"key":"SMITH"},{"data":"HollowMod:GoodIntentions","floor":15,"key":"SMITH"}],"circlet_count":0,"master_deck":["HollowMod:NailStrikeStart","HollowMod:NailStrikeStart","HollowMod:NailStrikeStart","HollowMod:NailStrikeStart","HollowMod:QuickDashStart","HollowMod:QuickDashStart","HollowMod:QuickDashStart","HollowMod:QuickDashStart","HollowMod:FocusHealStart+1","HollowMod:PogoStrike","HollowMod:GoodIntentions+1","HollowMod:RecoilStrike+1","HollowMod:MantisMark+1"],"relics":["HollowMod:VesselMask","Hallownest:DreamNailRelic","HollowMod:MillibellesNoteRelic","Pocketwatch","Orichalcum","MawBank","Omamori"],"acts_visited":["Hallownest:Greenpath"],"potions_floor_usage":[16,16],"damage_taken":[{"damage":3,"enemies":"Hallownest:2_MossCreeps","floor":1,"turns":6},{"damage":22,"enemies":"Hallownest:eliteVengeflyKing","floor":6,"turns":11},{"damage":5,"enemies":"Hallownest:monsterHuskGuard","floor":8,"turns":5},{"damage":1,"enemies":"Hallownest:monsterHuskWarrior","floor":10,"turns":4},{"damage":25,"enemies":"Hallownest:eliteCrystalGuardian","floor":11,"turns":6},{"damage":32,"enemies":"Hallownest:BossBrokenVessel","floor":16,"turns":12}],"seed_played":"2170343917880708213","potions_obtained":[{"floor":6,"key":"EntropicBrew"},{"floor":8,"key":"LiquidBronze"},{"floor":11,"key":"SmokeBomb"}],"is_trial":false,"path_per_floor":["M","?","$","?","$","E","R","M","T","M","E","R","T","$","R","B"],"character_chosen":"THE_BUGKNIGHT","items_purchased":["HollowMod:RecoilStrike","HollowMod:MillibellesNoteRelic"],"campfire_rested":0,"item_purchase_floors":[3,3],"current_hp_per_floor":[75,75,75,75,75,63,63,68,68,75,50,50,50,50,50,18,18],"gold":244,"neow_bonus":"HUNDRED_GOLD","is_daily":false,"chose_seed":false,"campfire_upgraded":3,"win_rate":0.0,"timestamp":1612537734,"path_taken":["M","?","?","?","?","E","R","M","T","?","E","R","?","$","R","BOSS"],"items_purchased_type":["Card","Relic"],"build_version":"2020-12-22","purchased_purges":0,"victory":false,"max_hp_per_floor":[75,75,75,75,75,75,75,75,75,75,75,75,75,75,75,75,75],"card_choices":[{"not_picked":["HollowMod:VengefulVoid","HollowMod:VengefulSpirit"],"picked":"HollowMod:GoodIntentions","floor":1},{"not_picked":["HollowMod:SoulEater","HollowMod:CoiledNail"],"picked":"HollowMod:MantisMark","floor":6},{"not_picked":["HollowMod:SoulStrike","HollowMod:NewLittleFool","HollowMod:LifebloodCocoon"],"picked":"SKIP","floor":8},{"not_picked":["HollowMod:DashSlash","HollowMod:NewLittleFool","HollowMod:SoulShaman"],"picked":"SKIP","floor":10},{"not_picked":["HollowMod:DungDefenderAura","HollowMod:NewJinnsSoul","HollowMod:CycloneSlash"],"picked":"SKIP","floor":11}],"player_experience":240856,"relics_obtained":[{"floor":6,"key":"Pocketwatch"},{"floor":9,"key":"Orichalcum"},{"floor":11,"key":"MawBank"},{"floor":13,"key":"Omamori"}],"event_choices":[],"is_beta":false,"boss_relics":[],"items_purged_floors":[],"is_endless":false,"potions_floor_spawned":[6,8,11],"killed_by":"Hallownest:BossBrokenVessel","ascension_level":0}}