{"host":"u6v0z43xi4vbzvq3","time":1612500673,"event":{"mods":["BaseMod","Beaked The Cultist","Colored Map","Downfall","Duelist Mod","Googly Eyes","Highlight Path","Hubris","Infinite Spire","Minty Spire (QoL Compilation)","Replay The Spire","Shop Mod","StSLib","SuperFastMode"],"gold_per_floor":[113,64,64,64,78,78,98,98,144,162,195,370,390,404,404,501,501,519,217,236,236,251,251,166,166,191,191,191,222,241,266,266,370,370,389,321,393,393,393,393,393,410,410,434,469,469,489,118,118,226,226,232,238,112,112,119,122,122,36,36,45,45,42,48,64,64,167,167,176,176,176,178,177,177,192,107,107,109,136,135,135,128,128,238,238,260,122,122,141,152,152,182,204,204,227,242,242,242,242,242,354,354,414,452,452,494,532,585,585,636,636,636,688,742,801,801,801,803,803],"floor_reached":118,"language":"ENG","playtime":5188,"items_purged":["downfall:Haunted","downfall:Haunted","downfall:Bewildered","Doubt"],"score":2254,"play_id":"6a348541-febe-42f4-b805-1915f4f5cea9","local_time":"20210205155113","daily_mods":["Heirloom"],"is_ascension_mode":false,"campfire_choices":[{"data":"Bash","floor":6.0,"key":"SMITH"},{"data":"Run Through","floor":8.0,"key":"SMITH"},{"data":"Perfected Strike","floor":23.0,"key":"SMITH"},{"data":"ReplayTheSpireMod:Muscle Training","floor":27.0,"key":"SMITH"},{"data":"Metallicize","floor":32.0,"key":"SMITH"},{"data":"Infernal Blade","floor":40.0,"key":"SMITH"},{"floor":46.0,"key":"REST"},{"floor":49.0,"key":"REST"},{"data":"Entrench","floor":58.0,"key":"SMITH"},{"floor":66,"key":"DIG"},{"data":"Demon Form","floor":74,"key":"SMITH"},{"data":"Searing Blow+2","floor":81,"key":"SMITH"},{"data":"Searing Blow+3","floor":83,"key":"SMITH"},{"data":"Searing Blow+4","floor":91,"key":"SMITH"},{"floor":97,"key":"REST"},{"data":"Searing Blow+5","floor":97,"key":"SMITH"},{"floor":100,"key":"DIG"},{"floor":109,"key":"REST"},{"data":"Searing Blow+6","floor":109,"key":"SMITH"},{"data":"Demon Form","floor":117,"key":"SMITH"}],"circlet_count":0,"master_deck":["Strike_R","Strike_R","Strike_R","Strike_R","Strike_R","Defend_R","Defend_R","Defend_R","Defend_R+1","Bash+1","Perfected Strike+1","Twin Strike","Wild Strike","Run Through+1","Pot Of Greed","Pot Of Greed","Sword Boomerang","Pummel","Fire Breathing","Barricade","Pommel Strike","Metallicize+1","Clothesline","Perfected Strike+1","Twin Strike+1","ReplayTheSpireMod:Muscle Training+1","Infernal Blade+1","Pummel","Dual Wield","hubris:Fate","Impervious","Thunderclap+1","Fire Breathing","Whirlwind","Pot Of Greed","infinitespire:Punishment","Thunderclap+1","Wild Strike+1","Replay:Undeath\u0027s Touch+1","Inflame+1","Inflame+1","Demon Form+1","Flex","Flex","Cleave+1","Entrench+1","Pot Of Greed","HandOfGreed+1","Immolate+1","Metallicize","Twin Strike+1","Rupture","Bludgeon+1","Perfected Strike+1","Barricade","Pommel Strike+1","Searing Blow+7","hubris:Wrath","Pot Of Greed","Spot Weakness+1","infinitespire:FinalStrike+1","Bludgeon+1","Combust+1","Heavy Blade+1","Flex","Perfected Strike+1","Perfected Strike+1","theDuelist:CurseAnubis","Spot Weakness","Hallucinations","Thunderclap+1","Pot Of Greed","Metallicize","Shrug It Off","Dark Embrace","Demon Form+1","Barricade","Thunderclap+1","Pommel Strike+1","Pommel Strike+1","Heavy Blade+1","Metallicize","Normality","Perfected Strike+1","Pot Of Greed","Cleave+1","PanicButton+1"],"relics":["Black Blood","replay:Trail_Library","Thread and Needle","Grinning Jar","Iron Hammer","Du-Vu Doll","Mark of Pain","Replay:Ringing Soul","Nloth\u0027s Gift","Anchor","Champion Belt","Ancient Tea Set","infinitespire:Midas Blood","Ornamental Fan","Happy Flower","Membership Card","Black Star","replay:Trail_Library","Molten Egg 2","MerchantsRug","infinitespire:Cubic Diamond","Self Forming Clay","hubris:CuriousFeather","hubris:TenFootPole","infinitespire:Bottled Soul","Cursed Key","sneckomod:BlankCard","hubris:DeckOfHolding","hexamod:BolsterEngine","Replay:Bottled Eggs","Strawberry","ReplayTheSpireMod:CursedCoin","infinitespire:EvilPickle","Sozu","Replay:Rubber Ducky","ReplayTheSpireMod:Spearhead","Akabeko","infinitespire:Magic Flask","Replay:Mystery Machine","infinitespire:Beetle Shell","Bottled Tornado","hubris:BundleOfHerbs","Art of War","Bottled Flame","ReplayTheSpireMod:TigerMarble","hubris:Metronome"],"acts_visited":["Exordium","TheCity","TheBeyond","Exordium","TheCity","TheBeyond","Exordium"],"potions_floor_usage":[72,84,84],"damage_taken":[{"damage":0.0,"enemies":"Small Slimes","floor":1.0,"turns":4.0},{"damage":0.0,"enemies":"Jaw Worm","floor":5.0,"turns":2.0},{"damage":1.0,"enemies":"2 Louse","floor":7.0,"turns":3.0},{"damage":4.0,"enemies":"Lots of Slimes","floor":10.0,"turns":4.0},{"damage":7.0,"enemies":"3 Sentries","floor":11.0,"turns":6.0},{"damage":0.0,"enemies":"2 Fungi Beasts","floor":13.0,"turns":2.0},{"damage":0.0,"enemies":"Looter","floor":14.0,"turns":1.0},{"damage":2.0,"enemies":"Fading Forest","floor":16.0,"turns":11.0},{"damage":6.0,"enemies":"Chosen","floor":18.0,"turns":2.0},{"damage":0.0,"enemies":"Spheric Guardian","floor":20.0,"turns":4.0},{"damage":1.0,"enemies":"Snecko","floor":22.0,"turns":4.0},{"damage":2.0,"enemies":"theDuelist:KaibaA2","floor":29.0,"turns":3.0},{"damage":0.0,"enemies":"Centurion and Healer","floor":30.0,"turns":5.0},{"damage":20.0,"enemies":"Nightmare","floor":31.0,"turns":6.0},{"damage":9.0,"enemies":"Champ","floor":33.0,"turns":9.0},{"damage":19.0,"enemies":"3 Darklings","floor":35.0,"turns":6.0},{"damage":39.0,"enemies":"Mind Bloom Boss Battle","floor":37.0,"turns":7.0},{"damage":0.0,"enemies":"Orb Walker","floor":42.0,"turns":2.0},{"damage":33.0,"enemies":"4 Shapes","floor":44.0,"turns":5.0},{"damage":45.0,"enemies":"Giant Head","floor":45.0,"turns":8.0},{"damage":0.0,"enemies":"Maw","floor":47.0,"turns":6.0},{"damage":34.0,"enemies":"Replay:Hell Engine","floor":50.0,"turns":11.0},{"damage":1.0,"enemies":"2 Louse","floor":52.0,"turns":2.0},{"damage":0.0,"enemies":"Jaw Worm","floor":53.0,"turns":2.0},{"damage":0.0,"enemies":"Cultist","floor":56.0,"turns":2.0},{"damage":0.0,"enemies":"Looter","floor":57.0,"turns":2.0},{"damage":0,"enemies":"Red Slaver","floor":61,"turns":1},{"damage":0,"enemies":"Lots of Slimes","floor":65,"turns":1},{"damage":6,"enemies":"The Guardian","floor":67,"turns":6},{"damage":12,"enemies":"Spheric Guardian","floor":69,"turns":3},{"damage":12,"enemies":"Shell Parasite","floor":72,"turns":3},{"damage":0,"enemies":"Sentry and Sphere","floor":73,"turns":3},{"damage":0,"enemies":"theDuelist:KaibaA2","floor":75,"turns":2},{"damage":0,"enemies":"3 Cultists","floor":80,"turns":3},{"damage":8,"enemies":"Cultist and Chosen","floor":82,"turns":4},{"damage":125,"enemies":"Pondfish","floor":84,"turns":7},{"damage":9,"enemies":"3 Shapes","floor":86,"turns":3},{"damage":0,"enemies":"3 Darklings","floor":89,"turns":1},{"damage":7,"enemies":"Maw","floor":90,"turns":5},{"damage":36,"enemies":"Nightmare","floor":92,"turns":3},{"damage":2,"enemies":"Jaw Worm Horde","floor":93,"turns":2},{"damage":106,"enemies":"Writhing Mass","floor":96,"turns":4},{"damage":109,"enemies":"Time Eater","floor":101,"turns":6},{"damage":0,"enemies":"Small Slimes","floor":103,"turns":1},{"damage":0,"enemies":"Cultist","floor":104,"turns":1},{"damage":0,"enemies":"Jaw Worm","floor":106,"turns":1},{"damage":0,"enemies":"Exordium Wildlife","floor":107,"turns":1},{"damage":13,"enemies":"Lagavulin","floor":108,"turns":3},{"damage":0,"enemies":"Exordium Thugs","floor":110,"turns":1},{"damage":0,"enemies":"3 Louse","floor":113,"turns":1},{"damage":0,"enemies":"Lagavulin Event","floor":114,"turns":2},{"damage":0,"enemies":"Looter","floor":115,"turns":1},{"damage":313,"enemies":"Hexaghost","floor":118,"turns":2}],"seed_played":"5453433054953277318","potions_obtained":[{"floor":5.0,"key":"PowerPotion"},{"floor":10.0,"key":"Toxic Potion"},{"floor":13.0,"key":"Energy Potion"},{"floor":16.0,"key":"LifebloodPotion"},{"floor":22.0,"key":"Adrenaline Potion"},{"floor":30.0,"key":"SpeedPotion"},{"floor":31.0,"key":"SpeedPotion"},{"floor":37.0,"key":"BlessingOfTheForge"},{"floor":44.0,"key":"Adrenaline Potion"},{"floor":45.0,"key":"SkillPotion"},{"floor":50.0,"key":"ColorlessPotion"},{"floor":53.0,"key":"Reflective Coating"},{"floor":56.0,"key":"Flashbang"},{"floor":57.0,"key":"SkillPotion"},{"floor":67,"key":"Energy Potion"},{"floor":80,"key":"champ:CounterPotion"},{"floor":82,"key":"DistilledChaos"}],"is_trial":true,"path_per_floor":["M","$","?","?","M","R","M","R","T","M","E","?","M","M","R_BF","B",null,"M","$","M","?","M","R","?","?","T","R","AVR","E","M","NM","R","B",null,"M","$","?","AVR","?","R","?","M","T","M","E","R","M","$","R","B",null,"M","M","$","?","M","M","R","$","T","M","?","$","?","M","R_BF","B",null,"M","?","$","M","M","R","E","?","T","?","$","M","R","M","R_BF","B",null,"M","$","?","M","M","R","NM","M","T","T","M","R","?","AVR","R_BF","B",null,"M","M","?","M","M","E","R","M","T","?","M","?","M","?","R","B"],"character_chosen":"IRONCLAD","items_purchased":["Twin Strike","Metallicize","Juzu Bracelet","Fire Breathing","Happy Flower","Inflame","Membership Card","Molten Egg 2","MerchantsRug","HandOfGreed+1","Twin Strike+1","hubris:CuriousFeather","Strawberry","ReplayTheSpireMod:CursedCoin","Replay:Rubber Ducky"],"campfire_rested":4,"item_purchase_floors":[2,19,19,36,48,48,48,54,54,59,63,63,79,79,87],"current_hp_per_floor":[80,80,64,64,70,70,75,75,75,77,76,76,80,80,80,80,80,80,80,80,80,80,80,80,80,80,83,83,86,89,78,78,78,95,91,94,70,73,73,73,76,91,91,73,43,82,94,97,125,106,128,131,134,134,134,137,140,140,143,143,146,149,152,140,155,155,158,158,161,164,164,167,167,167,170,170,173,157,167,182,182,186,186,76,194,197,197,197,200,203,203,182,195,198,201,110,179,182,185,185,97,230,233,236,236,239,239,241,242,245,248,254,257,257,257,260,260,0,0],"gold":803,"neow_bonus":"","is_daily":false,"chose_seed":false,"campfire_upgraded":14,"win_rate":0.0,"timestamp":1612500673,"path_taken":["M","$","?","?","M","R","M","R","T","M","E","?","M","M","R_BF","BOSS","M","?","M","?","M","R","?","?","T","R","AVR","E","?","NM","R","BOSS","M","$","?","AVR","?","R","?","M","T","?","E","R","M","$","R","BOSS","M","M","$","?","M","M","R","$","T","M","?","?","?","M","R_BF","BOSS","M","?","$","?","M","R","E","?","T","?","?","M","R","M","R_BF","BOSS","M","$","?","M","M","R","NM","?","T","?","?","R","?","AVR","R_BF","BOSS","M","?","?","M","?","E","R","M","T","?","M","?","M","?","R","BOSS"],"items_purchased_type":["Card","Card","Relic","Card","Relic","Card","Relic","Relic","Relic","Card","Card","Relic","Relic","Relic","Relic"],"build_version":"2020-12-22","purchased_purges":4,"victory":false,"max_hp_per_floor":[80,80,80,80,80,80,80,80,80,80,80,80,80,80,80,80,80,80,80,80,80,80,80,80,80,80,83,83,86,89,92,92,95,95,98,101,104,107,107,107,110,113,113,116,119,122,122,125,125,128,128,131,134,134,134,137,140,140,143,143,146,149,152,152,155,155,158,158,161,164,164,167,167,167,170,170,173,178,188,191,191,191,191,194,194,197,197,197,200,203,203,206,209,212,215,218,221,224,227,227,230,230,233,236,236,239,239,242,242,245,248,254,257,257,257,260,260,260,260],"card_choices":[{"not_picked":["hubris:SharpeningStone","Hemokinesis"],"picked":"Perfected Strike","floor":1.0},{"not_picked":["Thunderclap","Clash"],"picked":"Wild Strike","floor":5.0},{"not_picked":["ReplayTheSpireMod:Corrosion Curse","Uppercut"],"picked":"Run Through","floor":7.0},{"not_picked":["Shockwave","Blood for Blood"],"picked":"Sword Boomerang","floor":10.0},{"not_picked":["Evolve","hubris:CleavingFinish"],"picked":"Shrug It Off","floor":11.0},{"not_picked":["Clothesline","Armaments"],"picked":"Pummel","floor":13.0},{"not_picked":["Run Through","Sword Boomerang"],"picked":"Fire Breathing","floor":14.0},{"not_picked":["hubris:StunningStrike","Corruption"],"picked":"Barricade","floor":16.0},{"not_picked":["Warcry","Twin Strike"],"picked":"Pommel Strike","floor":18.0},{"not_picked":["Feel No Pain","ReplayTheSpireMod:Limb From Limb"],"picked":"Clothesline","floor":20.0},{"not_picked":["Anger","Headbutt+1"],"picked":"Twin Strike+1","floor":22.0},{"not_picked":["Brutality","Uppercut"],"picked":"Infernal Blade","floor":29.0},{"not_picked":["ReplayTheSpireMod:Strike From Hell+1","Whirlwind"],"picked":"Pummel","floor":30.0},{"not_picked":["ReplayReversal+1","Havoc"],"picked":"Dual Wield","floor":31.0},{"not_picked":["hubris:Rewind","ReplayTheSpireMod:Haul"],"picked":"hubris:Fate","floor":31.0},{"not_picked":["Offering","Brutality"],"picked":"Impervious","floor":33.0},{"not_picked":["Heavy Blade+1","Clash+1"],"picked":"Thunderclap+1","floor":35.0},{"not_picked":["Uppercut","ReplayTheSpireMod:Stacked"],"picked":"Whirlwind","floor":37.0},{"not_picked":["ReplayTheSpireMod:Corrosion Curse+1","ReplayTheSpireMod:Strike From Hell+1"],"picked":"Thunderclap+1","floor":42.0},{"not_picked":["Disarm+1","Defy Death+1"],"picked":"Wild Strike+1","floor":44.0},{"not_picked":["Fiend Fire","Shockwave"],"picked":"Replay:Undeath\u0027s Touch+1","floor":45.0},{"not_picked":["Havoc","hubris:CleavingFinish","True Grit+1"],"picked":"SKIP","floor":47.0},{"not_picked":["hubris:StunningStrike","Hemogenesis"],"picked":"Demon Form","floor":50.0},{"not_picked":["Carnage","Immolate"],"picked":"Flex","floor":52.0},{"not_picked":["Seeing Red","Cleave"],"picked":"Flex","floor":53.0},{"not_picked":["Seeing Red","Warcry"],"picked":"Cleave+1","floor":56.0},{"not_picked":["hubris:ReadiedAction","Havoc"],"picked":"Entrench","floor":57.0},{"not_picked":["Rampage+1","hubris:ReadiedAction"],"picked":"Immolate+1","floor":61},{"not_picked":["Pommel Strike+1","Twin Strike+1"],"picked":"Rupture","floor":65},{"not_picked":["Hemogenesis+1","hubris:StunningStrike+1"],"picked":"Bludgeon+1","floor":67},{"not_picked":["Dropkick+1","Life Link"],"picked":"Perfected Strike+1","floor":69},{"not_picked":["Iron Wave+1","Headbutt+1"],"picked":"Pommel Strike+1","floor":72},{"not_picked":["Replay:Undeath\u0027s Touch+1","Corruption","hubris:ReadiedAction+1"],"picked":"SKIP","floor":73},{"not_picked":["Replay:Undeath\u0027s Touch+1","Replay:Many Hands"],"picked":"Searing Blow+2","floor":75},{"not_picked":["Disarm","Flex+1"],"picked":"Spot Weakness+1","floor":80},{"not_picked":["hubris:SharpeningStone","Shrug It Off","Headbutt+1"],"picked":"SKIP","floor":82},{"not_picked":["ReplayTheSpireMod:??????????????????????","infinitespire:Starlight"],"picked":"infinitespire:FinalStrike","floor":84},{"not_picked":["hubris:StunningStrike+1","Offering"],"picked":"Bludgeon+1","floor":84},{"not_picked":["Dual Wield+1","Replay:Undeath\u0027s Touch+1"],"picked":"Combust+1","floor":86},{"not_picked":["ReplayTheSpireMod:LeadingStrike+1","True Grit+1"],"picked":"Heavy Blade+1","floor":89},{"not_picked":["Hemokinesis+1","Rage"],"picked":"Flex","floor":90},{"not_picked":["Juggernaut","Battle Trance+1"],"picked":"Perfected Strike+1","floor":92},{"not_picked":["Rampage+1","Sword Boomerang+1"],"picked":"Perfected Strike+1","floor":93},{"not_picked":["Wild Strike+1","Combust"],"picked":"Thunderclap+1","floor":96},{"not_picked":["Offering","Exhume"],"picked":"Barricade","floor":101},{"not_picked":["hubris:ReadiedAction","ReplayTheSpireMod:Stacked"],"picked":"Thunderclap+1","floor":103},{"not_picked":["Replay:Undeath\u0027s Touch+1","Disarm"],"picked":"Pommel Strike+1","floor":104},{"not_picked":["Anger+1","Evolve"],"picked":"Pommel Strike+1","floor":106},{"not_picked":["ReplayTheSpireMod:Stacked","hubris:SharpeningStone","Power Through"],"picked":"SKIP","floor":107},{"not_picked":["Warcry","Infernal Blade"],"picked":"Heavy Blade+1","floor":108},{"not_picked":["Rage","Armaments"],"picked":"Metallicize","floor":110},{"not_picked":["ReplayTheSpireMod:LeadingStrike+1","Disarm"],"picked":"Cleave+1","floor":113},{"not_picked":["Hemogenesis+1","Reckless Charge+1","Infernal Blade"],"picked":"SKIP","floor":115}],"player_experience":118409,"relics_obtained":[{"floor":9.0,"key":"Grinning Jar"},{"floor":11.0,"key":"Iron Hammer"},{"floor":26.0,"key":"Anchor"},{"floor":29.0,"key":"Ancient Tea Set"},{"floor":31.0,"key":"infinitespire:Midas Blood"},{"floor":37.0,"key":"Ginger"},{"floor":43.0,"key":"Ornamental Fan"},{"floor":45.0,"key":"Peace Pipe"},{"floor":60,"key":"Self Forming Clay"},{"floor":66,"key":"infinitespire:Bottled Soul"},{"floor":75,"key":"sneckomod:BlankCard"},{"floor":75,"key":"hubris:DeckOfHolding"},{"floor":77,"key":"Replay:Bottled Eggs"},{"floor":92,"key":"Akabeko"},{"floor":92,"key":"infinitespire:Magic Flask"},{"floor":94,"key":"Replay:Mystery Machine"},{"floor":95,"key":"infinitespire:Beetle Shell"},{"floor":100,"key":"hubris:BundleOfHerbs"},{"floor":108,"key":"Art of War"},{"floor":108,"key":"Bottled Flame"},{"floor":111,"key":"ReplayTheSpireMod:TigerMarble"},{"floor":114,"key":"hubris:Metronome"}],"event_choices":[{"damage_healed":0.0,"max_hp_gain":0.0,"max_hp_loss":0.0,"gold_gain":0.0,"event_name":"Shining Light","player_choice":"Entered Light","floor":3.0,"gold_loss":0.0,"damage_taken":16.0,"cards_upgraded":["Defend_R","Perfected Strike"]},{"damage_healed":0.0,"max_hp_gain":0.0,"max_hp_loss":0.0,"gold_gain":175.0,"event_name":"Liars Game","player_choice":"AGREE","floor":12.0,"gold_loss":0.0,"damage_taken":0.0,"cards_obtained":["Doubt"]},{"damage_healed":0.0,"max_hp_gain":0.0,"max_hp_loss":0.0,"gold_gain":0.0,"event_name":"Addict","player_choice":"Obtained Relic","floor":24.0,"gold_loss":85.0,"damage_taken":0.0,"relics_obtained":["Replay:Ringing Soul"]},{"damage_healed":0.0,"max_hp_gain":0.0,"max_hp_loss":0.0,"gold_gain":0.0,"event_name":"N\u0027loth","player_choice":"Traded Relic","floor":25.0,"relics_lost":["Juzu Bracelet"],"gold_loss":0.0,"damage_taken":0.0,"relics_obtained":["Nloth\u0027s Gift"]},{"damage_healed":0.0,"max_hp_gain":0.0,"max_hp_loss":0.0,"gold_gain":0.0,"event_name":"MindBloom","player_choice":"Fight","floor":37.0,"gold_loss":0.0,"damage_taken":0.0},{"damage_healed":0.0,"max_hp_gain":0.0,"max_hp_loss":0.0,"gold_gain":0.0,"event_name":"Mysterious Sphere","player_choice":"Ignored","floor":39.0,"gold_loss":0.0,"damage_taken":0.0},{"damage_healed":0.0,"max_hp_gain":0.0,"max_hp_loss":0.0,"gold_gain":0.0,"cards_transformed":["Replay:Fractal Strike"],"event_name":"Transmorgrifier","player_choice":"Transformed","floor":41.0,"gold_loss":0.0,"damage_taken":0.0,"cards_obtained":["infinitespire:Punishment"]},{"damage_healed":0,"gold_gain":0,"player_choice":"Success","damage_taken":12,"relics_obtained":["hubris:TenFootPole"],"max_hp_gain":0,"max_hp_loss":0,"event_name":"Scrap Ooze","floor":64,"gold_loss":0},{"damage_healed":0,"gold_gain":0,"player_choice":"Obtained Relic","damage_taken":0,"relics_obtained":["hexamod:BolsterEngine"],"max_hp_gain":0,"max_hp_loss":0,"event_name":"Addict","floor":76,"gold_loss":85},{"damage_healed":0,"gold_gain":0,"player_choice":"Shed Blood","damage_taken":43,"max_hp_gain":5,"max_hp_loss":0,"event_name":"Forgotten Altar","floor":78,"gold_loss":0},{"cards_removed":["Shrug It Off"],"damage_healed":0,"gold_gain":0,"player_choice":"Gave Card","damage_taken":0,"relics_obtained":["ReplayTheSpireMod:Spearhead"],"max_hp_gain":0,"max_hp_loss":0,"event_name":"WeMeetAgain","floor":88,"gold_loss":0},{"damage_healed":0,"gold_gain":0,"player_choice":"2 cards matched","damage_taken":0,"max_hp_gain":0,"max_hp_loss":0,"event_name":"Match and Keep!","floor":98,"gold_loss":0,"cards_obtained":["Shrug It Off","Dark Embrace"]},{"damage_healed":0,"gold_gain":0,"player_choice":"Ignored","damage_taken":0,"max_hp_gain":0,"max_hp_loss":0,"event_name":"NoteForYourself","floor":105,"gold_loss":0},{"damage_healed":0,"gold_gain":0,"player_choice":"Searched \u00271\u0027 times","damage_taken":0,"max_hp_gain":0,"max_hp_loss":0,"event_name":"Dead Adventurer","floor":114,"gold_loss":0}],"is_beta":false,"boss_relics":[{"not_picked":["Astrolabe","Painkiller Herb"],"picked":"Mark of Pain"},{"not_picked":["Empty Cage","SlaversCollar"],"picked":"Black Blood"},{"not_picked":["Runic Cube","Snecko Eye"],"picked":"Black Star"},{"not_picked":["beaked:MawFillet","Busted Crown"],"picked":"Cursed Key"},{"not_picked":["Runic Dome","Coffee Dripper"],"picked":"Sozu"},{"not_picked":["hubris:BlackHole","ReplayTheSpireMod:SealedPack","Painkiller Herb"]}],"items_purged_floors":[19,28,79,87],"is_endless":true,"potions_floor_spawned":[5,10,13,16,22,30,31,37,44,45,50,53,56,57,67,80,82,90,92,101,106,110,114,115],"killed_by":"Hexaghost","ascension_level":0}}