{"host":"gttgmv2wah99hzdm","time":1612541462,"event":{"mods":["AchievementEnabler","BaseMod","Bestiary","Block Reminder","Filter the Spire","Minty Spire (QoL Compilation)","Relic Stats","Weighted Paths","ojb\u0027s Info Mod"],"gold_per_floor":[119,134,134,146,163,163,183,217,299,312,312,323,350,362,362,362,362],"floor_reached":16,"language":"ENG","playtime":767,"items_purged":[],"score":232,"play_id":"2f634ad2-ebec-41ba-8b98-45c7e8da4b3c","local_time":"20210205101102","is_ascension_mode":true,"campfire_choices":[{"data":"Inflame","floor":6,"key":"SMITH"},{"floor":11,"key":"REST"},{"data":"Spot Weakness","floor":15,"key":"SMITH"}],"circlet_count":0,"master_deck":["AscendersBane","Strike_R","Strike_R","Strike_R","Strike_R","Strike_R","Defend_R","Defend_R","Defend_R","Defend_R","Bash","CurseOfTheBell","Impervious","Clothesline","Cleave","Inflame+1","Spot Weakness+1","Metallicize","Feed"],"relics":["Calling Bell","Regal Pillow","Gremlin Horn","Gambling Chip","Vajra","Kunai","Turnip"],"acts_visited":["Exordium"],"potions_floor_usage":[13,16,16],"damage_taken":[{"damage":0.0,"enemies":"2 Louse","floor":1.0,"turns":2.0},{"damage":2,"enemies":"Jaw Worm","floor":2,"turns":4},{"damage":0,"enemies":"Cultist","floor":4,"turns":3},{"damage":4,"enemies":"Large Slime","floor":5,"turns":6},{"damage":2,"enemies":"2 Fungi Beasts","floor":7,"turns":3},{"damage":42,"enemies":"Gremlin Nob","floor":8,"turns":5},{"damage":11,"enemies":"Exordium Wildlife","floor":10,"turns":3},{"damage":3,"enemies":"Looter","floor":12,"turns":4},{"damage":17,"enemies":"3 Sentries","floor":13,"turns":6},{"damage":7,"enemies":"2 Fungi Beasts","floor":14,"turns":2},{"damage":48,"enemies":"The Guardian","floor":16,"turns":14}],"seed_played":"-1121887883069877757","potions_obtained":[{"floor":1,"key":"BlessingOfTheForge"},{"floor":7,"key":"PowerPotion"},{"floor":13,"key":"BloodPotion"}],"is_trial":false,"path_per_floor":["M","M","?","M","M","R","M","E","T","M","R","M","E","M","R","B"],"character_chosen":"IRONCLAD","items_purchased":[],"campfire_rested":1,"item_purchase_floors":[],"current_hp_per_floor":[68,66,71,71,67,67,65,23,23,12,51,48,34,30,30,0,0],"gold":362,"neow_bonus":"BOSS_RELIC","is_daily":false,"chose_seed":false,"campfire_upgraded":2,"win_rate":0.0,"timestamp":1612541462,"path_taken":["M","M","?","M","M","R","M","E","T","M","R","M","E","M","R","BOSS"],"items_purchased_type":[],"build_version":"2020-12-22","purchased_purges":0,"victory":false,"max_hp_per_floor":[75,75,80,80,80,80,80,80,80,80,80,80,83,86,86,86,86],"relic_stats":{"Regal Pillow":15,"Gremlin Horn":[7,7],"counters":[11,52],"Gambling Chip":[33],"Turnip":[0],"Kunai":[3],"obtain_stats":[{"Calling Bell":0,"Regal Pillow":0,"Gremlin Horn":0,"Gambling Chip":0,"Vajra":8,"Turnip":13,"Kunai":9,"Burning Blood":0},{"Calling Bell":0,"Regal Pillow":0,"Gremlin Horn":0,"Gambling Chip":0,"Vajra":6,"Turnip":9,"Kunai":6,"Burning Blood":0},{"Calling Bell":0,"Regal Pillow":0,"Gremlin Horn":0,"Gambling Chip":0,"Vajra":23,"Turnip":36,"Kunai":23,"Burning Blood":0}]},"card_choices":[{"not_picked":["Heavy Blade","Clash"],"picked":"Impervious","floor":1},{"not_picked":["Metallicize","Perfected Strike"],"picked":"Clothesline","floor":2},{"not_picked":["Iron Wave","Perfected Strike"],"picked":"Cleave","floor":4},{"not_picked":["Second Wind","Wild Strike"],"picked":"Inflame","floor":5},{"not_picked":["Reckless Charge","Bloodletting"],"picked":"Spot Weakness","floor":7},{"not_picked":["Sever Soul","Iron Wave"],"picked":"Metallicize","floor":8},{"not_picked":["Flex","Pummel","Ghostly Armor"],"picked":"SKIP","floor":10},{"not_picked":["Headbutt","Thunderclap"],"picked":"Feed","floor":12},{"not_picked":["Thunderclap","Sword Boomerang","Havoc"],"picked":"SKIP","floor":13},{"not_picked":["Power Through","Rupture","Metallicize"],"picked":"SKIP","floor":14}],"player_experience":1099141,"relics_obtained":[{"floor":0.0,"key":"Regal Pillow"},{"floor":0.0,"key":"Gremlin Horn"},{"floor":0.0,"key":"Gambling Chip"},{"floor":8,"key":"Vajra"},{"floor":9,"key":"Kunai"},{"floor":13,"key":"Turnip"}],"event_choices":[{"damage_healed":0,"gold_gain":0,"player_choice":"Donut","damage_taken":0,"max_hp_gain":5,"max_hp_loss":0,"event_name":"Big Fish","floor":3,"gold_loss":0}],"is_beta":false,"boss_relics":[],"items_purged_floors":[],"is_endless":false,"potions_floor_spawned":[1,7,12,13,14],"killed_by":"The Guardian","ascension_level":20}}