{"host":"gfr9dk7hxbf4u708","time":1612559263,"event":{"mods":["AchievementEnabler","BaseMod","Better Third Choice","Colored Map","Downfall","Googly Eyes","Hermit","Hubris","Infinite Spire","Minty Spire (QoL Compilation)","Permanent Neow","Quick Restart","Random Character Button","Reliquary","Replay The Spire","StSLib","The Bug Knight","The Hierophant","The Jungle","The Runesmith"],"gold_per_floor":[119,194,155,167,192,192,223,241,267,283,283,283,283,302,302,399,399,413,184,196,196,196,206,206,206,206],"floor_reached":25,"language":"ENG","playtime":1142,"items_purged":["Strike_B"],"score":221,"play_id":"b40ca207-6c2c-4650-9cfe-39eea55139b5","local_time":"20210205230743","is_ascension_mode":true,"campfire_choices":[{"data":"Zap","floor":6,"key":"SMITH"},{"data":"Defragment","floor":12,"key":"SMITH"},{"data":"Thunder Strike","floor":15,"key":"SMITH"}],"circlet_count":0,"master_deck":["Strike_B","Strike_B","Defend_B","Defend_B","Defend_B","Defend_B","Zap+1","Dualcast","Thunder Strike+1","Auto Shields","Defragment+1","Ball Lightning","Conserve Battery","Ball Lightning","Gash+1","Reboot"],"relics":["Cracked Core","Bag of Marbles","Replay:Baseball","hubris:Towel","hubris:Stopwatch","Runic Capacitor","theJungle:BirthdayCakeSlice"],"acts_visited":["Exordium","Exordium"],"potions_floor_usage":[16,16,23,25,25],"damage_taken":[{"damage":4.0,"enemies":"Jaw Worm","floor":1.0,"turns":3.0},{"damage":0.0,"enemies":"Cultist","floor":4.0,"turns":3.0},{"damage":29,"enemies":"3 Sentries","floor":7,"turns":8},{"damage":0,"enemies":"Small Slimes","floor":8,"turns":2},{"damage":6,"enemies":"Looter","floor":10,"turns":3},{"damage":8,"enemies":"Exordium Thugs","floor":14,"turns":3},{"damage":8,"enemies":"The Guardian","floor":16,"turns":7},{"damage":26,"enemies":"theJungle:5_Spyders","floor":18,"turns":6},{"damage":12,"enemies":"theJungle:MUSHROOMGANG","floor":20,"turns":4},{"damage":30,"enemies":"theJungle:2_Snecko_Cultists","floor":23,"turns":4},{"damage":13,"enemies":"theJungle:2_Phrogs","floor":25,"turns":2}],"seed_played":"-3729449931328096394","potions_obtained":[{"floor":1.0,"key":"Toxic Potion"},{"floor":8,"key":"Swift Potion"},{"floor":14,"key":"PowerPotion"},{"floor":18,"key":"FearPotion"},{"floor":20,"key":"Adrenaline Potion"}],"is_trial":false,"path_per_floor":["M","?","$","M","T","R","E","M","T","M","?","R","?","M","R_BF","B",null,"M","$","M","PTL","PTL","M","?","E"],"character_chosen":"DEFECT","items_purchased":["Defragment","Runic Capacitor"],"campfire_rested":0,"item_purchase_floors":[3,19],"current_hp_per_floor":[71,60,60,60,60,60,31,31,31,25,25,25,25,17,17,9,75,49,49,37,37,37,7,12,0,0],"gold":206,"neow_bonus":"ONE_RANDOM_RARE_CARD","is_daily":false,"chose_seed":false,"campfire_upgraded":3,"win_rate":0.0,"timestamp":1612559263,"path_taken":["M","?","$","M","?","R","E","M","T","M","?","R","?","M","R_BF","BOSS","M","$","M","PTL","PTL","M","?","E"],"items_purchased_type":["Card","Relic"],"build_version":"2020-12-22","purchased_purges":1,"victory":false,"max_hp_per_floor":[75,75,75,75,75,75,75,75,75,75,75,75,75,75,75,75,75,75,75,75,75,75,75,80,80,80],"card_choices":[{"not_picked":["ReplayTheSpireMod:System Scan","Go for the Eyes"],"picked":"Auto Shields","floor":1.0},{"not_picked":["Barrage","Conserve Battery","Panic Button"],"picked":"SKIP","floor":4.0},{"not_picked":["Coolheaded","hubris:DoWhile"],"picked":"Ball Lightning","floor":7},{"not_picked":["Go for the Eyes","Reprogram"],"picked":"Conserve Battery","floor":8},{"not_picked":["Darkness","Skim"],"picked":"Ball Lightning","floor":10},{"not_picked":["BootSequence","Cold Snap","Hello World"],"picked":"SKIP","floor":14},{"not_picked":["Rainbow","hubris:Prefetch"],"picked":"Reboot","floor":16},{"not_picked":["Steam Power","Gash","Compile Driver"],"picked":"SKIP","floor":18},{"not_picked":["Double Energy","Streamline","Stack"],"picked":"SKIP","floor":20},{"not_picked":["Hologram+1","Beam Cell","Conserve Battery"],"picked":"SKIP","floor":23}],"player_experience":323787,"relics_obtained":[{"floor":7,"key":"Bag of Marbles"},{"floor":9,"key":"Replay:Baseball"}],"event_choices":[{"damage_healed":0.0,"max_hp_gain":0.0,"max_hp_loss":0.0,"gold_gain":75.0,"event_name":"betterThird:BetterGoop","player_choice":"Gold","floor":2.0,"gold_loss":0.0,"damage_taken":11.0}],"is_beta":false,"boss_relics":[{"not_picked":["Snecko Heart","reliquary:Craggleroot"],"picked":"hubris:Stopwatch"}],"items_purged_floors":[19],"is_endless":false,"potions_floor_spawned":[1,8,14,18,20],"killed_by":"theJungle:2_Phrogs","ascension_level":2}}