{"host":"mq7pyadb5kndcn8l","time":1612518525,"event":{"mods":["AchievementEnabler","Arknights","Aspiration","BaseMod","Better Altar","Better Match","Better Note","Better Sensory Stone","Better Skull","Better Third Choice","BetterRewards","Block Reminder","CCEM2","Challenge The Spire","ChefMod","Colored Map","Colored Powertips","Conspire","Displayed Cursed Tome","Dota2Spire","Energized Spire","GifTheSpireLib","Highlight Path","Hubris","Infinite Spire","Mad Scientist","Marked Mod","Mimic Mod","Minty Spire (QoL Compilation)","Permanent Neow","QueenMod","Quick Restart","Random Character Button","Rare Cards Sparkle","Relic Filter","Relic Sorter","Reliquary","Replay The Spire","Reworked Bosses","Shade Mod","Shop Mod","Spicy Shops","Spikes Relics","Spire Arcade","StSLib","Stuff the Spire","SuperFastMode","The Blue Laboratory","Thieving Mod","Trackpad","Transform Curses","Wandering Minibosses"],"gold_per_floor":[116,116,116,36,56,68,94,94,165,165,185,13,13,42,42,145,145,157,177,207,207,50,77,94,111,111,111,130,159,174,174,174,272,272,292,292,36,103,103,128,138,138,138,65,65,173,285,305,305,480,480,480,1,88,458],"floor_reached":56,"language":"ENG","playtime":4489,"items_purged":["Strike_G","Strike_G","Strike_G","Strike_G","Defend_G","Defend_G","Defend_G","Defend_G","Survivor"],"score":2161,"play_id":"a26ce6c3-bd24-47de-b5ce-41ec25a66ac7","local_time":"20210205044845","is_ascension_mode":true,"campfire_choices":[{"data":"hubris:SlightOfHand","floor":10.0,"key":"SMITH"},{"data":"ReplayTheSpireMod:Scrap Shanks","floor":13.0,"key":"SMITH"},{"data":"Expertise","floor":15.0,"key":"SMITH"},{"data":"After Image","floor":27.0,"key":"SMITH"},{"data":"Acrobatics","floor":32.0,"key":"SMITH"},{"floor":42,"key":"RECALL"},{"data":"Neutralize","floor":45,"key":"SMITH"},{"data":"Underhanded Strike","floor":49,"key":"SMITH"},{"data":"Pace","floor":52,"key":"SMITH"}],"circlet_count":0,"master_deck":["Defend_G","Neutralize+1","A Thousand Cuts+1","Prepared+1","Underhanded Strike+1","Prepared+1","Bandage Up+1","Expertise+1","conspire:Banana+1","Acrobatics+1","hubris:SlightOfHand+1","Escape Plan+1","ReplayTheSpireMod:Scrap Shanks+1","Prepared+1","After Image+1","Prepared+1","Reflex+1","Prepared+1","Concentrate+1","Draining Mist+1","Pace+1"],"relics":["Ring of the Snake","hubris:Icosahedron","MerchantsRug","StuffTheSpire:CocoNut","Dota2Spire:PhaseBoots","RetroEgg","Dota2Spire:LinkenSphere","Question Card","StuffTheSpire:RunicHypercube","Counterbalance","BlackRope","Runic Dome","Replay:Bandana","SpikesRelics:DaevaFist","Membership Card","Boot","StuffTheSpire:Experiment12","StuffTheSpire:OldFever"],"acts_visited":["Exordium","TheCity","TheBeyond","TheEnding"],"potions_floor_usage":[40,55,55,55],"damage_taken":[{"damage":0.0,"enemies":"2 Louse","floor":1.0,"turns":2.0},{"damage":4.0,"enemies":"conspire:RoseBush","floor":5.0,"turns":2.0},{"damage":0.0,"enemies":"Cultist","floor":6.0,"turns":3.0},{"damage":0.0,"enemies":"Lagavulin","floor":7.0,"turns":4.0},{"damage":6.0,"enemies":"conspire:2 RoseBushes","floor":11.0,"turns":3.0},{"damage":0.0,"enemies":"Gremlin Nob","floor":14.0,"turns":2.0},{"damage":0.0,"enemies":"Fading Forest","floor":16.0,"turns":2.0},{"damage":0.0,"enemies":"3 Byrds","floor":18.0,"turns":1.0},{"damage":0.0,"enemies":"2 Thieves","floor":19.0,"turns":1.0},{"damage":0.0,"enemies":"conspire:HollyBat","floor":20.0,"turns":2.0},{"damage":0.0,"enemies":"Gremlin Leader","floor":23.0,"turns":2.0},{"damage":0.0,"enemies":"conspire:HollyBat","floor":24.0,"turns":2.0},{"damage":12.0,"enemies":"Snake Plant","floor":25.0,"turns":2.0},{"damage":0.0,"enemies":"Centurion and Healer","floor":28.0,"turns":2.0},{"damage":0.0,"enemies":"Slavers","floor":29.0,"turns":1.0},{"damage":0.0,"enemies":"Shelled Parasite and Fungi","floor":30.0,"turns":1.0},{"damage":0.0,"enemies":"bossMod:newChamp","floor":33.0,"turns":1.0},{"damage":0.0,"enemies":"3 Shapes","floor":35.0,"turns":1.0},{"damage":6,"enemies":"R_Hoarder","floor":40,"turns":5},{"damage":0,"enemies":"Orb Walker","floor":41,"turns":1},{"damage":0,"enemies":"Reptomancer","floor":46,"turns":2},{"damage":0,"enemies":"Transient","floor":47,"turns":5},{"damage":0,"enemies":"Jaw Worm Horde","floor":48,"turns":1},{"damage":0,"enemies":"hubris:GrandSnecko","floor":50,"turns":1},{"damage":0,"enemies":"Shield and Spear","floor":54,"turns":1},{"damage":1,"enemies":"The Heart","floor":55,"turns":3}],"seed_played":"1764375747683958344","potions_obtained":[{"floor":5.0,"key":"blueLaboratory:BottleOfRum"},{"floor":6.0,"key":"blueLaboratory:EnvenomedCoating"},{"floor":14.0,"key":"blueLaboratory:SuffocatingSmog"},{"floor":19.0,"key":"SkillPotion"},{"floor":23.0,"key":"ColorlessPotion"},{"floor":25.0,"key":"blueLaboratory:BottleOfVodka"},{"floor":29.0,"key":"CunningPotion"},{"floor":38.0,"key":"blueLaboratory:EmptyBottle"},{"floor":38.0,"key":"blueLaboratory:CorrosionFlask"},{"floor":38.0,"key":"Cursed Concoction"},{"floor":41,"key":"blueLaboratory:FrostheartPotion"},{"floor":46,"key":"Strength Potion"},{"floor":47,"key":"AttackPotion"},{"floor":48,"key":"blueLaboratory:EnvenomedCoating"},{"floor":54,"key":"blueLaboratory:ArtistsPotion"}],"is_trial":false,"path_per_floor":["M","?","?","$","M","M","E","?","T","R","M","$","R","E","R","B",null,"M","M","MIM","?","$","E","M","M","T","R","M","E","M","AVR","R","B",null,"M","?","$","?","?","E","M","R","T","$","R","E","M","M","R","B",null,"R","$","E","B",null],"character_chosen":"THE_SILENT","items_purchased":["MerchantsRug","StuffTheSpire:CocoNut","Dota2Spire:PhaseBoots","A Thousand Cuts","Prepared","Guide Book","Flash of Steel","Underhanded Strike","DollysMirror","Strawberry","RetroEgg","Bandage Up","Acrobatics","hubris:SlightOfHand","Prepared+1","After Image","Membership Card","Boot","StuffTheSpire:Experiment12","Languid Potion"],"campfire_rested":0,"item_purchase_floors":[0,0,0,0,0,0,0,0,0,0,0,0,4,4,12,22,53,53,53,53],"current_hp_per_floor":[48,41,41,41,45,53,61,61,61,61,63,63,63,71,71,79,96,98,100,102,102,102,104,106,96,96,96,104,112,114,114,114,116,116,118,118,118,89,89,91,99,99,99,99,99,107,115,123,123,130,130,130,130,132,134],"gold":458,"neow_bonus":"","is_daily":false,"chose_seed":false,"campfire_upgraded":8,"win_rate":0.0,"timestamp":1612518525,"path_taken":["M","?","?","$","M","?","E","?","T","R","M","$","R","E","R","BOSS","M","M","?","?","$","E","M","M","T","R","M","E","M","AVR","R","BOSS","M","?","?","?","?","E","?","R","T","$","R","E","?","M","R","BOSS","R","$","E","BOSS"],"items_purchased_type":["Relic","Relic","Relic","Card","Card","Relic","Card","Card","Relic","Relic","Relic","Card","Card","Card","Card","Card","Relic","Relic","Relic","Potion"],"build_version":"2020-12-22","purchased_purges":9,"victory":true,"max_hp_per_floor":[84,84,84,84,86,88,90,90,90,90,92,92,92,94,94,96,96,98,100,102,102,102,104,106,108,108,108,110,112,114,114,114,116,116,118,118,118,118,118,120,122,122,122,122,122,124,126,128,128,130,130,130,130,132,134],"card_choices":[{"not_picked":["Cloak And Dagger","Dagger Throw"],"picked":"Expertise","floor":1.0},{"not_picked":["Poisoned Strike","Magnetism"],"picked":"conspire:Banana","floor":3.0},{"not_picked":["Dodge and Roll","Cloak And Dagger"],"picked":"Escape Plan","floor":5.0},{"not_picked":["Predator","hubris:SlightOfHand","StuffTheSpire:Injection"],"picked":"SKIP","floor":6.0},{"not_picked":["hubris:SlightOfHand","StuffTheSpire:BrimstoneBlast","StuffTheSpire:Shiver"],"picked":"SKIP","floor":7.0},{"not_picked":["Dagger Throw","Deflect","Infinite Blades"],"picked":"ReplayTheSpireMod:Scrap Shanks","floor":11.0},{"not_picked":["Crippling Poison","Toxin Wave","Storm of Steel","StuffTheSpire:DoubleShiv"],"picked":"SKIP","floor":14.0},{"not_picked":["Backflip+1","Dagger Throw","Flying Knee","Deflect+1"],"picked":"SKIP","floor":18.0},{"not_picked":["Dagger Spray+1","StuffTheSpire:Injection+1","Caltrops","Hidden Blade"],"picked":"SKIP","floor":19.0},{"not_picked":["Flying Knee","Sucker Punch+1","Quick Slash","All Out Attack"],"picked":"SKIP","floor":23.0},{"not_picked":["Venomology","Quick Slash","PiercingWail","Dagger Throw"],"picked":"SKIP","floor":24.0},{"not_picked":["Dagger Throw","Choke","ReplayTheSpireMod:Speed Training+1","StuffTheSpire:Incursion"],"picked":"SKIP","floor":25.0},{"not_picked":["Replay:Poison Smokescreen","StuffTheSpire:ClusterCrunch","Backflip","Grand Finale"],"picked":"SKIP","floor":28.0},{"not_picked":["Replay:Poison Smokescreen","StuffTheSpire:ClusterCrunch","Backflip","Grand Finale"],"picked":"SKIP","floor":28.0},{"not_picked":["Blade Dance","Well Laid Plans","Riddle With Holes","Infinite Blades"],"picked":"SKIP","floor":29.0},{"not_picked":["StuffTheSpire:BumpUp+1","Underhanded Strike","StuffTheSpire:Injection+1"],"picked":"Prepared+1","floor":30.0},{"not_picked":["Deadly Poison+1","hubris:Sniper","StuffTheSpire:Fury+1"],"picked":"Reflex+1","floor":35.0},{"not_picked":["Bane+1","StuffTheSpire:ClusterCrunch","hubris:SlightOfHand+1"],"picked":"Prepared+1","floor":38.0},{"not_picked":["Skewer","Toxin Wave","ReplayTheSpireMod:Tripwire"],"picked":"Concentrate","floor":40},{"not_picked":["Bane","StuffTheSpire:ClusterCrunch+1","Deadly Poison+1","Poisoned Stab+1"],"picked":"SKIP","floor":41},{"not_picked":["Masterful Stab+1","Riddle With Holes","Leg Sweep"],"picked":"Draining Mist+1","floor":46},{"not_picked":["hubris:SlightOfHand","Prepared","Accuracy+1"],"picked":"Pace","floor":47},{"not_picked":["Sneak Up","Poisoned Stab+1","Sucker Punch+1","Cloak And Dagger+1"],"picked":"SKIP","floor":48},{"not_picked":["Draining Mist+1","StuffTheSpire:Sprint","Sucker Punch+1","PiercingWail"],"picked":"SKIP","floor":54}],"player_experience":729639,"relics_obtained":[{"floor":7.0,"key":"StuffTheSpire:Gunfinga"},{"floor":9.0,"key":"Question Card"},{"floor":14.0,"key":"Torii"},{"floor":23.0,"key":"Counterbalance"},{"floor":26.0,"key":"reliquary:BoilingFlask"},{"floor":29.0,"key":"BlackRope"},{"floor":40,"key":"trackpad:SneckoScepter"},{"floor":43,"key":"Replay:Bandana"},{"floor":46,"key":"SpikesRelics:DaevaFist"},{"floor":54,"key":"StuffTheSpire:OldFever"}],"event_choices":[{"cards_removed":["Strike_G"],"damage_healed":0.0,"max_hp_gain":0.0,"max_hp_loss":0.0,"gold_gain":0.0,"event_name":"Golden Wing","player_choice":"Card Removal","floor":2.0,"gold_loss":0.0,"damage_taken":7.0},{"damage_healed":0.0,"max_hp_gain":0.0,"max_hp_loss":0.0,"gold_gain":1.0,"event_name":"betterStone:BetterStone","player_choice":"1","floor":3.0,"gold_loss":0.0,"damage_taken":0.0},{"damage_healed":0.0,"max_hp_gain":0.0,"max_hp_loss":0.0,"gold_gain":0.0,"event_name":"WeMeetAgain","player_choice":"Gave Potion","floor":8.0,"gold_loss":0.0,"damage_taken":0.0,"relics_obtained":["Dota2Spire:LinkenSphere"]},{"cards_removed":["Flash of Steel"],"damage_healed":0.0,"max_hp_gain":0.0,"max_hp_loss":0.0,"gold_gain":0.0,"event_name":"Falling","player_choice":"Removed Attack","floor":39.0,"gold_loss":0.0,"damage_taken":0.0}],"is_beta":false,"boss_relics":[{"not_picked":["CCEMRelics:DefectiveTurbocharger","Calling Bell"],"picked":"StuffTheSpire:RunicHypercube"},{"not_picked":["Abe\u0027s Treasure","ChewingGum"],"picked":"Runic Dome"}],"items_purged_floors":[0,0,12,22,31,37,37,44,53],"is_endless":false,"potions_floor_spawned":[5,6,14,19,23,25,29,41,46,47,48,54],"ascension_level":3}}