{"host":"l7l2v2zs4hqku4vk","time":1612525996,"event":{"mods":["Act Like it!","BaseMod","Colored Powertips","Highlight Path","Minty Spire (QoL Compilation)","Replay The Spire","RumiaBox-露米娅的神秘盒子","StSLib","TestMod","The Servant 0.9.4","篝火指南"],"gold_per_floor":[113,113,113,34,48,73,84,84,84,9,74,74,84,98,98,172,172,183,195,213,225,238,238,238,238],"floor_reached":24,"language":"ZHS","playtime":1832,"items_purged":["Strike_G"],"score":450,"play_id":"84a665e7-1ecc-4320-b7ea-33fb434f331d","local_time":"20210205195316","is_ascension_mode":true,"campfire_choices":[{"data":"Footwork","floor":8,"key":"SMITH"},{"data":"Blade Dance","floor":12,"key":"SMITH"},{"data":"Blur","floor":15,"key":"SMITH"},{"floor":23,"key":"RECALL"}],"circlet_count":0,"master_deck":["AscendersBane","Strike_G","Strike_G","Strike_G","Defend_G","Defend_G","Defend_G","Defend_G","Defend_G","Survivor","Neutralize","Blade Dance+1","Footwork+1","Die Die Die","Blur+1","Backflip","After Image","Blade Dance","Dagger Spray","ReplayTheSpireMod:Shiv Toss+1","ReplayTheSpireMod:The Works+1"],"relics":["Ring of the Snake","testmod-TestBox","testmod-ChristmasGift","NeowsBlessing","Eternal Feather","Ornamental Fan","Snack Pack","testmod-NegativeEmotionEnhancer"],"acts_visited":["Exordium","TheCity"],"potions_floor_usage":[11,11,11,11,16,16,16,16,16,16,16,16,16,16,19,19,19,19,21,21,21,21,21,21,22,22,22,22,22],"damage_taken":[{"damage":0,"enemies":"Jaw Worm","floor":1,"turns":1},{"damage":0,"enemies":"Cultist","floor":5,"turns":1},{"damage":0,"enemies":"3 Sentries","floor":6,"turns":2},{"damage":0,"enemies":"2 Louse","floor":7,"turns":1},{"damage":20,"enemies":"Lagavulin Event","floor":11,"turns":9},{"damage":4,"enemies":"Exordium Wildlife","floor":13,"turns":5},{"damage":0,"enemies":"Gremlin Gang","floor":14,"turns":2},{"damage":46,"enemies":"Fading Forest","floor":16,"turns":14},{"damage":0,"enemies":"Chosen","floor":18,"turns":5},{"damage":5,"enemies":"Shell Parasite","floor":19,"turns":5},{"damage":26,"enemies":"Shelled Parasite and Fungi","floor":20,"turns":4},{"damage":4,"enemies":"Cultist and Chosen","floor":21,"turns":5},{"damage":16,"enemies":"Snecko","floor":22,"turns":6},{"damage":87,"enemies":"Book of Stabbing","floor":24,"turns":7}],"seed_played":"-4273673590480737613","potions_obtained":[{"floor":5,"key":"Swift Potion"},{"floor":7,"key":"GamblersBrew"},{"floor":16,"key":"testmod-TestPotion"},{"floor":19,"key":"testmod-TimePotion"},{"floor":20,"key":"PowerPotion"},{"floor":21,"key":"Languid Potion"}],"is_trial":false,"path_per_floor":["M","?","?","$","M","E","M","R","T","$","?","R","M","M","R","B",null,"M","M","M","M","M","R","E"],"character_chosen":"THE_SILENT","items_purchased":["Footwork"],"campfire_rested":0,"item_purchase_floors":[4],"current_hp_per_floor":[59,66,66,66,66,66,66,66,66,66,66,66,66,66,66,45,61,67,68,66,70,69,71,0,0],"gold":238,"neow_bonus":"THREE_ENEMY_KILL","is_daily":false,"chose_seed":false,"campfire_upgraded":3,"win_rate":0.0,"timestamp":1612525996,"path_taken":["M","?","?","$","?","E","M","R","T","$","?","R","M","M","R","BOSS","M","M","M","M","M","R","E"],"items_purchased_type":["Card"],"build_version":"2020-12-22","purchased_purges":1,"victory":false,"max_hp_per_floor":[66,66,66,66,66,66,66,66,66,66,66,66,66,66,66,66,66,67,68,69,70,71,71,71,71],"card_choices":[{"not_picked":["Sucker Punch","Acrobatics"],"picked":"Blade Dance","floor":1},{"not_picked":["Slice","Bane","Deadly Poison"],"picked":"SKIP","floor":5},{"not_picked":["Expertise","Dagger Spray"],"picked":"Die Die Die","floor":6},{"not_picked":["Concentrate","Quick Slash"],"picked":"Blur","floor":7},{"not_picked":["Dagger Throw","Underhanded Strike","Deflect"],"picked":"SKIP","floor":13},{"not_picked":["Blade Dance","Footwork"],"picked":"Backflip","floor":14},{"not_picked":["Adrenaline","Glass Knife"],"picked":"After Image","floor":16},{"not_picked":["Underhanded Strike","Outmaneuver"],"picked":"Blade Dance","floor":18},{"not_picked":["Bane","Prepared+1"],"picked":"Dagger Spray","floor":19},{"not_picked":["Prepared","ReplayTheSpireMod:Exploit Weakness"],"picked":"ReplayTheSpireMod:Shiv Toss+1","floor":20},{"not_picked":["Calculated Gamble","Dash","Deadly Poison"],"picked":"SKIP","floor":21},{"not_picked":["ReplayTheSpireMod:Tripwire","Predator"],"picked":"ReplayTheSpireMod:The Works+1","floor":22}],"player_experience":1747214,"relics_obtained":[{"floor":6,"key":"Eternal Feather"},{"floor":9,"key":"Ornamental Fan"}],"event_choices":[{"damage_healed":22,"gold_gain":0,"player_choice":"Banana","damage_taken":0,"max_hp_gain":0,"max_hp_loss":0,"event_name":"Big Fish","floor":2,"gold_loss":0},{"cards_removed":["Strike_G"],"damage_healed":0,"gold_gain":0,"player_choice":"Purged","damage_taken":0,"max_hp_gain":0,"max_hp_loss":0,"event_name":"Purifier","floor":3,"gold_loss":0},{"damage_healed":0,"gold_gain":0,"player_choice":"Searched \u00272\u0027 times","damage_taken":0,"relics_obtained":["Snack Pack"],"max_hp_gain":0,"max_hp_loss":0,"event_name":"Dead Adventurer","floor":11,"gold_loss":0}],"is_beta":false,"boss_relics":[{"not_picked":["testmod-Recursion","Philosopher\u0027s Stone"],"picked":"testmod-NegativeEmotionEnhancer"}],"items_purged_floors":[10],"is_endless":false,"potions_floor_spawned":[5,7,11,16,19,20,21],"killed_by":"Book of Stabbing","ascension_level":20}}