{"host":"xp5rvh2jwe2ejyfm","time":1612531502,"event":{"mods":["2.2 Compatiblity","Aspiration","BaseMod","BetterRewards","Colored Powertips","Conspire","Downfall","GifTheSpireLib","Gremlin Mod","Hermit","Hubris","Jorbs\u0027s Wanderer Trilogy","Minty Spire (QoL Compilation)","Replay The Spire","Robot Space Explorer","Shade Mod","Somnambulant","StSLib","The Bug Knight","The Clintock","The Construct","The Cursed","The Disciple","The Forsaken","The Hierophant","The Necromancer","The Runesmith","The Servant 0.9.4","The Valiant","The Witch","thorton"],"gold_per_floor":[122,154,329,329,344,344,349,349,349],"floor_reached":7,"language":"ENG","playtime":235,"items_purged":[],"score":64,"play_id":"1adc4229-3e37-47e6-935c-d4e072fb7a05","local_time":"20210205082502","is_ascension_mode":false,"campfire_choices":[{"floor":6,"key":"REST"}],"circlet_count":0,"master_deck":["thethorton:Strike","thethorton:Strike","thethorton:Strike","thethorton:Strike","thethorton:Defend","thethorton:Defend","thethorton:Defend","thethorton:Defend","thethorton:Heckle","thethorton:CreditCard","Normality","thethorton:MidnightStrike","thethorton:DesperateRun","thethorton:AngerMoment","Doubt","Injury","thethorton:Investment"],"relics":["thethorton:CouragePotion","PreservedInsect","Frozen Egg 2"],"acts_visited":["Exordium"],"potions_floor_usage":[7],"damage_taken":[{"damage":12,"enemies":"Cultist","floor":1,"turns":5},{"damage":15,"enemies":"conspire:MimicChest","floor":2,"turns":4},{"damage":26,"enemies":"Jaw Worm","floor":5,"turns":6},{"damage":36,"enemies":"Lagavulin","floor":7,"turns":3}],"seed_played":"-2654952642407769307","potions_obtained":[{"floor":5,"key":"hexamod:SoulburnPotion"}],"is_trial":false,"path_per_floor":["M","?","?","?","M","R","E"],"character_chosen":"THE_THORT","items_purchased":[],"campfire_rested":1,"item_purchase_floors":[],"current_hp_per_floor":[56,41,41,41,15,35,0,0,0],"gold":349,"neow_bonus":"ONE_RANDOM_RARE_CARD","is_daily":false,"chose_seed":false,"campfire_upgraded":0,"win_rate":0.0,"timestamp":1612531502,"path_taken":["M","?","?","?","?","R","E"],"items_purchased_type":[],"build_version":"2020-12-22","purchased_purges":0,"victory":false,"max_hp_per_floor":[68,68,68,68,68,68,68,68,68],"card_choices":[{"not_picked":["thethorton:DualBap","thethorton:ShoutAndRun"],"picked":"thethorton:DesperateRun","floor":1},{"not_picked":["thethorton:SicklyRun","thethorton:HedgeFund"],"picked":"thethorton:AngerMoment","floor":2},{"not_picked":["thethorton:CashBash","thethorton:ElbowSmash"],"picked":"thethorton:Investment","floor":5}],"player_experience":429183,"relics_obtained":[{"floor":2,"key":"PreservedInsect"}],"event_choices":[{"damage_healed":0,"gold_gain":175,"player_choice":"AGREE","damage_taken":0,"max_hp_gain":0,"max_hp_loss":0,"event_name":"Liars Game","floor":3,"gold_loss":0,"cards_obtained":["Doubt"]}],"is_beta":false,"boss_relics":[],"items_purged_floors":[],"is_endless":false,"potions_floor_spawned":[5],"killed_by":"Lagavulin","ascension_level":0}}