{"host":"usru02jcpe2a942d","time":1612509601,"event":{"mods":["ATMod(°¢èªMod)","Act Like it!","BaseMod","Better Note","Better Vampires","Challenge The Spire","Colored Powertips","Friendly Minions","GifTheSpireLib","Highlight Path","Hubris","Infinite Spire","Jedi Mod","Minty Spire (QoL Compilation)","MostiFishMod","Pale of the Ancients","Quick Restart","Relic Stats","RumiaBox-Â¶Ã×æ«µÄÉñÃØºÐ×Ó","StSLib","Warlord Emblem","[IsaacMod]ÒÔÈö¼âËþ","noobMod","¡¾ÒÅÎï¿¨ÅÆ¡¿REMEMod","óô»ðÖ¸ÄÏ"],"gold_per_floor":[115,115,115,1,1,1,18,54,109,125,156,170,184,259,51,164,164,186,186,186,202,203,203],"floor_reached":22,"language":"ZHS","playtime":1015,"items_purged":["WarlordEmblem:RuneStrike","WarlordEmblem:RuneStrike"],"score":319,"play_id":"ee9c3267-0fc0-4e8e-9444-47da089c80e1","local_time":"20210205152001","is_ascension_mode":false,"campfire_choices":[{"data":"MostiFishMod:KingOfFree","floor":6.0,"key":"SMITH"}],"circlet_count":0,"master_deck":["WarlordEmblem:RuneStrike","WarlordEmblem:RuneStrike","WarlordEmblem:Defend_DK","WarlordEmblem:Defend_DK","WarlordEmblem:Defend_DK","WarlordEmblem:Defend_DK","WarlordEmblem:RuneHeavyStrike","AT_FamilyPortrait+1","WarlordEmblem:VoidDefend+1","WarlordEmblem:DeathContract","WarlordEmblem:RuneRecast","WarlordEmblem:RuneRecast","WarlordEmblem:LichkingWraith","hubris:DuctTapeCard","WarlordEmblem:Infect+1","MostiFishMod:ForestofLight","WarlordEmblem:DeathStrike","WarlordEmblem:SwordWave","WarlordEmblem:DeathCoil"],"relics":["WarlordEmblem:RuneSword","WarlordEmblem:BloodRealm","DaveBox","ice","REME_ComplimentaryCards","AT_ATBox","HushsDoor","HollowDreamFlower","SteamSale","SynthV:TestCard","AT_ArchangelStaff","hubris:Icosahedron","Bag of Preparation","TheBean","Oddly Smooth Stone","AT_SpeedBoots","hubris:DuctTape","WarlordEmblem:DK_Ghoul","hubris:Backtick","Membership Card","Damocles","GuppysHead","HowToJump","War Paint","AT_GoldPhoenixTree","Toolbox","Anchor"],"acts_visited":["Exordium","TheCity"],"potions_floor_usage":[],"damage_taken":[{"damage":0.0,"enemies":"2 Louse","floor":1.0,"turns":3.0},{"damage":1.0,"enemies":"Small Slimes","floor":7.0,"turns":2.0},{"damage":19.0,"enemies":"Lagavulin","floor":8.0,"turns":6.0},{"damage":0.0,"enemies":"Jaw Worm","floor":10.0,"turns":1.0},{"damage":6.0,"enemies":"Gremlin Nob","floor":11.0,"turns":3.0},{"damage":0.0,"enemies":"2 Fungi Beasts","floor":12.0,"turns":2.0},{"damage":0.0,"enemies":"3 Louse","floor":13.0,"turns":2.0},{"damage":0.0,"enemies":"Hexaghost","floor":16.0,"turns":3.0},{"damage":0.0,"enemies":"Spheric Guardian","floor":18.0,"turns":3.0},{"damage":0,"enemies":"Chosen","floor":21,"turns":3},{"damage":18,"enemies":"Snake Plant","floor":22,"turns":2}],"seed_played":"3184457175107933188","potions_obtained":[{"floor":8.0,"key":"Fire Potion"},{"floor":11.0,"key":"jedi:mysterypotion"},{"floor":13.0,"key":"AttackPotion"}],"is_trial":false,"path_per_floor":["M","?","?","$","?","R","M","E","T","M","E","M","M","?","R","B",null,"M","?","$","M","M"],"character_chosen":"DeathKnight","items_purchased":["Bag of Preparation","hubris:DuctTape","WarlordEmblem:DK_Ghoul","Damocles","GuppysHead","War Paint","AT_GoldPhoenixTree","Toolbox","MostiFishMod:ForestofLight","WarlordEmblem:DeathStrike","WarlordEmblem:SwordWave"],"campfire_rested":0,"item_purchase_floors":[4,15,15,17,17,20,20,20,20,20,20],"current_hp_per_floor":[88,88,88,88,88,88,87,71,71,75,76,81,86,75,75,90,70,71,71,71,72,0,0],"gold":203,"neow_bonus":"TEN_PERCENT_HP_BONUS","is_daily":false,"chose_seed":false,"campfire_upgraded":1,"win_rate":0.0,"timestamp":1612509601,"path_taken":["M","?","?","$","?","R","M","E","T","M","E","M","?","?","R","BOSS","M","?","?","?","M"],"items_purchased_type":["Relic","Relic","Relic","Relic","Relic","Relic","Relic","Relic","Card","Card","Card"],"build_version":"2020-12-22","purchased_purges":2,"victory":false,"max_hp_per_floor":[88,88,88,88,88,88,88,88,88,88,89,89,89,89,89,90,70,71,71,71,72,73,73],"relic_stats":{"counters":[11,30],"Bag of Preparation":[20],"War Paint":["WarlordEmblem:VoidDefend","WarlordEmblem:Infect"],"obtain_stats":[{"Damocles":17,"AT_ATBox":0,"DaveBox":0,"WarlordEmblem:RuneSword":0,"ice":0,"Bag of Preparation":4,"AT_ArchangelStaff":2,"hubris:Icosahedron":3,"TheBean":8,"hubris:Backtick":17,"Toolbox":20,"WarlordEmblem:BloodRealm":0,"HollowDreamFlower":0,"KeepersGift":0,"hubris:DuctTape":15,"HowToJump":18,"Oddly Smooth Stone":9,"AT_GoldPhoenixTree":20,"War Paint":20,"SteamSale":0,"WarlordEmblem:DK_Ghoul":15,"AT_SpeedBoots":11,"Anchor":21,"SynthV:TestCard":1,"Membership Card":17,"GuppysHead":17,"HushsDoor":0,"REME_ComplimentaryCards":0},{"Damocles":8,"AT_ATBox":0,"DaveBox":0,"WarlordEmblem:RuneSword":0,"ice":0,"Bag of Preparation":1,"AT_ArchangelStaff":1,"hubris:Icosahedron":1,"TheBean":3,"hubris:Backtick":8,"Toolbox":9,"WarlordEmblem:BloodRealm":0,"HollowDreamFlower":0,"KeepersGift":0,"hubris:DuctTape":7,"HowToJump":9,"Oddly Smooth Stone":3,"AT_GoldPhoenixTree":9,"War Paint":9,"SteamSale":0,"WarlordEmblem:DK_Ghoul":7,"AT_SpeedBoots":5,"Anchor":10,"SynthV:TestCard":1,"Membership Card":8,"GuppysHead":8,"HushsDoor":0,"REME_ComplimentaryCards":0},{"Damocles":22,"AT_ATBox":0,"DaveBox":0,"WarlordEmblem:RuneSword":0,"ice":0,"Bag of Preparation":3,"AT_ArchangelStaff":3,"hubris:Icosahedron":3,"TheBean":11,"hubris:Backtick":22,"Toolbox":25,"WarlordEmblem:BloodRealm":0,"HollowDreamFlower":0,"KeepersGift":0,"hubris:DuctTape":19,"HowToJump":25,"Oddly Smooth Stone":11,"AT_GoldPhoenixTree":25,"War Paint":25,"SteamSale":0,"WarlordEmblem:DK_Ghoul":19,"AT_SpeedBoots":15,"Anchor":28,"SynthV:TestCard":3,"Membership Card":22,"GuppysHead":22,"HushsDoor":0,"REME_ComplimentaryCards":0}]},"card_choices":[{"not_picked":["WarlordEmblem:Infect","WarlordEmblem:EvilPower","WarlordEmblem:SwordWave"],"picked":"SKIP","floor":1.0},{"not_picked":["WarlordEmblem:Annihilation","WarlordEmblem:VoidStrike","WarlordEmblem:RuneBlade","WarlordEmblem:RuneMelter"],"picked":"WarlordEmblem:SwordWave","floor":7.0},{"not_picked":["WarlordEmblem:BloodSacrifice","WarlordEmblem:UndeadWill","WarlordEmblem:AntiMagicShield","WarlordEmblem:BodyStrike"],"picked":"WarlordEmblem:VoidDefend","floor":8.0},{"not_picked":["WarlordEmblem:CurseStrike","WarlordEmblem:VoidStrike","WarlordEmblem:VoidDefend","WarlordEmblem:RuneFocus"],"picked":"WarlordEmblem:DeathContract","floor":10.0},{"not_picked":["WarlordEmblem:HeartStrike","WarlordEmblem:NoLightShield","WarlordEmblem:Hanging","WarlordEmblem:LichBody"],"picked":"WarlordEmblem:RuneRecast","floor":11.0},{"not_picked":["WarlordEmblem:DiseaseCloud","WarlordEmblem:RuneMelter","WarlordEmblem:EvilPower","WarlordEmblem:HeartStrike","WarlordEmblem:RuneRegen"],"picked":"SKIP","floor":12.0},{"not_picked":["WarlordEmblem:EvilWorm","WarlordEmblem:FrozenDeath","WarlordEmblem:EvilSee","WarlordEmblem:CurseStrike"],"picked":"WarlordEmblem:RuneRecast","floor":13.0},{"not_picked":["WarlordEmblem:RuneIndex","WarlordEmblem:CurseBlade","WarlordEmblem:BloodBoiling","WarlordEmblem:CondemnStrike"],"picked":"WarlordEmblem:LichkingWraith","floor":16.0},{"not_picked":["WarlordEmblem:RuneExplode","WarlordEmblem:SevereWinter+1","WarlordEmblem:BloodMask+1","WarlordEmblem:HeartStrike","WarlordEmblem:WindStrike"],"picked":"SKIP","floor":18},{"not_picked":["WarlordEmblem:EvilPower","WarlordEmblem:FrozenWill","WarlordEmblem:RuneRecast","WarlordEmblem:Withstand"],"picked":"WarlordEmblem:DeathCoil","floor":21}],"player_experience":242276,"relics_obtained":[{"floor":1.0,"key":"SynthV:TestCard"},{"floor":2.0,"key":"AT_ArchangelStaff"},{"floor":8.0,"key":"TheBean"},{"floor":9.0,"key":"Oddly Smooth Stone"},{"floor":11.0,"key":"AT_SpeedBoots"},{"floor":18,"key":"HowToJump"},{"floor":21,"key":"Anchor"}],"event_choices":[{"damage_healed":0.0,"max_hp_gain":0.0,"max_hp_loss":0.0,"gold_gain":75.0,"event_name":"World of Goop","player_choice":"Gather Gold","floor":14.0,"gold_loss":0.0,"damage_taken":11.0},{"damage_healed":0,"gold_gain":0,"cards_transformed":["WarlordEmblem:RuneDefend"],"player_choice":"Transformed","damage_taken":0,"max_hp_gain":0,"max_hp_loss":0,"event_name":"Transmorgrifier","floor":19,"gold_loss":0,"cards_obtained":["WarlordEmblem:Infect"]}],"is_beta":false,"boss_relics":[{"not_picked":["hubris:BlackHole","AT_MortalBlade"],"picked":"hubris:Backtick"},{"not_picked":[]}],"items_purged_floors":[4,20],"is_endless":false,"potions_floor_spawned":[8,11,12,13,16,18],"killed_by":"Snake Plant","ascension_level":0}}