{"host":"3jjxuhjpio8e4zkv","time":1612552074,"event":{"mods":["BaseMod","Colored Map","Highlight Path","Minty Spire (QoL Compilation)","Permanent Neow","Relic Stats","StSLib"],"gold_per_floor":[117,117,6,26,46,79,79,108,183,183,183],"floor_reached":10,"language":"ENG","playtime":414,"items_purged":[],"score":152,"play_id":"d3937925-5e99-4975-bee0-6ab32cae80b9","local_time":"20210205140754","is_ascension_mode":true,"campfire_choices":[{"data":"Noxious Fumes","floor":7,"key":"SMITH"}],"circlet_count":0,"master_deck":["AscendersBane","Strike_G","Strike_G","Strike_G","Strike_G","Strike_G","Defend_G","Defend_G","Defend_G","Defend_G","Defend_G+1","Survivor","Neutralize","Catalyst+1","Poisoned Stab","Noxious Fumes+1","Blur","Masterful Stab","Bouncing Flask"],"relics":["Ring of the Snake","Centennial Puzzle","CaptainsWheel","Bag of Preparation","White Beast Statue"],"acts_visited":["Exordium"],"potions_floor_usage":[6,8],"damage_taken":[{"damage":2,"enemies":"Jaw Worm","floor":1,"turns":7},{"damage":0,"enemies":"Small Slimes","floor":4,"turns":3},{"damage":1,"enemies":"2 Louse","floor":5,"turns":4},{"damage":9,"enemies":"3 Sentries","floor":6,"turns":7},{"damage":8,"enemies":"Gremlin Nob","floor":8,"turns":3},{"damage":26,"enemies":"3 Sentries","floor":10,"turns":6}],"seed_played":"7482861583418534947","potions_obtained":[{"floor":4,"key":"Explosive Potion"},{"floor":8,"key":"CultistPotion"}],"is_trial":false,"path_per_floor":["M","?","$","M","M","E","R","E","T","E"],"character_chosen":"THE_SILENT","items_purchased":["Poisoned Stab","Ancient Potion"],"campfire_rested":0,"item_purchase_floors":[3,3],"current_hp_per_floor":[57,37,37,37,36,27,27,19,19,0,0],"gold":183,"neow_bonus":"RANDOM_COMMON_RELIC","is_daily":false,"chose_seed":false,"campfire_upgraded":1,"win_rate":0.0,"timestamp":1612552074,"path_taken":["M","?","$","M","M","E","R","E","T","E"],"items_purchased_type":["Card","Potion"],"build_version":"2020-12-22","purchased_purges":0,"victory":false,"max_hp_per_floor":[66,66,66,66,66,66,66,66,66,66,66],"relic_stats":{"Centennial Puzzle":[15],"counters":[6,30],"Bag of Preparation":[2],"obtain_stats":[{"Centennial Puzzle":0,"CaptainsWheel":6,"Bag of Preparation":8,"White Beast Statue":9,"Ring of the Snake":0},{"Centennial Puzzle":0,"CaptainsWheel":4,"Bag of Preparation":5,"White Beast Statue":5,"Ring of the Snake":0},{"Centennial Puzzle":0,"CaptainsWheel":21,"Bag of Preparation":24,"White Beast Statue":24,"Ring of the Snake":0}],"Ring of the Snake":[12]},"card_choices":[{"not_picked":["Deflect","Prepared"],"picked":"Catalyst","floor":1},{"not_picked":["Eviscerate","Sucker Punch"],"picked":"Noxious Fumes","floor":4},{"not_picked":["Acrobatics","Sucker Punch"],"picked":"Blur","floor":5},{"not_picked":["Concentrate","Sucker Punch"],"picked":"Masterful Stab","floor":6},{"not_picked":["Skewer","Concentrate"],"picked":"Bouncing Flask","floor":8}],"player_experience":1255105,"relics_obtained":[{"floor":6,"key":"CaptainsWheel"},{"floor":8,"key":"Bag of Preparation"},{"floor":9,"key":"White Beast Statue"}],"event_choices":[{"damage_healed":0,"gold_gain":0,"player_choice":"Entered Light","damage_taken":20,"max_hp_gain":0,"max_hp_loss":0,"event_name":"Shining Light","floor":2,"gold_loss":0,"cards_upgraded":["Defend_G","Catalyst"]}],"is_beta":false,"boss_relics":[],"items_purged_floors":[],"is_endless":false,"potions_floor_spawned":[4,5,8],"killed_by":"3 Sentries","ascension_level":20}}