{"host":"sian7qp8a9pc9xwd","time":1612505560,"event":{"mods":["BaseMod","Minty Spire (QoL Compilation)","StSLib","SuperFastMode"],"gold_per_floor":[116,116,116,63,63,63,83,100,124,124,136,167,181,191,191,287,287,302,25,25,225,238,238,273,292,318,318,333,359,359,369,369,369,369],"floor_reached":33,"language":"ENG","playtime":1216,"items_purged":["Strike_R"],"score":445,"play_id":"51963935-c545-40c4-89cf-03ccce042cb4","local_time":"20210205011240","is_ascension_mode":true,"campfire_choices":[{"data":"Body Slam","floor":6,"key":"SMITH"},{"data":"Uppercut","floor":10,"key":"SMITH"},{"data":"Body Slam","floor":15,"key":"SMITH"},{"data":"Flame Barrier","floor":23,"key":"SMITH"},{"data":"Shrug It Off","floor":32,"key":"SMITH"}],"circlet_count":0,"master_deck":["AscendersBane","Strike_R","Strike_R","Strike_R","Defend_R","Defend_R","Defend_R","Bash","Shrug It Off+1","Body Slam+1","Body Slam+1","Uppercut+1","Flame Barrier+1","Ghostly Armor","Immolate","Ghostly Armor+1","Master of Strategy","Iron Wave+1"],"relics":["Black Blood","NeowsBlessing","Omamori","Orichalcum","Toy Ornithopter","Membership Card","Dream Catcher","Self Forming Clay","Lantern","MealTicket","Bottled Flame"],"acts_visited":["Exordium","TheCity"],"potions_floor_usage":[12,12,16,24,24,24,24,33],"damage_taken":[{"damage":0,"enemies":"Small Slimes","floor":1,"turns":1},{"damage":0,"enemies":"Jaw Worm","floor":7,"turns":1},{"damage":0,"enemies":"Cultist","floor":8,"turns":1},{"damage":0,"enemies":"Looter","floor":11,"turns":2},{"damage":20,"enemies":"Lagavulin","floor":12,"turns":6},{"damage":6,"enemies":"3 Louse","floor":13,"turns":4},{"damage":12,"enemies":"Lots of Slimes","floor":14,"turns":4},{"damage":47,"enemies":"Slime Boss","floor":16,"turns":17},{"damage":4,"enemies":"3 Byrds","floor":18,"turns":5},{"damage":12,"enemies":"2 Thieves","floor":22,"turns":5},{"damage":10,"enemies":"Book of Stabbing","floor":24,"turns":4},{"damage":13,"enemies":"Snecko","floor":25,"turns":6},{"damage":12,"enemies":"Cultist and Chosen","floor":28,"turns":5},{"damage":31,"enemies":"Gremlin Leader","floor":29,"turns":5},{"damage":11,"enemies":"Snake Plant","floor":31,"turns":4},{"damage":109,"enemies":"Automaton","floor":33,"turns":12}],"seed_played":"-2626499071857962818","potions_obtained":[{"floor":8,"key":"SteroidPotion"},{"floor":11,"key":"FearPotion"},{"floor":12,"key":"HeartOfIron"},{"floor":16,"key":"EntropicBrew"},{"floor":18,"key":"Block Potion"},{"floor":28,"key":"Fire Potion"}],"is_trial":false,"path_per_floor":["M","?","?","$","T","R","M","M","T","R","M","E","M","M","R","B",null,"M","$","?","?","M","R","E","M","T","T","M","E","?","M","R","B"],"character_chosen":"IRONCLAD","items_purchased":["Body Slam","Membership Card","Master of Strategy"],"campfire_rested":0,"item_purchase_floors":[4,19,19],"current_hp_per_floor":[78,71,71,71,71,71,77,80,80,80,80,66,66,60,60,24,66,74,74,74,74,74,74,80,79,79,79,79,60,60,61,61,0,0],"gold":369,"neow_bonus":"THREE_ENEMY_KILL","is_daily":false,"chose_seed":false,"campfire_upgraded":5,"win_rate":0.0,"timestamp":1612505560,"path_taken":["M","?","?","$","?","R","M","M","T","R","M","E","M","M","R","BOSS","M","?","?","?","M","R","E","?","T","?","M","E","?","M","R","BOSS"],"items_purchased_type":["Card","Relic","Card"],"build_version":"2020-12-22","purchased_purges":1,"victory":false,"max_hp_per_floor":[80,80,80,80,80,80,80,80,80,80,80,80,80,80,80,80,80,80,80,80,80,80,80,80,80,80,80,80,80,80,80,80,80,80],"card_choices":[{"not_picked":["Pommel Strike","Thunderclap"],"picked":"Shrug It Off","floor":1},{"not_picked":["Clothesline","Wild Strike","Uppercut"],"picked":"SKIP","floor":7},{"not_picked":["Clothesline","Wild Strike"],"picked":"Uppercut","floor":7},{"not_picked":["Battle Trance","Rage"],"picked":"Flame Barrier","floor":8},{"not_picked":["Perfected Strike","Clash","True Grit"],"picked":"SKIP","floor":11},{"not_picked":["Wild Strike","Demon Form"],"picked":"Ghostly Armor","floor":12},{"not_picked":["Inflame","Sword Boomerang","Perfected Strike"],"picked":"SKIP","floor":13},{"not_picked":["Reckless Charge","Anger","Metallicize"],"picked":"SKIP","floor":14},{"not_picked":["Feed","Exhume"],"picked":"Immolate","floor":16},{"not_picked":["Pommel Strike","Spot Weakness"],"picked":"Ghostly Armor+1","floor":18},{"not_picked":["Clash","Twin Strike+1"],"picked":"Iron Wave+1","floor":22},{"not_picked":["Heavy Blade","Blood for Blood","Thunderclap+1"],"picked":"SKIP","floor":24},{"not_picked":["Perfected Strike+1","Iron Wave","Clothesline"],"picked":"SKIP","floor":25},{"not_picked":["Limit Break","Armaments","True Grit"],"picked":"SKIP","floor":28},{"not_picked":["Rage","Entrench+1","Shrug It Off"],"picked":"SKIP","floor":29},{"not_picked":["Thunderclap","Clothesline+1","Shrug It Off"],"picked":"SKIP","floor":31}],"player_experience":880374,"relics_obtained":[{"floor":5,"key":"Omamori"},{"floor":9,"key":"Orichalcum"},{"floor":12,"key":"Toy Ornithopter"},{"floor":24,"key":"Self Forming Clay"},{"floor":26,"key":"Lantern"},{"floor":27,"key":"MealTicket"},{"floor":29,"key":"Bottled Flame"}],"event_choices":[{"cards_removed":["Defend_R"],"damage_healed":0,"gold_gain":0,"player_choice":"Card Removal","damage_taken":7,"max_hp_gain":0,"max_hp_loss":0,"event_name":"Golden Wing","floor":2,"gold_loss":0},{"damage_healed":0,"gold_gain":0,"cards_transformed":["Strike_R"],"player_choice":"Change","damage_taken":0,"max_hp_gain":0,"max_hp_loss":0,"event_name":"Living Wall","floor":3,"gold_loss":0,"cards_obtained":["Body Slam"]},{"damage_healed":0,"gold_gain":0,"player_choice":"Opened","damage_taken":0,"relics_obtained":["Dream Catcher"],"max_hp_gain":0,"max_hp_loss":0,"event_name":"The Mausoleum","floor":20,"gold_loss":0,"cards_obtained":["Writhe"]},{"damage_healed":0,"gold_gain":200,"player_choice":"Gold","damage_taken":0,"max_hp_gain":0,"max_hp_loss":0,"event_name":"Wheel of Change","floor":21,"gold_loss":0},{"damage_healed":0,"gold_gain":0,"player_choice":"Ignored","damage_taken":0,"max_hp_gain":0,"max_hp_loss":0,"event_name":"Vampires","floor":30,"gold_loss":0}],"is_beta":false,"boss_relics":[{"not_picked":["Runic Dome","Ectoplasm"],"picked":"Black Blood"}],"items_purged_floors":[19],"is_endless":false,"potions_floor_spawned":[8,11,12,16,18,28],"killed_by":"Automaton","ascension_level":11}}