{"host":"skr63qsdfgeey3it","time":1612561103,"event":{"mods":["BaseMod","Colored Map","Hubris","Minty Spire (QoL Compilation)","Monster B Gone","Reliquary","Replay The Spire","Spicy Shops","StSLib"],"gold_per_floor":[117,129,3,22,22,53,53,85,112,112,26,26,56,94,94,104,104],"floor_reached":16,"language":"ENG","playtime":517,"items_purged":[],"score":197,"play_id":"2a40c454-b0e1-4118-b1e9-eef66259eac9","local_time":"20210205153823","is_ascension_mode":true,"campfire_choices":[{"floor":12,"key":"REST"},{"floor":15,"key":"REST"}],"circlet_count":0,"master_deck":["Whirlwind+1","Strike_R","Strike_R","Strike_R","Strike_R","Strike_R","Defend_R","Defend_R","Defend_R","Defend_R","Bash","Berserk","Bloodletting","Battle Trance","Shockwave","Regret","Shame","Life Link","Bandage Up"],"relics":["Burning Blood","hubris:IronBody","Juzu Bracelet","Toy Ornithopter","hubris:AstralHammer","Replay:Bandana","Bronze Scales","Odd Mushroom"],"acts_visited":["Exordium"],"potions_floor_usage":[6,16,16],"damage_taken":[{"damage":0,"enemies":"Cultist","floor":1,"turns":3},{"damage":3,"enemies":"2 Louse","floor":2,"turns":2},{"damage":2,"enemies":"Jaw Worm","floor":4,"turns":3},{"damage":18,"enemies":"Gremlin Nob","floor":6,"turns":5},{"damage":33,"enemies":"3 Sentries","floor":8,"turns":3},{"damage":32,"enemies":"Lagavulin","floor":13,"turns":6},{"damage":26,"enemies":"The Mushroom Lair","floor":14,"turns":3},{"damage":58,"enemies":"The Guardian","floor":16,"turns":8}],"seed_played":"-4811096871037581884","potions_obtained":[{"floor":2,"key":"ColorlessPotion"},{"floor":13,"key":"LiquidBronze"},{"floor":14,"key":"BloodPotion"}],"is_trial":false,"path_per_floor":["M","M","$","M","?","E","?","E","T","?","$","R","E","?","R","B"],"character_chosen":"IRONCLAD","items_purchased":["hubris:IronBody","Bandage Up"],"campfire_rested":2,"item_purchase_floors":[3,11],"current_hp_per_floor":[68,68,68,68,68,56,56,29,29,29,29,49,27,11,31,0,0],"gold":104,"neow_bonus":"THREE_RARE_CARDS","is_daily":false,"chose_seed":false,"campfire_upgraded":0,"win_rate":0.0,"timestamp":1612561103,"path_taken":["M","?","$","M","?","E","?","E","T","?","$","R","E","?","R","BOSS"],"items_purchased_type":["Relic","Card"],"build_version":"2020-12-22","purchased_purges":0,"victory":false,"max_hp_per_floor":[68,68,68,68,68,68,68,68,68,68,68,68,68,68,68,68,68],"card_choices":[{"not_picked":["Bludgeon","Hemogenesis"],"picked":"Berserk","floor":0},{"not_picked":["Armaments","Combust"],"picked":"Bloodletting","floor":1},{"not_picked":["Shrug It Off","Searing Blow"],"picked":"Battle Trance","floor":2},{"not_picked":["Perfected Strike","Havoc"],"picked":"Shockwave","floor":4},{"not_picked":["Replay:Undeath\u0027s Touch","Sentinel","Anger"],"picked":"SKIP","floor":6},{"not_picked":["Heavy Blade","Cleave"],"picked":"Life Link","floor":8},{"not_picked":["Armaments","ReplayTheSpireMod:Limb From Limb","Shockwave"],"picked":"SKIP","floor":13}],"player_experience":886478,"relics_obtained":[{"floor":6,"key":"Toy Ornithopter"},{"floor":8,"key":"hubris:AstralHammer"},{"floor":9,"key":"Replay:Bandana"},{"floor":13,"key":"Bronze Scales"},{"floor":14,"key":"Odd Mushroom"}],"event_choices":[{"damage_healed":0,"gold_gain":0,"player_choice":"Box","damage_taken":0,"relics_obtained":["Juzu Bracelet"],"max_hp_gain":0,"max_hp_loss":0,"event_name":"Big Fish","floor":5,"gold_loss":0,"cards_obtained":["Regret"]},{"damage_healed":0,"gold_gain":0,"player_choice":"Ignored","damage_taken":0,"max_hp_gain":0,"max_hp_loss":0,"event_name":"WeMeetAgain","floor":10,"gold_loss":0},{"damage_healed":0,"gold_gain":0,"player_choice":"Fought Mushrooms","damage_taken":0,"max_hp_gain":0,"max_hp_loss":0,"event_name":"Mushrooms","floor":14,"gold_loss":0}],"is_beta":false,"boss_relics":[],"items_purged_floors":[],"is_endless":false,"potions_floor_spawned":[2,13,14],"killed_by":"The Guardian","ascension_level":14}}