{"host":"dw8ij7emqco3quom","time":1612566946,"event":{"mods":["BaseMod","Minty Spire (QoL Compilation)"],"gold_per_floor":[113,113,113,33,53,53,72,72,98,98,98,123,123,142,142,239,239,258,258,273,289,339,339,339],"floor_reached":23,"language":"FRA","playtime":1370,"items_purged":[],"score":287,"play_id":"09729428-a3ae-4bf6-8734-6e1467e4f956","local_time":"20210206001546","is_ascension_mode":true,"campfire_choices":[{"floor":11.0,"key":"REST"},{"data":"Buffer","floor":13.0,"key":"SMITH"},{"data":"Zap","floor":15.0,"key":"SMITH"}],"circlet_count":0,"master_deck":["Strike_B","Strike_B","Strike_B","Defend_B","Defend_B","Defend_B+1","Defend_B+1","Zap+1","Dualcast","Buffer+1","Melter","BootSequence","Undo","White Noise","Fission","Reinforced Body","Gash","Conserve Battery"],"relics":["Cracked Core","GremlinMask","Mercury Hourglass","SlaversCollar","Happy Flower"],"acts_visited":["Exordium","TheCity"],"potions_floor_usage":[20,21,23],"damage_taken":[{"damage":5.0,"enemies":"Small Slimes","floor":1.0,"turns":3.0},{"damage":5.0,"enemies":"Cultist","floor":5.0,"turns":4.0},{"damage":2.0,"enemies":"2 Louse","floor":7.0,"turns":3.0},{"damage":16.0,"enemies":"3 Sentries","floor":12.0,"turns":9.0},{"damage":0.0,"enemies":"Lots of Slimes","floor":14.0,"turns":3.0},{"damage":0.0,"enemies":"The Guardian","floor":16.0,"turns":13.0},{"damage":20.0,"enemies":"3 Byrds","floor":18.0,"turns":4.0},{"damage":11,"enemies":"2 Thieves","floor":20,"turns":4},{"damage":1,"enemies":"Centurion and Healer","floor":21,"turns":9},{"damage":52,"enemies":"Book of Stabbing","floor":23,"turns":8}],"seed_played":"6229184469487767767","potions_obtained":[{"floor":1.0,"key":"LiquidMemories"},{"floor":7.0,"key":"Dexterity Potion"},{"floor":14.0,"key":"SteroidPotion"},{"floor":20,"key":"Energy Potion"},{"floor":21,"key":"EssenceOfSteel"}],"is_trial":false,"path_per_floor":["M","?","?","$","M","?","M","?","T","$","R","E","R","M","R","B",null,"M","?","M","M","?","E"],"character_chosen":"DEFECT","items_purchased":["Melter"],"campfire_rested":1,"item_purchase_floors":[4],"current_hp_per_floor":[70,70,70,70,65,65,63,48,48,48,70,54,54,54,54,54,75,55,55,44,43,43,0,0],"gold":339,"neow_bonus":"ONE_RANDOM_RARE_CARD","is_daily":false,"chose_seed":false,"campfire_upgraded":2,"win_rate":0.0,"timestamp":1612566946,"path_taken":["M","?","?","$","?","?","?","?","T","$","R","E","R","M","R","BOSS","M","?","M","M","?","E"],"items_purchased_type":["Card"],"build_version":"2020-12-22","purchased_purges":0,"victory":false,"max_hp_per_floor":[75,75,75,75,75,75,75,75,75,75,75,75,75,75,75,75,75,75,75,75,75,75,75,75],"card_choices":[{"not_picked":["Sunder","Aggregate","Stack"],"picked":"SKIP","floor":1.0},{"not_picked":["Barrage","Redo"],"picked":"BootSequence","floor":5.0},{"not_picked":["Hologram","Steam","Go for the Eyes"],"picked":"SKIP","floor":7.0},{"not_picked":["Hologram","Go for the Eyes"],"picked":"Undo","floor":12.0},{"not_picked":["Coolheaded","Rebound"],"picked":"White Noise","floor":14.0},{"not_picked":["Creative AI","Rainbow"],"picked":"Fission","floor":16.0},{"not_picked":["Cold Snap","Steam"],"picked":"Reinforced Body","floor":18.0},{"not_picked":["Genetic Algorithm","Glacier+1"],"picked":"Gash","floor":20},{"not_picked":["Turbo","Compile Driver"],"picked":"Conserve Battery","floor":21}],"player_experience":718216,"relics_obtained":[{"floor":12.0,"key":"Mercury Hourglass"}],"event_choices":[{"damage_healed":0.0,"max_hp_gain":0.0,"max_hp_loss":0.0,"gold_gain":0.0,"event_name":"The Cleric","player_choice":"Leave","floor":2.0,"gold_loss":0.0,"damage_taken":0.0},{"damage_healed":0.0,"max_hp_gain":0.0,"max_hp_loss":0.0,"gold_gain":0.0,"event_name":"FaceTrader","player_choice":"Trade","floor":3.0,"gold_loss":0.0,"damage_taken":0.0,"relics_obtained":["GremlinMask"]},{"cards_removed":["Strike_B"],"damage_healed":0.0,"max_hp_gain":0.0,"max_hp_loss":0.0,"gold_gain":0.0,"event_name":"Bonfire Elementals","player_choice":"Offered Basic","floor":6.0,"gold_loss":0.0,"damage_taken":0.0},{"damage_healed":0.0,"max_hp_gain":0.0,"max_hp_loss":0.0,"gold_gain":0.0,"event_name":"Shining Light","player_choice":"Entered Light","floor":8.0,"gold_loss":0.0,"damage_taken":15.0,"cards_upgraded":["Defend_B","Defend_B"]},{"damage_healed":0.0,"max_hp_gain":0.0,"max_hp_loss":0.0,"gold_gain":0.0,"event_name":"The Mausoleum","player_choice":"Opened","floor":19.0,"gold_loss":0.0,"damage_taken":0.0,"relics_obtained":["Happy Flower"]},{"damage_healed":0,"gold_gain":100,"player_choice":"Bet on Murderer","damage_taken":0,"max_hp_gain":0,"max_hp_loss":0,"event_name":"The Joust","floor":22,"gold_loss":50}],"is_beta":false,"boss_relics":[{"not_picked":["SacredBark","FrozenCore"],"picked":"SlaversCollar"}],"items_purged_floors":[],"is_endless":false,"potions_floor_spawned":[1,7,14,20,21],"killed_by":"Book of Stabbing","ascension_level":4}}