{"host":"fff5e1uasnm04x18","time":1612489551,"event":{"mods":["BaseMod","Minty Spire (QoL Compilation)"],"gold_per_floor":[109,128,128,142,162,162,162,162,162,162,162,174,217,41,41,41,41],"floor_reached":16,"language":"ENG","playtime":783,"items_purged":[],"score":105,"play_id":"7b959aa3-765d-410f-bc48-b6b1ed4cf37d","local_time":"20210204204551","is_ascension_mode":true,"campfire_choices":[{"data":"Self Repair","floor":6,"key":"SMITH"},{"data":"Zap","floor":8,"key":"SMITH"},{"data":"Dualcast","floor":11,"key":"SMITH"},{"floor":15,"key":"REST"}],"circlet_count":0,"master_deck":["Strike_B","Strike_B","Strike_B","Defend_B","Defend_B","Defend_B","Defend_B","Zap+1","Dualcast+1","Self Repair+1","Biased Cognition","Loop"],"relics":["Cracked Core","NlothsMask","CeramicFish","CaptainsWheel","Juzu Bracelet"],"acts_visited":["Exordium"],"potions_floor_usage":[],"damage_taken":[{"damage":0,"enemies":"Cultist","floor":1,"turns":4},{"damage":10,"enemies":"Jaw Worm","floor":2,"turns":4},{"damage":2,"enemies":"2 Louse","floor":4,"turns":4},{"damage":21,"enemies":"Large Slime","floor":5,"turns":8},{"damage":10,"enemies":"Exordium Wildlife","floor":12,"turns":4},{"damage":40,"enemies":"Lagavulin","floor":13,"turns":9},{"damage":55,"enemies":"Slime Boss","floor":16,"turns":9}],"seed_played":"-5296463242994040190","potions_obtained":[{"floor":4,"key":"Regen Potion"},{"floor":5,"key":"Swift Potion"},{"floor":12,"key":"Fire Potion"}],"is_trial":false,"path_per_floor":["M","M","?","M","M","R","?","R","T","T","R","M","E","$","R","B"],"character_chosen":"DEFECT","items_purchased":["Juzu Bracelet","Loop"],"campfire_rested":1,"item_purchase_floors":[14,14],"current_hp_per_floor":[82,79,79,82,68,68,61,61,61,61,61,61,31,31,55,0,0],"gold":41,"neow_bonus":"TEN_PERCENT_HP_BONUS","is_daily":false,"chose_seed":false,"campfire_upgraded":3,"win_rate":0.0,"timestamp":1612489551,"path_taken":["M","M","?","?","M","R","?","R","T","?","R","M","E","?","R","BOSS"],"items_purchased_type":["Relic","Card"],"build_version":"2020-12-22","purchased_purges":0,"victory":false,"max_hp_per_floor":[82,82,82,82,82,82,82,82,82,82,82,82,82,82,82,82,82],"card_choices":[{"not_picked":["Hologram","Rebound"],"picked":"Self Repair","floor":1},{"not_picked":["Redo","Lockon","Streamline"],"picked":"SKIP","floor":2},{"not_picked":["Coolheaded","Steam","Leap"],"picked":"SKIP","floor":4},{"not_picked":["Steam","Scrape","Sweeping Beam"],"picked":"SKIP","floor":5},{"not_picked":["Beam Cell","Streamline","Conserve Battery"],"picked":"SKIP","floor":12},{"not_picked":["Sweeping Beam","Hologram"],"picked":"Biased Cognition","floor":13}],"player_experience":487432,"relics_obtained":[{"floor":10,"key":"CeramicFish"},{"floor":13,"key":"CaptainsWheel"}],"event_choices":[{"damage_healed":0,"gold_gain":0,"player_choice":"Trade","damage_taken":0,"relics_obtained":["NlothsMask"],"max_hp_gain":0,"max_hp_loss":0,"event_name":"FaceTrader","floor":3,"gold_loss":0},{"cards_removed":["Strike_B"],"damage_healed":0,"gold_gain":0,"player_choice":"Card Removal","damage_taken":7,"max_hp_gain":0,"max_hp_loss":0,"event_name":"Golden Wing","floor":7,"gold_loss":0}],"is_beta":false,"boss_relics":[],"items_purged_floors":[],"is_endless":false,"potions_floor_spawned":[4,5,12],"killed_by":"Slime Boss","ascension_level":1}}