{"host":"t8facflq355xg1wc","time":1612515170,"event":{"mods":["AchievementEnabler","BaseMod","DeckTracker","Minty Spire (QoL Compilation)","StSLib","SuperFastMode"],"gold_per_floor":[116,116,130,55,55,55,89,89,89,102,102,126,141,166,166,292,292,307,327,81,96,120,120,120],"floor_reached":23,"language":"KOR","playtime":2056,"items_purged":["Defend_P","MasterReality"],"score":220,"play_id":"8c6ed905-eabf-4ce3-a940-88ff582fe4a8","local_time":"20210205175250","is_ascension_mode":false,"campfire_choices":[{"data":"Eruption","floor":6,"key":"SMITH"},{"data":"MasterReality","floor":8,"key":"SMITH"},{"data":"BowlingBash","floor":15,"key":"SMITH"}],"circlet_count":0,"master_deck":["Eruption+1","Vigilance","BowlingBash+1","MasterReality+1","Vengeance","FlurryOfBlows","EmptyFist","Vault","Worship","Omniscience","DeceiveReality","WreathOfFlame","Nirvana","DeceiveReality","Consecrate","Perseverance+1","Adaptation","CarveReality","Consecrate+1"],"relics":["PureWater","NeowsBlessing","Golden Idol","Tiny Chest","MealTicket","Pandora\u0027s Box","Membership Card"],"acts_visited":["Exordium","TheCity"],"potions_floor_usage":[16,16,23,23],"damage_taken":[{"damage":0,"enemies":"2 Louse","floor":1,"turns":2},{"damage":0,"enemies":"Cultist","floor":3,"turns":1},{"damage":0,"enemies":"Lagavulin","floor":7,"turns":1},{"damage":0,"enemies":"Small Slimes","floor":10,"turns":3},{"damage":10,"enemies":"Exordium Wildlife","floor":12,"turns":4},{"damage":8,"enemies":"Red Slaver","floor":13,"turns":2},{"damage":0,"enemies":"Gremlin Gang","floor":14,"turns":3},{"damage":21,"enemies":"Hexaghost","floor":16,"turns":7},{"damage":20,"enemies":"Shell Parasite","floor":18,"turns":8},{"damage":0,"enemies":"Chosen","floor":19,"turns":5},{"damage":15,"enemies":"Snake Plant","floor":21,"turns":5},{"damage":21,"enemies":"Shelled Parasite and Fungi","floor":22,"turns":4},{"damage":54,"enemies":"Book of Stabbing","floor":23,"turns":5}],"seed_played":"-580125398364349922","potions_obtained":[{"floor":3,"key":"Ambrosia"},{"floor":13,"key":"Regen Potion"},{"floor":18,"key":"Regen Potion"},{"floor":21,"key":"SpeedPotion"},{"floor":22,"key":"DistilledChaos"}],"is_trial":false,"path_per_floor":["M","?","M","$","?","R","E","R","T","M","?","M","M","M","R","B",null,"M","M","$","M","M","E"],"character_chosen":"WATCHER","items_purchased":["Membership Card","Adaptation","CarveReality"],"campfire_rested":0,"item_purchase_floors":[20,20,20],"current_hp_per_floor":[72,72,72,72,54,54,54,54,54,54,59,49,41,41,41,35,77,57,57,72,57,36,0,0],"gold":120,"neow_bonus":"THREE_ENEMY_KILL","is_daily":false,"chose_seed":false,"campfire_upgraded":3,"win_rate":0.0,"timestamp":1612515170,"path_taken":["M","?","?","$","?","R","E","R","T","M","?","M","M","M","R","BOSS","M","M","$","M","M","E"],"items_purchased_type":["Relic","Card","Card"],"build_version":"2020-12-22","purchased_purges":2,"victory":false,"max_hp_per_floor":[72,72,72,72,72,72,72,72,72,72,77,77,77,77,77,77,77,77,77,77,77,77,77,77],"card_choices":[{"not_picked":["ThirdEye","Halt","PathToVictory"],"picked":"SKIP","floor":1},{"not_picked":["PathToVictory","Evaluate"],"picked":"BowlingBash","floor":3},{"not_picked":["DeceiveReality","EmptyFist"],"picked":"MasterReality","floor":7},{"not_picked":["Worship","Perseverance","CutThroughFate"],"picked":"SKIP","floor":10},{"not_picked":["JustLucky","ThirdEye"],"picked":"Vengeance","floor":12},{"not_picked":["BowlingBash","CrushJoints"],"picked":"FlurryOfBlows","floor":13},{"not_picked":["WheelKick","BowlingBash"],"picked":"EmptyFist","floor":14},{"not_picked":["MasterReality","Omniscience"],"picked":"Vault","floor":16},{"not_picked":["Sanctity","Fasting2"],"picked":"Consecrate","floor":18},{"not_picked":["FollowUp","ThirdEye+1"],"picked":"Perseverance+1","floor":19},{"not_picked":["Nirvana","Weave+1"],"picked":"Consecrate+1","floor":21},{"not_picked":["SashWhip","FollowUp","Consecrate"],"picked":"SKIP","floor":22}],"player_experience":139079,"relics_obtained":[{"floor":7,"key":"Tiny Chest"},{"floor":9,"key":"MealTicket"}],"event_choices":[{"damage_healed":0,"gold_gain":0,"player_choice":"Full Heal","damage_taken":0,"max_hp_gain":0,"max_hp_loss":0,"event_name":"Wheel of Change","floor":2,"gold_loss":0},{"damage_healed":0,"gold_gain":0,"player_choice":"Take Damage","damage_taken":18,"relics_obtained":["Golden Idol"],"max_hp_gain":0,"max_hp_loss":0,"event_name":"Golden Idol","floor":5,"gold_loss":0},{"damage_healed":0,"gold_gain":0,"player_choice":"Donut","damage_taken":0,"max_hp_gain":5,"max_hp_loss":0,"event_name":"Big Fish","floor":11,"gold_loss":0}],"is_beta":false,"boss_relics":[{"not_picked":["Runic Dome","Astrolabe"],"picked":"Pandora\u0027s Box"}],"items_purged_floors":[4,20],"is_endless":false,"potions_floor_spawned":[3,13,18,21,22],"killed_by":"Book of Stabbing","ascension_level":0}}