{"host":"kjehzzhcyp0nyrrl","time":1612538413,"event":{"mods":["100% Spire Juice","AchievementEnabler","BaseMod","Hermit","Keyboard Shortcuts","Koishi","Minty Spire (QoL Compilation)","StSLib","SuperFastMode","The Dragon Tamer","everything is the same but u backflip on backflip"],"gold_per_floor":[119,69,69,84,99,99,113,128,128,142,177,202,202,231,231,336,336,352,364,364,289,307,307,334,99,99,127,226,243,243,343,343,438,438,450,463,513,513,371,371,396,411,460,460,460],"floor_reached":44,"language":"KOR","playtime":1469,"items_purged":["Defend_R","Strike_R","Strike_R"],"score":715,"play_id":"74800b9b-e302-4e7f-85fa-191b05c78fc7","local_time":"20210206002013","is_ascension_mode":true,"campfire_choices":[{"data":"Fiend Fire","floor":6,"key":"SMITH"},{"data":"Burning Pact","floor":13,"key":"SMITH"},{"data":"Rampage","floor":15,"key":"SMITH"},{"data":"Evolve","floor":23,"key":"SMITH"},{"data":"Fire Breathing","floor":32,"key":"SMITH"},{"floor":40,"key":"RECALL"}],"circlet_count":0,"master_deck":["Strike_R","Defend_R","Defend_R","Defend_R","Bash","Fiend Fire+1","Wild Strike","Power Through","Battle Trance","Evolve+1","Burning Pact+1","Rampage+1","Double Tap","Shrug It Off","Fire Breathing+1","Dark Embrace","Burning Pact+1","Bandage Up","Power Through+1"],"relics":["Burning Blood","Eternal Feather","Mummified Hand","Odd Mushroom","Pear","Philosopher\u0027s Stone","Champion Belt","Membership Card","Pen Nib","Pocketwatch","Pantograph","Black Star","Incense Burner","Oddly Smooth Stone","Bottled Lightning","Darkstone Periapt","Smiling Mask"],"acts_visited":["Exordium","TheCity","TheBeyond"],"potions_floor_usage":[11,12,14,31,41,44],"damage_taken":[{"damage":0,"enemies":"2 Louse","floor":1,"turns":4},{"damage":0,"enemies":"Small Slimes","floor":4,"turns":3},{"damage":1,"enemies":"Cultist","floor":5,"turns":4},{"damage":4,"enemies":"3 Louse","floor":7,"turns":5},{"damage":1,"enemies":"Looter","floor":8,"turns":2},{"damage":5,"enemies":"2 Fungi Beasts","floor":10,"turns":5},{"damage":3,"enemies":"Gremlin Nob","floor":11,"turns":3},{"damage":12,"enemies":"The Mushroom Lair","floor":12,"turns":4},{"damage":20,"enemies":"3 Sentries","floor":14,"turns":9},{"damage":46,"enemies":"Slime Boss","floor":16,"turns":9},{"damage":0,"enemies":"Chosen","floor":18,"turns":3},{"damage":29,"enemies":"Shell Parasite","floor":19,"turns":5},{"damage":0,"enemies":"Sentry and Sphere","floor":22,"turns":3},{"damage":50,"enemies":"Slavers","floor":24,"turns":7},{"damage":0,"enemies":"Gremlin Leader","floor":27,"turns":5},{"damage":5,"enemies":"Centurion and Healer","floor":29,"turns":5},{"damage":9,"enemies":"Colosseum Slavers","floor":31,"turns":3},{"damage":3,"enemies":"Colosseum Nobs","floor":31,"turns":3},{"damage":28,"enemies":"Collector","floor":33,"turns":5},{"damage":4,"enemies":"3 Shapes","floor":35,"turns":4},{"damage":9,"enemies":"Orb Walker","floor":36,"turns":4},{"damage":0,"enemies":"Mind Bloom Boss Battle","floor":37,"turns":5},{"damage":42,"enemies":"Nemesis","floor":41,"turns":7},{"damage":40,"enemies":"Spire Growth","floor":42,"turns":4},{"damage":76,"enemies":"Giant Head","floor":44,"turns":6}],"seed_played":"2772547448135391629","potions_obtained":[{"floor":3,"key":"Energy Potion"},{"floor":3,"key":"SteroidPotion"},{"floor":3,"key":"ColorlessPotion"},{"floor":11,"key":"SkillPotion"},{"floor":12,"key":"SteroidPotion"},{"floor":16,"key":"DuplicationPotion"},{"floor":31,"key":"Block Potion"},{"floor":41,"key":"Regen Potion"}],"is_trial":false,"path_per_floor":["M","?","?","M","M","R","M","M","T","M","E","?","R","E","R","B",null,"M","M","?","$","M","R","E","$","T","E","?","M","?","?","R","B",null,"M","M","?","?","$","R","E","M","T","E"],"character_chosen":"IRONCLAD","items_purchased":["Membership Card","Fire Breathing","Oddly Smooth Stone"],"campfire_rested":0,"item_purchase_floors":[25,25,39],"current_hp_per_floor":[78,78,78,80,80,80,80,80,80,80,80,74,80,76,85,45,79,85,62,62,62,68,77,33,33,33,39,39,40,40,40,49,52,81,83,80,90,90,90,90,58,28,28,0,0],"gold":460,"neow_bonus":"ONE_RANDOM_RARE_CARD","is_daily":false,"chose_seed":false,"campfire_upgraded":5,"win_rate":0.0,"timestamp":1612538413,"path_taken":["M","?","?","M","?","R","M","M","T","M","E","?","R","E","R","BOSS","M","M","?","$","M","R","E","$","T","E","?","M","?","?","R","BOSS","M","M","?","?","$","R","E","M","T","E"],"items_purchased_type":["Relic","Card","Relic"],"build_version":"2020-12-22","purchased_purges":3,"victory":false,"max_hp_per_floor":[80,80,80,80,80,80,80,80,80,80,80,80,80,90,90,90,90,90,90,90,90,90,90,90,90,90,90,90,90,90,90,90,90,90,90,90,90,90,90,90,90,90,90,90,90],"card_choices":[{"not_picked":["Iron Wave","Twin Strike"],"picked":"Wild Strike","floor":1},{"not_picked":["Havoc","Sword Boomerang","Bloodletting"],"picked":"SKIP","floor":4},{"not_picked":["Warcry","Shrug It Off"],"picked":"Power Through","floor":5},{"not_picked":["Intimidate","Shrug It Off","Sentinel"],"picked":"SKIP","floor":7},{"not_picked":["Armaments","Uppercut"],"picked":"Battle Trance","floor":8},{"not_picked":["Body Slam","Perfected Strike","Twin Strike"],"picked":"SKIP","floor":10},{"not_picked":["Bloodletting","Berserk"],"picked":"Evolve","floor":11},{"not_picked":["Body Slam","Warcry"],"picked":"Burning Pact","floor":12},{"not_picked":["Anger","Heavy Blade"],"picked":"Rampage","floor":14},{"not_picked":["Immolate","Bludgeon"],"picked":"Double Tap","floor":16},{"not_picked":["Havoc","Cleave","Armaments"],"picked":"SKIP","floor":18},{"not_picked":["Bloodletting","Wild Strike+1","Disarm"],"picked":"SKIP","floor":19},{"not_picked":["Rage","Flex"],"picked":"Shrug It Off","floor":22},{"not_picked":["Pommel Strike","Hemokinesis","Battle Trance+1"],"picked":"SKIP","floor":24},{"not_picked":["Combust","Havoc+1","Rupture"],"picked":"SKIP","floor":27},{"not_picked":["Iron Wave","Seeing Red","Clothesline+1"],"picked":"SKIP","floor":29},{"not_picked":["Blood for Blood+1","Body Slam+1","Armaments"],"picked":"SKIP","floor":35},{"not_picked":["Dual Wield+1","Bloodletting"],"picked":"Dark Embrace","floor":36},{"not_picked":["Infernal Blade+1","Flex"],"picked":"Burning Pact+1","floor":37},{"not_picked":["Enlightenment","The Bomb"],"picked":"Bandage Up","floor":38},{"not_picked":["Warcry","Rampage+1","Ghostly Armor"],"picked":"SKIP","floor":41},{"not_picked":["Body Slam","True Grit+1"],"picked":"Power Through+1","floor":42}],"player_experience":394470,"relics_obtained":[{"floor":9,"key":"Eternal Feather"},{"floor":11,"key":"Mummified Hand"},{"floor":12,"key":"Odd Mushroom"},{"floor":14,"key":"Pear"},{"floor":24,"key":"Champion Belt"},{"floor":27,"key":"Pen Nib"},{"floor":31,"key":"Pocketwatch"},{"floor":31,"key":"Pantograph"},{"floor":37,"key":"Incense Burner"},{"floor":41,"key":"Bottled Lightning"},{"floor":41,"key":"Darkstone Periapt"},{"floor":43,"key":"Smiling Mask"}],"event_choices":[{"cards_removed":["Strike_R"],"damage_healed":0,"gold_gain":0,"player_choice":"Card Removal","damage_taken":0,"max_hp_gain":0,"max_hp_loss":0,"event_name":"The Cleric","floor":2,"gold_loss":50},{"damage_healed":0,"gold_gain":0,"player_choice":"Got Potions","damage_taken":0,"max_hp_gain":0,"max_hp_loss":0,"event_name":"Lab","floor":3,"gold_loss":0},{"damage_healed":0,"gold_gain":0,"player_choice":"Fought Mushrooms","damage_taken":0,"max_hp_gain":0,"max_hp_loss":0,"event_name":"Mushrooms","floor":12,"gold_loss":0},{"cards_removed":["Strike_R"],"damage_healed":0,"gold_gain":0,"player_choice":"Elegance","damage_taken":0,"max_hp_gain":0,"max_hp_loss":0,"event_name":"Back to Basics","floor":20,"gold_loss":0},{"damage_healed":0,"gold_gain":99,"player_choice":"Stole From Cult","damage_taken":0,"max_hp_gain":0,"max_hp_loss":0,"event_name":"Nest","floor":28,"gold_loss":0},{"damage_healed":0,"gold_gain":0,"player_choice":"Ignored","damage_taken":0,"max_hp_gain":0,"max_hp_loss":0,"event_name":"Vampires","floor":30,"gold_loss":0},{"damage_healed":0,"gold_gain":0,"player_choice":"Fight","damage_taken":0,"max_hp_gain":0,"max_hp_loss":0,"event_name":"Colosseum","floor":31,"gold_loss":0},{"damage_healed":0,"gold_gain":0,"player_choice":"Fought Nobs","damage_taken":0,"max_hp_gain":0,"max_hp_loss":0,"event_name":"Colosseum","floor":31,"gold_loss":0},{"damage_healed":0,"gold_gain":0,"player_choice":"Fight","damage_taken":0,"max_hp_gain":0,"max_hp_loss":0,"event_name":"MindBloom","floor":37,"gold_loss":0},{"damage_healed":0,"gold_gain":0,"player_choice":"Memory 1","damage_taken":0,"max_hp_gain":0,"max_hp_loss":0,"event_name":"SensoryStone","floor":38,"gold_loss":0}],"is_beta":false,"boss_relics":[{"not_picked":["Calling Bell","Black Blood"],"picked":"Philosopher\u0027s Stone"},{"not_picked":["Pandora\u0027s Box","Runic Dome"],"picked":"Black Star"}],"items_purged_floors":[21,25,39],"is_endless":false,"potions_floor_spawned":[4,7,10,11,12,16,18,19,27,31,36,41],"killed_by":"Giant Head","ascension_level":8}}