{"host":"oewe6473mh2zp5ss","time":1612560819,"event":{"mods":["AchievementEnabler","Aspiration","Bard","BaseMod","Challenge The Spire","Conspire","Curses Come First","Custom Start","Downfall","Emptier Cage","Gremlin Mod","Halation","Hubris","Infinite Spire","Minty Spire (QoL Compilation)","Permanent Neow","Reliquary","Replay The Spire","Robot Space Explorer","Somnambulant","Spikes Relics","StSLib","The Cursed","The Disciple","The Jungle","The Senshi","thorton"],"gold_per_floor":[99,109,139,139,29,44,44,55,85,85,85,85,0,15,59,59,59,59],"floor_reached":16,"language":"ENG","playtime":1744,"items_purged":["downfall:Malfunctioning"],"score":127,"play_id":"a15383ff-712f-4d1b-80a5-91299a4fff9d","local_time":"20210205133339","daily_mods":["downfall:Improvised"],"is_ascension_mode":false,"campfire_choices":[{"floor":1,"key":"DIG"},{"floor":10,"key":"REST"},{"floor":12,"key":"REST"}],"circlet_count":0,"master_deck":["sneckomod:Strike","sneckomod:Strike","sneckomod:Strike","sneckomod:Defend","sneckomod:Defend","sneckomod:Defend","sneckomod:TailWhip+1","sneckomod:SnekBite+1","sneckomod:Unknown","sneckomod:Unknown","sneckomod:UnknownCommonAttack","sneckomod:UnknownCommonAttack","sneckomod:UnknownCommonAttack","sneckomod:UnknownCommonSkill","sneckomod:UnknownCommonSkill+1","sneckomod:UnknownCommonSkill","sneckomod:UnknownUncommonAttack","sneckomod:UnknownUncommonSkill","sneckomod:UnknownUncommonPower","sneckomod:Unknown","sneckomod:UnknownBlock","sneckomod:Memorize","hubris:Lust","Infernal Blade","sneckomod:CheapStock","sneckomod:UnknownCommonSkill","sneckomod:SnakeSap","Infernal Blade","sneckomod:UnknownRareSkill","sneckomod:UnknownVulnerable","Havoc","sneckomod:Unknown0Cost"],"relics":["sneckomod:SneckoSoul","SnailShell","m_SnakeBloodCore","halation:PromiseList","aspiration:HiddenCompartment"],"acts_visited":["Exordium"],"potions_floor_usage":[9,16,16],"damage_taken":[{"damage":6,"enemies":"Cultist","floor":2,"turns":3},{"damage":5,"enemies":"2 Louse","floor":3,"turns":4},{"damage":3,"enemies":"downfall:FleeingMerchant","floor":5,"turns":4},{"damage":9,"enemies":"Jaw Worm","floor":6,"turns":2},{"damage":20,"enemies":"Lots of Slimes","floor":8,"turns":8},{"damage":39,"enemies":"Lagavulin","floor":9,"turns":6},{"damage":1,"enemies":"downfall:FleeingMerchant","floor":13,"turns":4},{"damage":9,"enemies":"Blue Slaver","floor":14,"turns":4},{"damage":26,"enemies":"Exordium Thugs","floor":15,"turns":4},{"damage":50,"enemies":"DF_ARCHETYPE_STREAMLINE","floor":16,"turns":4}],"seed_played":"-425612652751798718","potions_obtained":[{"floor":3,"key":"Weak Potion"},{"floor":9,"key":"PowerPotion"},{"floor":15,"key":"Cursed Concoction"}],"is_trial":true,"path_per_floor":["R","M","M","?","$","M","T","M","E","R","?","R","$","M","M","B"],"character_chosen":"THE_SNECKO","items_purchased":["sneckomod:CheapStock","sneckomod:UnknownCommonSkill"],"campfire_rested":2,"item_purchase_floors":[5,5],"current_hp_per_floor":[90,84,79,79,79,73,73,56,20,47,47,74,76,70,50,0,0,0],"gold":59,"neow_bonus":"","is_daily":false,"chose_seed":false,"campfire_upgraded":0,"win_rate":0.0,"timestamp":1612560819,"path_taken":["R","M","M","?","$","M","T","M","E","R","?","R","?","?","M","BOSS"],"items_purchased_type":["Card","Card"],"build_version":"2020-12-22","purchased_purges":1,"victory":false,"max_hp_per_floor":[90,90,90,90,90,90,90,90,90,90,90,90,90,90,90,90,90,90],"card_choices":[{"not_picked":["sneckomod:Nope","sneckomod:IronFang"],"picked":"sneckomod:UnknownBlock","floor":2},{"not_picked":["sneckomod:Unknown2Cost","sneckomod:DiceCrush"],"picked":"sneckomod:Memorize","floor":3},{"not_picked":["Recycle","sneckomod:SerpentIdol"],"picked":"Infernal Blade","floor":5},{"not_picked":["sneckomod:UnknownX","sneckomod:Unknown2Cost"],"picked":"sneckomod:SnakeSap","floor":6},{"not_picked":["Dagger Throw","sneckomod:SoulRoll"],"picked":"Infernal Blade","floor":8},{"not_picked":["Havoc","sneckomod:Nope"],"picked":"sneckomod:UnknownRareSkill","floor":9},{"not_picked":["sneckomod:UnknownStrike","sneckomod:DiceCrush"],"picked":"sneckomod:UnknownVulnerable","floor":13},{"not_picked":["sneckomod:IronFang","sneckomod:Mudshield"],"picked":"Havoc","floor":14},{"not_picked":["sneckomod:UnknownCommonAttack","sneckomod:Nope"],"picked":"sneckomod:Unknown0Cost","floor":15}],"player_experience":81003,"relics_obtained":[{"floor":1,"key":"SnailShell"},{"floor":7,"key":"halation:PromiseList"},{"floor":9,"key":"aspiration:HiddenCompartment"}],"event_choices":[],"is_beta":false,"boss_relics":[],"items_purged_floors":[13],"is_endless":false,"potions_floor_spawned":[3,9,15],"killed_by":"DF_ARCHETYPE_STREAMLINE","ascension_level":0}}