{"host":"9nzcajyrup44vdvf","time":1612524503,"event":{"mods":["2.2 Compatiblity","AchievementEnabler","AlwaysNeverKeys","BaseMod","Curses Come First","Downfall","Googly Eyes","Minty Spire (QoL Compilation)","Permanent Neow","Relic Stats","StSLib","SuperFastMode","everything is the same but u backflip on backflip","slay the spire mod where everything is the same but ironclad has a cowboy hat"],"gold_per_floor":[99,118,118,118,28,28,28,41,216,216,216,226,244,5,17,116,116,116,134,150,150,165,165,214,7,7,19,19,4,4,14,29,132,132,132,132,124,141,157,13,13,29,29,29,54,54,69,69,69,69,69],"floor_reached":49,"language":"ENG","playtime":3361,"items_purged":["Parasite","Doubt","downfall:Malfunctioning"],"score":505,"play_id":"8b2de35a-1716-4cb6-be97-6203a0f2613d","local_time":"20210205122823","is_ascension_mode":false,"campfire_choices":[{"data":"Slimebound:SlimeSlap","floor":1,"key":"SMITH"},{"data":"Slimebound:GoopSpray","floor":6,"key":"SMITH"},{"data":"Slimebound:Split","floor":11,"key":"SMITH"},{"data":"Slimebound:DuplicatedForm","floor":18,"key":"SMITH"},{"data":"expansioncontent:QuickStudy","floor":28,"key":"SMITH"},{"data":"Slimebound:LeechEnergy","floor":30,"key":"SMITH"},{"data":"Slimebound:Equalize","floor":35,"key":"SMITH"},{"data":"Slimebound:LevelUp","floor":44,"key":"SMITH"},{"data":"Slimebound:SpikyOuterGoop","floor":46,"key":"SMITH"}],"circlet_count":0,"master_deck":["Slimebound:Strike_Slimebound","Slimebound:Strike_Slimebound+1","Slimebound:Strike_Slimebound+1","Slimebound:Tackle","Slimebound:Defend_Slimebound","Slimebound:Defend_Slimebound","Slimebound:Defend_Slimebound","Slimebound:Defend_Slimebound","Slimebound:Split+1","Slimebound:CorrosiveSpit","Slimebound:SlimeSlap+1","CurseOfTheBell","CurseOfTheBell","Slimebound:SelfFormingGoo+1","Slimebound:GoopSpray+1","Slimebound:SamplingLick","Slimebound:LeechEnergy+1","Slimebound:SpikyOuterGoop+1","Slimebound:ItLooksTasty","Slimebound:RollThrough","Slimebound:Schlurp","Slimebound:Replication","Slimebound:Equalize+1","Slimebound:DuplicatedForm+1","Slimebound:GoopSpray+1","Slimebound:GrowthPunch","Slimebound:TongueLash+1","expansioncontent:QuickStudy+1","Slimebound:SplitLeeching","Slimebound:Repurpose","Slimebound:OneTwoCombo+1","Slimebound:ForwardTackle+1","Slimebound:SelfFormingGoo+1","Slimebound:SlimeTap+1","Slimebound:LevelUp+1","Slimebound:LeechingTouch+1","Slimebound:Repurpose+1","Slimebound:SplitMire+1","Slimebound:LeechingTouch+1","Slimebound:HauntingLick+1","expansioncontent:HyperBeam+1","Slimebound:MegaLick+1","Slimebound:HauntingLick+1"],"relics":["Slimebound:AbsorbEndCombat","downfall:ExtraCursedBell","Boot","Sundial","Prayer Wheel","Ice Cream","Slimebound:MaxSlimesRelic","Busted Crown","Molten Egg 2","Omamori","Astrolabe","ClockworkSouvenir","Slimebound:AggressiveSlimeRelic","Frozen Egg 2","Lantern"],"acts_visited":["Exordium","TheCity","TheBeyond"],"potions_floor_usage":[13,16,25,25,25,38,39,49],"damage_taken":[{"damage":1,"enemies":"Jaw Worm","floor":2,"turns":4},{"damage":16,"enemies":"downfall:FleeingMerchant","floor":5,"turns":4},{"damage":3,"enemies":"Small Slimes","floor":8,"turns":2},{"damage":8,"enemies":"2 Louse","floor":12,"turns":3},{"damage":16,"enemies":"Large Slime","floor":13,"turns":5},{"damage":0,"enemies":"downfall:FleeingMerchant","floor":14,"turns":4},{"damage":16,"enemies":"Blue Slaver","floor":15,"turns":4},{"damage":24,"enemies":"DF_ARCHETYPE_STREAMLINE","floor":16,"turns":9},{"damage":21,"enemies":"Chosen","floor":19,"turns":4},{"damage":30,"enemies":"Spheric Guardian","floor":20,"turns":5},{"damage":48,"enemies":"Snake Plant","floor":22,"turns":5},{"damage":15,"enemies":"downfall:FleeingMerchant","floor":25,"turns":4},{"damage":0,"enemies":"3 Cultists","floor":27,"turns":4},{"damage":14,"enemies":"downfall:FleeingMerchant","floor":29,"turns":4},{"damage":28,"enemies":"Centurion and Healer","floor":31,"turns":7},{"damage":12,"enemies":"Snake Plant","floor":32,"turns":3},{"damage":20,"enemies":"SI_MIRROR_ARCHETYPE","floor":33,"turns":10},{"damage":15,"enemies":"downfall:FleeingMerchant","floor":37,"turns":3},{"damage":0,"enemies":"Orb Walker","floor":38,"turns":3},{"damage":6,"enemies":"3 Darklings","floor":39,"turns":5},{"damage":23,"enemies":"Jaw Worm Horde","floor":42,"turns":3},{"damage":13,"enemies":"Nemesis","floor":45,"turns":5},{"damage":18,"enemies":"Sphere and 2 Shapes","floor":47,"turns":3},{"damage":62,"enemies":"4 Shapes","floor":49,"turns":3}],"seed_played":"6906902401935274469","potions_obtained":[{"floor":2,"key":"Fire Potion"},{"floor":15,"key":"BlessingOfTheForge"},{"floor":16,"key":"SkillPotion"},{"floor":32,"key":"Block Potion"},{"floor":38,"key":"Fruit Juice"},{"floor":42,"key":"EntropicBrew"},{"floor":47,"key":"Dexterity Potion"}],"is_trial":false,"path_per_floor":["R","M","?","?","$","R","T","M","?","?","R","M","M","$","M","B",null,"R","M","M","?","M","?","T","$","?","M","R","$","R","M","M","B",null,"R","?","$","M","M","$","T","M","?","R","E","R","M","?","M"],"character_chosen":"SLIMEBOUND","items_purchased":["LiquidMemories","AttackPotion","expansioncontent:QuickStudy","ClockworkSouvenir","ColorlessPotion","Slimebound:LevelUp","Slimebound:AggressiveSlimeRelic"],"campfire_rested":0,"item_purchase_floors":[14,14,25,37,37,37,40],"current_hp_per_floor":[47,48,48,36,28,28,28,29,29,29,29,25,13,21,11,3,62,62,62,62,62,44,44,44,50,50,62,62,60,60,55,54,62,62,62,62,62,67,61,61,61,48,48,48,43,43,48,48,0,0,0],"gold":69,"neow_bonus":"THREE_RARE_CARDS","is_daily":false,"chose_seed":false,"campfire_upgraded":9,"win_rate":0.0,"timestamp":1612524503,"path_taken":["R","M","?","?","?","R","T","M","?","?","R","?","M","$","M","BOSS","R","M","M","?","M","?","T","$","?","M","R","$","R","?","M","BOSS","R","?","$","M","M","?","T","M","?","R","E","R","M","?","M"],"items_purchased_type":["Potion","Potion","Card","Relic","Potion","Card","Relic"],"build_version":"2020-12-22","purchased_purges":3,"victory":false,"max_hp_per_floor":[65,65,65,65,62,62,62,62,62,62,62,62,62,62,62,62,62,62,62,62,62,62,62,62,62,62,62,62,62,62,62,62,62,62,62,62,62,67,67,67,67,67,67,67,67,67,67,67,67,67,67],"relic_stats":{"Busted Crown":52,"counters":[24,104],"Sundial":[2],"Astrolabe":["Slimebound:ForwardTackle","Slimebound:SelfFormingGoo","Slimebound:SlimeTap"],"Prayer Wheel":14,"Boot":[30],"obtain_stats":[{"Ice Cream":4,"Slimebound:AggressiveSlimeRelic":40,"Lantern":45,"Astrolabe":34,"Omamori":24,"Frozen Egg 2":41,"Boot":3,"ClockworkSouvenir":37,"Slimebound:MaxSlimesRelic":7,"Busted Crown":17,"Sundial":3,"Prayer Wheel":3,"Molten Egg 2":21,"Slimebound:AbsorbEndCombat":0,"downfall:ExtraCursedBell":3},{"Ice Cream":1,"Slimebound:AggressiveSlimeRelic":20,"Lantern":22,"Astrolabe":17,"Omamori":11,"Frozen Egg 2":20,"Boot":1,"ClockworkSouvenir":18,"Slimebound:MaxSlimesRelic":2,"Busted Crown":8,"Sundial":1,"Prayer Wheel":1,"Molten Egg 2":10,"Slimebound:AbsorbEndCombat":0,"downfall:ExtraCursedBell":1},{"Ice Cream":4,"Slimebound:AggressiveSlimeRelic":90,"Lantern":98,"Astrolabe":79,"Omamori":47,"Frozen Egg 2":90,"Boot":4,"ClockworkSouvenir":82,"Slimebound:MaxSlimesRelic":8,"Busted Crown":33,"Sundial":4,"Prayer Wheel":4,"Molten Egg 2":42,"Slimebound:AbsorbEndCombat":0,"downfall:ExtraCursedBell":4}]},"card_choices":[{"not_picked":["Slimebound:LeechLife","Slimebound:SelfFormingGoo"],"picked":"Slimebound:SlimeSlap","floor":0},{"not_picked":["Slimebound:Prepare","Slimebound:FinishingTackle"],"picked":"Slimebound:RainOfGoop","floor":2},{"not_picked":["Slimebound:Schlurp","Slimebound:RollThrough"],"picked":"Slimebound:GoopSpray","floor":5},{"not_picked":["Slimebound:GoopSpray","Slimebound:RollThrough"],"picked":"Slimebound:SamplingLick","floor":8},{"not_picked":["Slimebound:SplitBruiser","Slimebound:GoopTackle"],"picked":"Slimebound:LeechEnergy","floor":8},{"not_picked":["Slimebound:WasteNot","Slimebound:SlimeSpikes"],"picked":"Slimebound:SpikyOuterGoop","floor":12},{"not_picked":["Slimebound:SlimeBarrage","Slimebound:SlimeSpikes"],"picked":"Slimebound:ItLooksTasty","floor":12},{"not_picked":["Slimebound:SplitAcid","Slimebound:FinishingTackle"],"picked":"Slimebound:RollThrough","floor":13},{"not_picked":["Slimebound:SplitAcid","Slimebound:SlimeSpikes"],"picked":"Slimebound:Schlurp","floor":13},{"not_picked":["Slimebound:FinishingTackle","Slimebound:RollThrough"],"picked":"Slimebound:SamplingLick","floor":14},{"not_picked":["Slimebound:SplitAcid","Slimebound:RollThrough"],"picked":"Slimebound:Replication","floor":15},{"not_picked":["Slimebound:Dissolve","Slimebound:RallyTheTroops"],"picked":"Slimebound:Equalize","floor":15},{"not_picked":["Slimebound:OneTwoCombo","Slimebound:PrepareCrush"],"picked":"Slimebound:DuplicatedForm","floor":16},{"not_picked":[],"picked":"Slimebound:GoopSpray","floor":19},{"not_picked":["Slimebound:BestDefense"],"picked":"SKIP","floor":19},{"not_picked":[],"picked":"Slimebound:SplitLeeching","floor":20},{"not_picked":[],"picked":"Slimebound:GrowthPunch","floor":20},{"not_picked":[],"picked":"Slimebound:TongueLash+1","floor":22},{"not_picked":["Slimebound:ForwardTackle+1"],"picked":"SKIP","floor":22},{"not_picked":["Slimebound:HauntingLick"],"picked":"SKIP","floor":25},{"not_picked":[],"picked":"Slimebound:SplitLeeching","floor":27},{"not_picked":["Slimebound:HauntingLick+1"],"picked":"SKIP","floor":27},{"not_picked":["Slimebound:SplitAcid"],"picked":"SKIP","floor":29},{"not_picked":["Slimebound:GoopTackle+1"],"picked":"SKIP","floor":31},{"not_picked":["Slimebound:BestDefense"],"picked":"SKIP","floor":31},{"not_picked":[],"picked":"Slimebound:Repurpose","floor":32},{"not_picked":["Slimebound:GoopSpray"],"picked":"SKIP","floor":32},{"not_picked":[],"picked":"Slimebound:OneTwoCombo+1","floor":33},{"not_picked":["Slimebound:SplitBruiser"],"picked":"SKIP","floor":37},{"not_picked":[],"picked":"Slimebound:LeechingTouch+1","floor":38},{"not_picked":["Slimebound:ComboTackle+1"],"picked":"SKIP","floor":38},{"not_picked":[],"picked":"Slimebound:Repurpose+1","floor":39},{"not_picked":[],"picked":"Slimebound:SplitMire+1","floor":39},{"not_picked":[],"picked":"Slimebound:LeechingTouch+1","floor":42},{"not_picked":[],"picked":"Slimebound:HauntingLick+1","floor":42},{"not_picked":["expansioncontent:InvincibleStrength","expansioncontent:Chronoboost"],"picked":"expansioncontent:HyperBeam","floor":43},{"not_picked":[],"picked":"Slimebound:MegaLick+1","floor":45},{"not_picked":[],"picked":"Slimebound:HauntingLick+1","floor":47},{"not_picked":["Slimebound:LivingWall+1"],"picked":"SKIP","floor":47}],"player_experience":445643,"relics_obtained":[{"floor":3,"key":"Boot"},{"floor":3,"key":"Sundial"},{"floor":3,"key":"Prayer Wheel"},{"floor":7,"key":"Slimebound:MaxSlimesRelic"},{"floor":24,"key":"Omamori"},{"floor":41,"key":"Frozen Egg 2"},{"floor":45,"key":"Lantern"}],"event_choices":[{"damage_healed":0,"gold_gain":0,"player_choice":"Success","damage_taken":12,"relics_obtained":["Ice Cream"],"max_hp_gain":0,"max_hp_loss":0,"event_name":"Scrap Ooze","floor":4,"gold_loss":0},{"damage_healed":0,"gold_gain":0,"player_choice":"Ignored","damage_taken":0,"max_hp_gain":0,"max_hp_loss":0,"event_name":"Mysterious Sphere","floor":48,"gold_loss":0}],"is_beta":false,"boss_relics":[{"not_picked":["Tiny House","SacredBark"],"picked":"Busted Crown"},{"not_picked":["Sozu","Velvet Choker"],"picked":"Astrolabe"}],"items_purged_floors":[5,14,37],"is_endless":false,"potions_floor_spawned":[2,15,16,20,32,38,42,47],"killed_by":"4 Shapes","ascension_level":0}}