{"host":"sbes2ysx244eovb1","time":1612550855,"event":{"mods":["AchievementEnabler","Act Like it!","Aspiration","BaseMod","BetterRewards","Colored Map","Colored Powertips","Downfall","Hubris","KomeijiMod","Minty Spire (QoL Compilation)","Quick Restart","Replay The Spire","StSLib","SuperFastMode"],"gold_per_floor":[1158,1173,1185,1185,1185,1185,1185,636,636,636,636,636,649,756,768,1863,1863,1863,1874,1892,1892,1892,1923,1923,1957,1957,1967,1986,2004,1579,1597,1614,1718,1718,1718,1728,1728,1376,1395,1414,1440,955,955,955,955,955,499,511,530,530],"floor_reached":51,"language":"ENG","playtime":2548,"items_purged":[],"score":1032,"play_id":"61c8b273-578b-4290-b5c9-6b557a9c4b70","local_time":"20210206014735","is_ascension_mode":true,"campfire_choices":[{"data":"hexamod:Float","floor":6.0,"key":"SMITH"},{"data":"hexamod:Strike","floor":18.0,"key":"SMITH"},{"data":"hexamod:Strike","floor":26,"key":"SMITH"},{"data":"hexamod:Strike","floor":35,"key":"SMITH"},{"data":"hexamod:Strike","floor":43,"key":"SMITH"},{"data":"hexamod:Strike","floor":45,"key":"SMITH"}],"circlet_count":0,"master_deck":["hexamod:Strike+1","hexamod:Strike+2","hexamod:Strike","hexamod:Strike","hexamod:Defend","hexamod:Defend","hexamod:Defend","hexamod:Defend","hexamod:Sear+1","hexamod:Float+1","hexamod:NightmareStrike+1","hexamod:SuperheatedStrike+1","hexamod:EtherealExpedition+1","hexamod:SpectersWail+1","hexamod:BurningTouch+1","hexamod:SearingWound+1","hexamod:SoulSteal+1","hexamod:ParanormalForm+1","hexamod:SkipABeat+1","hexamod:ExtraCrispy+1","expansioncontent:StudyTheSpire+1","expansioncontent:InvincibleStrength+1","hexamod:SuperheatedStrike+1","hexamod:ParanormalForm+1","hexamod:DynamicBlow+1","hexamod:PhantomCloak+1","hexamod:RecurringNightmare+1","hexamod:HeatMetal+1","hexamod:GhostLash+1","hexamod:BacktrackSmack+1","hexamod:SwordOfDarkness+1","hexamod:PowerFromBeyond+1","hexamod:ExtraCrispy+1","hexamod:EtherealExpedition+1","hexamod:SuperheatedStrike+1","hexamod:ChargedBarrage+1","hexamod:HexaLevel+1","hexamod:Incineration+1","hexamod:GhostLash+1","hexamod:HexaLevel+1","hexamod:RadiantFlame+1","expansioncontent:HyperBeam+1","expansioncontent:AwakenDeath+1","Replay:SS_forest_2+1","hexamod:RadiantFlame+1","hexamod:FlamesFromBeyond+1"],"relics":["Black Star","Juzu Bracelet","Molten Egg 2","Frozen Egg 2","Toxic Egg 2","Mummified Hand","Replay:Kaleidoscope","hubris:EvacipatedBox","hubris:FruitBowl","Simple Rune","Sling","PreservedInsect","hubris:HerbalPaste","Omamori","Toolbox","Singing Bowl","MealTicket","Sozu","hubris:Towel","Replay:Ringing Soul","hubris:ToyBattleship","Mirror","Replay:Accelerometer","hexamod:MatchstickCase","Kunai","ReplayTheSpireMod:Lightbulb","hexamod:RecyclingMachine","Honey Jar","hubris:TenFootPole","BargainBundle","Blue Doll","Bag of Preparation","Pantograph","Guide Book","Art of War","hubris:SlimyHat"],"acts_visited":["Exordium","TheCity","TheBeyond"],"potions_floor_usage":[50,50,50,50],"damage_taken":[{"damage":74.0,"enemies":"Gremlin Nob","floor":1.0,"turns":5.0},{"damage":2.0,"enemies":"Small Slimes","floor":2.0,"turns":3.0},{"damage":9.0,"enemies":"2 Louse","floor":3.0,"turns":2.0},{"damage":0.0,"enemies":"downfall:FleeingMerchant","floor":8.0,"turns":4.0},{"damage":0.0,"enemies":"Cultist","floor":13.0,"turns":3.0},{"damage":15.0,"enemies":"downfall:FleeingMerchant","floor":14.0,"turns":4.0},{"damage":7.0,"enemies":"Gremlin Gang","floor":15.0,"turns":3.0},{"damage":16.0,"enemies":"SI_SHIV_ARCHETYPE","floor":16.0,"turns":4.0},{"damage":4.0,"enemies":"Shell Parasite","floor":19.0,"turns":3.0},{"damage":12.0,"enemies":"Chosen","floor":20.0,"turns":2.0},{"damage":22.0,"enemies":"Book of Stabbing","floor":23.0,"turns":3.0},{"damage":44.0,"enemies":"Slavers","floor":25.0,"turns":3.0},{"damage":10,"enemies":"Centurion and Healer","floor":27,"turns":3},{"damage":32,"enemies":"Shelled Parasite and Fungi","floor":28,"turns":3},{"damage":11,"enemies":"Chosen and Byrds","floor":29,"turns":3},{"damage":13,"enemies":"downfall:FleeingMerchant","floor":30,"turns":3},{"damage":4,"enemies":"Snecko","floor":31,"turns":3},{"damage":18,"enemies":"Centurion and Healer","floor":32,"turns":3},{"damage":23,"enemies":"IC_MUSHROOM_ARCHETYPE","floor":33,"turns":4},{"damage":47,"enemies":"3 Shapes","floor":36,"turns":4},{"damage":31,"enemies":"Orb Walker","floor":39,"turns":3},{"damage":45,"enemies":"4 Shapes","floor":40,"turns":3},{"damage":16,"enemies":"Sphere and 2 Shapes","floor":48,"turns":2},{"damage":23,"enemies":"3 Darklings","floor":49,"turns":2},{"damage":119,"enemies":"WA_ARCHETYPE_DIVINITY","floor":50,"turns":6}],"seed_played":"-7894976974862561982","potions_obtained":[{"floor":1.0,"key":"Swift Potion"},{"floor":3.0,"key":"FearPotion"},{"floor":13.0,"key":"LifebloodPotion"},{"floor":16.0,"key":"JyouchiReiPotion"}],"is_trial":false,"path_per_floor":["R_BF","M","M","?","$","R","T","$","?","?","?","?","M","$","M","B",null,"R","M","M","?","?","E","T","E","R","M","M","M","$","M","M","B",null,"R","M","?","$","M","M","T","$","R","?","R","?","$","M","M","B",null],"character_chosen":"THE_SPIRIT","items_purchased":["hubris:EvacipatedBox","hubris:FruitBowl","Simple Rune","Sling","PreservedInsect","Potion Belt","hubris:HerbalPaste","hexamod:SpectersWail+1","hexamod:BurningTouch+1","hexamod:ExtraCrispy+1","Toolbox","Singing Bowl","MealTicket","expansioncontent:StudyTheSpire","expansioncontent:InvincibleStrength","Kunai","ReplayTheSpireMod:Lightbulb","hexamod:RecyclingMachine","hexamod:ExtraCrispy+1","hexamod:EtherealExpedition+1","hubris:TenFootPole","BargainBundle","Bag of Preparation","Pantograph","hexamod:RadiantFlame+1","Guide Book","Art of War","hubris:SlimyHat"],"campfire_rested":0,"item_purchase_floors":[5,5,5,5,8,8,8,8,8,14,14,14,14,14,14,30,30,30,30,30,38,38,42,42,42,47,47,47],"current_hp_per_floor":[70,68,59,59,1,1,1,70,70,67,70,70,70,70,65,70,70,70,66,70,70,70,67,67,78,78,75,71,87,94,94,86,106,106,106,69,69,84,94,108,108,122,122,121,121,121,126,114,100,112],"gold":530,"neow_bonus":"BOSS_RELIC","is_daily":false,"chose_seed":false,"campfire_upgraded":6,"win_rate":0.0,"timestamp":1612550855,"path_taken":["R_BF","M","M","?","?","R","T","$","?","?","?","?","M","$","M","BOSS","R","M","M","?","?","E","T","E","R","M","M","M","$","M","M","BOSS","R","M","?","?","M","M","T","$","R","?","R","?","$","M","M","BOSS"],"items_purchased_type":["Relic","Relic","Relic","Relic","Relic","Relic","Relic","Card","Card","Card","Relic","Relic","Relic","Card","Card","Relic","Relic","Relic","Card","Card","Relic","Relic","Relic","Relic","Card","Relic","Relic","Relic"],"build_version":"2020-12-22","purchased_purges":0,"victory":true,"max_hp_per_floor":[70,70,70,70,70,70,70,70,70,70,70,70,70,70,70,70,70,70,70,70,70,70,74,74,78,78,82,86,90,94,98,102,106,106,106,110,110,110,114,118,118,122,122,126,126,126,126,130,134,134],"card_choices":[{"not_picked":["hexamod:AdvancingGuard+1","hexamod:SoulSteal+1"],"picked":"hexamod:CatchUp+1","floor":1.0},{"not_picked":["hexamod:AdvancingGuard+1","hexamod:BacktrackSmack+1"],"picked":"hexamod:NightmareStrike+1","floor":2.0},{"not_picked":["hexamod:GhostflameBarrier+1","hexamod:Again+1"],"picked":"hexamod:SuperheatedStrike+1","floor":3.0},{"not_picked":["hexamod:ThirdSeal","hexamod:NightmareGuise+1"],"picked":"hexamod:EtherealExpedition+1","floor":8.0},{"not_picked":["hexamod:FirstSeal","hexamod:GhostShield+1"],"picked":"hexamod:ParanormalForm+1","floor":13.0},{"not_picked":["hexamod:BacktrackSmack+1","hexamod:HeatShield+1"],"picked":"hexamod:SkipABeat+1","floor":14.0},{"not_picked":["hexamod:BacktrackSmack+1","hexamod:HeatMetal+1"],"picked":"hexamod:SuperheatedStrike+1","floor":15.0},{"not_picked":["hexamod:UnleashSpirits+1","hexamod:ApocalypseNow+1"],"picked":"hexamod:ParanormalForm+1","floor":16.0},{"not_picked":["hexamod:SpectersWail+1","hexamod:ThermalTransfer+1"],"picked":"hexamod:DynamicBlow+1","floor":19.0},{"not_picked":["hexamod:Hexaguard+1","hexamod:GhostOfSpireFuture+1"],"picked":"hexamod:PhantomCloak+1","floor":20.0},{"not_picked":["hexamod:Hexaguard+1","hexamod:InspiringFlames+1"],"picked":"hexamod:RecurringNightmare+1","floor":23.0},{"not_picked":["hexamod:FirstSeal","hexamod:InspiringFlames+1"],"picked":"hexamod:HeatMetal+1","floor":25.0},{"not_picked":["hexamod:SpectersWail+1","hexamod:HauntingEcho+1"],"picked":"hexamod:GhostLash+1","floor":27},{"not_picked":["hexamod:SixthSeal","hexamod:FastForward+1"],"picked":"hexamod:BacktrackSmack+1","floor":28},{"not_picked":["hexamod:AdvancingGuard+1","hexamod:GhostOfSpireFuture+1"],"picked":"hexamod:SwordOfDarkness+1","floor":29},{"not_picked":["hexamod:InspiringFlames+1","hexamod:FifthSeal"],"picked":"hexamod:PowerFromBeyond+1","floor":30},{"not_picked":["hexamod:GhostflameBarrier+1","hexamod:FirstSeal"],"picked":"hexamod:SuperheatedStrike+1","floor":31},{"not_picked":["hexamod:ShieldOfDarkness+1","hexamod:Firestarter+1"],"picked":"hexamod:ChargedBarrage+1","floor":32},{"not_picked":["hexamod:GhostflameInferno+1","hexamod:ForkedFlame+1"],"picked":"hexamod:HexaLevel+1","floor":33},{"not_picked":["hexamod:Firestarter+1","hexamod:GhostLash+1","hexamod:FlamesFromBeyond+1"],"picked":"hexamod:Incineration+1","floor":36},{"not_picked":["hexamod:FirstSeal","hexamod:AdvancingGuard+1","hexamod:GhostShield+1"],"picked":"hexamod:GhostLash+1","floor":39},{"not_picked":["hexamod:SpectersWail+1","hexamod:BacktrackSmack+1","hexamod:ShieldOfDarkness+1"],"picked":"hexamod:HexaLevel+1","floor":40},{"not_picked":["expansioncontent:GuardianWhirl","expansioncontent:InvincibleStrength"],"picked":"expansioncontent:HyperBeam","floor":44},{"not_picked":["expansioncontent:PolyBeam","expansioncontent:HyperBeam"],"picked":"expansioncontent:AwakenDeath","floor":44},{"not_picked":["expansioncontent:InvincibleStrength","expansioncontent:LastStand"],"picked":"Replay:SS_forest_2","floor":44},{"not_picked":["hexamod:Hexaguard+1","hexamod:AdvancingGuard+1","hexamod:NecessarySacrifice+1"],"picked":"hexamod:RadiantFlame+1","floor":48},{"not_picked":["hexamod:ThermalTransfer+1","hexamod:SwordOfDarkness+1","hexamod:PhantomFireball+1"],"picked":"hexamod:FlamesFromBeyond+1","floor":49}],"player_experience":264738,"relics_obtained":[{"floor":1.0,"key":"Replay:Kaleidoscope"},{"floor":23.0,"key":"Replay:Ringing Soul"},{"floor":23.0,"key":"hubris:ToyBattleship"},{"floor":24.0,"key":"Mirror"},{"floor":25.0,"key":"Replay:Accelerometer"},{"floor":25.0,"key":"hexamod:MatchstickCase"},{"floor":41,"key":"Blue Doll"}],"event_choices":[{"damage_healed":0.0,"max_hp_gain":0.0,"max_hp_loss":0.0,"gold_gain":0.0,"event_name":"Scrap Ooze","player_choice":"Success","floor":10.0,"gold_loss":0.0,"damage_taken":3.0,"relics_obtained":["Omamori"]}],"is_beta":false,"boss_relics":[{"not_picked":["aspiration:SecretTechniqueScroll","Astrolabe","hubris:CrackedHourglass"],"picked":"Sozu"},{"not_picked":["SlaversCollar","aspiration:WatcherSkillbook","aspiration:PoetsPen_weak"],"picked":"Honey Jar"}],"items_purged_floors":[],"is_endless":false,"potions_floor_spawned":[1,3,13,16,19,29,31,32,33,48,49],"ascension_level":4}}