{"host":"oehe2dxjvdgux73m","time":1612543010,"event":{"mods":["AchievementEnabler","BaseMod","Colored Map","Colored Powertips","DeckTracker","Keyboard Shortcuts","Minty Spire (QoL Compilation)","Permanent Neow","Quick Restart","StSLib","SuperFastMode"],"gold_per_floor":[10,21,41,59,76,76,89,89,89,89,105,105,64,83,83,156,156,168,184,213,263,66,66,76,96,144,158,177,193,207,207,207,207,207],"floor_reached":33,"language":"KOR","playtime":1440,"items_purged":[],"score":494,"play_id":"c2dd649b-2507-46d2-811b-bd80aab04b76","local_time":"20210206013650","is_ascension_mode":true,"campfire_choices":[{"data":"Bouncing Flask","floor":6.0,"key":"SMITH"},{"data":"Deadly Poison","floor":8.0,"key":"SMITH"},{"floor":10.0,"key":"REST"},{"data":"Neutralize","floor":15.0,"key":"SMITH"},{"floor":23.0,"key":"REST"},{"floor":32.0,"key":"REST"}],"circlet_count":0,"master_deck":["AscendersBane","Defend_G","Defend_G","Defend_G","Defend_G","Defend_G","Survivor","Neutralize+1","Cloak And Dagger","Bouncing Flask+1","Acrobatics","Deadly Poison+1","Malaise","Footwork","Escape Plan","Venomology","Blur+1","After Image+1","Adrenaline+1","Prepared","Crippling Poison","Backstab","Well Laid Plans","Adrenaline","Dodge and Roll+1","Noxious Fumes","PiercingWail","Concentrate+1","Noxious Fumes"],"relics":["Ring of the Snake","Ancient Tea Set","Astrolabe","Red Mask","Omamori"],"acts_visited":["Exordium","TheCity"],"potions_floor_usage":[33,33,33],"damage_taken":[{"damage":2.0,"enemies":"Small Slimes","floor":1.0,"turns":5.0},{"damage":5.0,"enemies":"Jaw Worm","floor":2.0,"turns":6.0},{"damage":1.0,"enemies":"2 Louse","floor":3.0,"turns":3.0},{"damage":3.0,"enemies":"Blue Slaver","floor":4.0,"turns":4.0},{"damage":10.0,"enemies":"Large Slime","floor":5.0,"turns":6.0},{"damage":18.0,"enemies":"Gremlin Gang","floor":7.0,"turns":7.0},{"damage":1.0,"enemies":"Looter","floor":11.0,"turns":3.0},{"damage":16.0,"enemies":"3 Louse","floor":14.0,"turns":4.0},{"damage":20.0,"enemies":"The Guardian","floor":16.0,"turns":11.0},{"damage":0.0,"enemies":"Spheric Guardian","floor":18.0,"turns":3.0},{"damage":0.0,"enemies":"Chosen","floor":19.0,"turns":6.0},{"damage":27.0,"enemies":"Masked Bandits","floor":20.0,"turns":5.0},{"damage":9.0,"enemies":"Snecko","floor":24.0,"turns":5.0},{"damage":1.0,"enemies":"Snake Plant","floor":25.0,"turns":4.0},{"damage":0.0,"enemies":"Sentry and Sphere","floor":27.0,"turns":5.0},{"damage":9.0,"enemies":"Shelled Parasite and Fungi","floor":28.0,"turns":7.0},{"damage":1.0,"enemies":"Chosen and Byrds","floor":29.0,"turns":7.0},{"damage":1.0,"enemies":"Centurion and Healer","floor":30.0,"turns":8.0},{"damage":10.0,"enemies":"Colosseum Slavers","floor":31.0,"turns":7.0},{"damage":35,"enemies":"Champ","floor":33,"turns":8}],"seed_played":"-9097353829563752965","potions_obtained":[{"floor":3.0,"key":"BlessingOfTheForge"},{"floor":4.0,"key":"Swift Potion"},{"floor":5.0,"key":"FearPotion"},{"floor":16.0,"key":"ColorlessPotion"},{"floor":24.0,"key":"GhostInAJar"},{"floor":28.0,"key":"DuplicationPotion"}],"is_trial":false,"path_per_floor":["M","M","M","M","M","R","M","R","T","R","M","?","$","M","R","B",null,"M","M","?","?","$","R","M","M","T","M","M","M","M","?","R","B"],"character_chosen":"THE_SILENT","items_purchased":["Footwork","Well Laid Plans","Adrenaline"],"campfire_rested":3,"item_purchase_floors":[13,22,22],"current_hp_per_floor":[57,52,51,48,38,38,20,20,20,39,38,38,38,22,22,2,50,50,50,23,23,23,42,33,32,32,32,23,22,21,11,30,0,0],"gold":207,"neow_bonus":"REMOVE_TWO","is_daily":false,"chose_seed":false,"campfire_upgraded":3,"win_rate":0.0,"timestamp":1612543010,"path_taken":["M","M","M","M","M","R","M","R","T","R","M","?","$","M","R","BOSS","M","M","?","?","$","R","M","M","T","M","M","M","M","?","R","BOSS"],"items_purchased_type":["Card","Card","Card"],"build_version":"2020-12-22","purchased_purges":0,"victory":false,"max_hp_per_floor":[66,66,66,66,66,66,66,66,66,66,66,66,66,66,66,66,66,66,66,66,66,66,66,66,66,66,66,66,66,66,66,66,66,66],"card_choices":[{"not_picked":["Underhanded Strike","Dodge and Roll"],"picked":"Cloak And Dagger","floor":1.0},{"not_picked":["Cloak And Dagger","PiercingWail"],"picked":"Bouncing Flask","floor":2.0},{"not_picked":["Blade Dance","Dagger Throw","Underhanded Strike"],"picked":"SKIP","floor":3.0},{"not_picked":["Deflect","Slice"],"picked":"Acrobatics","floor":4.0},{"not_picked":["Flying Knee","Choke"],"picked":"Deadly Poison","floor":5.0},{"not_picked":["Terror","Escape Plan"],"picked":"Malaise","floor":7.0},{"not_picked":["Cloak And Dagger","Quick Slash","Dagger Spray"],"picked":"SKIP","floor":11.0},{"not_picked":["Slice","Setup"],"picked":"Escape Plan","floor":14.0},{"not_picked":["Die Die Die","Envenom"],"picked":"Venomology","floor":16.0},{"not_picked":["Underhanded Strike","Bane"],"picked":"Prepared","floor":18.0},{"not_picked":["Poisoned Stab","Flying Knee"],"picked":"Crippling Poison","floor":19.0},{"not_picked":["Quick Slash","Masterful Stab"],"picked":"Backstab","floor":20.0},{"not_picked":["Expertise","Poisoned Stab"],"picked":"Dodge and Roll+1","floor":24.0},{"not_picked":["Deflect","Acrobatics"],"picked":"Noxious Fumes","floor":25.0},{"not_picked":["Quick Slash","Finisher","Blade Dance"],"picked":"SKIP","floor":27.0},{"not_picked":["Dagger Spray","Concentrate"],"picked":"PiercingWail","floor":28.0},{"not_picked":["Dash","Acrobatics+1"],"picked":"Concentrate+1","floor":29.0},{"not_picked":["Deadly Poison","Blur"],"picked":"Noxious Fumes","floor":30.0}],"player_experience":380968,"relics_obtained":[{"floor":9.0,"key":"Ancient Tea Set"},{"floor":20.0,"key":"Red Mask"},{"floor":26.0,"key":"Omamori"}],"event_choices":[{"damage_healed":0.0,"max_hp_gain":0.0,"max_hp_loss":0.0,"gold_gain":0.0,"event_name":"Shining Light","player_choice":"Ignored","floor":12.0,"gold_loss":0.0,"damage_taken":0.0},{"damage_healed":0.0,"max_hp_gain":0.0,"max_hp_loss":0.0,"gold_gain":0.0,"event_name":"Masked Bandits","player_choice":"Fought Bandits","floor":20.0,"gold_loss":0.0,"damage_taken":0.0},{"damage_healed":0.0,"max_hp_gain":0.0,"max_hp_loss":0.0,"gold_gain":50.0,"event_name":"Nest","player_choice":"Stole From Cult","floor":21.0,"gold_loss":0.0,"damage_taken":0.0},{"damage_healed":0.0,"max_hp_gain":0.0,"max_hp_loss":0.0,"gold_gain":0.0,"event_name":"Colosseum","player_choice":"Fight","floor":31.0,"gold_loss":0.0,"damage_taken":0.0},{"damage_healed":0.0,"max_hp_gain":0.0,"max_hp_loss":0.0,"gold_gain":0.0,"event_name":"Colosseum","player_choice":"Fled From Nobs","floor":31.0,"gold_loss":0.0,"damage_taken":0.0}],"is_beta":false,"boss_relics":[{"not_picked":["Sozu","Fusion Hammer"],"picked":"Astrolabe"}],"items_purged_floors":[],"is_endless":false,"potions_floor_spawned":[3,4,5,16,24,25,28,30],"killed_by":"Champ","ascension_level":20}}