{"host":"3qkmyeoym75lj4wn","time":1612554675,"event":{"mods":["2.2 Compatiblity","BaseMod","Block Reminder","Colored Powertips","Highlight Path","Minty Spire (QoL Compilation)","Permanent Neow","Potion Indicator Mod","Rare Cards Sparkle","Relic Stats","StSLib","Unceasing Turn Reminder"],"gold_per_floor":[117,137,150,168,178,178,194,194,217,245,277,288,288,316,316,316,316],"floor_reached":16,"language":"ENG","playtime":656,"items_purged":[],"score":278,"play_id":"1e4fd624-ea69-44bb-871a-c582eb1598de","local_time":"20210205195115","is_ascension_mode":true,"campfire_choices":[{"data":"Dagger Spray","floor":6.0,"key":"SMITH"},{"data":"Neutralize","floor":8.0,"key":"SMITH"},{"data":"Poisoned Stab","floor":15,"key":"SMITH"}],"circlet_count":0,"master_deck":["AscendersBane","Strike_G","Strike_G","Strike_G","Strike_G","Strike_G","Defend_G","Defend_G","Defend_G","Defend_G","Defend_G","Survivor","Neutralize+1","Cloak And Dagger","Slice","Dagger Spray+1","Bane","Dash","Poisoned Stab+1","Blade Dance","Backflip"],"relics":["Ring of the Snake","Potion Belt","PreservedInsect","Odd Mushroom","Mango","Regal Pillow"],"acts_visited":["Exordium"],"potions_floor_usage":[14,14,16],"damage_taken":[{"damage":16.0,"enemies":"Cultist","floor":1.0,"turns":6.0},{"damage":1.0,"enemies":"Small Slimes","floor":2.0,"turns":5.0},{"damage":0.0,"enemies":"2 Louse","floor":3.0,"turns":4.0},{"damage":5.0,"enemies":"2 Fungi Beasts","floor":4.0,"turns":4.0},{"damage":6.0,"enemies":"Lots of Slimes","floor":5.0,"turns":5.0},{"damage":0.0,"enemies":"Exordium Thugs","floor":7.0,"turns":5.0},{"damage":4.0,"enemies":"The Mushroom Lair","floor":10.0,"turns":4.0},{"damage":21.0,"enemies":"Lagavulin","floor":11.0,"turns":6.0},{"damage":0,"enemies":"Large Slime","floor":12,"turns":5},{"damage":0,"enemies":"Gremlin Nob","floor":14,"turns":2},{"damage":29,"enemies":"Hexaghost","floor":16,"turns":9}],"seed_played":"6053658964194314651","potions_obtained":[{"floor":1.0,"key":"Poison Potion"},{"floor":3.0,"key":"BlessingOfTheForge"},{"floor":5.0,"key":"SkillPotion"},{"floor":11.0,"key":"DuplicationPotion"},{"floor":12,"key":"Regen Potion"}],"is_trial":false,"path_per_floor":["M","M","M","M","M","R","M","R","T","?","E","M","?","E","R","B"],"character_chosen":"THE_SILENT","items_purchased":[],"campfire_rested":0,"item_purchase_floors":[],"current_hp_per_floor":[43,42,42,37,31,31,31,31,31,27,20,20,20,29,29,0,0],"gold":316,"neow_bonus":"RANDOM_COMMON_RELIC","is_daily":false,"chose_seed":false,"campfire_upgraded":3,"win_rate":0.0,"timestamp":1612554675,"path_taken":["M","M","?","M","M","R","M","R","T","?","E","M","?","E","R","BOSS"],"items_purchased_type":[],"build_version":"2020-12-22","purchased_purges":0,"victory":false,"max_hp_per_floor":[66,66,66,66,66,66,66,66,66,66,80,80,80,80,80,80,80],"relic_stats":{"Regal Pillow":0,"counters":[11,55],"PreservedInsect":58,"obtain_stats":[{"Potion Belt":0,"Regal Pillow":14,"Mango":11,"PreservedInsect":9,"Odd Mushroom":10,"Ring of the Snake":0},{"Potion Belt":0,"Regal Pillow":10,"Mango":8,"PreservedInsect":6,"Odd Mushroom":7,"Ring of the Snake":0},{"Potion Belt":0,"Regal Pillow":46,"Mango":39,"PreservedInsect":29,"Odd Mushroom":33,"Ring of the Snake":0}],"Ring of the Snake":[22]},"card_choices":[{"not_picked":["Eviscerate","Dodge and Roll","Outmaneuver"],"picked":"SKIP","floor":1.0},{"not_picked":["Outmaneuver","Finisher"],"picked":"Cloak And Dagger","floor":2.0},{"not_picked":["PiercingWail","Cloak And Dagger"],"picked":"Slice","floor":3.0},{"not_picked":["Infinite Blades","Crippling Poison"],"picked":"Dagger Spray","floor":4.0},{"not_picked":["Prepared","Flying Knee"],"picked":"Bane","floor":5.0},{"not_picked":["Outmaneuver","Sucker Punch"],"picked":"Dash","floor":7.0},{"not_picked":["Cloak And Dagger","Bane"],"picked":"Poisoned Stab","floor":10.0},{"not_picked":["Heel Hook","After Image","Dodge and Roll"],"picked":"SKIP","floor":11.0},{"not_picked":["Eviscerate","Outmaneuver"],"picked":"Blade Dance","floor":12},{"not_picked":["Flying Knee","Choke"],"picked":"Backflip","floor":14}],"player_experience":1728407,"relics_obtained":[{"floor":9.0,"key":"PreservedInsect"},{"floor":10.0,"key":"Odd Mushroom"},{"floor":11.0,"key":"Mango"},{"floor":14,"key":"Regal Pillow"}],"event_choices":[{"damage_healed":0.0,"max_hp_gain":0.0,"max_hp_loss":0.0,"gold_gain":0.0,"event_name":"Mushrooms","player_choice":"Fought Mushrooms","floor":10.0,"gold_loss":0.0,"damage_taken":0.0},{"damage_healed":0,"gold_gain":0,"player_choice":"Fled","damage_taken":0,"max_hp_gain":0,"max_hp_loss":0,"event_name":"Scrap Ooze","floor":13,"gold_loss":0}],"is_beta":false,"boss_relics":[],"items_purged_floors":[],"is_endless":false,"potions_floor_spawned":[1,3,5,11,12],"killed_by":"Hexaghost","ascension_level":20}}