{"host":"ptdaee2ej39qy5bf","time":1612507308,"event":{"mods":["BaseMod","Beaked The Cultist","GifTheSpireLib","Hubris","Marisa????????","Minty Spire (QoL Compilation)","StSLib","The Blackbeard","The Bladedancer","The Disciple","The Druid","The Forsaken","The Necromancer","The Runesmith","The Servant 0.9.4","TheBandit"],"gold_per_floor":[115,57,74,91,101,135,135,60,86,149,161,161,177,12,12,115,115,128,139,139,139,139],"floor_reached":21,"language":"ENG","playtime":1178,"items_purged":["beaked:Strike_Y"],"score":181,"play_id":"c4eab284-f8e9-4dc4-bdc7-7bd6ae910df7","local_time":"20210205034148","is_ascension_mode":false,"campfire_choices":[{"data":"beaked:Brace","floor":7,"key":"SMITH"},{"data":"beaked:Poke","floor":12,"key":"SMITH"},{"data":"Apotheosis","floor":15,"key":"SMITH"}],"circlet_count":0,"master_deck":["beaked:Strike_Y","beaked:Strike_Y","beaked:Strike_Y","beaked:Strike_Y","beaked:Strike_Y","beaked:Defend_Y","beaked:Defend_Y","beaked:Defend_Y","beaked:Defend_Y","beaked:Ceremony","beaked:Ceremony","beaked:Ceremony","beaked:Brace+1","beaked:Windmill","beaked:Poke+1","beaked:TuckingFeathers","beaked:FakeOut","beaked:WarriorEssence","beaked:Insight","beaked:Tweet","Apotheosis+1","beaked:Sacrifice","beaked:MimicMachine+1"],"relics":["beaked:MendingPlumage","hubris:SlimyHat","Boot","Bag of Marbles","Mango","Busted Crown","hubris:BottledHeart"],"acts_visited":["Exordium","TheCity"],"potions_floor_usage":[10],"damage_taken":[{"damage":3,"enemies":"Cultist","floor":1,"turns":5},{"damage":9,"enemies":"Jaw Worm","floor":3,"turns":5},{"damage":7,"enemies":"2 Louse","floor":4,"turns":4},{"damage":19,"enemies":"Large Slime","floor":5,"turns":9},{"damage":24,"enemies":"3 Sentries","floor":6,"turns":7},{"damage":29,"enemies":"Gremlin Nob","floor":10,"turns":4},{"damage":11,"enemies":"3 Louse","floor":11,"turns":5},{"damage":6,"enemies":"Blue Slaver","floor":13,"turns":5},{"damage":35,"enemies":"The Guardian","floor":16,"turns":9},{"damage":18,"enemies":"Chosen","floor":18,"turns":6},{"damage":14,"enemies":"Spheric Guardian","floor":19,"turns":4},{"damage":0,"enemies":"Shelled Parasite and Fungi","floor":21,"turns":1}],"seed_played":"-8709112207222908764","potions_obtained":[{"floor":4,"key":"Strength Potion"},{"floor":5,"key":"Weak Potion"},{"floor":11,"key":"SpeedPotion"},{"floor":18,"key":"Block Potion"}],"is_trial":false,"path_per_floor":["M","?","M","M","M","E","R","$","T","?","M","R","M","$","R","B",null,"M","M","?","M"],"character_chosen":"BEAKED_THE_CULTIST","items_purchased":["Apotheosis"],"campfire_rested":0,"item_purchase_floors":[14],"current_hp_per_floor":[50,50,50,50,49,46,46,46,46,41,44,44,54,54,54,52,64,63,59,1,1,1],"gold":139,"neow_bonus":"","is_daily":false,"chose_seed":false,"campfire_upgraded":3,"win_rate":0.0,"timestamp":1612507308,"path_taken":["M","?","?","M","M","E","R","$","T","?","M","R","M","?","R","BOSS","M","M","?","M"],"items_purchased_type":["Card"],"build_version":"2020-12-22","purchased_purges":1,"victory":false,"max_hp_per_floor":[50,50,50,50,50,50,50,50,50,64,64,64,64,64,64,64,64,64,67,1,1,1],"card_choices":[{"not_picked":["beaked:Flinch","beaked:RitualOfBody"],"picked":"beaked:Brace","floor":1},{"not_picked":["beaked:Brace","beaked:RitualOfBody"],"picked":"beaked:Windmill","floor":3},{"not_picked":["beaked:Resilience","beaked:BloodForTheGods"],"picked":"beaked:Poke","floor":4},{"not_picked":["beaked:CrazyRituals","beaked:Windmill"],"picked":"beaked:TuckingFeathers","floor":5},{"not_picked":["beaked:CrazyRituals","beaked:DigDeep"],"picked":"beaked:FakeOut","floor":6},{"not_picked":["beaked:HuntressEssence","beaked:Cower"],"picked":"beaked:WarriorEssence","floor":10},{"not_picked":["beaked:MimicHuntress","beaked:Poke"],"picked":"beaked:Insight","floor":11},{"not_picked":["beaked:SacrificialDive","beaked:RitualOfBody"],"picked":"beaked:Tweet","floor":13},{"not_picked":["beaked:WildInstinct","beaked:VolatileMisfortune"],"picked":"beaked:Sacrifice","floor":16},{"not_picked":["beaked:DigDeeper"],"picked":"SKIP","floor":18},{"not_picked":[],"picked":"beaked:MimicMachine+1","floor":19}],"player_experience":277019,"relics_obtained":[{"floor":6,"key":"Boot"},{"floor":9,"key":"Bag of Marbles"},{"floor":10,"key":"Mango"}],"event_choices":[{"damage_healed":0,"gold_gain":0,"player_choice":"Paid Gold","damage_taken":0,"relics_obtained":["hubris:SlimyHat"],"max_hp_gain":0,"max_hp_loss":0,"event_name":"WeMeetAgain","floor":2,"gold_loss":58},{"damage_healed":0,"gold_gain":0,"player_choice":"Searched \u00272\u0027 times","damage_taken":0,"max_hp_gain":0,"max_hp_loss":0,"event_name":"Dead Adventurer","floor":10,"gold_loss":0}],"is_beta":false,"boss_relics":[{"not_picked":["Sozu","hubris:TerracottaHorce"],"picked":"Busted Crown"}],"items_purged_floors":[8],"is_endless":false,"potions_floor_spawned":[4,5,11,18],"killed_by":"Shelled Parasite and Fungi","ascension_level":0}}