{"host":"fnk117zi8wf5078t","time":1612535159,"event":{"mods":["AchievementEnabler","BaseMod","Colored Map","Minty Spire (QoL Compilation)","Rare Cards Sparkle","SuperFastMode","everything is the same but u backflip on backflip"],"gold_per_floor":[113,113,113,126,144,172,185,202,274,274,50,69,88,50,50,152,152,164,164,164,164,35,35,35],"floor_reached":23,"language":"KOR","playtime":694,"items_purged":["Strike_B","Defend_B"],"score":296,"play_id":"a842102f-5830-42bc-b493-9b82e71e267a","local_time":"20210205232559","is_ascension_mode":true,"campfire_choices":[{"floor":10.0,"key":"REST"},{"floor":15.0,"key":"REST"}],"circlet_count":0,"master_deck":["AscendersBane","Strike_B","Strike_B","Strike_B","Defend_B","Defend_B","Defend_B","Zap","Dualcast","White Noise","Scrape","Steam","Aggregate","Gash","Melter","Hologram","Beam Cell","Self Repair","Turbo","Fission","Rebound+1","Gash","Scrape","Panacea"],"relics":["Cracked Core","NeowsBlessing","Prayer Wheel","Meat on the Bone","Membership Card","Centennial Puzzle","Philosopher\u0027s Stone","Eternal Feather"],"acts_visited":["Exordium","TheCity"],"potions_floor_usage":[23],"damage_taken":[{"damage":0.0,"enemies":"Cultist","floor":1.0,"turns":1.0},{"damage":0.0,"enemies":"Small Slimes","floor":4.0,"turns":1.0},{"damage":0.0,"enemies":"Jaw Worm","floor":5.0,"turns":1.0},{"damage":20.0,"enemies":"Lagavulin","floor":6.0,"turns":6.0},{"damage":11.0,"enemies":"Looter","floor":7.0,"turns":2.0},{"damage":11.0,"enemies":"Blue Slaver","floor":8.0,"turns":3.0},{"damage":5.0,"enemies":"Exordium Thugs","floor":12.0,"turns":4.0},{"damage":10.0,"enemies":"Exordium Wildlife","floor":13.0,"turns":4.0},{"damage":65.0,"enemies":"Slime Boss","floor":16.0,"turns":10.0},{"damage":16.0,"enemies":"Shell Parasite","floor":18.0,"turns":4.0},{"damage":28,"enemies":"Gremlin Leader","floor":23,"turns":5}],"seed_played":"432608112420977476","potions_obtained":[{"floor":1.0,"key":"PowerPotion"},{"floor":4.0,"key":"Swift Potion"},{"floor":6.0,"key":"Fire Potion"},{"floor":7.0,"key":"FocusPotion"},{"floor":12.0,"key":"Regen Potion"},{"floor":16.0,"key":"SkillPotion"},{"floor":18.0,"key":"BlessingOfTheForge"}],"is_trial":false,"path_per_floor":["M","$","?","M","M","E","M","M","T","R","$","M","M","$","R","B",null,"M","?","?","T","$","E"],"character_chosen":"DEFECT","items_purchased":["Membership Card","Centennial Puzzle","Scrape","Panacea"],"campfire_rested":2,"item_purchase_floors":[11,11,22,22],"current_hp_per_floor":[68,68,75,75,75,55,44,33,33,55,55,50,47,47,69,38,66,50,50,36,36,36,8,8],"gold":35,"neow_bonus":"THREE_ENEMY_KILL","is_daily":false,"chose_seed":false,"campfire_upgraded":0,"win_rate":0.0,"timestamp":1612535159,"path_taken":["M","?","?","?","M","E","M","M","T","R","$","M","M","$","R","BOSS","M","?","?","?","$","E"],"items_purchased_type":["Relic","Relic","Card","Card"],"build_version":"2020-12-22","purchased_purges":2,"victory":false,"max_hp_per_floor":[75,75,75,75,75,75,75,75,75,75,75,75,75,75,75,75,75,75,75,80,80,80,80,80],"card_choices":[{"not_picked":["Glacier","Coolheaded"],"picked":"White Noise","floor":1.0},{"not_picked":["Consume","Rip and Tear"],"picked":"Scrape","floor":4.0},{"not_picked":["Turbo","Rebound"],"picked":"Steam","floor":5.0},{"not_picked":["Doom and Gloom","Rebound"],"picked":"Aggregate","floor":6.0},{"not_picked":["Consume","Lockon"],"picked":"Gash","floor":7.0},{"not_picked":["Stack","Lockon"],"picked":"Melter","floor":7.0},{"not_picked":["Glacier","Electrodynamics"],"picked":"Hologram","floor":8.0},{"not_picked":["Streamline","Darkness","Stack"],"picked":"SKIP","floor":8.0},{"not_picked":["Undo","Rebound"],"picked":"Beam Cell","floor":12.0},{"not_picked":["Streamline","Blizzard"],"picked":"Self Repair","floor":12.0},{"not_picked":["Melter","Chaos"],"picked":"Turbo","floor":13.0},{"not_picked":["Compile Driver","Ball Lightning","Coolheaded"],"picked":"SKIP","floor":13.0},{"not_picked":["Rainbow","Thunder Strike"],"picked":"Fission","floor":16.0},{"not_picked":["Cold Snap","Compile Driver"],"picked":"Rebound+1","floor":18.0},{"not_picked":["Compile Driver","Coolheaded+1","Redo"],"picked":"SKIP","floor":18.0}],"player_experience":424373,"relics_obtained":[{"floor":6.0,"key":"Prayer Wheel"},{"floor":9.0,"key":"Meat on the Bone"},{"floor":21.0,"key":"Eternal Feather"}],"event_choices":[{"damage_healed":7.0,"max_hp_gain":0.0,"max_hp_loss":0.0,"gold_gain":0.0,"event_name":"Wheel of Change","player_choice":"Full Heal","floor":3.0,"gold_loss":0.0,"damage_taken":0.0},{"damage_healed":0.0,"max_hp_gain":0.0,"max_hp_loss":0.0,"gold_gain":0.0,"event_name":"The Library","player_choice":"Read","floor":19.0,"gold_loss":0.0,"damage_taken":0.0,"cards_obtained":["Gash"]},{"damage_healed":0.0,"max_hp_gain":5.0,"max_hp_loss":0.0,"gold_gain":0.0,"event_name":"Forgotten Altar","player_choice":"Shed Blood","floor":20.0,"gold_loss":0.0,"damage_taken":19.0}],"is_beta":false,"boss_relics":[{"not_picked":["Pandora\u0027s Box","SacredBark"],"picked":"Philosopher\u0027s Stone"}],"items_purged_floors":[14,22],"is_endless":false,"potions_floor_spawned":[1,4,6,7,12,16,18],"killed_by":"Gremlin Leader","ascension_level":11}}