{"host":"d52brwsy6af8zvaq","time":1612503031,"event":{"mods":["AchievementEnabler","BaseMod","Bestiary","Highlight Path","Minty Spire (QoL Compilation)","Quick Restart","Relic Stats","ojb\u0027s Better Paths Mod"],"gold_per_floor":[209,220,220,25,40,73,73,120,169,197,162,162,212,241,241,241,241],"floor_reached":16,"language":"ENG","playtime":512,"items_purged":[],"score":240,"play_id":"77520e1b-a607-454f-9880-7b352ff88c3c","local_time":"20210204223031","is_ascension_mode":true,"campfire_choices":[{"floor":7.0,"key":"REST"},{"data":"Zap","floor":12.0,"key":"SMITH"},{"floor":15.0,"key":"REST"}],"circlet_count":0,"master_deck":["AscendersBane","Strike_B+1","Strike_B","Strike_B","Strike_B","Defend_B","Defend_B","Defend_B","Defend_B","Zap+1","Dualcast","Leap","Sweeping Beam","Ball Lightning+1","Redo","Auto Shields","Coolheaded","Multi-Cast","Redo","Glacier"],"relics":["Cracked Core","Golden Idol","Anchor","Frozen Egg 2","CeramicFish","Whetstone"],"acts_visited":[],"potions_floor_usage":[],"damage_taken":[{"damage":12.0,"enemies":"Jaw Worm","floor":1.0,"turns":4.0},{"damage":8.0,"enemies":"Small Slimes","floor":2.0,"turns":3.0},{"damage":0.0,"enemies":"Cultist","floor":5.0,"turns":3.0},{"damage":35.0,"enemies":"Gremlin Nob","floor":6.0,"turns":4.0},{"damage":20.0,"enemies":"Lagavulin","floor":8.0,"turns":7.0},{"damage":0.0,"enemies":"Looter","floor":10.0,"turns":4.0},{"damage":21.0,"enemies":"Gremlin Nob","floor":13.0,"turns":4.0},{"damage":1.0,"enemies":"Blue Slaver","floor":14.0,"turns":3.0},{"damage":24,"enemies":"Hexaghost","floor":16,"turns":12}],"seed_played":"-2144673324292723632","potions_obtained":[{"floor":5.0,"key":"FocusPotion"},{"floor":8.0,"key":"Block Potion"},{"floor":13.0,"key":"DuplicationPotion"}],"is_trial":false,"path_per_floor":["M","M","?","$","M","E","R","E","T","M","?","R","E","M","R","B"],"character_chosen":"DEFECT","items_purchased":["Ball Lightning","Anchor"],"campfire_rested":2,"item_purchase_floors":[4,4],"current_hp_per_floor":[52,44,44,44,44,9,28,8,8,8,24,24,3,2,21,0,0],"gold":241,"neow_bonus":"HUNDRED_GOLD","is_daily":false,"chose_seed":false,"campfire_upgraded":1,"win_rate":0.0,"timestamp":1612503031,"path_taken":["M","M","?","$","M","E","R","E","T","M","?","R","E","M","R","BOSS"],"items_purchased_type":["Card","Relic"],"build_version":"2020-12-22","purchased_purges":0,"victory":false,"max_hp_per_floor":[71,71,64,64,64,64,64,64,64,64,64,64,64,64,64,64,64],"relic_stats":{"counters":[9,44],"Golden Idol":34,"CeramicFish":36,"Whetstone":["Strike_B","Ball Lightning"],"obtain_stats":[{"Anchor":4,"Golden Idol":3,"CeramicFish":8,"Whetstone":13,"Frozen Egg 2":6,"Cracked Core":0},{"Anchor":2,"Golden Idol":2,"CeramicFish":5,"Whetstone":7,"Frozen Egg 2":4,"Cracked Core":0},{"Anchor":7,"Golden Idol":7,"CeramicFish":21,"Whetstone":29,"Frozen Egg 2":14,"Cracked Core":0}]},"card_choices":[{"not_picked":["Coolheaded","Beam Cell"],"picked":"Leap","floor":1.0},{"not_picked":["Recycle","Genetic Algorithm"],"picked":"Sweeping Beam","floor":2.0},{"not_picked":["Streamline","Consume"],"picked":"Redo","floor":5.0},{"not_picked":["Recycle","Chill"],"picked":"Auto Shields","floor":6.0},{"not_picked":["Beam Cell","Aggregate"],"picked":"Coolheaded","floor":8.0},{"not_picked":["Barrage","Coolheaded"],"picked":"Multi-Cast","floor":10.0},{"not_picked":["Coolheaded","Auto Shields"],"picked":"Redo","floor":13.0},{"not_picked":["Beam Cell","Auto Shields"],"picked":"Glacier","floor":14.0}],"player_experience":2150120,"relics_obtained":[{"floor":6.0,"key":"Frozen Egg 2"},{"floor":8.0,"key":"CeramicFish"},{"floor":13.0,"key":"Whetstone"}],"event_choices":[{"damage_healed":0.0,"max_hp_gain":0.0,"max_hp_loss":7.0,"gold_gain":0.0,"event_name":"Golden Idol","player_choice":"Lose Max HP","floor":3.0,"gold_loss":0.0,"damage_taken":0.0,"relics_obtained":["Golden Idol"]},{"damage_healed":16.0,"max_hp_gain":0.0,"max_hp_loss":0.0,"gold_gain":0.0,"event_name":"The Cleric","player_choice":"Healed","floor":11.0,"gold_loss":35.0,"damage_taken":0.0}],"is_beta":false,"boss_relics":[],"items_purged_floors":[],"is_endless":false,"potions_floor_spawned":[5,8,13],"killed_by":"Hexaghost","ascension_level":20}}