{"host":"fvux6yoihym3ucic","time":1612510893,"event":{"mods":["BaseMod","Curses Come First","Downfall","Energized Spire","Hermit","Infinite Spire","Minty Spire (QoL Compilation)","Rare Cards Sparkle","Replay The Spire","Spire Arcade","StSLib","The Cursed"],"gold_per_floor":[114,126,126,140,151,151,178,178,178,196,216,235,295,220,220,321,321,331,349,349,349,264,264,264],"floor_reached":23,"language":"ENG","playtime":805,"items_purged":["Strike_B"],"score":195,"play_id":"70950e32-bb73-42ee-9a9a-eaaddd1d854f","local_time":"20210205024133","is_ascension_mode":false,"campfire_choices":[{"data":"Zap","floor":6,"key":"SMITH"},{"data":"Defend_B","floor":15,"key":"PURGE"}],"circlet_count":0,"master_deck":["Strike_B","Strike_B","Strike_B","Defend_B","Defend_B","Defend_B","Zap+1","Dualcast","ReplayGash+1","Reboot","Seek","Gash"],"relics":["Cracked Core","Meat on the Bone","Prayer Wheel","Runic Pyramid","Juzu Bracelet","infinitespire:Eraser"],"acts_visited":["Exordium","TheCity"],"potions_floor_usage":[7,8,16,16,16,19],"damage_taken":[{"damage":2,"enemies":"Small Slimes","floor":1,"turns":4},{"damage":1,"enemies":"Cultist","floor":2,"turns":3},{"damage":2,"enemies":"2 Louse","floor":4,"turns":2},{"damage":6,"enemies":"Blue Slaver","floor":5,"turns":4},{"damage":28,"enemies":"Gremlin Nob","floor":7,"turns":4},{"damage":12,"enemies":"Exordium Thugs","floor":8,"turns":2},{"damage":5,"enemies":"Looter","floor":10,"turns":3},{"damage":4,"enemies":"Blue Slaver","floor":11,"turns":3},{"damage":6,"enemies":"3 Louse","floor":12,"turns":3},{"damage":55,"enemies":"Fading Forest","floor":16,"turns":11},{"damage":0,"enemies":"Spheric Guardian","floor":18,"turns":3},{"damage":20,"enemies":"2 Thieves","floor":19,"turns":3},{"damage":46,"enemies":"Gremlin Leader","floor":23,"turns":2}],"seed_played":"5825909416427759869","potions_obtained":[{"floor":4,"key":"SmokeBomb"},{"floor":5,"key":"ColorlessPotion"},{"floor":12,"key":"Adrenaline Potion"},{"floor":13,"key":"DistilledChaos"},{"floor":13,"key":"Slimebound:ThreeZeroPotion"},{"floor":16,"key":"champ:CounterPotion"}],"is_trial":false,"path_per_floor":["M","M","?","M","M","R","E","M","T","M","M","M","?","$","R","B",null,"M","M","?","?","?","E"],"character_chosen":"DEFECT","items_purchased":[],"campfire_rested":0,"item_purchase_floors":[],"current_hp_per_floor":[80,79,79,77,71,71,43,43,43,50,46,52,52,52,52,29,82,82,62,46,46,46,0,0],"gold":264,"neow_bonus":"TEN_PERCENT_HP_BONUS","is_daily":false,"chose_seed":false,"campfire_upgraded":1,"win_rate":0.0,"timestamp":1612510893,"path_taken":["M","M","?","M","?","R","E","M","T","M","M","M","?","?","R","BOSS","M","M","?","?","?","E"],"items_purchased_type":[],"build_version":"2020-12-22","purchased_purges":1,"victory":false,"max_hp_per_floor":[82,82,82,82,82,82,82,82,82,82,82,82,82,82,82,82,82,82,82,87,87,87,87,87],"card_choices":[{"not_picked":["ReplaySort","Barrage"],"picked":"ReplayGash","floor":1},{"not_picked":["Conserve Battery","Compile Driver","Barrage"],"picked":"SKIP","floor":2},{"not_picked":["Steam","Cold Snap","Conserve Battery"],"picked":"SKIP","floor":4},{"not_picked":["Steam","Hologram","Coolheaded"],"picked":"SKIP","floor":5},{"not_picked":["Steam Power","ReplayTheSpireMod:Repulse"],"picked":"ReplayTheSpireMod:Fabricate Wheel","floor":7},{"not_picked":["Compile Driver","BootSequence","Leap"],"picked":"SKIP","floor":10},{"not_picked":["Ball Lightning","Panic Button","Redo"],"picked":"SKIP","floor":10},{"not_picked":["Beam Cell","BasicCrystalCard","Redo"],"picked":"SKIP","floor":11},{"not_picked":["ReplayTheSpireMod:System Scan","Skim","Redo"],"picked":"SKIP","floor":11},{"not_picked":["Skim","Coolheaded"],"picked":"Reboot","floor":12},{"not_picked":["Conserve Battery","Stack","Force Field"],"picked":"SKIP","floor":12},{"not_picked":["Fission","ReplayTheSpireMod:Omega Cannon"],"picked":"Seek","floor":16},{"not_picked":["Leap","Steam","Time Bomb+1"],"picked":"SKIP","floor":18},{"not_picked":["BasicCrystalCard","Panic Button","Machine Learning"],"picked":"SKIP","floor":18},{"not_picked":["Compile Driver+1","ReplayTheSpireMod:System Scan"],"picked":"Gash","floor":19},{"not_picked":["ReplaySolidLightProjector","BasicCrystalCard","Go for the Eyes"],"picked":"SKIP","floor":19},{"not_picked":["ReplaySolidLightProjector","BasicCrystalCard","Go for the Eyes"],"picked":"SKIP","floor":19}],"player_experience":37910,"relics_obtained":[{"floor":7,"key":"Meat on the Bone"}],"event_choices":[{"damage_healed":0,"gold_gain":0,"player_choice":"Upgraded","damage_taken":0,"max_hp_gain":0,"max_hp_loss":0,"event_name":"Upgrade Shrine","floor":3,"gold_loss":0,"cards_upgraded":["ReplayGash"]},{"damage_healed":0,"gold_gain":0,"player_choice":"Shed Blood","damage_taken":21,"max_hp_gain":5,"max_hp_loss":0,"event_name":"Forgotten Altar","floor":20,"gold_loss":0},{"damage_healed":0,"gold_gain":0,"player_choice":"Obtained Relic","damage_taken":0,"relics_obtained":["infinitespire:Eraser"],"max_hp_gain":0,"max_hp_loss":0,"event_name":"Addict","floor":22,"gold_loss":85}],"is_beta":false,"boss_relics":[{"not_picked":["Tiny House","energizedSpire:DeadBattery"],"picked":"Runic Pyramid"}],"items_purged_floors":[14],"is_endless":false,"potions_floor_spawned":[4,5,12,16],"killed_by":"Gremlin Leader","ascension_level":0}}