{"host":"0ssbae92yp6998o9","time":1612491222,"event":{"mods":["ATMod(°¢èªMod)","BaseMod","Marisa£¨ìFÓê¡¡Ä§ÀíÉ³£©","Minty Spire (QoL Compilation)","READ ME - Guardian Mod","Shop Mod","Spicy Shops","StSLib","Waifu the Spire"],"gold_per_floor":[118,118,131,131,147,147,190,206,229,229,260,36,56,56,56,175,175,196,196,219,262,61,61,97,140,166,166,166,186,327,343,343,562,562,595,247,247,273,286,444,284,444,444,444,599,642,185,244,244,369,369,369,30,313,438],"floor_reached":56,"language":"ZHT","playtime":2257,"items_purged":["Strike_MRS","Strike_MRS","Strike_MRS","Defend_MRS","MasterSpark","UpSweep"],"score":1689,"play_id":"46ea1ea4-f6d4-4bfe-8e15-e45cb61ac819","local_time":"20210205101342","is_ascension_mode":true,"campfire_choices":[{"data":"EventHorizon","floor":6.0,"key":"SMITH"},{"data":"PropBag","floor":10.0,"key":"SMITH"},{"data":"CollectingQuirk","floor":15.0,"key":"SMITH"},{"data":"PulseMagic","floor":23.0,"key":"SMITH"},{"data":"MagicChant","floor":27.0,"key":"SMITH"},{"data":"OortCloud","floor":32.0,"key":"SMITH"},{"floor":44,"key":"RECALL"},{"data":"UltimateShortwave","floor":49,"key":"SMITH"},{"data":"AT_DivineConfetti","floor":52,"key":"SMITH"}],"circlet_count":0,"master_deck":["Defend_MRS","Defend_MRS","Defend_MRS","AT_DivineConfetti+1","FairyDestructionRay","6A","EventHorizon+1","MagicChant+1","PropBag+1","CollectingQuirk+1","EnergyFlow","TreasureHunter","AT_EmpoweredMortalDraw","WitchOfGreed","PulseMagic+1","PowerUp","ChargingUp+1","OortCloud+1","UltimateShortwave+1","OneTimeOff","Mayhem","Acceleration+1","MagicAbsorber+1","SprinkleStarSeal","EscapeVelocity"],"relics":["MiniHakkero","AT_ATBox","NeowsBlessing","Golden Idol","Omamori","Oddly Smooth Stone","Strawberry","Membership Card","AT_MortalBlade","Nilry\u0027s Codex","Bag of Preparation","Lee\u0027s Waffle","AT_ChloranthyRing","AT_TheCollector","Tiny Chest","PreservedInsect","AT_TrinityForce","ShroomBag","Lantern","AT_SpeedBoots","Akabeko","AT_RedNoBalance","Ancient Tea Set","Pantograph","AT_RedTearstoneRing","AT_MibuBalloonWealth","AT_RabadonDeathcap","AT_SunfireAegis","Pear","Bag of Marbles","Vajra","Sling","Toolbox","AT_BladeRuinedKing","Kunai"],"acts_visited":["Exordium","TheCity","TheBeyond","TheEnding"],"potions_floor_usage":[50,55,55],"damage_taken":[{"damage":0.0,"enemies":"2 Louse","floor":1.0,"turns":1.0},{"damage":0.0,"enemies":"Jaw Worm","floor":3.0,"turns":1.0},{"damage":0.0,"enemies":"Cultist","floor":5.0,"turns":1.0},{"damage":25.0,"enemies":"3 Sentries","floor":7.0,"turns":6.0},{"damage":6.0,"enemies":"Exordium Thugs","floor":8.0,"turns":3.0},{"damage":4.0,"enemies":"Gremlin Nob","floor":11.0,"turns":4.0},{"damage":8.0,"enemies":"Exordium Wildlife","floor":13.0,"turns":2.0},{"damage":12.0,"enemies":"The Guardian","floor":16.0,"turns":9.0},{"damage":10.0,"enemies":"Chosen","floor":18.0,"turns":3.0},{"damage":0.0,"enemies":"Spheric Guardian","floor":20.0,"turns":1.0},{"damage":19.0,"enemies":"Shelled Parasite and Fungi","floor":21.0,"turns":4.0},{"damage":8.0,"enemies":"Centurion and Healer","floor":24.0,"turns":4.0},{"damage":9.0,"enemies":"Book of Stabbing","floor":25.0,"turns":4.0},{"damage":0.0,"enemies":"3 Cultists","floor":29.0,"turns":2.0},{"damage":22.0,"enemies":"Slavers","floor":30.0,"turns":2.0},{"damage":0.0,"enemies":"Snecko","floor":31.0,"turns":2.0},{"damage":27.0,"enemies":"Collector","floor":33.0,"turns":7.0},{"damage":0.0,"enemies":"3 Darklings","floor":35.0,"turns":2.0},{"damage":0.0,"enemies":"3 Shapes","floor":39.0,"turns":1.0},{"damage":8.0,"enemies":"Giant Head","floor":40.0,"turns":3.0},{"damage":14,"enemies":"Reptomancer","floor":42,"turns":5},{"damage":0,"enemies":"Giant Head","floor":45,"turns":4},{"damage":0,"enemies":"Writhing Mass","floor":46,"turns":2},{"damage":0,"enemies":"Spire Growth","floor":48,"turns":1},{"damage":0,"enemies":"Time Eater","floor":50,"turns":1},{"damage":0,"enemies":"Shield and Spear","floor":54,"turns":1},{"damage":72,"enemies":"The Heart","floor":55,"turns":3}],"seed_played":"4026507725734067687","potions_obtained":[{"floor":3.0,"key":"SpeedPotion"},{"floor":7.0,"key":"PowerPotion"},{"floor":11.0,"key":"Weak Potion"},{"floor":21.0,"key":"AttackPotion"},{"floor":24.0,"key":"LiquidMemories"},{"floor":30.0,"key":"Dexterity Potion"},{"floor":35.0,"key":"SpeedPotion"},{"floor":35.0,"key":"BottledSpark"},{"floor":37.0,"key":"Fruit Juice"},{"floor":37.0,"key":"FearPotion"},{"floor":54,"key":"FairyPotion"}],"is_trial":false,"path_per_floor":["M","?","M","?","M","R","E","M","T","R","E","$","M","T","R","B",null,"M","?","M","M","$","R","M","E","T","R","?","M","E","M","R","B",null,"M","$","?","T","M","E","$","E","T","R","E","M","$","M","R","B",null,"R","$","E","B",null],"character_chosen":"MARISA","items_purchased":["Membership Card","EnergyFlow","Bag of Preparation","Lee\u0027s Waffle","ShroomBag","OneTimeOff","Mayhem","Akabeko","AT_RabadonDeathcap","AT_SunfireAegis","Pear","Bag of Marbles","Vajra","Sling","Toolbox","AT_BladeRuinedKing"],"campfire_rested":0,"item_purchase_floors":[12,12,22,22,36,36,36,41,47,47,47,53,53,53,53,53],"current_hp_per_floor":[75,69,69,62,62,62,37,31,31,31,34,34,26,26,26,14,76,66,50,50,31,83,83,75,66,66,66,93,93,71,71,71,44,93,93,93,98,98,98,90,90,76,76,76,49,49,59,54,54,79,108,108,108,54,7],"gold":438,"neow_bonus":"THREE_ENEMY_KILL","is_daily":false,"chose_seed":false,"campfire_upgraded":8,"win_rate":0.0,"timestamp":1612491222,"path_taken":["M","?","M","?","?","R","E","?","T","R","E","$","M","?","R","BOSS","M","?","M","M","$","R","M","E","T","R","?","M","E","?","R","BOSS","M","$","?","?","?","E","?","E","T","R","E","M","$","M","R","BOSS","R","$","E","BOSS"],"items_purchased_type":["Relic","Card","Relic","Relic","Relic","Card","Card","Relic","Relic","Relic","Relic","Relic","Relic","Relic","Relic","Relic"],"build_version":"2020-12-22","purchased_purges":6,"victory":true,"max_hp_per_floor":[75,69,69,69,69,69,69,69,69,69,76,76,76,76,76,76,76,76,76,76,76,83,83,83,83,83,83,93,93,93,93,93,93,93,93,93,98,98,98,98,98,98,98,98,98,98,108,108,108,108,108,108,108,108,108],"card_choices":[{"not_picked":["NonDirectionalLaser","IllusionStar"],"picked":"FairyDestructionRay","floor":1.0},{"not_picked":["MysteriousBeam","ShootingEcho"],"picked":"6A","floor":3.0},{"not_picked":["AsteroidBelt","MysteriousBeam"],"picked":"EventHorizon","floor":5.0},{"not_picked":["MysteriousBeam","NonDirectionalLaser"],"picked":"MagicChant","floor":7.0},{"not_picked":["MysteriousBeam","ChargingUp"],"picked":"PropBag","floor":8.0},{"not_picked":["SporeBomb","Acceleration"],"picked":"CollectingQuirk","floor":11.0},{"not_picked":["GalacticHalo","SporeBomb","MeteoricShower"],"picked":"SKIP","floor":13.0},{"not_picked":["MaximisePower","SatelliteIllusion"],"picked":"TreasureHunter","floor":16.0},{"not_picked":["SporeBomb+1","6A"],"picked":"WitchOfGreed","floor":18.0},{"not_picked":["DarkSpark","GrandCross"],"picked":"PulseMagic","floor":20.0},{"not_picked":["PowerUp","IllusionStar+1","DC"],"picked":"SKIP","floor":21.0},{"not_picked":["IllusionStar+1","DC"],"picked":"PowerUp","floor":21.0},{"not_picked":["LuminesStrike","GravityBeat"],"picked":"BinaryStars","floor":24.0},{"not_picked":["GrandCross","SuperPerseids"],"picked":"ChargingUp+1","floor":25.0},{"not_picked":["ShootingEcho+1","GravityBeat","BlazeAway"],"picked":"SKIP","floor":29.0},{"not_picked":["EnergyFlow","WitchOfGreed","StarBarrage"],"picked":"SKIP","floor":30.0},{"not_picked":["FinalSpark","DoubleSpark"],"picked":"OortCloud","floor":31.0},{"not_picked":["MaximisePower","SuperNova"],"picked":"UltimateShortwave","floor":33.0},{"not_picked":["LuminesStrike+1","WitchOfGreed","GrandCross+1"],"picked":"SKIP","floor":35.0},{"not_picked":["MysteriousBeam+1","AsteroidBelt"],"picked":"Acceleration+1","floor":39.0},{"not_picked":["IllusionStar+1","MeteoricShower+1","AsteroidBelt"],"picked":"SKIP","floor":40.0},{"not_picked":["6A","PulseMagic","AlicesGift+1"],"picked":"SKIP","floor":42},{"not_picked":["AsteroidBelt","EnergyRecoil"],"picked":"MagicAbsorber+1","floor":45},{"not_picked":["RefractionSpark","BlazeAway","AlicesGift+1"],"picked":"SKIP","floor":46},{"not_picked":["WitchLeyline+1","EventHorizon"],"picked":"SprinkleStarSeal","floor":48},{"not_picked":["StarlightTyphoon","GasGiant+1"],"picked":"EscapeVelocity","floor":54}],"player_experience":242878,"relics_obtained":[{"floor":7.0,"key":"Omamori"},{"floor":9.0,"key":"Oddly Smooth Stone"},{"floor":11.0,"key":"Strawberry"},{"floor":19.0,"key":"Nilry\u0027s Codex"},{"floor":25.0,"key":"AT_ChloranthyRing"},{"floor":25.0,"key":"AT_TheCollector"},{"floor":26.0,"key":"Tiny Chest"},{"floor":30.0,"key":"PreservedInsect"},{"floor":38.0,"key":"Lantern"},{"floor":40.0,"key":"AT_SpeedBoots"},{"floor":42,"key":"AT_SilverBalance"},{"floor":42,"key":"Ancient Tea Set"},{"floor":43,"key":"Pantograph"},{"floor":45,"key":"AT_RedTearstoneRing"},{"floor":45,"key":"AT_MibuBalloonWealth"},{"floor":54,"key":"Kunai"}],"event_choices":[{"damage_healed":0.0,"max_hp_gain":0.0,"max_hp_loss":6.0,"gold_gain":0.0,"event_name":"Golden Idol","player_choice":"Lose Max HP","floor":2.0,"gold_loss":0.0,"damage_taken":0.0,"relics_obtained":["Golden Idol"]},{"cards_removed":["Strike_MRS"],"damage_healed":0.0,"max_hp_gain":0.0,"max_hp_loss":0.0,"gold_gain":0.0,"event_name":"Golden Wing","player_choice":"Card Removal","floor":4.0,"gold_loss":0.0,"damage_taken":7.0},{"damage_healed":0.0,"max_hp_gain":0.0,"max_hp_loss":0.0,"gold_gain":0.0,"event_name":"Cursed Tome","player_choice":"Obtained Book","floor":19.0,"gold_loss":0.0,"damage_taken":16.0},{"cards_removed":["BinaryStars"],"damage_healed":17.0,"max_hp_gain":10.0,"max_hp_loss":0.0,"gold_gain":0.0,"event_name":"Bonfire Elementals","player_choice":"Offered Rare","floor":28.0,"gold_loss":0.0,"damage_taken":0.0},{"damage_healed":0.0,"max_hp_gain":0.0,"max_hp_loss":0.0,"gold_gain":0.0,"event_name":"Lab","player_choice":"Got Potions","floor":37.0,"gold_loss":0.0,"damage_taken":0.0}],"is_beta":false,"boss_relics":[{"not_picked":["Ectoplasm","Runic Pyramid"],"picked":"AT_MortalBlade"},{"not_picked":["SlaversCollar","Calling Bell"],"picked":"AT_TrinityForce"}],"items_purged_floors":[12,22,36,36,41,47],"is_endless":false,"potions_floor_spawned":[3,7,11,21,24,30,35,39,46,54],"ascension_level":1}}