{"host":"o3b7ow6d1xe49css","time":1612501075,"event":{"mods":["Act Like it!","Aspiration","BaseMod","Bestiary","Better Altar","Better Match","Better Note","Better Sensory Stone","Better Skull","Better Third Choice","Colored Powertips","Conspire","Energized Spire","Force Act Four","GifTheSpireLib","Halation","Hermit","Hubris","Infinite Spire","Lobotomy","Minty Spire (QoL Compilation)","Quick Restart","Rare Cards Sparkle","Relic Filter Mod","Reliquary","Replay The Spire","Spicy Shops","Spikes Relics","Spire Arcade","StSLib","Stuff the Spire","The Blue Laboratory","Wandering Minibosses"],"gold_per_floor":[109,128,138,138,138,270,374,486,486,486,602,184,184,194,194,292,292,308,186,186,202,227,227,367,479,479,479,503,503,1,1,1,102,102,121,132,132,151,16,140,140,140,191,48,48,48,48,168,168,321,321,321,14,196,196],"floor_reached":56,"language":"ENG","playtime":2869,"items_purged":["Normality","Doubt","hermit:Strike_Hermit"],"score":1585,"play_id":"0dd7ad42-53f7-4719-93fd-aeddee3af0c7","local_time":"20210204195755","daily_mods":["Heirloom","Flight"],"is_ascension_mode":true,"campfire_choices":[{"data":"hermit:Horror","floor":10.0,"key":"SMITH"},{"data":"hermit:Brawl","floor":13.0,"key":"SMITH"},{"data":"hermit:Ricochet","floor":13.0,"key":"SMITH"},{"data":"hermit:Snipe","floor":15.0,"key":"SMITH"},{"data":"hermit:Dive","floor":15.0,"key":"SMITH"},{"data":"hermit:Snapshot","floor":23,"key":"SMITH"},{"data":"hermit:Feint","floor":23,"key":"SMITH"},{"floor":27,"key":"REST"},{"data":"hubris:Fate","floor":29,"key":"SMITH"},{"data":"hermit:Roughhouse","floor":29,"key":"SMITH"},{"data":"hermit:Brawl","floor":32,"key":"SMITH"},{"data":"hermit:Covet","floor":32,"key":"SMITH"},{"data":"infinitespire:Menacing","floor":41,"key":"SMITH"},{"data":"hermit:FatalDesire","floor":41,"key":"SMITH"},{"floor":42,"key":"REST"},{"floor":46,"key":"RECALL"},{"data":"hermit:Defend_Hermit","floor":47,"key":"SMITH"},{"data":"hermit:Defend_Hermit","floor":47,"key":"SMITH"},{"floor":49,"key":"REST"},{"data":"Reaper","floor":52,"key":"SMITH"},{"data":"hermit:Roughhouse","floor":52,"key":"SMITH"}],"circlet_count":0,"master_deck":["hermit:Strike_Hermit","hermit:Defend_Hermit+1","hermit:Defend_Hermit+1","hermit:Defend_Hermit+1","hermit:Defend_Hermit+1","hermit:Snapshot+1","hermit:Covet+1","hermit:Dive+1","OldLady","hermit:Horror+1","UniverseFragment","hermit:Feint+1","hermit:Gestalt+1","hermit:Brawl+1","hermit:Ricochet+1","hermit:Snipe+1","hubris:Fate+1","hermit:Roughhouse+1","hermit:Brawl+1","hermit:FatalDesire+1","hermit:CalledShot+1","hermit:Roulette+1","hermit:FromBeyond+1","hermit:Ricochet+1","infinitespire:Menacing+1","hermit:Roughhouse+1","Reaper+1"],"relics":["StuffTheSpire:OccultApparatus","Ring of Chaos","hubris:Zylophone","CogitoBucket","StuffTheSpire:TintedRock","Orichalcum","reliquary:PartyBalloon","Calipers","MawBank","Replay:Arrowhead","Snecko Eye","aspiration:DSix","War Paint","RollingBoulder","Incense Burner","hubris:CuriousFeather","reliquary:WeakTea","FossilizedHelix","CaptainsWheel","Astrolabe","LuminousBracelet","StuffTheSpire:OldFever","hubris:MobiusCoin","hubris:ToyBattleship","aspiration:Nostalgia","Iron Core","conspire:TreasureMap","War Paint","aspiration:IroncladSkillbook","ClockworkSouvenir","Singing Bowl"],"acts_visited":["Exordium","TheCity","TheBeyond","Exordium","TheEnding"],"potions_floor_usage":[24,35,40,48,50,54,54,55,55],"damage_taken":[{"damage":2.0,"enemies":"Jaw Worm","floor":1.0,"turns":4.0},{"damage":0.0,"enemies":"Cultist","floor":2.0,"turns":3.0},{"damage":0.0,"enemies":"Small Slimes","floor":3.0,"turns":2.0},{"damage":15.0,"enemies":"Lagavulin","floor":6.0,"turns":12.0},{"damage":15.0,"enemies":"Gremlin Nob","floor":7.0,"turns":6.0},{"damage":1.0,"enemies":"Lagavulin","floor":8.0,"turns":7.0},{"damage":17.0,"enemies":"Gremlin Nob","floor":11.0,"turns":5.0},{"damage":16.0,"enemies":"Red Slaver","floor":14.0,"turns":5.0},{"damage":1.0,"enemies":"Slime Boss","floor":16.0,"turns":7.0},{"damage":1,"enemies":"conspire:FuzzyDice","floor":18,"turns":8},{"damage":26,"enemies":"Shell Parasite","floor":21,"turns":7},{"damage":2,"enemies":"Nightmare","floor":24,"turns":9},{"damage":9,"enemies":"conspire:SneckoGhost","floor":25,"turns":5},{"damage":13,"enemies":"hubris:MusketHawk","floor":33,"turns":7},{"damage":18,"enemies":"3 Shapes","floor":35,"turns":4},{"damage":0,"enemies":"Orb Walker","floor":36,"turns":3},{"damage":0,"enemies":"3 Darklings","floor":38,"turns":5},{"damage":40,"enemies":"Nightmare","floor":40,"turns":12},{"damage":9,"enemies":"Reptomancer","floor":48,"turns":4},{"damage":16,"enemies":"Time Eater","floor":50,"turns":10},{"damage":30,"enemies":"Shield and Spear","floor":54,"turns":5},{"damage":92,"enemies":"The Heart","floor":55,"turns":9}],"seed_played":"3190903209704176303","potions_obtained":[{"floor":2.0,"key":"blueLaboratory:FruitPreserves"},{"floor":6.0,"key":"blueLaboratory:BottleOfVodka"},{"floor":7.0,"key":"SteroidPotion"},{"floor":14.0,"key":"blueLaboratory:BubblePotion"},{"floor":21,"key":"blueLaboratory:BubblePotion"},{"floor":24,"key":"Swift Potion"},{"floor":33,"key":"blueLaboratory:Moonshine"},{"floor":38,"key":"Weak Potion"},{"floor":40,"key":"SkillPotion"}],"is_trial":true,"path_per_floor":["M","M","M","?","?","E","E","E","T","R","E","$","R","M","R","B",null,"M","$","AVR","M","T","R","NM","E","T","R","T","R","$","?","R","B",null,"M","M","?","M","$","NM","R","R","T","$","AVR","R","R","E","R","B",null,"R","$","E","B",null],"character_chosen":"HERMIT","items_purchased":["hermit:Brawl","hermit:Ricochet","Replay:Arrowhead","aspiration:DSix","FossilizedHelix","CaptainsWheel","hermit:Brawl","StuffTheSpire:OldFever","aspiration:Nostalgia","ClockworkSouvenir","hermit:Eclipse","conspire:TimeTravelPotion","Fire Potion"],"campfire_rested":3,"item_purchase_floors":[12,12,12,19,30,30,30,39,44,53,53,53,53],"current_hp_per_floor":[73,73,73,73,73,58,43,42,42,42,25,25,25,9,9,8,58,57,57,57,31,31,31,29,20,20,42,42,42,42,42,42,29,64,61,61,61,61,61,38,38,61,61,61,61,61,61,53,76,54,66,66,66,69,71],"gold":196,"neow_bonus":"","is_daily":false,"chose_seed":false,"campfire_upgraded":17,"win_rate":0.0,"timestamp":1612501075,"path_taken":["M","M","M","?","?","E","E","E","T","R","E","$","R","?","R","BOSS","M","$","AVR","M","?","R","NM","E","T","R","?","R","$","?","R","BOSS","M","M","?","?","$","NM","R","R","T","$","AVR","R","R","E","R","BOSS","R","$","E","BOSS"],"items_purchased_type":["Card","Card","Relic","Relic","Relic","Relic","Card","Relic","Relic","Relic","Potion","Potion","Potion"],"build_version":"2020-12-22","purchased_purges":3,"victory":true,"max_hp_per_floor":[75,75,75,75,75,75,75,75,75,75,75,75,75,75,75,75,75,75,75,75,75,75,75,75,75,75,75,75,75,75,75,75,75,75,90,90,87,77,77,77,77,77,77,77,77,77,77,77,77,67,67,67,67,69,71],"card_choices":[{"not_picked":["hermit:Manifest","hermit:BodyArmor"],"picked":"hermit:Dive","floor":1.0},{"not_picked":["Wellcheers","GalaxyChild"],"picked":"OldLady","floor":1.0},{"not_picked":["hermit:Feint","hermit:Cheat"],"picked":"hermit:Horror","floor":2.0},{"not_picked":["BigBird","SpiderBud"],"picked":"UniverseFragment","floor":2.0},{"not_picked":["hermit:HighNoon","hermit:Manifest"],"picked":"hermit:Feint","floor":3.0},{"not_picked":["hermit:HoleUp","hermit:Headshot","hermit:Manifest"],"picked":"SKIP","floor":6.0},{"not_picked":["hermit:GhostlyPresence","hermit:Coalescence"],"picked":"hermit:Gestalt","floor":7.0},{"not_picked":["hermit:Deadeye","hermit:Roulette","hermit:Dive"],"picked":"SKIP","floor":8.0},{"not_picked":["hermit:Combo","hermit:TakeCover","hermit:ShadowCloak"],"picked":"SKIP","floor":11.0},{"not_picked":["hermit:DeadOrAlive","hermit:Vantage"],"picked":"hermit:Snipe","floor":14.0},{"not_picked":["hermit:Reprieve","hermit:DeadOrAlive"],"picked":"hermit:Purgatory","floor":16.0},{"not_picked":["Woodsman","VoidDream","ShyLook"],"picked":"Singing Bowl","floor":18},{"not_picked":["hermit:HighCaliber","hermit:SprayPray+1","hermit:Desperado"],"picked":"SKIP","floor":18},{"not_picked":["hermit:Headshot","hermit:LowProfile+1","hermit:PistolWhip"],"picked":"SKIP","floor":21},{"not_picked":["ReplayTheSpireMod:Black Plague","infinitespire:DeathsTouch"],"picked":"hubris:Fate","floor":24},{"not_picked":["hermit:Malice","hermit:Manifest"],"picked":"hermit:Roughhouse","floor":24},{"not_picked":["hermit:HeroicBravado","hermit:LowProfile","hermit:HighCaliber"],"picked":"SKIP","floor":25},{"not_picked":["hermit:HeroicBravado","hermit:Purgatory"],"picked":"hermit:FatalDesire","floor":33},{"not_picked":["hermit:Quickdraw","hermit:HighCaliber"],"picked":"hermit:Ricochet+1","floor":35},{"not_picked":["hermit:TrackingShot+1","hermit:GhostlyPresence","hermit:SprayPray"],"picked":"SKIP","floor":36},{"not_picked":["hermit:Coalescence","hermit:BodyArmor+1","hermit:Malice"],"picked":"SKIP","floor":38},{"not_picked":["infinitespire:Oblivion","infinitespire:SealOfDarkness+"],"picked":"infinitespire:Menacing","floor":40},{"not_picked":["hermit:Dive+1","hermit:TrackingShot","hermit:Cheat"],"picked":"SKIP","floor":40},{"not_picked":["hermit:CalledShot+1","Mirror Shield"],"picked":"hermit:Roughhouse","floor":48},{"not_picked":["hermit:DeadOrAlive","Firewall"],"picked":"Reaper","floor":50},{"not_picked":["hermit:Grudge+1","hermit:Showdown+1","Clash+1","hermit:Malice+1"],"picked":"Singing Bowl","floor":54},{"not_picked":["Hemogenesis","hermit:DeadOrAlive","hermit:Roughhouse","Immolate"],"picked":"Singing Bowl","floor":55}],"player_experience":1300748,"relics_obtained":[{"floor":7.0,"key":"Orichalcum"},{"floor":8.0,"key":"reliquary:PartyBalloon"},{"floor":9.0,"key":"Calipers"},{"floor":11.0,"key":"MawBank"},{"floor":22,"key":"RollingBoulder"},{"floor":24,"key":"Incense Burner"},{"floor":25,"key":"hubris:CuriousFeather"},{"floor":28,"key":"reliquary:WeakTea"},{"floor":40,"key":"hubris:MobiusCoin"},{"floor":43,"key":"hubris:ToyBattleship"},{"floor":48,"key":"War Paint"},{"floor":54,"key":"Singing Bowl"}],"event_choices":[{"damage_healed":0.0,"max_hp_gain":0.0,"max_hp_loss":0.0,"gold_gain":0.0,"event_name":"Living Wall","player_choice":"Grow","floor":4.0,"gold_loss":0.0,"damage_taken":0.0,"cards_upgraded":["hermit:Defend_Hermit"]},{"damage_healed":0.0,"max_hp_gain":0.0,"max_hp_loss":0.0,"gold_gain":0.0,"event_name":"WeMeetAgain","player_choice":"Gave Potion","floor":5.0,"gold_loss":0.0,"damage_taken":0.0,"relics_obtained":["StuffTheSpire:TintedRock"]},{"cards_removed":["Parasite"],"damage_healed":0,"gold_gain":0,"player_choice":"Card Removal","damage_taken":0,"max_hp_gain":0,"max_hp_loss":0,"event_name":"Wheel of Change","floor":37,"gold_loss":0}],"is_beta":false,"boss_relics":[{"not_picked":["aspiration:RitualDagger","reliquary:WritOfMandamus"],"picked":"Snecko Eye"},{"not_picked":["Replay:Drink Me","energizedSpire:EnergizedDie"],"picked":"Astrolabe"},{"not_picked":["Philosopher\u0027s Stone","Black Star"],"picked":"aspiration:IroncladSkillbook"}],"items_purged_floors":[20,39,45],"is_endless":true,"potions_floor_spawned":[2,6,7,14,21,24,33,38,40,55],"ascension_level":5}}