{"host":"f5gffvlv6a66yqkd","time":1612501296,"event":{"mods":["2.2 Compatiblity","BaseMod","Colored Map","Custom Start","DeckTracker","Keyboard Shortcuts","Minty Spire (QoL Compilation)","Permanent Neow","Quick Restart","Relic Stats","StSLib","SuperFastMode"],"gold_per_floor":[15,34,48,59,70,70,97,97,97,147,147,163,193,207,207,286,286,297,315,365,376,259,259,275,308,308,323,323,355,355,405,405,483,483,502,554,571,582,148,148,177,177,177,177,212,212,212,87,87,87,87,87,87,87,118,118,118],"floor_reached":56,"language":"KOR","playtime":1607,"items_purged":["Strike_P","Strike_P","Strike_P"],"score":2260,"play_id":"b4bdfe77-2ea4-41fe-9ccb-17af3b9c0010","local_time":"20210205140136","is_ascension_mode":true,"campfire_choices":[{"data":"Eruption","floor":6.0,"key":"SMITH"},{"data":"Ragnarok","floor":8.0,"key":"SMITH"},{"data":"EmptyBody","floor":11.0,"key":"SMITH"},{"data":"Tantrum","floor":15.0,"key":"SMITH"},{"data":"Omniscience","floor":23.0,"key":"SMITH"},{"data":"Meditate","floor":30.0,"key":"SMITH"},{"data":"Adaptation","floor":32.0,"key":"SMITH"},{"data":"Master of Strategy","floor":40.0,"key":"SMITH"},{"data":"Halt","floor":42.0,"key":"SMITH"},{"data":"InnerPeace","floor":44.0,"key":"SMITH"},{"data":"Vigilance","floor":47.0,"key":"SMITH"},{"floor":49.0,"key":"RECALL"},{"floor":53.0,"key":"REST"}],"circlet_count":0,"master_deck":["AscendersBane","Strike_P","Defend_P","Defend_P","Defend_P","Defend_P","Eruption+1","Vigilance+1","Master of Strategy+1","Consecrate","EmptyBody+1","BattleHymn","Ragnarok+1","Indignation","Tantrum+1","Halt+1","Omniscience+1","InnerPeace+1","Adaptation+1","Meditate+1","FearNoEvil","MentalFortress+1","Adaptation"],"relics":["HolyWater","Centennial Puzzle","Singing Bowl","Pen Nib","Torii","Blood Vial","Sozu","CloakClasp","Mango","Potion Belt","Bottled Tornado","Anchor","InkBottle","Eternal Feather"],"acts_visited":["Exordium","TheCity","TheBeyond","TheEnding"],"potions_floor_usage":[],"damage_taken":[{"damage":0.0,"enemies":"Jaw Worm","floor":1.0,"turns":3.0},{"damage":0.0,"enemies":"Cultist","floor":2.0,"turns":4.0},{"damage":0.0,"enemies":"Small Slimes","floor":3.0,"turns":5.0},{"damage":0.0,"enemies":"2 Fungi Beasts","floor":4.0,"turns":2.0},{"damage":0.0,"enemies":"Looter","floor":5.0,"turns":3.0},{"damage":0.0,"enemies":"Lagavulin","floor":7.0,"turns":4.0},{"damage":4.0,"enemies":"Exordium Thugs","floor":12.0,"turns":3.0},{"damage":8.0,"enemies":"Gremlin Nob","floor":13.0,"turns":3.0},{"damage":7.0,"enemies":"Gremlin Gang","floor":14.0,"turns":3.0},{"damage":0.0,"enemies":"Hexaghost","floor":16.0,"turns":2.0},{"damage":0.0,"enemies":"Chosen","floor":18.0,"turns":1.0},{"damage":0.0,"enemies":"Shell Parasite","floor":19.0,"turns":1.0},{"damage":0.0,"enemies":"Chosen and Byrds","floor":21.0,"turns":3.0},{"damage":11.0,"enemies":"Snake Plant","floor":24.0,"turns":3.0},{"damage":0.0,"enemies":"Gremlin Leader","floor":25.0,"turns":3.0},{"damage":0.0,"enemies":"3 Cultists","floor":27.0,"turns":2.0},{"damage":11.0,"enemies":"Book of Stabbing","floor":29.0,"turns":2.0},{"damage":24.0,"enemies":"Automaton","floor":33.0,"turns":6.0},{"damage":6.0,"enemies":"3 Shapes","floor":35.0,"turns":1.0},{"damage":35.0,"enemies":"2 Orb Walkers","floor":36.0,"turns":3.0},{"damage":0.0,"enemies":"Orb Walker","floor":37.0,"turns":1.0},{"damage":0.0,"enemies":"3 Darklings","floor":38.0,"turns":1.0},{"damage":0.0,"enemies":"Reptomancer","floor":41.0,"turns":2.0},{"damage":8.0,"enemies":"Nemesis","floor":45.0,"turns":7.0},{"damage":31.0,"enemies":"Awakened One","floor":50.0,"turns":9.0},{"damage":0.0,"enemies":"Time Eater","floor":51.0,"turns":5.0},{"damage":38.0,"enemies":"Shield and Spear","floor":55.0,"turns":5.0},{"damage":67,"enemies":"The Heart","floor":56,"turns":4}],"seed_played":"-8901469580213475422","potions_obtained":[{"floor":3.0,"key":"Fire Potion"},{"floor":5.0,"key":"Dexterity Potion"},{"floor":13.0,"key":"SteroidPotion"},{"floor":14.0,"key":"AttackPotion"},{"floor":16.0,"key":"SpeedPotion"},{"floor":21.0,"key":"PowerPotion"},{"floor":24.0,"key":"Strength Potion"},{"floor":27.0,"key":"DuplicationPotion"}],"is_trial":false,"path_per_floor":["M","M","M","M","M","R","E","R","T","?","R","M","E","M","R","B",null,"M","M","?","M","$","R","M","E","T","M","?","E","R","?","R","B",null,"M","?","M","M","$","R","E","R","T","R","E","T","R","$","R","B","B",null,"R","$","E","B"],"character_chosen":"WATCHER","items_purchased":["Adaptation","Mango"],"campfire_rested":1,"item_purchase_floors":[22,39],"current_hp_per_floor":[61,61,61,61,61,61,61,61,61,61,61,57,49,42,42,42,62,64,66,59,59,59,59,50,52,52,52,52,43,43,43,43,23,66,64,31,33,37,51,51,55,55,55,55,51,51,51,51,51,22,24,83,102,102,64,0,0],"gold":118,"neow_bonus":"RANDOM_COLORLESS_2","is_daily":false,"chose_seed":false,"campfire_upgraded":11,"win_rate":0.0,"timestamp":1612501296,"path_taken":["M","M","M","M","M","R","E","R","T","?","R","M","E","?","R","BOSS","M","M","?","M","$","R","?","E","T","M","?","E","R","?","R","BOSS","M","?","M","M","$","R","E","R","T","R","E","?","R","$","R","BOSS","BOSS","R","$","E","BOSS"],"items_purchased_type":["Card","Relic"],"build_version":"2020-12-22","purchased_purges":3,"victory":false,"max_hp_per_floor":[68,68,68,68,68,68,68,68,68,68,68,68,68,68,68,68,68,70,72,72,72,72,72,74,76,76,76,76,78,78,78,78,80,80,82,82,82,84,98,98,100,100,100,100,102,102,102,102,102,102,102,102,102,102,102,102,102],"relic_stats":{"Blood Vial":20,"Sozu":4,"Centennial Puzzle":[33],"Singing Bowl":20,"Torii":31,"counters":[28,91],"Eternal Feather":0,"Pen Nib":[14],"CloakClasp":[148],"obtain_stats":[{"Potion Belt":41,"Singing Bowl":9,"Torii":25,"Mango":39,"Eternal Feather":55,"Pen Nib":13,"CloakClasp":36,"Bottled Tornado":43,"Blood Vial":29,"Sozu":34,"Centennial Puzzle":7,"Anchor":45,"HolyWater":17,"PureWater":0,"InkBottle":46},{"Potion Belt":23,"Singing Bowl":6,"Torii":15,"Mango":22,"Eternal Feather":27,"Pen Nib":8,"CloakClasp":20,"Bottled Tornado":23,"Blood Vial":17,"Sozu":18,"Centennial Puzzle":6,"Anchor":24,"HolyWater":10,"PureWater":0,"InkBottle":24},{"Potion Belt":61,"Singing Bowl":21,"Torii":43,"Mango":59,"Eternal Feather":87,"Pen Nib":27,"CloakClasp":57,"Bottled Tornado":61,"Blood Vial":47,"Sozu":53,"Centennial Puzzle":21,"Anchor":68,"HolyWater":32,"PureWater":0,"InkBottle":68}],"InkBottle":[12]},"card_choices":[{"not_picked":["The Bomb","Violence"],"picked":"Master of Strategy","floor":0.0},{"not_picked":["FlurryOfBlows","WaveOfTheHand"],"picked":"Consecrate","floor":1.0},{"not_picked":["Meditate","ForeignInfluence"],"picked":"EmptyBody","floor":2.0},{"not_picked":["WaveOfTheHand","CrushJoints"],"picked":"BattleHymn","floor":3.0},{"not_picked":["Evaluate","PathToVictory","ClearTheMind"],"picked":"SKIP","floor":4.0},{"not_picked":["Evaluate","CarveReality","WindmillStrike"],"picked":"SKIP","floor":5.0},{"not_picked":["Collect","Protect"],"picked":"Ragnarok","floor":7.0},{"not_picked":["WreathOfFlame","PathToVictory"],"picked":"Indignation","floor":12.0},{"not_picked":["Weave","Swivel"],"picked":"Tantrum","floor":13.0},{"not_picked":["LikeWater","CutThroughFate"],"picked":"Halt","floor":14.0},{"not_picked":["DevaForm","Alpha"],"picked":"Omniscience","floor":16.0},{"not_picked":["FlyingSleeves","Prostrate","EmptyMind"],"picked":"Singing Bowl","floor":18.0},{"not_picked":["SashWhip","JustLucky+1","Protect"],"picked":"Singing Bowl","floor":19.0},{"not_picked":["CutThroughFate","EmptyFist"],"picked":"InnerPeace","floor":21.0},{"not_picked":["Consecrate+1","Evaluate","Tantrum"],"picked":"Singing Bowl","floor":24.0},{"not_picked":["EmptyBody+1","WreathOfFlame","CrushJoints"],"picked":"Singing Bowl","floor":25.0},{"not_picked":["CrushJoints","FlurryOfBlows"],"picked":"Meditate","floor":27.0},{"not_picked":["Crescendo+1","DeceiveReality","WaveOfTheHand"],"picked":"Singing Bowl","floor":29.0},{"not_picked":["Brilliance","Devotion","Ragnarok"],"picked":"Singing Bowl","floor":33.0},{"not_picked":["EmptyFist","Meditate+1","ClearTheMind"],"picked":"Singing Bowl","floor":35.0},{"not_picked":["ThirdEye","Consecrate"],"picked":"FearNoEvil","floor":36.0},{"not_picked":["Prostrate","ClearTheMind+1"],"picked":"MentalFortress+1","floor":37.0},{"not_picked":["CutThroughFate","Tantrum","JustLucky"],"picked":"Singing Bowl","floor":38.0},{"not_picked":["ThirdEye","FearNoEvil+1","BowlingBash+1"],"picked":"Singing Bowl","floor":41.0},{"not_picked":["Conclude","SashWhip","Wallop"],"picked":"Singing Bowl","floor":45.0},{"not_picked":["EmptyBody","CrushJoints+1"],"picked":"Adaptation","floor":55.0}],"player_experience":1648802,"relics_obtained":[{"floor":7.0,"key":"Centennial Puzzle"},{"floor":9.0,"key":"Singing Bowl"},{"floor":13.0,"key":"Pen Nib"},{"floor":25.0,"key":"Torii"},{"floor":29.0,"key":"Blood Vial"},{"floor":36.0,"key":"CloakClasp"},{"floor":41.0,"key":"Potion Belt"},{"floor":43.0,"key":"Bottled Tornado"},{"floor":45.0,"key":"Anchor"},{"floor":46.0,"key":"InkBottle"},{"floor":55.0,"key":"Eternal Feather"}],"event_choices":[{"damage_healed":0.0,"max_hp_gain":0.0,"max_hp_loss":0.0,"gold_gain":50.0,"event_name":"Golden Shrine","player_choice":"Pray","floor":10.0,"gold_loss":0.0,"damage_taken":0.0},{"damage_healed":0.0,"max_hp_gain":0.0,"max_hp_loss":0.0,"gold_gain":50.0,"event_name":"FaceTrader","player_choice":"Touch","floor":20.0,"gold_loss":0.0,"damage_taken":7.0},{"damage_healed":0.0,"max_hp_gain":0.0,"max_hp_loss":0.0,"gold_gain":0.0,"event_name":"Vampires","player_choice":"Ignored","floor":28.0,"gold_loss":0.0,"damage_taken":0.0},{"damage_healed":0.0,"max_hp_gain":0.0,"max_hp_loss":0.0,"gold_gain":50.0,"event_name":"Nest","player_choice":"Stole From Cult","floor":31.0,"gold_loss":0.0,"damage_taken":0.0},{"damage_healed":0.0,"max_hp_gain":0.0,"max_hp_loss":0.0,"gold_gain":0.0,"event_name":"Mysterious Sphere","player_choice":"Fight","floor":36.0,"gold_loss":0.0,"damage_taken":0.0}],"is_beta":false,"boss_relics":[{"not_picked":["Busted Crown","Cursed Key"],"picked":"HolyWater"},{"not_picked":["Calling Bell","SacredBark"],"picked":"Sozu"}],"items_purged_floors":[22,39,48],"is_endless":false,"potions_floor_spawned":[3,5,12,13,14,16,21,24,27,29,37,38,45,55],"killed_by":"The Heart","ascension_level":20}}