{"host":"adt9pv9dmmkchns7","time":1612534235,"event":{"mods":["AchievementEnabler","Aspiration","BaseMod","Beaked The Cultist","Better Third Choice","Curses Come First","Energized Spire","Minty Spire (QoL Compilation)","Permanent Neow","Potionbrewer","Quick Restart","Replay The Spire","Robot Space Explorer","Shade Mod","Spicy Shops","StSLib","The Blackbeard","The Cursed","The Forsaken","The Gatherer","The Necromancer","Wandering Minibosses"],"gold_per_floor":[361,89,103,117,42,70,70,70,70,89,122,122,150,165,165,262,212,214,221,226,234,232,232],"floor_reached":22,"language":"ENG","playtime":2488,"items_purged":[],"score":393,"play_id":"6695287e-385b-4b59-8fcd-6290a913d2c1","local_time":"20210205151035","is_ascension_mode":true,"campfire_choices":[{"floor":15,"key":"RECALL"}],"circlet_count":0,"master_deck":["potionbrewer:PotionbrewerStrike","potionbrewer:PotionbrewerStrike","potionbrewer:PotionbrewerStrike","potionbrewer:PotionbrewerStrike","potionbrewer:PotionbrewerDefend","potionbrewer:PotionbrewerDefend","potionbrewer:PotionbrewerDefend","potionbrewer:PotionbrewerDefend","potionbrewer:Collect","potionbrewer:ChemicalSpill","potionbrewer:WizBang","potionbrewer:QuickStep","potionbrewer:Prototype","potionbrewer:DigDeep","potionbrewer:Shovel","potionbrewer:Bribery","potionbrewer:AnotherRound","potionbrewer:PotentialEnergy","potionbrewer:PotionbrewerStrike","potionbrewer:IronFlesh","potionbrewer:Prototype","potionbrewer:Shovel","potionbrewer:Prototype","potionbrewer:Prototype"],"relics":["potionbrewer:PotionKit","Membership Card","beaked:ShinyBauble","aspiration:Nostalgia","Shade:YorickSkull","aspiration:ArtOfWarUpgrade","The Courier","Peace Pipe","energizedSpire:HugeHouse"],"acts_visited":["Exordium","TheCity"],"potions_floor_usage":[6,6,6,6,10,11,11,13,14,14,16,16,18,19,19,19,20,21],"damage_taken":[{"damage":1,"enemies":"Cultist","floor":1,"turns":4},{"damage":4,"enemies":"Jaw Worm","floor":3,"turns":5},{"damage":0,"enemies":"Small Slimes","floor":4,"turns":4},{"damage":3,"enemies":"Lagavulin","floor":6,"turns":6},{"damage":0,"enemies":"Exordium Thugs","floor":10,"turns":5},{"damage":9,"enemies":"Gremlin Nob","floor":11,"turns":4},{"damage":0,"enemies":"Replay:BlueRogue","floor":13,"turns":4},{"damage":0,"enemies":"2 Fungi Beasts","floor":14,"turns":2},{"damage":0,"enemies":"Slime Boss","floor":16,"turns":3},{"damage":14,"enemies":"3 Byrds","floor":18,"turns":8},{"damage":13,"enemies":"Shell Parasite","floor":19,"turns":8},{"damage":23,"enemies":"Snake Plant","floor":20,"turns":6},{"damage":4,"enemies":"Centurion and Healer","floor":21,"turns":6},{"damage":6,"enemies":"3 Cultists","floor":22,"turns":2}],"seed_played":"-5467488860899978870","potions_obtained":[{"floor":3,"key":"SpeedPotion"},{"floor":10,"key":"Adrenaline Potion"},{"floor":11,"key":"potionbrewer:FreezingPotion"},{"floor":13,"key":"LiquidMemories"},{"floor":14,"key":"potionbrewer:NoxiousPotion"},{"floor":20,"key":"Doom Potion"}],"is_trial":false,"path_per_floor":["M","$","M","M","$","E","?","R","T","M","E","R","E","M","R","B",null,"M","M","M","M","M"],"character_chosen":"POTIONBREWER","items_purchased":["Membership Card","beaked:ShinyBauble","aspiration:Nostalgia"],"campfire_rested":0,"item_purchase_floors":[2,2,5],"current_hp_per_floor":[67,67,63,63,63,60,60,60,60,60,51,51,51,51,51,51,60,46,33,10,6,0,0],"gold":232,"neow_bonus":"TWO_FIFTY_GOLD","is_daily":false,"chose_seed":false,"campfire_upgraded":0,"win_rate":0.0,"timestamp":1612534235,"path_taken":["M","$","M","?","$","E","?","R","T","?","E","R","E","M","R","BOSS","M","M","M","?","M"],"items_purchased_type":["Relic","Relic","Relic"],"build_version":"2020-12-22","purchased_purges":0,"victory":false,"max_hp_per_floor":[68,68,68,68,68,68,68,68,68,68,68,68,68,68,68,68,63,63,63,63,63,63,63],"card_choices":[{"not_picked":["potionbrewer:Brandish","potionbrewer:FlashPowder"],"picked":"potionbrewer:WizBang","floor":1},{"not_picked":["potionbrewer:Brandish","potionbrewer:Smokescreen"],"picked":"potionbrewer:QuickStep","floor":3},{"not_picked":["potionbrewer:FortifiedSerum","potionbrewer:Fuel","potionbrewer:ChemicalRage"],"picked":"potionbrewer:Prototype","floor":4},{"not_picked":["potionbrewer:Biohazard","potionbrewer:Spark"],"picked":"potionbrewer:DigDeep","floor":6},{"not_picked":["potionbrewer:BlindingSpray","potionbrewer:TestSubject"],"picked":"potionbrewer:Shovel","floor":10},{"not_picked":["potionbrewer:Biohazard","potionbrewer:ChokingPowder"],"picked":"potionbrewer:Bribery","floor":11},{"not_picked":["potionbrewer:BlindingSpray","potionbrewer:VolatileSolution"],"picked":"potionbrewer:Biohazard","floor":13},{"not_picked":["potionbrewer:Contingency","potionbrewer:ChainReaction","potionbrewer:Prototype"],"picked":"potionbrewer:AnotherRound","floor":14},{"not_picked":["potionbrewer:HazardousWaste","potionbrewer:Transmute"],"picked":"potionbrewer:PotentialEnergy","floor":16},{"not_picked":["potionbrewer:BlindingSpray","potionbrewer:TimeBomb","potionbrewer:LabAccident"],"picked":"potionbrewer:Prototype","floor":18},{"not_picked":["potionbrewer:Contingency","potionbrewer:MicrobeSpray"],"picked":"potionbrewer:Shovel","floor":19},{"not_picked":["potionbrewer:BlindingMist","potionbrewer:Biohazard+1","potionbrewer:VolatileSolution"],"picked":"potionbrewer:Prototype","floor":20},{"not_picked":["potionbrewer:LabJournal","potionbrewer:FuelCell","potionbrewer:UnstableFormula+1"],"picked":"potionbrewer:Prototype","floor":21}],"player_experience":889670,"relics_obtained":[{"floor":6,"key":"Art of War"},{"floor":11,"key":"The Courier"},{"floor":13,"key":"Peace Pipe"}],"event_choices":[{"damage_healed":0,"gold_gain":0,"player_choice":"Bought 0 Potions","damage_taken":0,"max_hp_gain":0,"max_hp_loss":0,"event_name":"The Woman in Blue","floor":7,"gold_loss":0}],"is_beta":false,"boss_relics":[{"not_picked":["Replay:Bronze Core","potionbrewer:AlchemistKit"],"picked":"energizedSpire:HugeHouse"}],"items_purged_floors":[],"is_endless":false,"potions_floor_spawned":[3,10,11,13,14,20],"killed_by":"3 Cultists","ascension_level":6}}