{"host":"c2vrdknshfutmcsq","time":1612527966,"event":{"mods":["BaseMod","Minty Spire (QoL Compilation)"],"gold_per_floor":[111,111,186,186,206,246,262,296,320,354,378,418,418,438,438,532,532,545,558,608,608,627,667,667,667,667],"floor_reached":25,"language":"ENG","playtime":1513,"items_purged":[],"score":519,"play_id":"eccf5ef6-706b-42e9-9571-0bf42a4cb723","local_time":"20210205132606","is_ascension_mode":true,"campfire_choices":[{"floor":13.0,"key":"REST"},{"floor":15.0,"key":"REST"},{"floor":24.0,"key":"REST"}],"circlet_count":0,"master_deck":["AscendersBane","Strike_B","Strike_B","Strike_B","Strike_B","Defend_B","Defend_B","Defend_B","Defend_B","Zap","Dualcast+1","FTL","Injury","Sweeping Beam","Seek","Chill","Reboot","Streamline","Melter","Rainbow","Sunder","All For One","Conserve Battery","RitualDagger","Go for the Eyes","Conserve Battery"],"relics":["Cracked Core","NeowsBlessing","Golden Idol","Juzu Bracelet","PreservedInsect","Lantern","Odd Mushroom","Darkstone Periapt","Busted Crown","Ice Cream"],"acts_visited":["Exordium","TheCity"],"potions_floor_usage":[],"damage_taken":[{"damage":0.0,"enemies":"2 Louse","floor":1.0,"turns":1.0},{"damage":0.0,"enemies":"Small Slimes","floor":5.0,"turns":1.0},{"damage":0.0,"enemies":"Gremlin Nob","floor":6.0,"turns":1.0},{"damage":7.0,"enemies":"Jaw Worm","floor":7.0,"turns":3.0},{"damage":18.0,"enemies":"Lagavulin","floor":8.0,"turns":6.0},{"damage":6.0,"enemies":"The Mushroom Lair","floor":10.0,"turns":4.0},{"damage":0.0,"enemies":"Red Slaver","floor":11.0,"turns":3.0},{"damage":10.0,"enemies":"3 Sentries","floor":12.0,"turns":5.0},{"damage":0.0,"enemies":"3 Louse","floor":14.0,"turns":2.0},{"damage":39.0,"enemies":"The Guardian","floor":16.0,"turns":13.0},{"damage":8.0,"enemies":"3 Byrds","floor":18.0,"turns":2.0},{"damage":2.0,"enemies":"Spheric Guardian","floor":19.0,"turns":3.0},{"damage":18.0,"enemies":"Centurion and Healer","floor":22.0,"turns":6.0},{"damage":16.0,"enemies":"Slavers","floor":23.0,"turns":6.0},{"damage":27,"enemies":"Book of Stabbing","floor":25,"turns":3}],"seed_played":"-2211186866516576896","potions_obtained":[{"floor":6.0,"key":"DuplicationPotion"},{"floor":7.0,"key":"SpeedPotion"},{"floor":14.0,"key":"DistilledChaos"},{"floor":16.0,"key":"LiquidBronze"},{"floor":19.0,"key":"Block Potion"}],"is_trial":false,"path_per_floor":["M","?","?","?","M","E","M","E","T","?","M","E","R","M","R","B",null,"M","M","?","?","M","E","R","E"],"character_chosen":"DEFECT","items_purchased":[],"campfire_rested":3,"item_purchase_floors":[],"current_hp_per_floor":[64,64,53,53,53,53,46,28,28,22,22,12,33,33,54,15,57,49,47,47,41,23,7,28,1,1],"gold":667,"neow_bonus":"THREE_ENEMY_KILL","is_daily":false,"chose_seed":false,"campfire_upgraded":0,"win_rate":0.0,"timestamp":1612527966,"path_taken":["M","?","?","?","M","E","M","E","T","?","M","E","R","M","R","BOSS","M","M","?","?","M","E","R","E"],"items_purchased_type":[],"build_version":"2020-12-22","purchased_purges":0,"victory":false,"max_hp_per_floor":[71,71,71,71,71,71,71,71,71,71,71,71,71,71,71,71,71,71,71,71,71,71,71,71,71,71],"card_choices":[{"not_picked":["Conserve Battery","Self Repair"],"picked":"FTL","floor":1.0},{"not_picked":["Redo","Streamline"],"picked":"Sweeping Beam","floor":5.0},{"not_picked":["Darkness","Hello World"],"picked":"Seek","floor":6.0},{"not_picked":["Steam","Rebound"],"picked":"Chill","floor":7.0},{"not_picked":["Cold Snap","Conserve Battery"],"picked":"Reboot","floor":8.0},{"not_picked":["Stack","Redo"],"picked":"Streamline","floor":10.0},{"not_picked":["Darkness","Leap"],"picked":"Melter","floor":11.0},{"not_picked":["Fusion","Gash"],"picked":"Rainbow","floor":12.0},{"not_picked":["Reinforced Body","Skim"],"picked":"Sunder","floor":14.0},{"not_picked":["Creative AI","Thunder Strike"],"picked":"All For One","floor":16.0},{"not_picked":["Skim"],"picked":"SKIP","floor":18.0},{"not_picked":[],"picked":"Conserve Battery","floor":19.0},{"not_picked":[],"picked":"Go for the Eyes","floor":22.0},{"not_picked":[],"picked":"Conserve Battery","floor":23.0}],"player_experience":1346185,"relics_obtained":[{"floor":6.0,"key":"Juzu Bracelet"},{"floor":8.0,"key":"PreservedInsect"},{"floor":9.0,"key":"Lantern"},{"floor":10.0,"key":"Odd Mushroom"},{"floor":12.0,"key":"Darkstone Periapt"},{"floor":23.0,"key":"Ice Cream"}],"event_choices":[{"damage_healed":0.0,"max_hp_gain":0.0,"max_hp_loss":0.0,"gold_gain":0.0,"event_name":"Living Wall","player_choice":"Grow","floor":2.0,"gold_loss":0.0,"damage_taken":0.0,"cards_upgraded":["Dualcast"]},{"damage_healed":0.0,"max_hp_gain":0.0,"max_hp_loss":0.0,"gold_gain":75.0,"event_name":"World of Goop","player_choice":"Gather Gold","floor":3.0,"gold_loss":0.0,"damage_taken":11.0},{"damage_healed":0.0,"max_hp_gain":0.0,"max_hp_loss":0.0,"gold_gain":0.0,"event_name":"Golden Idol","player_choice":"Take Wound","floor":4.0,"gold_loss":0.0,"damage_taken":0.0,"relics_obtained":["Golden Idol"],"cards_obtained":["Injury"]},{"damage_healed":0.0,"max_hp_gain":0.0,"max_hp_loss":0.0,"gold_gain":0.0,"event_name":"Mushrooms","player_choice":"Fought Mushrooms","floor":10.0,"gold_loss":0.0,"damage_taken":0.0},{"damage_healed":0.0,"max_hp_gain":0.0,"max_hp_loss":0.0,"gold_gain":100.0,"event_name":"The Joust","player_choice":"Bet on Murderer","floor":20.0,"gold_loss":50.0,"damage_taken":0.0},{"damage_healed":0.0,"max_hp_gain":0.0,"max_hp_loss":0.0,"gold_gain":0.0,"event_name":"Nest","player_choice":"Joined the Cult","floor":21.0,"gold_loss":0.0,"damage_taken":6.0,"cards_obtained":["RitualDagger"]}],"is_beta":false,"boss_relics":[{"not_picked":["SacredBark","FrozenCore"],"picked":"Busted Crown"}],"items_purged_floors":[],"is_endless":false,"potions_floor_spawned":[6,7,14,16,19],"killed_by":"Book of Stabbing","ascension_level":19}}