{"host":"uceopoba4zvqsgiy","time":1612528618,"event":{"mods":["2.2 Compatiblity","Act Like it!","BaseMod","Better Skull","Better Third Choice","Elementarium","Evolution","GifTheSpireLib","Hermit","Humility","Infinite Spire","Jorbs\u0027s Wanderer Trilogy","Marked Mod","Minty Spire (QoL Compilation)","Potionbrewer","Reliquary","Replay The Spire","Robot Space Explorer","Shade Mod","Spicy Shops","StS++","StSLib","Stuff the Spire","The Blue Laboratory","The Caster","The Cursed","The Dragon Tamer","The Hierophant","The Judge","The Jungle","TheSurvivalist","Wandering Minibosses"],"gold_per_floor":[109,41,216,216,239,270,270,296,296,296,296],"floor_reached":10,"language":"ENG","playtime":888,"items_purged":[],"score":104,"play_id":"39a69e14-17a0-486d-8bf9-46102f889444","local_time":"20210205230658","is_ascension_mode":true,"campfire_choices":[{"floor":7,"key":"REST"}],"circlet_count":0,"master_deck":["Sweeping Beam","Sweeping Beam","Strike_B","Strike_B","Defend_B","Defend_B","Defend_B","Defend_B","Zap","Dualcast","Self Repair","Doubt","Sunder","Capacitor"],"relics":["Cracked Core","EVO:Axolotl","infinitespire:Golems Mask","Durian","infinitespire:Satchel","StuffTheSpire:Experiment12","Ornamental Fan","StuffTheSpire:TintedRock"],"acts_visited":["Exordium"],"potions_floor_usage":[8,10],"damage_taken":[{"damage":6,"enemies":"2 Louse","floor":1,"turns":2},{"damage":60,"enemies":"Lagavulin","floor":6,"turns":7},{"damage":31,"enemies":"3 Sentries","floor":8,"turns":6},{"damage":16,"enemies":"Replay:BlueRogue","floor":10,"turns":3}],"seed_played":"-7211524393157306277","potions_obtained":[{"floor":6,"key":"Fire Potion"},{"floor":8,"key":"blueLaboratory:RecallPotion"}],"is_trial":false,"path_per_floor":["M","$","?","?","T","E","R","E","T","E"],"character_chosen":"DEFECT","items_purchased":["Self Repair"],"campfire_rested":1,"item_purchase_floors":[2],"current_hp_per_floor":[62,62,62,67,67,14,35,11,11,0,0],"gold":296,"neow_bonus":"ONE_RARE_RELIC","is_daily":false,"chose_seed":false,"campfire_upgraded":0,"win_rate":0.0,"timestamp":1612528618,"path_taken":["M","$","?","?","?","E","R","E","T","E"],"items_purchased_type":["Card"],"build_version":"2020-12-22","purchased_purges":0,"victory":false,"max_hp_per_floor":[68,68,68,73,73,73,73,73,73,73,73],"card_choices":[{"not_picked":["Coolheaded","StuffTheSpire:GlassShard","BasicCrystalCard"],"picked":"SKIP","floor":1},{"not_picked":["Time Bomb","Blizzard"],"picked":"Sunder","floor":6},{"not_picked":["Compile Driver","Panic Button"],"picked":"Capacitor","floor":8}],"player_experience":1766894,"relics_obtained":[{"floor":4,"key":"Durian"},{"floor":5,"key":"infinitespire:Satchel"},{"floor":6,"key":"StuffTheSpire:Experiment12"},{"floor":8,"key":"Ornamental Fan"},{"floor":9,"key":"StuffTheSpire:TintedRock"}],"event_choices":[{"damage_healed":0,"gold_gain":175,"player_choice":"AGREE","damage_taken":41,"max_hp_gain":0,"max_hp_loss":0,"event_name":"betterThird:BetterSerpent","floor":3,"gold_loss":0}],"is_beta":false,"boss_relics":[],"items_purged_floors":[],"is_endless":false,"potions_floor_spawned":[6,8],"killed_by":"Replay:BlueRogue","ascension_level":9,"is_humility":true}}