{"host":"y7b1p9nkx4idorr2","time":1612516167,"event":{"mods":["AchievementEnabler","Act Like it!","BaseMod","Colored Map","Downfall","GifTheSpireLib","Googly Eyes","Highlight Path","Mimic Mod","Minty Spire (QoL Compilation)","Shop Mod","Spicy Shops","StSLib","Unceasing Turn Reminder"],"gold_per_floor":[99,115,128,128,138,154,154,186,86,21,31,61,61,161,181,276,276,276,376,389,389,409,409,444,444,460,490,185,220,220,234,252,353,353,353,373,386,405,68,87,133,33,76,84,110,147,47,47,58,58,58,58,8,8,8,8],"floor_reached":57,"language":"ENG","playtime":4826,"items_purged":["Decay","bronze:Strike","bronze:Strike","bronze:Defend","bronze:Defend","bronze:Replicate"],"score":1457,"play_id":"6d18a5c4-ebd2-4642-a3c0-73def3c3b37a","local_time":"20210205030927","is_ascension_mode":true,"campfire_choices":[{"floor":1,"key":"RECALL"},{"data":"bronze:OilSpill","floor":9,"key":"SMITH"},{"data":"bronze:ItsAFeature","floor":13,"key":"SMITH"},{"data":"bronze:Library","floor":18,"key":"SMITH"},{"data":"bronze:Optimize","floor":23,"key":"SMITH"},{"data":"bronze:Verify","floor":25,"key":"SMITH"},{"floor":30,"key":"REST"},{"data":"bronze:Boost","floor":35,"key":"SMITH"},{"floor":42,"key":"REST"},{"data":"bronze:Boost","floor":47,"key":"SMITH"},{"floor":54,"key":"REST"}],"circlet_count":0,"master_deck":["bronze:Defend","bronze:Defend","bronze:Goto","bronze:BugBarrage","bronze:ClassDefault","bronze:Shield","bronze:Iterate","bronze:OilSpill+1","bronze:HardenedForm","bronze:Library+1","bronze:ItsAFeature+1","bronze:Deprecate","bronze:Boost+1","bronze:ItsAFeature","bronze:Verify+1","bronze:ThunderWave","bronze:ChildClass","bronze:Boost+1","bronze:Allocate+1","bronze:BuggyMess+1","bronze:Optimize+1","bronze:Philosophize+1","bronze:MaxOutput","bronze:MaxOutput+1","bronze:Flail+1","bronze:Boost+1","bronze:BugBarrage+1","bronze:ChildClass","bronze:InfiniteLoop","bronze:OilSpill+1","bronze:Frontload+1","bronze:ForceShield+1","bronze:Iterate","bronze:BugBarrage+1","bronze:BurnOut+1","bronze:Shield+1","bronze:CleanCode","bronze:Iterate+1","bronze:BugBarrage"],"relics":["bronze:BronzeCore","Smiling Mask","Kunai","downfall:HeartBlessingRed","Prayer Wheel","Potion Belt","expansioncontent:StudyCardRelic","Turnip","Bottled Lightning","Blue Candle","Guardian:GemstoneGun","Matryoshka","Nunchaku","SlaversCollar","Membership Card","Bronze Scales","CeramicFish","downfall:HeartBlessingBlue","Art of War","Unceasing Top","Guardian:PocketSentry","Whetstone","Bag of Marbles","Lee\u0027s Waffle","downfall:HeartBlessingGreen"],"acts_visited":["Exordium","TheCity","TheBeyond","TheEnding"],"potions_floor_usage":[8,12,14,15,16,16,16,19,22,29,29,40,40,52,56,56,56],"damage_taken":[{"damage":4,"enemies":"Jaw Worm","floor":2,"turns":3},{"damage":3,"enemies":"Cultist","floor":3,"turns":5},{"damage":1,"enemies":"2 Louse","floor":5,"turns":4},{"damage":6,"enemies":"Red Slaver","floor":6,"turns":3},{"damage":20,"enemies":"Lagavulin","floor":8,"turns":7},{"damage":1,"enemies":"downfall:FleeingMerchant","floor":10,"turns":4},{"damage":2,"enemies":"2 Fungi Beasts","floor":11,"turns":3},{"damage":10,"enemies":"3 Sentries","floor":12,"turns":7},{"damage":0,"enemies":"downfall:LadyInBlue","floor":14,"turns":8},{"damage":6,"enemies":"Exordium Thugs","floor":15,"turns":3},{"damage":6,"enemies":"WA_ARCHETYPE_RETAIN","floor":16,"turns":9},{"damage":7,"enemies":"Colosseum Nobs","floor":19,"turns":4},{"damage":13,"enemies":"Spheric Guardian","floor":20,"turns":4},{"damage":3,"enemies":"Centurion and Healer","floor":22,"turns":4},{"damage":0,"enemies":"Chosen and Byrds","floor":24,"turns":4},{"damage":5,"enemies":"Chosen and Byrds","floor":26,"turns":4},{"damage":13,"enemies":"Book of Stabbing","floor":27,"turns":5},{"damage":0,"enemies":"downfall:FleeingMerchant","floor":28,"turns":4},{"damage":11,"enemies":"Slavers","floor":29,"turns":4},{"damage":0,"enemies":"Snake Plant","floor":31,"turns":3},{"damage":19,"enemies":"Snecko","floor":32,"turns":5},{"damage":16,"enemies":"DF_ARCHETYPE_CLAW","floor":33,"turns":4},{"damage":0,"enemies":"Orb Walker","floor":36,"turns":4},{"damage":4,"enemies":"3 Shapes","floor":37,"turns":3},{"damage":16,"enemies":"Maw","floor":38,"turns":6},{"damage":0,"enemies":"downfall:FleeingMerchant","floor":39,"turns":4},{"damage":11,"enemies":"Transient","floor":40,"turns":5},{"damage":2,"enemies":"3 Darklings","floor":41,"turns":7},{"damage":5,"enemies":"Giant Head","floor":43,"turns":5},{"damage":0,"enemies":"downfall:FleeingMerchant","floor":44,"turns":1},{"damage":0,"enemies":"3 Darklings","floor":45,"turns":3},{"damage":3,"enemies":"Jaw Worm Horde","floor":46,"turns":4},{"damage":0,"enemies":"Maw","floor":49,"turns":4},{"damage":23,"enemies":"SI_POISON_ARCHETYPE","floor":50,"turns":5},{"damage":31,"enemies":"downfall:CharBossMerchant","floor":52,"turns":5},{"damage":16,"enemies":"downfall:NeowBoss","floor":55,"turns":8},{"damage":33,"enemies":"downfall:NeowBossFinal","floor":56,"turns":5}],"seed_played":"6745438712677430245","potions_obtained":[{"floor":4,"key":"downfall:CursedFountainPotion"},{"floor":8,"key":"bronze:CleanCodePotion"},{"floor":11,"key":"Block Potion"},{"floor":14,"key":"Dexterity Potion"},{"floor":14,"key":"Fire Potion"},{"floor":14,"key":"GamblersBrew"},{"floor":14,"key":"LiquidMemories"},{"floor":15,"key":"SmokeBomb"},{"floor":16,"key":"sneckomod:MuddlingPotion"},{"floor":20,"key":"SkillPotion"},{"floor":26,"key":"AttackPotion"},{"floor":27,"key":"bronze:BuildAFunctionPotion"},{"floor":31,"key":"Strength Potion"},{"floor":33,"key":"BlessingOfTheForge"},{"floor":36,"key":"BlessingOfTheForge"},{"floor":40,"key":"SteroidPotion"},{"floor":45,"key":"Weak Potion"}],"is_trial":false,"path_per_floor":["R","M","M","?","M","M","T","E","R","$","M","E","R","?","M","B",null,"R","?","M","?","M","R","MIM","R","M","E","$","E","R","M","M","B",null,"R","M","M","M","$","M","MIM","R","E","$","M","M","R","?","M","B",null,"E","$","R","B","B",null],"character_chosen":"THE_AUTOMATON","items_purchased":["Matryoshka","Membership Card","Bronze Scales","Unceasing Top","Guardian:PocketSentry","Whetstone","Bag of Marbles","Lee\u0027s Waffle"],"campfire_rested":3,"item_purchase_floors":[28,39,39,44,44,44,44,44],"current_hp_per_floor":[70,66,63,63,62,56,56,36,36,35,33,23,23,23,17,11,70,70,63,50,50,47,47,47,47,42,29,29,18,39,39,20,4,70,70,70,66,50,50,39,37,71,66,87,87,84,84,84,84,61,87,56,56,82,66,33],"gold":8,"neow_bonus":"TRANSFORM_TWO_CARDS","is_daily":false,"chose_seed":false,"campfire_upgraded":7,"win_rate":0.0,"timestamp":1612516167,"path_taken":["R","M","M","?","M","?","T","E","R","$","M","E","R","?","M","BOSS","R","?","M","?","M","R","MIM","R","M","E","$","E","R","M","M","BOSS","R","M","M","M","$","M","MIM","R","E","$","M","M","R","?","M","BOSS","E","$","R","BOSS","BOSS"],"items_purchased_type":["Relic","Relic","Relic","Relic","Relic","Relic","Relic","Relic"],"build_version":"2020-12-22","purchased_purges":6,"victory":true,"max_hp_per_floor":[70,70,70,70,70,70,70,70,70,70,70,70,70,70,70,70,70,70,70,70,70,70,70,70,70,70,70,70,70,70,70,70,70,70,70,70,70,70,70,70,70,80,80,87,87,87,87,87,87,87,87,87,87,87,87,87],"card_choices":[{"not_picked":["bronze:Separator","bronze:DelayedSlice"],"picked":"bronze:Shield","floor":2},{"not_picked":["bronze:Overheat","bronze:DelayedGuard"],"picked":"bronze:Iterate","floor":3},{"not_picked":["bronze:NullPointer","bronze:Philosophize"],"picked":"bronze:OilSpill","floor":5},{"not_picked":["bronze:DigitalCarnage","bronze:Turbo","bronze:Fortify"],"picked":"SKIP","floor":6},{"not_picked":["bronze:ForLoop","bronze:DelayedSlice"],"picked":"bronze:HardenedForm","floor":8},{"not_picked":["bronze:Format","bronze:Separator"],"picked":"bronze:Library","floor":10},{"not_picked":["bronze:Iterate","bronze:Frontload"],"picked":"bronze:ItsAFeature","floor":11},{"not_picked":["bronze:Constructor","bronze:Iterate"],"picked":"bronze:Deprecate","floor":12},{"not_picked":["bronze:ForceShield","bronze:DarkDash"],"picked":"bronze:Boost","floor":14},{"not_picked":["bronze:BitShift","bronze:NullPointer"],"picked":"bronze:ItsAFeature","floor":15},{"not_picked":["bronze:DelayedGuard","bronze:Iterate"],"picked":"bronze:Verify","floor":15},{"not_picked":["bronze:Library","bronze:HyperBeam"],"picked":"bronze:ThunderWave","floor":16},{"not_picked":["bronze:WhirlingStrike","bronze:Separator"],"picked":"bronze:ChildClass","floor":19},{"not_picked":["bronze:GetLatest","bronze:Constructor"],"picked":"bronze:Boost","floor":20},{"not_picked":["bronze:Deprecate","bronze:HardenedForm"],"picked":"bronze:Allocate+1","floor":20},{"not_picked":["bronze:BugBarrage","bronze:Deprecate"],"picked":"bronze:BuggyMess+1","floor":22},{"not_picked":["bronze:Frontload","bronze:InfiniteBeams+1"],"picked":"bronze:Optimize","floor":22},{"not_picked":["bronze:WildBeam","bronze:GetLatest+1"],"picked":"bronze:Philosophize+1","floor":24},{"not_picked":["bronze:BuggyMess","bronze:CutThrough"],"picked":"bronze:MaxOutput","floor":26},{"not_picked":["bronze:Separator","bronze:ForLoop"],"picked":"bronze:MaxOutput+1","floor":26},{"not_picked":["bronze:OilSpill","bronze:Frontload"],"picked":"bronze:Flail","floor":27},{"not_picked":["bronze:Separator","bronze:BuggyMess","bronze:BurnOut"],"picked":"SKIP","floor":28},{"not_picked":["bronze:ForLoop","bronze:BronzeOrb","bronze:ItsAFeature"],"picked":"SKIP","floor":29},{"not_picked":["bronze:Repair","bronze:Overheat"],"picked":"bronze:Boost+1","floor":31},{"not_picked":["bronze:Constructor","bronze:WhirlingStrike+1"],"picked":"bronze:BugBarrage","floor":31},{"not_picked":["bronze:DelayedGuard+1","bronze:MaxOutput"],"picked":"bronze:ChildClass","floor":32},{"not_picked":["bronze:NullPointer","bronze:Invalidate+1","bronze:Turbo"],"picked":"SKIP","floor":32},{"not_picked":["bronze:SpaghettiCode","bronze:HardenedForm"],"picked":"bronze:InfiniteLoop","floor":33},{"not_picked":["bronze:Shield","bronze:Philosophize"],"picked":"bronze:OilSpill+1","floor":36},{"not_picked":["bronze:Overload","bronze:OilSpill","bronze:Separator"],"picked":"SKIP","floor":36},{"not_picked":["bronze:Repair+1","bronze:OilSpill+1","bronze:Invalidate"],"picked":"SKIP","floor":37},{"not_picked":["bronze:Turbo","bronze:DelayedGuard+1","bronze:Overheat"],"picked":"SKIP","floor":37},{"not_picked":["bronze:BitShift","bronze:Invalidate+1"],"picked":"bronze:Frontload+1","floor":38},{"not_picked":["bronze:Iterate+1","bronze:Break"],"picked":"bronze:ForceShield+1","floor":38},{"not_picked":["bronze:Allocate+1","bronze:Boost+1","bronze:Iterate"],"picked":"SKIP","floor":39},{"not_picked":["bronze:Separator","bronze:Optimize+1"],"picked":"bronze:Iterate","floor":40},{"not_picked":["bronze:Frontload","bronze:WhirlingStrike+1","bronze:CutThrough+1"],"picked":"SKIP","floor":40},{"not_picked":["bronze:DelayedGuard","bronze:Iterate+1"],"picked":"bronze:BugBarrage+1","floor":41},{"not_picked":["bronze:DelayedGuard+1","bronze:Constructor"],"picked":"bronze:BurnOut","floor":43},{"not_picked":["bronze:Overheat","bronze:Turbo"],"picked":"bronze:Shield+1","floor":44},{"not_picked":["bronze:DelayedGuard+1","bronze:Shield+1"],"picked":"bronze:CleanCode","floor":45},{"not_picked":["bronze:Safeguard","bronze:InfiniteBeams","bronze:OilSpill"],"picked":"SKIP","floor":45},{"not_picked":["bronze:Constructor+1","bronze:Deprecate+1"],"picked":"bronze:Iterate+1","floor":46},{"not_picked":["bronze:BronzeArmor","bronze:Invalidate"],"picked":"bronze:BugBarrage","floor":46},{"not_picked":["bronze:WhirlingStrike+1","bronze:Shield","bronze:Deprecate+1"],"picked":"SKIP","floor":49},{"not_picked":["bronze:Iterate+1","bronze:DelayedSlice","bronze:ItsAFeature"],"picked":"SKIP","floor":49}],"player_experience":2293620,"relics_obtained":[{"floor":7,"key":"Smiling Mask"},{"floor":8,"key":"Kunai"},{"floor":12,"key":"Prayer Wheel"},{"floor":14,"key":"Potion Belt"},{"floor":19,"key":"Turnip"},{"floor":19,"key":"Bottled Lightning"},{"floor":24,"key":"Blue Candle"},{"floor":27,"key":"Guardian:GemstoneGun"},{"floor":29,"key":"Nunchaku"},{"floor":41,"key":"CeramicFish"},{"floor":43,"key":"Art of War"}],"event_choices":[],"is_beta":false,"boss_relics":[{"not_picked":["SacredBark","Sozu"],"picked":"expansioncontent:StudyCardRelic"},{"not_picked":["Tiny House","Empty Cage"],"picked":"SlaversCollar"}],"items_purged_floors":[10,28,39,39,44,53],"is_endless":false,"potions_floor_spawned":[8,11,14,15,16,20,26,27,31,33,36,40,45,46],"ascension_level":2}}