{"host":"89iuq2p5kwriuwfq","time":1612534043,"event":{"mods":["BaseMod","Curses Come First","Minty Spire (QoL Compilation)","Permanent Neow","StSLib"],"gold_per_floor":[117,136,156,175,190,190,222,222,222,222,249,263,281,281,281,281,281],"floor_reached":16,"language":"ENG","playtime":1801,"items_purged":[],"score":171,"play_id":"b6402884-39d9-46dd-80a3-4626b373d350","local_time":"20210205140723","is_ascension_mode":true,"campfire_choices":[{"data":"Flex","floor":6,"key":"SMITH"},{"data":"Flame Barrier","floor":8,"key":"SMITH"},{"data":"Shockwave","floor":10,"key":"SMITH"},{"floor":15,"key":"REST"}],"circlet_count":0,"master_deck":["AscendersBane","Strike_R","Strike_R","Strike_R","Strike_R","Defend_R+1","Defend_R","Defend_R","Bash","Iron Wave","Shockwave+1","Flex+1","Sword Boomerang","Ghostly Armor","Flame Barrier+1","Pummel+1","Iron Wave","Anger"],"relics":["Burning Blood","Bag of Preparation","Kunai","Matryoshka"],"acts_visited":["Exordium"],"potions_floor_usage":[11],"damage_taken":[{"damage":11,"enemies":"Small Slimes","floor":1,"turns":6},{"damage":1,"enemies":"2 Louse","floor":2,"turns":3},{"damage":4,"enemies":"Jaw Worm","floor":3,"turns":4},{"damage":13,"enemies":"Exordium Thugs","floor":4,"turns":4},{"damage":5,"enemies":"Blue Slaver","floor":5,"turns":3},{"damage":25,"enemies":"3 Sentries","floor":7,"turns":10},{"damage":9,"enemies":"Lagavulin","floor":11,"turns":5},{"damage":18,"enemies":"Exordium Wildlife","floor":12,"turns":3},{"damage":1,"enemies":"Lots of Slimes","floor":13,"turns":5},{"damage":0,"enemies":"Hexaghost","floor":16,"turns":9}],"seed_played":"-263327602950707254","potions_obtained":[{"floor":1,"key":"Ancient Potion"},{"floor":3,"key":"FearPotion"},{"floor":5,"key":"Fire Potion"},{"floor":13,"key":"Strength Potion"}],"is_trial":false,"path_per_floor":["M","M","M","M","M","R","E","R","T","R","E","M","M","?","R","B"],"character_chosen":"IRONCLAD","items_purchased":[],"campfire_rested":1,"item_purchase_floors":[],"current_hp_per_floor":[46,51,53,46,47,47,28,28,28,28,25,13,18,2,26,26,26],"gold":281,"neow_bonus":"REMOVE_TWO","is_daily":false,"chose_seed":false,"campfire_upgraded":3,"win_rate":0.0,"timestamp":1612534043,"path_taken":["M","M","M","M","M","R","E","R","T","R","E","M","M","?","R","BOSS"],"items_purchased_type":[],"build_version":"2020-12-22","purchased_purges":0,"victory":false,"max_hp_per_floor":[80,80,80,80,80,80,80,80,80,80,80,80,80,80,80,80,80],"card_choices":[{"not_picked":["Reckless Charge","Perfected Strike"],"picked":"Iron Wave","floor":1},{"not_picked":["Wild Strike","Body Slam"],"picked":"Shockwave","floor":2},{"not_picked":["Headbutt","Warcry"],"picked":"Flex","floor":3},{"not_picked":["Clothesline","Seeing Red"],"picked":"Sword Boomerang","floor":4},{"not_picked":["Rampage","Sever Soul"],"picked":"Ghostly Armor","floor":5},{"not_picked":["Sword Boomerang","Juggernaut"],"picked":"Flame Barrier","floor":7},{"not_picked":["Second Wind","Headbutt"],"picked":"Pummel","floor":11},{"not_picked":["Evolve","Intimidate"],"picked":"Iron Wave","floor":12},{"not_picked":["Perfected Strike","Heavy Blade"],"picked":"Anger","floor":13}],"player_experience":637547,"relics_obtained":[{"floor":7,"key":"Bag of Preparation"},{"floor":9,"key":"Kunai"},{"floor":11,"key":"Matryoshka"}],"event_choices":[{"damage_healed":0,"gold_gain":0,"player_choice":"Entered Light","damage_taken":16,"max_hp_gain":0,"max_hp_loss":0,"event_name":"Shining Light","floor":14,"gold_loss":0,"cards_upgraded":["Pummel","Defend_R"]}],"is_beta":false,"boss_relics":[],"items_purged_floors":[],"is_endless":false,"potions_floor_spawned":[1,3,5,13],"killed_by":"Hexaghost","ascension_level":10}}