{"host":"a5v7x5tmlr5iccdt","time":1612537389,"event":{"mods":["100% Spire Juice","Act Like it!","Aspiration","BaseMod","Colored Map","Colored Powertips","Conspire","Downfall","Energized Spire","Gensokyo","Hallownest","Highlight Path","Minty Spire (QoL Compilation)","Quick Restart","Remilia£®¿Ÿ√◊¿Ú—«£©","Replay The Spire","Robot Space Explorer","StSLib","The Bug Knight","The Poker Player","Youmu£®ªÍ∆«—˝√Œ£©"],"gold_per_floor":[99,111,17,27,27,27,81,92,119,137,37,53,53,70,88,186,186,86,103,114,114,132,132,132,132,132,132,132],"floor_reached":26,"language":"ZHS","playtime":906,"items_purged":[],"score":210,"play_id":"08db6f27-8d11-47c9-bda0-514ecc594910","local_time":"20210205230309","is_ascension_mode":false,"campfire_choices":[{"data":"Slimebound:Split","floor":1,"key":"SMITH"},{"floor":11,"key":"RECALL"},{"data":"Slimebound:Schlurp","floor":13,"key":"SMITH"},{"data":"Slimebound:SelfFormingGoo","floor":18,"key":"SMITH"}],"circlet_count":0,"master_deck":["Slimebound:Strike_Slimebound","Slimebound:Strike_Slimebound","Slimebound:Strike_Slimebound","Slimebound:Tackle","Slimebound:Defend_Slimebound","Slimebound:Defend_Slimebound+1","Slimebound:Defend_Slimebound","Slimebound:Defend_Slimebound+1","Slimebound:Split+1","Slimebound:CorrosiveSpit","Slimebound:FinishingTackle","Slimebound:SlimeTap","Slimebound:Nibble","Injury","Pain","Slimebound:SplitLeeching","Slimebound:LeechLife","Slimebound:GoopTackle","Slimebound:Schlurp+1","Slimebound:HauntingLick","Slimebound:ForwardTackle","Slimebound:SelfFormingGoo+1","CurseOfTheBell","Slimebound:GoopSpray+1","Slimebound:DouseInSlime","Slimebound:LivingWall","Slimebound:AcidTongue"],"relics":["Slimebound:AbsorbEndCombat","NeowsBlessing","conspire:Flyswatter","Bronze Scales","Replay:Bottled Flurry","Gensokyo:LunaticRedEyes","Bag of Preparation","Mango","downfall:HeartBlessingGreen","Calling Bell","War Paint","Snack Pack","aspiration:DSix","downfall:HeartBlessingRed","Ring of Panic","ReplayTheSpireMod:Ring of Challenge","Gremlin Horn"],"acts_visited":["Gensokyo:Gensokyo","Gensokyo:Gensokyoer"],"potions_floor_usage":[9],"damage_taken":[{"damage":0,"enemies":"Gensokyo:2_Kodama","floor":2,"turns":2},{"damage":0,"enemies":"downfall:FleeingMerchant","floor":3,"turns":1},{"damage":3,"enemies":"Gensokyo:3_Fairies","floor":4,"turns":2},{"damage":5,"enemies":"Gensokyo:Python","floor":8,"turns":4},{"damage":15,"enemies":"Gensokyo:Aya","floor":9,"turns":3},{"damage":10,"enemies":"Gensokyo:VengefulSpirit","floor":10,"turns":5},{"damage":13,"enemies":"Gensokyo:Gryphon_and_Rabbit","floor":12,"turns":4},{"damage":14,"enemies":"Gensokyo:Python_and_Kodama","floor":14,"turns":3},{"damage":7,"enemies":"Gensokyo:LivingMonolith","floor":15,"turns":3},{"damage":52,"enemies":"WA_ARCHETYPE_RETAIN","floor":16,"turns":6},{"damage":17,"enemies":"Gensokyo:AngelMirror","floor":19,"turns":2},{"damage":7,"enemies":"Gensokyo:Chomper","floor":20,"turns":3},{"damage":6,"enemies":"Gensokyo:Wraith","floor":22,"turns":4},{"damage":180,"enemies":"Gensokyo:Chomper_and_Gloop","floor":26,"turns":5}],"seed_played":"1233551713552289650","potions_obtained":[{"floor":2,"key":"champ:CounterPotion"},{"floor":9,"key":"Fire Potion"},{"floor":10,"key":"Ancient Potion"},{"floor":12,"key":"SteroidPotion"},{"floor":20,"key":"CultistPotion"}],"is_trial":false,"path_per_floor":["R","M","$","M","?","?","T","M","E","M","R","M","R","M","M","B",null,"R","M","M","?","M","?","T","?","M"],"character_chosen":"SLIMEBOUND","items_purchased":["conspire:Flyswatter","Bronze Scales"],"campfire_rested":0,"item_purchase_floors":[3,3],"current_hp_per_floor":[65,65,65,64,64,64,64,61,64,60,60,57,57,45,58,26,79,79,78,79,79,75,75,75,75,0,0,0],"gold":132,"neow_bonus":"THREE_ENEMY_KILL","is_daily":false,"chose_seed":false,"campfire_upgraded":3,"win_rate":0.0,"timestamp":1612537389,"path_taken":["R","M","$","?","?","?","T","M","E","M","R","M","R","M","M","BOSS","R","M","M","?","M","?","T","?","M"],"items_purchased_type":["Relic","Relic"],"build_version":"2020-12-22","purchased_purges":0,"victory":false,"max_hp_per_floor":[65,65,65,65,65,65,65,65,79,79,79,79,79,79,79,79,79,79,79,79,79,79,79,79,79,79,79,79],"card_choices":[{"not_picked":["Slimebound:Chomp","Slimebound:LivingWall"],"picked":"Slimebound:FinishingTackle","floor":2},{"not_picked":["Slimebound:RollThrough","Slimebound:SplitBruiser"],"picked":"Slimebound:SlimeTap","floor":3},{"not_picked":["Slimebound:BestDefense","Slimebound:RainOfGoop"],"picked":"Slimebound:Nibble","floor":4},{"not_picked":["Slimebound:LeechingTouch","Slimebound:FlameTackle"],"picked":"Slimebound:SplitLeeching","floor":8},{"not_picked":["Slimebound:FormOfPuddle","Slimebound:Grow"],"picked":"Slimebound:LeechLife","floor":9},{"not_picked":["Slimebound:LeechEnergy","Slimebound:Gluttony"],"picked":"Slimebound:GoopTackle","floor":10},{"not_picked":["Slimebound:SplitBruiser","Slimebound:HauntingLick"],"picked":"Slimebound:Schlurp","floor":12},{"not_picked":["Slimebound:SplitAcid","Slimebound:Dissolve"],"picked":"Slimebound:HauntingLick","floor":14},{"not_picked":["Slimebound:SlimeSpikes","Slimebound:FinishingTackle"],"picked":"Slimebound:ForwardTackle","floor":15},{"not_picked":["Slimebound:WasteNot","Slimebound:Overexert"],"picked":"Slimebound:SelfFormingGoo","floor":16},{"not_picked":["Slimebound:FormOfPuddle+1","Slimebound:SpikyOuterGoop+1"],"picked":"Slimebound:GoopSpray+1","floor":19},{"not_picked":["Slimebound:SlimeSpikes","Slimebound:FinishingTackle"],"picked":"Slimebound:SamplingLick","floor":20},{"not_picked":["Slimebound:SpikyOuterGoop","Slimebound:ComboTackle+1"],"picked":"Slimebound:LivingWall","floor":22}],"player_experience":86217,"relics_obtained":[{"floor":7,"key":"Bag of Preparation"},{"floor":9,"key":"Mango"},{"floor":17,"key":"War Paint"},{"floor":17,"key":"Snack Pack"},{"floor":17,"key":"aspiration:DSix"},{"floor":23,"key":"Ring of Panic"},{"floor":23,"key":"ReplayTheSpireMod:Ring of Challenge"},{"floor":24,"key":"Gremlin Horn"}],"event_choices":[],"is_beta":false,"boss_relics":[{"not_picked":["energizedSpire:CursedPentagram","Snecko Eye"],"picked":"Calling Bell"}],"items_purged_floors":[],"is_endless":false,"potions_floor_spawned":[2,9,10,12,20,22],"killed_by":"Gensokyo:Chomper_and_Gloop","ascension_level":0}}