{"host":"za9ilm1uiwmpmin1","time":1612552738,"event":{"mods":["AchievementEnabler","Act Like it!","BaseMod","Dota2Spire","Downfall","Friendly Minions","KomeijiMod","Lobotomy","LobotomyExtend","Minty Spire (QoL Compilation)","MostiFishMod","Reorder Act Four","RumiaBox-露米娅的神秘盒子","StSLib","TestMod","Waifu the Spire","[IsaacMod]以撒尖塔","【功能Mod】混沌之环修复补丁"],"gold_per_floor":[112,131,150,162,177,177,212,239,239,269,307,80,145,164,164,288,288,304,327,327,403,403,469,575,652,652,708,756,801,864,464,464,608,608,656,754,410,476,557,628,692,692,717,783,866,879,1196,1252,1252,1261,1261,1261,1111,1111,1249,1320],"floor_reached":57,"language":"ZHS","playtime":2505,"items_purged":["sneckomod:Strike","sneckomod:Strike","sneckomod:Defend","sneckomod:Defend","sneckomod:Unknown","sneckomod:SnakeSap"],"score":2760,"play_id":"b8650152-9490-4977-9efb-4de5e6f5b464","local_time":"20210206031858","is_ascension_mode":true,"campfire_choices":[{"data":"sneckomod:Memorize","floor":6.0,"key":"SMITH"},{"data":"sneckomod:Rotation","floor":15.0,"key":"SMITH"},{"data":"sneckomod:GlitteringGambit","floor":32,"key":"SMITH"},{"data":"MostiFishMod:PerfectForm","floor":42,"key":"SMITH"},{"floor":49,"key":"RECALL"},{"data":"sneckomod:Unknown3Cost","floor":54,"key":"SMITH"}],"circlet_count":0,"master_deck":["sneckomod:Defend","sneckomod:TailWhip+1","sneckomod:SnekBite+1","sneckomod:Unknown","sneckomod:TrashToTreasure","ParadiseLost","sneckomod:UnknownRarePower","sneckomod:Unknown0Cost","sneckomod:Rotation+1","sneckomod:GlitteringGambit+1","sneckomod:UnknownClassAngela","sneckomod:SoulCleanse+1","sneckomod:Unknown3Cost+1","MostiFishMod:PerfectForm+1"],"relics":["DaveBox","HushsDoor","testmod-TestBox","testmod-Fortitude","BookOfRevelations","FeatherPendant","testmod-DeterminationOfClimber","SynthV:TestCard","SalivaCoin","Turnip","Medical Kit","Void","sneckomod:SneckoTalon","testmod-Antiphasic","Molten Egg 2","Art of War","FossilizedHelix","Dota2Spire:Dagon","JellyFishMachine","WingedGreaves","hexamod:BolsterEngine","Whetstone","MagicDraw1","BelialBook","Dota2Spire:LotusOrb","Dota2Spire:BladeMail","Toxic Egg 2","Gambling Chip"],"acts_visited":["Exordium","TheCity","TheBeyond","TheEnding"],"potions_floor_usage":[37,56,56,56,56],"damage_taken":[{"damage":0.0,"enemies":"Cultist","floor":1.0,"turns":2.0},{"damage":0.0,"enemies":"Small Slimes","floor":2.0,"turns":1.0},{"damage":0.0,"enemies":"2 Louse","floor":3.0,"turns":1.0},{"damage":0.0,"enemies":"Looter","floor":4.0,"turns":1.0},{"damage":0.0,"enemies":"Large Slime","floor":5.0,"turns":2.0},{"damage":0.0,"enemies":"Gremlin Nob","floor":7.0,"turns":1.0},{"damage":7.0,"enemies":"3 Louse","floor":8.0,"turns":2.0},{"damage":2.0,"enemies":"Lots of Slimes","floor":10.0,"turns":2.0},{"damage":0.0,"enemies":"Lagavulin","floor":11.0,"turns":3.0},{"damage":0.0,"enemies":"3 Sentries","floor":13.0,"turns":3.0},{"damage":0.0,"enemies":"Large Slime","floor":14.0,"turns":2.0},{"damage":0,"enemies":"Hexaghost","floor":16,"turns":2},{"damage":0,"enemies":"Spheric Guardian","floor":18,"turns":1},{"damage":0,"enemies":"2 Thieves","floor":21,"turns":1},{"damage":0,"enemies":"Book of Stabbing","floor":23,"turns":1},{"damage":0,"enemies":"Cultist and Chosen","floor":24,"turns":1},{"damage":0,"enemies":"Gremlin Leader","floor":25,"turns":2},{"damage":0,"enemies":"Book of Stabbing","floor":27,"turns":2},{"damage":9,"enemies":"Centurion and Healer","floor":28,"turns":2},{"damage":0,"enemies":"3 Cultists","floor":29,"turns":1},{"damage":0,"enemies":"Automaton","floor":33,"turns":1},{"damage":0,"enemies":"Orb Walker","floor":35,"turns":2},{"damage":0,"enemies":"2 Orb Walkers","floor":36,"turns":1},{"damage":0,"enemies":"3 Darklings","floor":38,"turns":1},{"damage":0,"enemies":"4 Shapes","floor":39,"turns":2},{"damage":0,"enemies":"Reptomancer","floor":40,"turns":1},{"damage":0,"enemies":"Giant Head","floor":41,"turns":1},{"damage":0,"enemies":"Nemesis","floor":44,"turns":1},{"damage":0,"enemies":"Giant Head","floor":45,"turns":1},{"damage":0,"enemies":"Spire Growth","floor":46,"turns":1},{"damage":10,"enemies":"Nemesis","floor":47,"turns":3},{"damage":0,"enemies":"Reptomancer","floor":48,"turns":1},{"damage":0,"enemies":"Donu and Deca","floor":50,"turns":1},{"damage":36,"enemies":"Shield and Spear","floor":55,"turns":3},{"damage":0,"enemies":"The Heart","floor":56,"turns":3}],"seed_played":"-835307514680853300","potions_obtained":[{"floor":2.0,"key":"Fire Potion"},{"floor":8.0,"key":"Fruit Juice"},{"floor":10.0,"key":"Strength Potion"},{"floor":13.0,"key":"testmod-TestPotion"},{"floor":21,"key":"PowerPotion"},{"floor":38,"key":"Dota2Spire:Clarity"},{"floor":44,"key":"Fire Potion"},{"floor":46,"key":"EssenceOfSteel"}],"is_trial":false,"path_per_floor":["M","M","M","M","M","R","E","M","T","M","E","$","E","M","R","B",null,"M","T","?","M","?","E","M","E","T","E","M","M","?","$","R","B",null,"M","?","$","M","M","E","E","R","T","E","E","M","E","E","R","B",null,null,"$","R","E","B",null],"character_chosen":"THE_SNECKO","items_purchased":["Medical Kit","MostiFishMod:PerfectForm","testmod-SpacePotion","hexamod:BolsterEngine"],"campfire_rested":0,"item_purchase_floors":[12,34,37,37],"current_hp_per_floor":[81,83,85,87,90,90,90,91,91,93,95,95,95,95,95,95,90,90,90,90,90,90,90,90,90,90,90,82,90,75,75,75,89,78,78,78,78,78,78,78,78,78,78,78,78,78,78,78,78,78,78,78,78,78,56,78],"gold":1320,"neow_bonus":"BOSS_RELIC","is_daily":false,"chose_seed":false,"campfire_upgraded":5,"win_rate":0.0,"timestamp":1612552738,"path_taken":["M","M","M","M","M","R","E","M","T","M","E","?","E","M","R","BOSS","M","?","?","M","?","E","M","E","T","E","M","M","?","$","R","BOSS","M","?","$","?","M","E","E","R","T","E","E","M","E","E","R","BOSS","$","R","E","BOSS"],"items_purchased_type":["Relic","Card","Potion","Relic"],"build_version":"2020-12-22","purchased_purges":6,"victory":true,"max_hp_per_floor":[90,90,90,90,90,90,90,95,95,95,95,95,95,95,95,95,90,90,90,90,90,90,90,90,90,90,90,90,90,90,90,90,90,78,78,78,78,78,78,78,78,78,78,78,78,78,78,78,78,78,78,78,78,78,78,78],"card_choices":[{"not_picked":["sneckomod:UnknownColorless","sneckomod:SoulRoll"],"picked":"sneckomod:SnakeSap","floor":1.0},{"not_picked":["sneckomod:UnknownUncommonAttack","sneckomod:DefensiveFlair","sneckomod:ImprovisedGuard","sneckomod:DiceBlock","sneckomod:RainOfDice"],"picked":"SKIP","floor":2.0},{"not_picked":["sneckomod:UnknownUncommonAttack","sneckomod:UnknownStrike","sneckomod:UnknownUncommonPower","sneckomod:RainOfDice"],"picked":"sneckomod:UnknownDraw","floor":3.0},{"not_picked":["sneckomod:QuickBite","sneckomod:UnknownX","sneckomod:Unknown1Cost","sneckomod:UnknownCommonSkill"],"picked":"sneckomod:Memorize","floor":4.0},{"not_picked":["sneckomod:UnknownDexterity","sneckomod:UnknownExhaust","sneckomod:ImprovisedGuard","sneckomod:SlitherStrike","sneckomod:UnknownUncommonAttack"],"picked":"SKIP","floor":5.0},{"not_picked":["sneckomod:UnknownX","sneckomod:Nope","sneckomod:SerpentIdol","sneckomod:PureSnecko"],"picked":"sneckomod:TrashToTreasure","floor":7.0},{"not_picked":["sneckomod:DiceBlock","sneckomod:Unknown1Cost","sneckomod:UnknownDraw","sneckomod:UnknownX"],"picked":"sneckomod:UnknownRarePower","floor":8.0},{"not_picked":["sneckomod:Unknown1Cost","sneckomod:UnknownStrength","sneckomod:UnknownBlock","sneckomod:ImprovisedGuard"],"picked":"sneckomod:Unknown0Cost","floor":10.0},{"not_picked":["sneckomod:IronFang","sneckomod:UnknownUncommonAttack","sneckomod:UnknownWeak","sneckomod:QuickMove"],"picked":"sneckomod:Rotation","floor":11.0},{"not_picked":["sneckomod:WideSting","sneckomod:DefensiveFlair","sneckomod:ImprovisedAttack","sneckomod:Nope","sneckomod:ImprovisedGuard"],"picked":"SKIP","floor":13.0},{"not_picked":["sneckomod:QuickBite","sneckomod:UnknownDraw","sneckomod:Nope","sneckomod:SoulCleanse"],"picked":"Bomb","floor":14.0},{"not_picked":["sneckomod:UnknownBoss","sneckomod:Cheat","sneckomod:SoulExchange","sneckomod:Unknown3Cost"],"picked":"sneckomod:GlitteringGambit","floor":16},{"not_picked":["sneckomod:UnknownExhaust+1","sneckomod:QuickMove","sneckomod:UnendingSupply","sneckomod:UnknownCommonSkill+1","sneckomod:UnknownUncommonPower+1"],"picked":"SKIP","floor":18},{"not_picked":["sneckomod:Nope","sneckomod:QuickMove+1","sneckomod:SoulRoll","sneckomod:UnknownExhaust","sneckomod:MasterEye"],"picked":"SKIP","floor":21},{"not_picked":["sneckomod:UnknownClassPURPLE","sneckomod:UnknownDexterity","sneckomod:UnknownStrength","sneckomod:SerpentIdol","sneckomod:Unknown2Cost"],"picked":"SKIP","floor":23},{"not_picked":["sneckomod:QuickMove","sneckomod:WideSting+1","sneckomod:RainOfDice+1","sneckomod:SerpentIdol"],"picked":"sneckomod:SoulCleanse+1","floor":24},{"not_picked":["sneckomod:UnknownClassRemiria","sneckomod:Unknown2Cost+1","sneckomod:UnknownStrike+1","sneckomod:QuickMove","sneckomod:UnknownBlock+1"],"picked":"SKIP","floor":25},{"not_picked":["sneckomod:UnknownRarePower","sneckomod:WideSting+1","sneckomod:Unknown1Cost","sneckomod:UnknownX+1","sneckomod:QuickBite+1"],"picked":"SKIP","floor":27},{"not_picked":["sneckomod:UnknownDexterity","sneckomod:Nope+1","sneckomod:QuickBite+1","sneckomod:UnknownClassAngela","sneckomod:IronFang+1"],"picked":"SKIP","floor":28},{"not_picked":["sneckomod:QuickBite+1","sneckomod:UnknownDraw+1","sneckomod:Unknown1Cost","sneckomod:IronFang+1","sneckomod:DiceBoulder+1"],"picked":"SKIP","floor":29},{"not_picked":["sneckomod:Mudshield","sneckomod:DangerNoodle+1","sneckomod:Restock","sneckomod:SoulExchange"],"picked":"sneckomod:Unknown3Cost","floor":33},{"not_picked":["sneckomod:UnknownUncommonPower+1","sneckomod:SnakeSap+1","sneckomod:UnknownCommonSkill+1","sneckomod:TrashToTreasure+1","sneckomod:UnknownBlock+1"],"picked":"SKIP","floor":35},{"not_picked":["sneckomod:UnknownClassPURPLE","sneckomod:QuickBite+1","sneckomod:Unknown0Cost+1","sneckomod:UnknownDexterity","sneckomod:GlitteringGambit"],"picked":"SKIP","floor":38},{"not_picked":["sneckomod:UnknownClassPURPLE","sneckomod:SoulDraw+1","sneckomod:TrashToTreasure","sneckomod:UnknownCommonAttack+1","sneckomod:DiceBlock+1"],"picked":"SKIP","floor":39},{"not_picked":["sneckomod:WideSting+1","sneckomod:SoulRoll","sneckomod:QuickBite+1","sneckomod:Unknown2Cost+1","sneckomod:DiceCrush+1"],"picked":"SKIP","floor":40},{"not_picked":["sneckomod:Unknown2Cost+1","sneckomod:Unknown0Cost","sneckomod:UnknownClassRemiria+1","sneckomod:UnknownVulnerable","sneckomod:ImprovisedAttack+1"],"picked":"SKIP","floor":41},{"not_picked":["sneckomod:QuickMove+1","sneckomod:UnknownClassAngela","sneckomod:IronFang+1","sneckomod:UnknownExhaust","sneckomod:UnknownDraw+1"],"picked":"SKIP","floor":44},{"not_picked":["sneckomod:MorePower","sneckomod:SnekBeam+1","sneckomod:UnknownCommonAttack+1","sneckomod:DiceBlock","sneckomod:Cheat"],"picked":"SKIP","floor":45},{"not_picked":["sneckomod:UnknownColorless","sneckomod:DiceBlock+1","sneckomod:Unknown0Cost+1","sneckomod:ImprovisedAttack+1","sneckomod:QuickMove+1"],"picked":"SKIP","floor":46},{"not_picked":["sneckomod:UnknownExhaust","sneckomod:UnknownDexterity+1","sneckomod:UnknownUncommonPower+1","sneckomod:Unknown2Cost+1","sneckomod:UnknownBlock"],"picked":"SKIP","floor":47},{"not_picked":["sneckomod:WideSting+1","sneckomod:Unknown1Cost+1","sneckomod:RainOfDice+1","sneckomod:UnknownColorless+1","sneckomod:Rotation+1"],"picked":"SKIP","floor":48},{"not_picked":["sneckomod:MasterEye","sneckomod:UnknownDraw+1","sneckomod:MorePower","sneckomod:UnknownCommonSkill+1","sneckomod:UnknownClassPURPLE+1"],"picked":"SKIP","floor":55}],"player_experience":1103594,"relics_obtained":[{"floor":1.0,"key":"SynthV:TestCard"},{"floor":1.0,"key":"LetterFromLob"},{"floor":7.0,"key":"SalivaCoin"},{"floor":11.0,"key":"Turnip"},{"floor":13.0,"key":"Void"},{"floor":19,"key":"testmod-Antiphasic"},{"floor":23,"key":"Molten Egg 2"},{"floor":23,"key":"LetterFromLob"},{"floor":24,"key":"LetterFromLob"},{"floor":25,"key":"Art of War"},{"floor":25,"key":"LetterFromLob"},{"floor":26,"key":"FossilizedHelix"},{"floor":27,"key":"Dota2Spire:Dagon"},{"floor":27,"key":"LetterFromLob"},{"floor":28,"key":"LetterFromLob"},{"floor":29,"key":"LetterFromLob"},{"floor":33,"key":"LetterFromLob"},{"floor":35,"key":"LetterFromLob"},{"floor":36,"key":"WingedGreaves"},{"floor":38,"key":"LetterFromLob"},{"floor":40,"key":"Whetstone"},{"floor":41,"key":"MagicDraw1"},{"floor":43,"key":"BelialBook"},{"floor":44,"key":"LetterFromLob"},{"floor":45,"key":"Dota2Spire:LotusOrb"},{"floor":45,"key":"LetterFromLob"},{"floor":46,"key":"LetterFromLob"},{"floor":47,"key":"Dota2Spire:BladeMail"},{"floor":47,"key":"LetterFromLob"},{"floor":48,"key":"Toxic Egg 2"},{"floor":48,"key":"LetterFromLob"},{"floor":55,"key":"Gambling Chip"},{"floor":55,"key":"LetterFromLob"}],"event_choices":[{"damage_healed":0,"gold_gain":0,"player_choice":"Read","damage_taken":0,"max_hp_gain":0,"max_hp_loss":0,"event_name":"The Library","floor":22,"gold_loss":0,"cards_obtained":["sneckomod:UnknownClassAngela"]},{"damage_healed":0,"gold_gain":0,"player_choice":"Fight","damage_taken":0,"max_hp_gain":0,"max_hp_loss":0,"event_name":"Mysterious Sphere","floor":36,"gold_loss":0}],"is_beta":false,"boss_relics":[{"not_picked":["Fusion Hammer","ExusiaiGun"],"picked":"sneckomod:SneckoTalon"},{"not_picked":[]},{"not_picked":["ChampionBelt","GreenFoldingFan"],"picked":"JellyFishMachine"},{"not_picked":[]}],"items_purged_floors":[12,17,31,34,37,53],"is_endless":false,"potions_floor_spawned":[2,4,7,8,10,13,14,16,21,24,28,38,39,44,45,46,55],"ascension_level":8}}