{"host":"f7rb14kzcw8hx1r1","time":1612536936,"event":{"mods":["BaseMod","Better Note","Better Third Choice","Colored Map","Highlight Path","Hubris","Minty Spire (QoL Compilation)","Replay The Spire","StSLib","The Forsaken"],"gold_per_floor":[211,211,286,304,319,350,150,150,150,150,181,181,194,40,40,145,195,212,212,227,246,263,263,283,11,11,11,11,11,40,56,56,159,159,174,184,184,204,222,254,254,271,322,322,322,334,36,36,36],"floor_reached":51,"language":"ENG","playtime":2185,"items_purged":["Strike_B","Strike_B","Strike_B","Strike_B","Defend_B"],"score":857,"play_id":"29fa97c3-f106-46ae-b157-a59d838b4eb6","local_time":"20210205155536","is_ascension_mode":false,"campfire_choices":[{"data":"Zap","floor":8.0,"key":"SMITH"},{"data":"Loop","floor":10.0,"key":"SMITH"},{"data":"Coolheaded","floor":12.0,"key":"SMITH"},{"data":"Dualcast","floor":15.0,"key":"SMITH"},{"data":"Mirror Shield","floor":23.0,"key":"SMITH"},{"data":"Loop","floor":28.0,"key":"SMITH"},{"data":"BasicCrystalCard","floor":32.0,"key":"SMITH"},{"data":"Echo Form","floor":41,"key":"SMITH"},{"data":"Crystallizer","floor":45,"key":"SMITH"},{"data":"Crystallizer","floor":49,"key":"SMITH"}],"circlet_count":0,"master_deck":["Defend_B+1","Defend_B","Defend_B","Zap+1","Dualcast+1","Steam","Compile Driver","Leap","BasicCrystalCard+1","Ball Lightning","Loop+1","Coolheaded+1","Crystallizer+1","Conserve Battery","Mirror Shield+1","Loop+1","Sweeping Beam","ReplayTheSpireMod:Brewmster+1","BasicCrystalCard+1","White Noise+1","Echo Form+1","Skim+1","Crystallizer+1","FTL+1","Mirror Shield+1"],"relics":["Cracked Core","Counterbalance","PreservedInsect","Happy Flower","Replay:Antivirus Software","hubris:BundleOfHerbs","hubris:Spice","ReplayTheSpireMod:Shallot","Tiny House","hubris:BallOfYels","Bottled Lightning","hubris:Teleporter","Coffee Dripper","Replay:WaspNest","DollysMirror"],"acts_visited":["Exordium","TheCity","TheBeyond"],"potions_floor_usage":[40,40,40,40,40,42,42,42,47,50,50,50,50,50,50,50,50,50,50,50,50],"damage_taken":[{"damage":0.0,"enemies":"Cultist","floor":1.0,"turns":3.0},{"damage":0.0,"enemies":"Jaw Worm","floor":4.0,"turns":3.0},{"damage":0.0,"enemies":"Small Slimes","floor":5.0,"turns":4.0},{"damage":0.0,"enemies":"Replay:BlueRogue","floor":6.0,"turns":6.0},{"damage":0.0,"enemies":"Gremlin Nob","floor":11.0,"turns":2.0},{"damage":0.0,"enemies":"Exordium Thugs","floor":13.0,"turns":3.0},{"damage":0.0,"enemies":"Slime Boss","floor":16.0,"turns":6.0},{"damage":0.0,"enemies":"2 Thieves","floor":18.0,"turns":4.0},{"damage":0.0,"enemies":"Shell Parasite","floor":20.0,"turns":4.0},{"damage":0.0,"enemies":"Centurion and Healer","floor":21.0,"turns":5.0},{"damage":0.0,"enemies":"Snecko","floor":22.0,"turns":5.0},{"damage":0.0,"enemies":"Snake Plant","floor":24.0,"turns":5.0},{"damage":0.0,"enemies":"Replay:Snechameleon","floor":30.0,"turns":4.0},{"damage":0.0,"enemies":"Chosen and Byrds","floor":31.0,"turns":6.0},{"damage":6.0,"enemies":"Automaton","floor":33.0,"turns":9.0},{"damage":0.0,"enemies":"3 Shapes","floor":35.0,"turns":4.0},{"damage":0.0,"enemies":"Orb Walker","floor":36.0,"turns":2.0},{"damage":19.0,"enemies":"4 Shapes","floor":38.0,"turns":9.0},{"damage":0.0,"enemies":"3 Darklings","floor":39.0,"turns":4.0},{"damage":24,"enemies":"Reptomancer","floor":40,"turns":5},{"damage":0,"enemies":"Sphere and 2 Shapes","floor":42,"turns":5},{"damage":6,"enemies":"4 Shapes","floor":47,"turns":5},{"damage":3,"enemies":"Time Eater","floor":50,"turns":10}],"seed_played":"-3628252248780540211","potions_obtained":[{"floor":4.0,"key":"Dexterity Potion"},{"floor":5.0,"key":"LiquidMemories"},{"floor":13.0,"key":"Doom Potion"},{"floor":16.0,"key":"Block Potion"},{"floor":17.0,"key":"Elixir"},{"floor":18.0,"key":"Weak Potion"},{"floor":24.0,"key":"Swift Potion"},{"floor":27.0,"key":"FocusPotion"},{"floor":27.0,"key":"PowerPotion"},{"floor":30.0,"key":"EssenceOfSteel"},{"floor":42,"key":"Swift Potion"}],"is_trial":false,"path_per_floor":["M","$","?","M","M","E","$","R","T","R","E","R","M","$","R","B",null,"M","?","M","M","M","R","M","$","T","?","R","$","E","M","R","B",null,"M","M","?","M","M","E","R","M","T","R","?","M","$","R","B",null],"character_chosen":"DEFECT","items_purchased":["Counterbalance","PreservedInsect","Adrenaline Potion","Happy Flower","Replay:Antivirus Software","Ball Lightning","Loop","Conserve Battery","hubris:BallOfYels","DollysMirror"],"campfire_rested":0,"item_purchase_floors":[2,2,2,2,2,7,7,14,25,48],"current_hp_per_floor":[75,18,11,11,11,11,11,11,19,19,19,19,19,19,19,39,88,88,88,88,88,88,88,88,88,88,88,88,88,88,88,88,82,88,88,88,88,69,69,45,45,45,53,53,53,47,47,47,96],"gold":36,"neow_bonus":"HUNDRED_GOLD","is_daily":false,"chose_seed":false,"campfire_upgraded":10,"win_rate":0.0,"timestamp":1612536936,"path_taken":["M","?","?","?","M","E","$","R","T","R","E","R","M","?","R","BOSS","M","?","M","M","M","R","?","$","T","?","R","?","E","M","R","BOSS","M","M","?","?","M","E","R","M","T","R","?","M","$","R","BOSS"],"items_purchased_type":["Relic","Relic","Potion","Relic","Relic","Card","Card","Card","Relic","Relic"],"build_version":"2020-12-22","purchased_purges":5,"victory":true,"max_hp_per_floor":[75,75,75,75,75,75,75,75,83,83,83,83,83,83,83,83,88,88,88,88,88,88,88,88,88,88,88,88,88,88,88,88,88,88,88,88,88,88,88,88,88,88,96,96,96,96,96,96,96],"card_choices":[{"not_picked":["Redo","Blizzard"],"picked":"Steam","floor":1.0},{"not_picked":["Barrage","Storm"],"picked":"Compile Driver","floor":4.0},{"not_picked":["Stack","Rip and Tear"],"picked":"Leap","floor":5.0},{"not_picked":["Heatsinks","Gash"],"picked":"BasicCrystalCard","floor":6.0},{"not_picked":["Compile Driver","Double Energy"],"picked":"Coolheaded","floor":11.0},{"not_picked":["Fission","Genetic Algorithm"],"picked":"Crystallizer","floor":13.0},{"not_picked":["Amplify","Buffer"],"picked":"Mirror Shield","floor":16.0},{"not_picked":["Storm","Sweeping Beam"],"picked":"Loop","floor":17.0},{"not_picked":["Beam Cell+1","Blizzard"],"picked":"Sweeping Beam","floor":18.0},{"not_picked":["Sweeping Beam+1","Cold Snap"],"picked":"BasicCrystalCard+1","floor":20.0},{"not_picked":["Glacier","Lockon","Gash"],"picked":"SKIP","floor":21.0},{"not_picked":["Aggregate","Streamline","Glacier"],"picked":"SKIP","floor":22.0},{"not_picked":["Turbo","ReplaySolidLightProjector","Fusion"],"picked":"SKIP","floor":24.0},{"not_picked":["Amplify","ReplaySort"],"picked":"White Noise","floor":30.0},{"not_picked":["Turbo","ReplayTheSpireMod:Reroute Power+1","Rebound"],"picked":"SKIP","floor":31.0},{"not_picked":["Buffer","Amplify"],"picked":"Echo Form","floor":33.0},{"not_picked":["Barrage+1","Force Field","Streamline"],"picked":"SKIP","floor":35.0},{"not_picked":["Force Field+1","Self Repair","Rebound"],"picked":"SKIP","floor":36.0},{"not_picked":["Barrage+1","Leap+1","Cold Snap"],"picked":"SKIP","floor":38.0},{"not_picked":["Leap","ReplaySort+1","hubris:Ukulele+1"],"picked":"SKIP","floor":39.0},{"not_picked":["Sunder","Buffer"],"picked":"Skim+1","floor":40},{"not_picked":["Rebound+1","Go for the Eyes","Recycle+1"],"picked":"SKIP","floor":42},{"not_picked":["Go for the Eyes+1","Auto Shields"],"picked":"FTL+1","floor":47}],"player_experience":959736,"relics_obtained":[{"floor":6.0,"key":"hubris:BundleOfHerbs"},{"floor":9.0,"key":"hubris:Spice"},{"floor":11.0,"key":"ReplayTheSpireMod:Shallot"},{"floor":26.0,"key":"Bottled Lightning"},{"floor":30.0,"key":"hubris:Teleporter"},{"floor":40,"key":"Replay:WaspNest"},{"floor":43,"key":"hubris:Spice"}],"event_choices":[{"damage_healed":0.0,"max_hp_gain":0.0,"max_hp_loss":0.0,"gold_gain":75.0,"event_name":"FaceTrader","player_choice":"Touch","floor":3.0,"gold_loss":0.0,"damage_taken":7.0},{"cards_removed":["Mirror Shield"],"damage_healed":0.0,"max_hp_gain":0.0,"max_hp_loss":0.0,"gold_gain":0.0,"event_name":"betterNote:BetterNote","player_choice":"Take \u0026 Give","floor":19.0,"gold_loss":0.0,"damage_taken":0.0,"cards_obtained":["ReplayTheSpireMod:Brewmster"]},{"damage_healed":0.0,"max_hp_gain":0.0,"max_hp_loss":0.0,"gold_gain":0.0,"event_name":"Lab","player_choice":"Got Potions","floor":27.0,"gold_loss":0.0,"damage_taken":0.0},{"damage_healed":0.0,"max_hp_gain":0.0,"max_hp_loss":0.0,"gold_gain":0.0,"event_name":"Upgrade Shrine","player_choice":"Upgraded","floor":37.0,"gold_loss":0.0,"damage_taken":0.0,"cards_upgraded":["White Noise"]}],"is_beta":false,"boss_relics":[{"not_picked":["Snecko Eye","hubris:Spice"],"picked":"Tiny House"},{"not_picked":["hubris:Spice","Ring of Chaos"],"picked":"Coffee Dripper"}],"items_purged_floors":[2,7,14,25,48],"is_endless":false,"potions_floor_spawned":[4,5,13,16,18,24,30,36,42,47],"ascension_level":0}}