{"host":"8is2j71l4wmybkoi","time":1612508818,"event":{"mods":["AchievementEnabler","BaseMod","Colored Map","Minty Spire (QoL Compilation)","Rare Cards Sparkle","StSLib","SuperFastMode"],"gold_per_floor":[119,136,136,153,164,164,197,122,177,177,203,223,243,261,261,333,333,349,349,361,378,158,158,193,193,193,211,221,70,70,113,113,195,195,208,235,235,59,84,127,127,151,220,247,247,289,307,335,335,335,335,335,45,80,80,80],"floor_reached":55,"language":"KOR","playtime":2262,"items_purged":["Strike_R","Strike_R","Strike_R+1"],"score":1456,"play_id":"8c851316-05f3-40d8-8a6f-4dac3a38b11e","local_time":"20210205160658","is_ascension_mode":true,"campfire_choices":[{"data":"Blood for Blood","floor":6,"key":"SMITH"},{"data":"Fire Breathing","floor":10,"key":"SMITH"},{"data":"Armaments","floor":15,"key":"SMITH"},{"data":"Limit Break","floor":23,"key":"SMITH"},{"data":"True Grit","floor":30,"key":"SMITH"},{"data":"Pommel Strike","floor":32,"key":"SMITH"},{"floor":41,"key":"RECALL"},{"floor":45,"key":"REST"},{"floor":49,"key":"REST"},{"floor":52,"key":"REST"}],"circlet_count":0,"master_deck":["AscendersBane","Defend_R","Defend_R+1","Defend_R","Defend_R","Bash","Blood for Blood+1","Hemokinesis","Rage","Cleave","Fire Breathing+1","Limit Break+1","Pommel Strike+1","Armaments+1","Impervious","Infernal Blade+1","Shockwave+1","Shrug It Off","Dark Shackles","True Grit+1","Power Through","Burning Pact","Second Wind","Demon Form","Dropkick","Warcry+1","Sword Boomerang","Dark Embrace","Madness","Madness","Sentinel"],"relics":["Burning Blood","Red Skull","HornCleat","Happy Flower","Ancient Tea Set","SlaversCollar","Letter Opener","Pear","CeramicFish","Fusion Hammer","Thread and Needle","Art of War","Gremlin Horn","Juzu Bracelet","TungstenRod","Bottled Lightning"],"acts_visited":["Exordium","TheCity","TheBeyond","TheEnding"],"potions_floor_usage":[5,13,18,24,27,29,33,35,39,40,44,50],"damage_taken":[{"damage":0,"enemies":"Small Slimes","floor":1,"turns":3},{"damage":9,"enemies":"2 Louse","floor":2,"turns":3},{"damage":2,"enemies":"Cultist","floor":4,"turns":3},{"damage":2,"enemies":"2 Fungi Beasts","floor":5,"turns":3},{"damage":26,"enemies":"Gremlin Nob","floor":7,"turns":4},{"damage":18,"enemies":"Lagavulin","floor":11,"turns":5},{"damage":2,"enemies":"3 Louse","floor":12,"turns":3},{"damage":0,"enemies":"Blue Slaver","floor":13,"turns":1},{"damage":2,"enemies":"2 Fungi Beasts","floor":14,"turns":2},{"damage":4,"enemies":"Slime Boss","floor":16,"turns":6},{"damage":37,"enemies":"2 Thieves","floor":18,"turns":5},{"damage":23,"enemies":"Shell Parasite","floor":20,"turns":5},{"damage":4,"enemies":"Snecko","floor":21,"turns":4},{"damage":7,"enemies":"Book of Stabbing","floor":24,"turns":4},{"damage":2,"enemies":"Snake Plant","floor":27,"turns":3},{"damage":5,"enemies":"Centurion and Healer","floor":28,"turns":5},{"damage":10,"enemies":"Slavers","floor":31,"turns":5},{"damage":41,"enemies":"Automaton","floor":33,"turns":10},{"damage":20,"enemies":"3 Darklings","floor":35,"turns":5},{"damage":15,"enemies":"Orb Walker","floor":36,"turns":3},{"damage":15,"enemies":"Mind Bloom Boss Battle","floor":39,"turns":8},{"damage":4,"enemies":"Reptomancer","floor":40,"turns":6},{"damage":17,"enemies":"Spire Growth","floor":42,"turns":5},{"damage":8,"enemies":"Giant Head","floor":44,"turns":7},{"damage":8,"enemies":"Reptomancer","floor":46,"turns":5},{"damage":9,"enemies":"Sphere and 2 Shapes","floor":48,"turns":5},{"damage":20,"enemies":"Awakened One","floor":50,"turns":8},{"damage":72,"enemies":"Shield and Spear","floor":54,"turns":5},{"damage":35,"enemies":"The Heart","floor":55,"turns":2}],"seed_played":"-4677766871153408142","potions_obtained":[{"floor":2,"key":"SneckoOil"},{"floor":4,"key":"Ancient Potion"},{"floor":5,"key":"SteroidPotion"},{"floor":12,"key":"Regen Potion"},{"floor":14,"key":"DuplicationPotion"},{"floor":24,"key":"Weak Potion"},{"floor":28,"key":"Fruit Juice"},{"floor":33,"key":"Dexterity Potion"},{"floor":39,"key":"Strength Potion"},{"floor":46,"key":"Swift Potion"},{"floor":48,"key":"SteroidPotion"}],"is_trial":false,"path_per_floor":["M","M","?","M","M","R","E","?","T","R","E","M","M","M","R","B",null,"M","?","M","M","$","R","E","?","T","M","M","$","R","E","R","B",null,"M","M","?","$","?","E","R","M","T","E","R","E","?","M","R","B",null,"R","$","E","B"],"character_chosen":"IRONCLAD","items_purchased":["Energy Potion","Dark Shackles","BloodPotion","AttackPotion","TungstenRod"],"campfire_rested":3,"item_purchase_floors":[22,22,29,38,53],"current_hp_per_floor":[74,71,48,52,56,56,36,36,36,36,24,28,34,38,38,40,66,49,49,32,34,34,34,33,33,43,47,48,53,53,49,49,14,71,57,48,48,48,57,59,59,48,48,46,73,71,55,52,79,65,84,90,90,24,0,0],"gold":80,"neow_bonus":"RANDOM_COMMON_RELIC","is_daily":false,"chose_seed":false,"campfire_upgraded":6,"win_rate":0.0,"timestamp":1612508818,"path_taken":["M","M","?","M","M","R","E","?","T","R","E","M","M","M","R","BOSS","M","?","?","M","$","R","E","?","T","M","M","$","R","E","R","BOSS","M","M","?","$","?","E","R","M","T","E","R","E","?","M","R","BOSS","R","$","E","BOSS"],"items_purchased_type":["Potion","Card","Potion","Potion","Relic"],"build_version":"2020-12-22","purchased_purges":3,"victory":false,"max_hp_per_floor":[75,75,75,75,75,75,75,75,75,75,75,75,75,75,75,75,75,75,75,75,75,75,75,75,75,85,85,85,90,90,90,90,90,90,90,90,90,90,90,90,90,90,90,90,90,90,90,90,90,90,90,90,90,90,90,90],"card_choices":[{"not_picked":["Wild Strike","Cleave"],"picked":"Blood for Blood","floor":1},{"not_picked":["Fire Breathing","Feel No Pain"],"picked":"Hemokinesis","floor":2},{"not_picked":["Disarm","Wild Strike"],"picked":"Rage","floor":4},{"not_picked":["Warcry","Clash"],"picked":"Cleave","floor":5},{"not_picked":["Hemokinesis","Clash"],"picked":"Fire Breathing","floor":7},{"not_picked":["Uppercut","Twin Strike"],"picked":"Limit Break","floor":11},{"not_picked":["Havoc","Cleave"],"picked":"Pommel Strike","floor":12},{"not_picked":["Searing Blow","Thunderclap"],"picked":"Armaments","floor":13},{"not_picked":["Cleave","Anger","Havoc"],"picked":"SKIP","floor":14},{"not_picked":["Brutality","Demon Form"],"picked":"Impervious","floor":16},{"not_picked":["Sword Boomerang","Clothesline"],"picked":"Infernal Blade+1","floor":18},{"not_picked":["Clash","Searing Blow"],"picked":"Shockwave+1","floor":20},{"not_picked":["Warcry","Heavy Blade"],"picked":"Shrug It Off","floor":21},{"not_picked":["Wild Strike","Metallicize"],"picked":"True Grit","floor":24},{"not_picked":["Disarm","Clash"],"picked":"Power Through","floor":27},{"not_picked":["True Grit","Rupture"],"picked":"Burning Pact","floor":28},{"not_picked":["Seeing Red","Clash"],"picked":"Second Wind","floor":31},{"not_picked":["Double Tap","Exhume"],"picked":"Demon Form","floor":33},{"not_picked":["Carnage","Uppercut","Pommel Strike"],"picked":"SKIP","floor":35},{"not_picked":["Headbutt","Cleave+1"],"picked":"Dropkick","floor":36},{"not_picked":["Burning Pact","Intimidate+1"],"picked":"Warcry+1","floor":40},{"not_picked":["True Grit","Dual Wield"],"picked":"Sword Boomerang","floor":42},{"not_picked":["Havoc+1","Sword Boomerang","Demon Form"],"picked":"SKIP","floor":44},{"not_picked":["Cleave","Entrench+1"],"picked":"Dark Embrace","floor":46},{"not_picked":["Sword Boomerang","Flex"],"picked":"Sentinel","floor":48},{"not_picked":["Uppercut","Infernal Blade+1","Second Wind"],"picked":"SKIP","floor":54}],"player_experience":976732,"relics_obtained":[{"floor":7,"key":"HornCleat"},{"floor":9,"key":"Happy Flower"},{"floor":11,"key":"Ancient Tea Set"},{"floor":24,"key":"Letter Opener"},{"floor":26,"key":"Pear"},{"floor":31,"key":"CeramicFish"},{"floor":39,"key":"Thread and Needle"},{"floor":40,"key":"Art of War"},{"floor":44,"key":"Gremlin Horn"},{"floor":46,"key":"Juzu Bracelet"},{"floor":54,"key":"Bottled Lightning"}],"event_choices":[{"damage_healed":0,"gold_gain":0,"player_choice":"Entered Light","damage_taken":23,"max_hp_gain":0,"max_hp_loss":0,"event_name":"Shining Light","floor":3,"gold_loss":0,"cards_upgraded":["Strike_R","Defend_R"]},{"cards_removed":["Strike_R"],"damage_healed":0,"gold_gain":0,"player_choice":"Card Removal","damage_taken":0,"max_hp_gain":0,"max_hp_loss":0,"event_name":"The Cleric","floor":8,"gold_loss":75},{"cards_removed":["Strike_R"],"damage_healed":0,"gold_gain":0,"player_choice":"Offered Basic","damage_taken":0,"max_hp_gain":0,"max_hp_loss":0,"event_name":"Bonfire Elementals","floor":19,"gold_loss":0},{"damage_healed":0,"gold_gain":0,"player_choice":"Ignored","damage_taken":0,"max_hp_gain":0,"max_hp_loss":0,"event_name":"The Mausoleum","floor":25,"gold_loss":0},{"damage_healed":0,"gold_gain":0,"player_choice":"Ignored","damage_taken":0,"max_hp_gain":0,"max_hp_loss":0,"event_name":"Mysterious Sphere","floor":37,"gold_loss":0},{"damage_healed":0,"gold_gain":0,"player_choice":"Fight","damage_taken":0,"max_hp_gain":0,"max_hp_loss":0,"event_name":"MindBloom","floor":39,"gold_loss":0},{"damage_healed":0,"gold_gain":0,"player_choice":"Embrace Madness","damage_taken":16,"max_hp_gain":0,"max_hp_loss":0,"event_name":"Winding Halls","floor":47,"gold_loss":0,"cards_obtained":["Madness","Madness"]}],"is_beta":false,"boss_relics":[{"not_picked":["Cursed Key","Tiny House"],"picked":"SlaversCollar"},{"not_picked":["Busted Crown","Astrolabe"],"picked":"Fusion Hammer"}],"items_purged_floors":[22,29,38],"is_endless":false,"potions_floor_spawned":[2,4,5,12,14,24,28,31,33,39,46,48],"killed_by":"The Heart","ascension_level":15}}