{"host":"v1yaqosqoe6j1o0n","time":1612560210,"event":{"mods":["BaseMod","Hermit","Minty Spire (QoL Compilation)","StSLib"],"gold_per_floor":[209,14,29,29,29,29,41,41,88,99,117,132,132,94,94,199,199,219,238,248,99,110,110,110,128,128,139,151,151,25,37,37,133,183,183],"floor_reached":34,"language":"ENG","playtime":2638,"items_purged":[],"score":368,"play_id":"5f466bf6-7b0f-421a-bc42-855d6a31ea2e","local_time":"20210205132330","is_ascension_mode":false,"campfire_choices":[{"data":"Dash","floor":6.0,"key":"SMITH"},{"data":"Finisher","floor":8.0,"key":"SMITH"},{"floor":13.0,"key":"REST"},{"data":"Blade Dance","floor":15.0,"key":"SMITH"},{"floor":23.0,"key":"REST"},{"data":"Calculated Gamble","floor":29,"key":"SMITH"},{"floor":32,"key":"REST"}],"circlet_count":0,"master_deck":["Strike_G","Strike_G","Strike_G","Strike_G","Strike_G","Defend_G","Defend_G","Defend_G","Defend_G","Defend_G","Survivor","Neutralize","Prepared","Outmaneuver+1","Dash+1","Finisher+1","PiercingWail","Blade Dance+1","Dagger Throw","Infinite Blades","Night Terror","Blade Dance","Backflip","Dagger Spray","Accuracy","Calculated Gamble+1","Adrenaline+1","Wraith Form v2","Prepared"],"relics":["Ring of the Snake","Orichalcum","SacredBark","Kunai","Tiny House"],"acts_visited":["Exordium","TheCity","TheBeyond"],"potions_floor_usage":[24,24,24,27,27,27,28,28,33,33],"damage_taken":[{"damage":2.0,"enemies":"Small Slimes","floor":1.0,"turns":4.0},{"damage":9.0,"enemies":"Cultist","floor":3.0,"turns":5.0},{"damage":2.0,"enemies":"Jaw Worm","floor":7.0,"turns":3.0},{"damage":4.0,"enemies":"2 Fungi Beasts","floor":10.0,"turns":4.0},{"damage":6.0,"enemies":"Large Slime","floor":11.0,"turns":4.0},{"damage":3.0,"enemies":"Blue Slaver","floor":12.0,"turns":5.0},{"damage":32.0,"enemies":"Slime Boss","floor":16.0,"turns":11.0},{"damage":11.0,"enemies":"Shell Parasite","floor":18.0,"turns":6.0},{"damage":0.0,"enemies":"Spheric Guardian","floor":19.0,"turns":3.0},{"damage":32.0,"enemies":"Centurion and Healer","floor":20.0,"turns":6.0},{"damage":39.0,"enemies":"Snake Plant","floor":22.0,"turns":6.0},{"damage":4,"enemies":"Gremlin Leader","floor":24,"turns":3},{"damage":11,"enemies":"3 Cultists","floor":25,"turns":5},{"damage":5,"enemies":"Centurion and Healer","floor":27,"turns":6},{"damage":2,"enemies":"Snecko","floor":28,"turns":4},{"damage":15,"enemies":"Shelled Parasite and Fungi","floor":31,"turns":5},{"damage":41,"enemies":"Champ","floor":33,"turns":7}],"seed_played":"-5330077547947520180","potions_obtained":[{"floor":1.0,"key":"EssenceOfSteel"},{"floor":16.0,"key":"EntropicBrew"},{"floor":18.0,"key":"ColorlessPotion"},{"floor":34,"key":"Block Potion"}],"is_trial":false,"path_per_floor":["M","$","M","?","$","R","M","R","T","M","M","M","R","$","R","B",null,"M","M","M","$","M","R","E","M","T","M","M","R","$","M","R","B",null],"character_chosen":"THE_SILENT","items_purchased":["Outmaneuver","FairyPotion","Weak Potion","Infinite Blades","Accuracy","DuplicationPotion","Adrenaline","Energy Potion"],"campfire_rested":3,"item_purchase_floors":[2,2,2,14,21,21,30,30],"current_hp_per_floor":[68,68,59,59,59,59,57,57,57,53,47,44,65,65,65,33,70,59,59,27,27,33,54,50,39,39,34,59,59,59,44,65,24,75,75],"gold":183,"neow_bonus":"HUNDRED_GOLD","is_daily":false,"chose_seed":false,"campfire_upgraded":4,"win_rate":0.0,"timestamp":1612560210,"path_taken":["M","$","M","?","?","R","M","R","T","M","M","M","R","$","R","BOSS","M","?","M","$","M","R","E","M","T","M","M","R","$","M","R","BOSS"],"items_purchased_type":["Card","Potion","Potion","Card","Card","Potion","Card","Potion"],"build_version":"2020-12-22","purchased_purges":0,"victory":false,"max_hp_per_floor":[70,70,70,70,70,70,70,70,70,70,70,70,70,70,70,70,70,70,70,70,70,70,70,70,70,70,70,70,70,70,70,70,70,75,75],"card_choices":[{"not_picked":["Blade Dance","Reflex"],"picked":"Prepared","floor":1.0},{"not_picked":["Heel Hook","Deadly Poison"],"picked":"Dash","floor":3.0},{"not_picked":["Prepared","Deadly Poison"],"picked":"Finisher","floor":7.0},{"not_picked":["Leg Sweep","Slice"],"picked":"PiercingWail","floor":10.0},{"not_picked":["Sucker Punch","Deadly Poison"],"picked":"Blade Dance","floor":11.0},{"not_picked":["Blur","Dodge and Roll"],"picked":"Dagger Throw","floor":12.0},{"not_picked":["Malaise","Venomology"],"picked":"Night Terror","floor":16.0},{"not_picked":["Dodge and Roll","Deadly Poison"],"picked":"Blade Dance","floor":18.0},{"not_picked":["Deadly Poison+1","Sucker Punch"],"picked":"Backflip","floor":19.0},{"not_picked":["Outmaneuver","Deadly Poison"],"picked":"Dagger Spray","floor":20.0},{"not_picked":["Finisher","Prepared+1","All Out Attack+1"],"picked":"SKIP","floor":22.0},{"not_picked":["Quick Slash","Blur","Escape Plan+1"],"picked":"SKIP","floor":25},{"not_picked":["Acrobatics+1","Cloak And Dagger+1","Noxious Fumes"],"picked":"SKIP","floor":27},{"not_picked":["PiercingWail","Infinite Blades"],"picked":"Calculated Gamble","floor":28},{"not_picked":["Deadly Poison","Blur+1","Outmaneuver"],"picked":"SKIP","floor":31},{"not_picked":["Glass Knife","Venomology"],"picked":"Wraith Form v2","floor":33},{"not_picked":["Poisoned Stab","Cloak And Dagger"],"picked":"Prepared","floor":34}],"player_experience":43686,"relics_obtained":[{"floor":9.0,"key":"Orichalcum"},{"floor":26,"key":"Kunai"}],"event_choices":[{"damage_healed":0.0,"max_hp_gain":0.0,"max_hp_loss":0.0,"gold_gain":0.0,"event_name":"Upgrade Shrine","player_choice":"Upgraded","floor":4.0,"gold_loss":0.0,"damage_taken":0.0,"cards_upgraded":["Outmaneuver"]}],"is_beta":false,"boss_relics":[{"not_picked":["Snecko Eye","Velvet Choker"],"picked":"SacredBark"},{"not_picked":["Runic Dome","Empty Cage"],"picked":"Tiny House"}],"items_purged_floors":[],"is_endless":false,"potions_floor_spawned":[1,7,12,16,18,24,28],"ascension_level":0}}