{"host":"LaserWall","time":1612555910,"event":{"mods":["BaseMod","Minty Spire (QoL Compilation)","Relic Stats"],"gold_per_floor":[118,139,16,45,71,71,110,110,135,145,174,174,217,245,245,350,350,377,90,119,162,261,295,295,334,358,380,380,398,398,420,420,529,529,557,571,164,193,218,218,440,475,521,532,563,563,13,72,72,72,72],"floor_reached":50,"language":"ENG","playtime":3978,"items_purged":["Strike_G","Strike_G"],"score":717,"play_id":"1094beb4-b6d2-4ce8-8ed1-fbf5a8831ec8","local_time":"20210205151150","is_ascension_mode":true,"campfire_choices":[{"data":"Blade Dance","floor":6,"key":"SMITH"},{"data":"Skewer","floor":8,"key":"SMITH"},{"data":"Backflip","floor":12,"key":"SMITH"},{"floor":15,"key":"REST"},{"floor":24,"key":"REST"},{"data":"Catalyst","floor":28,"key":"SMITH"},{"data":"Night Terror","floor":30,"key":"SMITH"},{"floor":32,"key":"REST"},{"floor":40,"key":"REST"},{"floor":46,"key":"REST"},{"floor":49,"key":"REST"}],"circlet_count":0,"master_deck":["Defend_G","Defend_G","Defend_G","Defend_G","Survivor","Neutralize","Backflip+1","Skewer+1","Finisher","Blade Dance+1","Bouncing Flask","Deadly Poison","Catalyst+1","Blade Dance","A Thousand Cuts","Blur+1","Noxious Fumes","Bouncing Flask","Bane","Corpse Explosion","Bane","Backstab+1","Night Terror+1","Backstab","Infinite Blades","Adrenaline","Well Laid Plans+1","Footwork","Parasite","Backflip+1","Catalyst","Blade Dance+1"],"relics":["Ring of the Snake","CeramicFish","Ancient Tea Set","Happy Flower","Regal Pillow","Empty Cage","Centennial Puzzle","Red Mask","Ornamental Fan","StrikeDummy","Orichalcum","HoveringKite","Snake Skull","Bag of Marbles","Dead Branch","Gremlin Horn","Chemical X","Toxic Egg 2","MealTicket","Prayer Wheel"],"acts_visited":["Exordium","TheCity","TheBeyond"],"potions_floor_usage":[7,7,13,16,21,23,33,39,44,44,44,44,45,45,45],"damage_taken":[{"damage":1,"enemies":"Jaw Worm","floor":1,"turns":5},{"damage":0,"enemies":"Small Slimes","floor":2,"turns":5},{"damage":3,"enemies":"2 Louse","floor":4,"turns":5},{"damage":10,"enemies":"Exordium Wildlife","floor":5,"turns":8},{"damage":13,"enemies":"3 Sentries","floor":7,"turns":11},{"damage":9,"enemies":"Large Slime","floor":10,"turns":5},{"damage":1,"enemies":"Exordium Thugs","floor":11,"turns":3},{"damage":7,"enemies":"Lagavulin","floor":13,"turns":4},{"damage":6,"enemies":"Looter","floor":14,"turns":3},{"damage":6,"enemies":"The Guardian","floor":16,"turns":7},{"damage":0,"enemies":"3 Byrds","floor":18,"turns":3},{"damage":1,"enemies":"Spheric Guardian","floor":20,"turns":3},{"damage":13,"enemies":"Masked Bandits","floor":21,"turns":3},{"damage":23,"enemies":"Slavers","floor":23,"turns":4},{"damage":20,"enemies":"Gremlin Leader","floor":25,"turns":5},{"damage":12,"enemies":"Snake Plant","floor":27,"turns":5},{"damage":0,"enemies":"Centurion and Healer","floor":31,"turns":5},{"damage":44,"enemies":"Champ","floor":33,"turns":8},{"damage":2,"enemies":"3 Darklings","floor":35,"turns":2},{"damage":4,"enemies":"Orb Walker","floor":36,"turns":4},{"damage":4,"enemies":"Writhing Mass","floor":38,"turns":3},{"damage":48,"enemies":"Spire Growth","floor":39,"turns":5},{"damage":30,"enemies":"Nemesis","floor":42,"turns":3},{"damage":16,"enemies":"3 Darklings","floor":44,"turns":4},{"damage":0,"enemies":"Giant Head","floor":45,"turns":6},{"damage":10,"enemies":"Mind Bloom Boss Battle","floor":48,"turns":5},{"damage":66,"enemies":"Time Eater","floor":50,"turns":6}],"seed_played":"-5909248486163531990","potions_obtained":[{"floor":1,"key":"Weak Potion"},{"floor":5,"key":"EssenceOfSteel"},{"floor":7,"key":"Fire Potion"},{"floor":11,"key":"Weak Potion"},{"floor":14,"key":"Weak Potion"},{"floor":18,"key":"DistilledChaos"},{"floor":27,"key":"EssenceOfSteel"},{"floor":31,"key":"Weak Potion"},{"floor":33,"key":"SpeedPotion"},{"floor":36,"key":"EntropicBrew"},{"floor":39,"key":"Fire Potion"},{"floor":42,"key":"DistilledChaos"},{"floor":44,"key":"GhostInAJar"}],"is_trial":false,"path_per_floor":["M","M","$","M","M","R","E","R","T","M","M","R","E","M","R","B",null,"M","$","M","?","?","E","R","E","T","M","R","?","R","M","R","B",null,"M","M","$","M","M","R","?","E","T","M","E","R","$","?","R","B"],"character_chosen":"THE_SILENT","items_purchased":["Block Potion","Centennial Puzzle","Noxious Fumes","Snake Skull","Footwork","Bag of Marbles","Dexterity Potion","Chemical X","Toxic Egg 2","MealTicket"],"campfire_rested":6,"item_purchase_floors":[3,19,19,37,37,37,37,47,47,47],"current_hp_per_floor":[69,69,69,66,56,56,43,43,43,34,33,33,26,20,56,50,70,70,70,69,56,56,33,69,49,49,37,37,37,37,37,70,26,70,68,64,64,60,12,48,48,18,18,2,2,38,38,28,64,0,0],"gold":72,"neow_bonus":"RANDOM_COMMON_RELIC","is_daily":false,"chose_seed":false,"campfire_upgraded":5,"win_rate":0.0,"timestamp":1612555910,"path_taken":["M","M","$","M","M","R","E","R","T","M","M","R","E","M","R","BOSS","M","$","M","?","?","E","R","E","T","M","R","?","R","M","R","BOSS","M","M","$","M","M","R","?","E","T","M","E","R","$","?","R","BOSS"],"items_purchased_type":["Potion","Relic","Card","Relic","Card","Relic","Potion","Relic","Relic","Relic"],"build_version":"2020-12-18","purchased_purges":2,"victory":false,"max_hp_per_floor":[70,70,70,70,70,70,70,70,70,70,70,70,70,70,70,70,70,70,70,70,70,70,70,70,70,70,70,70,70,70,70,70,70,70,70,70,70,70,70,70,70,70,70,70,70,70,70,70,70,70,70],"relic_stats":{"Regal Pillow":87,"Happy Flower":[32],"Gremlin Horn":[0,0],"counters":[27,130],"CeramicFish":234,"Dead Branch":[34],"HoveringKite":[12],"Snake Skull":[57],"Orichalcum":[108],"Centennial Puzzle":[42],"Ornamental Fan":[104],"MealTicket":0,"Prayer Wheel":0,"Chemical X":[4],"obtain_stats":[{"Regal Pillow":13,"Happy Flower":9,"Gremlin Horn":45,"CeramicFish":0,"Dead Branch":42,"HoveringKite":34,"Snake Skull":37,"Orichalcum":26,"Ancient Tea Set":7,"Empty Cage":17,"Centennial Puzzle":19,"Ornamental Fan":23,"MealTicket":47,"Prayer Wheel":48,"Red Mask":21,"Bag of Marbles":37,"Chemical X":47,"Toxic Egg 2":47,"StrikeDummy":25,"Ring of the Snake":0},{"Regal Pillow":8,"Happy Flower":5,"Gremlin Horn":25,"CeramicFish":0,"Dead Branch":23,"HoveringKite":18,"Snake Skull":20,"Orichalcum":15,"Ancient Tea Set":5,"Empty Cage":10,"Centennial Puzzle":11,"Ornamental Fan":14,"MealTicket":25,"Prayer Wheel":26,"Red Mask":13,"Bag of Marbles":20,"Chemical X":25,"Toxic Egg 2":25,"StrikeDummy":15,"Ring of the Snake":0},{"Regal Pillow":46,"Happy Flower":34,"Gremlin Horn":119,"CeramicFish":0,"Dead Branch":109,"HoveringKite":92,"Snake Skull":98,"Orichalcum":74,"Ancient Tea Set":34,"Empty Cage":56,"Centennial Puzzle":59,"Ornamental Fan":69,"MealTicket":119,"Prayer Wheel":124,"Red Mask":65,"Bag of Marbles":98,"Chemical X":119,"Toxic Egg 2":119,"StrikeDummy":74,"Ring of the Snake":0}],"Ring of the Snake":[54]},"card_choices":[{"not_picked":["Escape Plan","Quick Slash"],"picked":"Backflip","floor":1},{"not_picked":["Underhanded Strike","Bane"],"picked":"Skewer","floor":2},{"not_picked":["All Out Attack","Distraction"],"picked":"Finisher","floor":4},{"not_picked":["PiercingWail","Dagger Throw"],"picked":"Blade Dance","floor":5},{"not_picked":["Eviscerate","Dodge and Roll"],"picked":"Bouncing Flask","floor":7},{"not_picked":["Deflect","Heel Hook","Slice"],"picked":"SKIP","floor":10},{"not_picked":["Poisoned Stab","Backstab"],"picked":"Deadly Poison","floor":11},{"not_picked":["Burst","Accuracy"],"picked":"Catalyst","floor":13},{"not_picked":["Dagger Throw","Flying Knee"],"picked":"Blade Dance","floor":14},{"not_picked":["Storm of Steel","Glass Knife"],"picked":"A Thousand Cuts","floor":16},{"not_picked":["Reflex","Cloak And Dagger"],"picked":"Blur+1","floor":18},{"not_picked":["Dash","Outmaneuver"],"picked":"Bouncing Flask","floor":20},{"not_picked":["Slice+1","Tactician+1"],"picked":"Bane","floor":21},{"not_picked":["Distraction","Concentrate"],"picked":"Corpse Explosion","floor":23},{"not_picked":["PiercingWail","Outmaneuver"],"picked":"Bane","floor":25},{"not_picked":["Bouncing Flask","Outmaneuver"],"picked":"Backstab+1","floor":27},{"not_picked":["Deflect","Sucker Punch"],"picked":"Infinite Blades","floor":31},{"not_picked":["Grand Finale","Storm of Steel"],"picked":"Adrenaline","floor":33},{"not_picked":["Blur","PiercingWail+1"],"picked":"Well Laid Plans+1","floor":35},{"not_picked":["Dagger Spray+1","Underhanded Strike","Reflex+1"],"picked":"SKIP","floor":36},{"not_picked":["Heel Hook+1","Cloak And Dagger+1"],"picked":"Backflip+1","floor":38},{"not_picked":["Distraction+1","Flechettes+1"],"picked":"Catalyst","floor":39},{"not_picked":["Expertise+1","Dagger Throw","Backflip"],"picked":"SKIP","floor":42},{"not_picked":["Deflect","PiercingWail+1","Night Terror"],"picked":"SKIP","floor":44},{"not_picked":["Skewer","Reflex","Night Terror"],"picked":"SKIP","floor":45},{"not_picked":["Deflect+1","Underhanded Strike+1"],"picked":"Blade Dance+1","floor":48}],"player_experience":212643,"relics_obtained":[{"floor":7,"key":"Ancient Tea Set"},{"floor":9,"key":"Happy Flower"},{"floor":13,"key":"Regal Pillow"},{"floor":21,"key":"Red Mask"},{"floor":23,"key":"Ornamental Fan"},{"floor":25,"key":"StrikeDummy"},{"floor":26,"key":"Orichalcum"},{"floor":42,"key":"Dead Branch"},{"floor":45,"key":"Gremlin Horn"},{"floor":48,"key":"Prayer Wheel"}],"event_choices":[{"damage_healed":0,"gold_gain":0,"player_choice":"Fought Bandits","damage_taken":0,"max_hp_gain":0,"max_hp_loss":0,"event_name":"Masked Bandits","floor":21,"gold_loss":0},{"damage_healed":0,"gold_gain":99,"player_choice":"Stole From Cult","damage_taken":0,"max_hp_gain":0,"max_hp_loss":0,"event_name":"Nest","floor":22,"gold_loss":0},{"damage_healed":0,"gold_gain":0,"cards_transformed":["Defend_G","Strike_G"],"player_choice":"Became Test Subject","damage_taken":0,"max_hp_gain":0,"max_hp_loss":0,"event_name":"Drug Dealer","floor":29,"gold_loss":0,"cards_obtained":["Night Terror","Backstab"]},{"damage_healed":0,"gold_gain":222,"player_choice":"Wore Mask","damage_taken":0,"max_hp_gain":0,"max_hp_loss":0,"event_name":"Tomb of Lord Red Mask","floor":41,"gold_loss":0},{"damage_healed":0,"gold_gain":0,"player_choice":"Fight","damage_taken":0,"max_hp_gain":0,"max_hp_loss":0,"event_name":"MindBloom","floor":48,"gold_loss":0}],"is_beta":true,"boss_relics":[{"not_picked":["Cursed Key","Snecko Eye"],"picked":"Empty Cage"},{"not_picked":["Fusion Hammer","SacredBark"],"picked":"HoveringKite"}],"items_purged_floors":[3,19],"is_endless":false,"potions_floor_spawned":[1,5,7,11,14,18,27,31,33,36,39,42,44],"killed_by":"Time Eater","ascension_level":3}}