{"host":"njo8qgvy2a57fcny","time":1612506476,"event":{"mods":["Aspiration","BaseMod","BetterRewards","CCEM2","Colored Map","Colored Powertips","Conspire","Custom Start","Downfall","Energized Spire","GifTheSpireLib","Halation","Hermit","Hubris","Infinite Spire","Jedi Mod","Jorbs\u0027s Wanderer Trilogy","Mimic Mod","Minty Spire (QoL Compilation)","Quick Restart","Random Character Button","Random Character Mod","Rare Cards Sparkle","Relic Sorter","Reliquary","Replay The Spire","Shop Mod","StSLib","Stuff the Spire","The Animator","The Jungle","The Runesmith","The Servant 0.9.4","Unceasing Turn Reminder","thorton"],"gold_per_floor":[99,135,135,145,162,178,178,195,215,215,215,215],"floor_reached":10,"language":"ENG","playtime":488,"items_purged":[],"score":63,"play_id":"06eb2a01-a159-48a0-93c2-278b4ade8a20","local_time":"20210205172756","is_ascension_mode":true,"campfire_choices":[{"data":"champ:Execute","floor":1,"key":"SMITH"}],"circlet_count":0,"master_deck":["champ:Strike","champ:Strike","champ:Strike","champ:Strike","champ:Defend","champ:Defend","champ:Defend","champ:Defend","champ:Execute+1","champ:Taunt","champ:EndlessRage","Regret","champ:PerfectedStrike","champ:FanOfKnives","champ:FanOfKnives","champ:Endure","champ:DeathBlow"],"relics":["champ:ChampionCrown","ReplayFunnel","StuffTheSpire:RedRose","infinitespire:BottledMercury"],"acts_visited":["Exordium"],"potions_floor_usage":[6,10,10],"damage_taken":[{"damage":31,"enemies":"conspire:MimicChest","floor":2,"turns":5},{"damage":25,"enemies":"Small Slimes","floor":4,"turns":3},{"damage":2,"enemies":"2 Louse","floor":5,"turns":2},{"damage":14,"enemies":"Jaw Worm","floor":6,"turns":1},{"damage":25,"enemies":"Gremlin Gang","floor":8,"turns":4},{"damage":13,"enemies":"Large Slime","floor":9,"turns":4},{"damage":31,"enemies":"3 Sentries","floor":10,"turns":5}],"seed_played":"-7828018941265991959","potions_obtained":[{"floor":2,"key":"Milkshake"},{"floor":4,"key":"champ:CounterPotion"},{"floor":8,"key":"Weak Potion"}],"is_trial":false,"path_per_floor":["R","?","?","M","M","M","T","M","M","E"],"character_chosen":"THE_CHAMP","items_purchased":[],"campfire_rested":0,"item_purchase_floors":[],"current_hp_per_floor":[99,78,78,63,61,47,47,32,29,0,0,0],"gold":215,"neow_bonus":"TEN_PERCENT_HP_BONUS","is_daily":false,"chose_seed":false,"campfire_upgraded":1,"win_rate":0.0,"timestamp":1612506476,"path_taken":["R","?","?","?","M","M","T","?","M","E"],"items_purchased_type":[],"build_version":"2020-12-22","purchased_purges":0,"victory":false,"max_hp_per_floor":[99,99,99,99,99,99,99,99,99,99,99,99],"card_choices":[{"not_picked":["champ:PerfectedStrike","champ:Lariat"],"picked":"champ:EndlessRage","floor":2},{"not_picked":["champ:BladeFlurry","champ:BerserkersShout"],"picked":"champ:PerfectedStrike","floor":4},{"not_picked":["champ:TornadoPunch","champ:DefensiveShout"],"picked":"champ:FanOfKnives","floor":5},{"not_picked":["champ:Haymaker","champ:Shatter"],"picked":"champ:FanOfKnives","floor":6},{"not_picked":["champ:ShieldSigil","champ:CalledShot"],"picked":"champ:Endure","floor":8},{"not_picked":["champ:Shatter","champ:BladeFlurry"],"picked":"champ:DeathBlow","floor":9}],"player_experience":768117,"relics_obtained":[{"floor":2,"key":"ReplayFunnel"},{"floor":7,"key":"infinitespire:BottledMercury"}],"event_choices":[],"is_beta":false,"boss_relics":[],"items_purged_floors":[],"is_endless":false,"potions_floor_spawned":[2,4,8],"killed_by":"3 Sentries","ascension_level":1}}