{"host":"iz5gar30eciy4yf4","time":1612562290,"event":{"mods":["Act Like it!","BaseMod","Chen","Dio Mod","Gensokyo","Hallownest","Hermit","Hubris","Koishi","Marisa????????","Minty Spire (QoL Compilation)","Prisma Mod","Reimu??????","Relic Stats","Remilia??????","StSLib","The Animator"],"gold_per_floor":[113,127,145,245,245,270,270,110,164,164,199,212,212,247,247,352,352,367,367,385,259,272,305,305,305],"floor_reached":24,"language":"ENG","playtime":1250,"items_purged":[],"score":259,"play_id":"e372a961-b818-4621-b3d7-b5b9e14911dd","local_time":"20210205165810","is_ascension_mode":false,"campfire_choices":[{"data":"AbsoluteMagnitude","floor":7,"key":"SMITH"},{"data":"EarthLightRay","floor":15,"key":"SMITH"}],"circlet_count":0,"master_deck":["Strike_MRS","Strike_MRS","Strike_MRS","Strike_MRS+1","Defend_MRS","Defend_MRS","Defend_MRS","Defend_MRS","MasterSpark","UpSweep","AbsoluteMagnitude+1","NonDirectionalLaser","PowerUp","NonDirectionalLaser+1","Gensokyo:MarisaTwilightSpark","EarthLightRay+1","Gensokyo:CrescentMoonSlash","DoubleSpark","SuperNova","StarlightTyphoon","RefractionSpark","WitchLeyline","RefractionSpark","MachineGunSpark"],"relics":["MiniHakkero","Gensokyo:MarisaIngredientList","ScarletDevilRocket","Enchiridion","hubris:SlimyHat","TungstenRod","Whetstone","Busted Crown","Gensokyo:ConquerorOfFear","Toy Ornithopter"],"acts_visited":["Exordium","Gensokyo:Gensokyo"],"potions_floor_usage":[11],"damage_taken":[{"damage":1,"enemies":"Gensokyo:Python","floor":1,"turns":3},{"damage":1,"enemies":"Gensokyo:2_Kodama","floor":2,"turns":3},{"damage":6,"enemies":"Gensokyo:Gryphon","floor":3,"turns":3},{"damage":13,"enemies":"Gensokyo:Mamizou","floor":6,"turns":6},{"damage":0,"enemies":"Gensokyo:Aya","floor":11,"turns":3},{"damage":0,"enemies":"Gensokyo:Kitsune","floor":12,"turns":2},{"damage":12,"enemies":"Gensokyo:Cirno","floor":14,"turns":6},{"damage":11,"enemies":"Gensokyo:Reimu","floor":16,"turns":6},{"damage":3,"enemies":"Gensokyo:2_Gloops","floor":18,"turns":4},{"damage":25,"enemies":"Gensokyo:CosmicMonolith","floor":20,"turns":5},{"damage":4,"enemies":"Gensokyo:Chomper_and_Gloop","floor":22,"turns":4},{"damage":48,"enemies":"Gensokyo:Tenshi","floor":23,"turns":4},{"damage":20,"enemies":"Gensokyo:Wraith","floor":24,"turns":2}],"seed_played":"-4723309829480031770","potions_obtained":[{"floor":6,"key":"DuplicationPotion"},{"floor":12,"key":"SpeedPotion"},{"floor":14,"key":"ZuzhouPotion:ReiMu"},{"floor":18,"key":"SpeedPotion"}],"is_trial":false,"path_per_floor":["M","M","M","?","?","E","R","?","T","?","E","M","?","E","R","B",null,"M","?","M","$","M","E","M"],"character_chosen":"MARISA","items_purchased":["RefractionSpark","WitchLeyline"],"campfire_rested":0,"item_purchase_floors":[21,21],"current_hp_per_floor":[74,73,67,67,67,54,54,54,54,54,54,58,48,40,40,35,75,72,72,53,53,55,13,0,0],"gold":305,"neow_bonus":"ONE_RANDOM_RARE_CARD","is_daily":false,"chose_seed":false,"campfire_upgraded":2,"win_rate":0.0,"timestamp":1612562290,"path_taken":["M","M","M","?","?","E","R","?","T","?","E","?","?","E","R","BOSS","M","?","M","$","M","E","M"],"items_purchased_type":["Card","Card"],"build_version":"2020-12-22","purchased_purges":0,"victory":false,"max_hp_per_floor":[75,75,75,75,75,75,75,75,75,75,75,75,75,75,75,75,75,75,75,75,75,75,75,75,75],"relic_stats":{"Busted Crown":8,"counters":[13,51],"Whetstone":["NonDirectionalLaser","Strike_MRS"],"obtain_stats":[{"ScarletDevilRocket":6,"Busted Crown":17,"Gensokyo:MarisaIngredientList":5,"Enchiridion":8,"Gensokyo:UndefinedDarkness":19,"hubris:SlimyHat":9,"MiniHakkero":0,"Whetstone":14,"Gensokyo:ConquerorOfFear":20,"TungstenRod":11,"Toy Ornithopter":23},{"ScarletDevilRocket":4,"Busted Crown":8,"Gensokyo:MarisaIngredientList":3,"Enchiridion":4,"Gensokyo:UndefinedDarkness":9,"hubris:SlimyHat":4,"MiniHakkero":0,"Whetstone":7,"Gensokyo:ConquerorOfFear":10,"TungstenRod":5,"Toy Ornithopter":12},{"ScarletDevilRocket":15,"Busted Crown":32,"Gensokyo:MarisaIngredientList":9,"Enchiridion":15,"Gensokyo:UndefinedDarkness":36,"hubris:SlimyHat":15,"MiniHakkero":0,"Whetstone":26,"Gensokyo:ConquerorOfFear":41,"TungstenRod":18,"Toy Ornithopter":49}],"TungstenRod":21,"Toy Ornithopter":0},"card_choices":[{"not_picked":["UnstableBomb","6A"],"picked":"NonDirectionalLaser","floor":1},{"not_picked":["OrrerysSun","WitchLeyline"],"picked":"GravityBeat","floor":2},{"not_picked":["MagicChant","IllusionStar"],"picked":"PowerUp","floor":3},{"not_picked":["FairyDestructionRay","SuperPerseids"],"picked":"NonDirectionalLaser","floor":6},{"not_picked":["GalacticHalo","JA"],"picked":"EarthLightRay","floor":11},{"not_picked":["UnstableBomb","LuminesStrike","DC"],"picked":"SKIP","floor":12},{"not_picked":["Acceleration","6A"],"picked":"DoubleSpark","floor":14},{"not_picked":["StarDustReverie","EscapeVelocity"],"picked":"SuperNova","floor":16},{"not_picked":["Robbery"],"picked":"SKIP","floor":18},{"not_picked":[],"picked":"StarlightTyphoon","floor":20},{"not_picked":[],"picked":"RefractionSpark","floor":22},{"not_picked":[],"picked":"MachineGunSpark","floor":23}],"player_experience":656097,"relics_obtained":[{"floor":6,"key":"ScarletDevilRocket"},{"floor":9,"key":"hubris:SlimyHat"},{"floor":11,"key":"TungstenRod"},{"floor":14,"key":"Whetstone"},{"floor":20,"key":"Gensokyo:ConquerorOfFear"},{"floor":23,"key":"Toy Ornithopter"}],"event_choices":[],"is_beta":false,"boss_relics":[{"not_picked":["Snecko Eye","SacredBark"],"picked":"Busted Crown"}],"items_purged_floors":[],"is_endless":false,"potions_floor_spawned":[6,12,14,18,22],"killed_by":"Gensokyo:Wraith","ascension_level":0}}