{"host":"vfg9szunmpjwj08o","time":1612521514,"event":{"mods":["Act Like it!","BaseMod","Challenge The Spire","Colored Map","Colored Powertips","Conspire","Dark Map","Minty Spire (QoL Compilation)","Relic Stats","StSLib","Waifu the Spire"],"gold_per_floor":[134,186,186,226,261,261,261,321,395,395,438,471,471,10,10,10,10],"floor_reached":16,"language":"ENG","playtime":503,"items_purged":["Strike_P"],"score":148,"play_id":"13bc1206-21fa-4204-9da3-a0c95976f9cf","local_time":"20210205113834","is_ascension_mode":true,"campfire_choices":[{"data":"Eruption","floor":6,"key":"SMITH"},{"floor":10,"key":"REST"},{"data":"HandOfGreed","floor":13,"key":"SMITH"},{"data":"Tantrum","floor":15,"key":"SMITH"}],"circlet_count":0,"master_deck":["Strike_P","Strike_P","Strike_P","Defend_P","Defend_P","Defend_P","Defend_P","Eruption+1","Vigilance","HandOfGreed+1","EmptyBody","Tantrum+1","Worship","Evaluate","Nirvana","Adaptation"],"relics":["PureWater","Golden Idol","Girya","Singing Bowl","conspire:InfiniteJournal"],"acts_visited":["Exordium"],"potions_floor_usage":[12],"damage_taken":[{"damage":2,"enemies":"Small Slimes","floor":1,"turns":2},{"damage":6,"enemies":"2 Louse","floor":2,"turns":6},{"damage":11,"enemies":"Jaw Worm","floor":4,"turns":3},{"damage":13,"enemies":"Exordium Wildlife","floor":5,"turns":3},{"damage":21,"enemies":"Lagavulin","floor":8,"turns":4},{"damage":9,"enemies":"3 Louse","floor":11,"turns":4},{"damage":8,"enemies":"Exordium Thugs","floor":12,"turns":4},{"damage":19,"enemies":"Hexaghost","floor":16,"turns":7}],"seed_played":"168943739236738078","potions_obtained":[{"floor":8,"key":"Ambrosia"},{"floor":11,"key":"Weak Potion"}],"is_trial":false,"path_per_floor":["M","M","?","M","M","R","?","E","T","R","M","M","R","$","R","B"],"character_chosen":"WATCHER","items_purchased":["Adaptation","conspire:InfiniteJournal"],"campfire_rested":1,"item_purchase_floors":[14,14],"current_hp_per_floor":[63,57,57,46,33,33,33,12,12,32,25,19,19,19,19,0,0],"gold":10,"neow_bonus":"RANDOM_COLORLESS_2","is_daily":false,"chose_seed":false,"campfire_upgraded":3,"win_rate":0.0,"timestamp":1612521514,"path_taken":["M","M","?","M","M","R","?","E","T","R","M","M","R","$","R","BOSS"],"items_purchased_type":["Card","Relic"],"build_version":"2020-12-22","purchased_purges":1,"victory":false,"max_hp_per_floor":[72,72,67,67,67,67,67,67,67,67,69,71,71,71,71,71,71],"relic_stats":{"Singing Bowl":4,"counters":[8,33],"Golden Idol":23,"obtain_stats":[{"Girya":8,"Singing Bowl":9,"Golden Idol":3,"PureWater":0,"conspire:InfiniteJournal":14},{"Girya":5,"Singing Bowl":5,"Golden Idol":2,"PureWater":0,"conspire:InfiniteJournal":7},{"Girya":18,"Singing Bowl":18,"Golden Idol":8,"PureWater":0,"conspire:InfiniteJournal":26}]},"card_choices":[{"not_picked":["Panache","Mayhem"],"picked":"HandOfGreed","floor":0},{"not_picked":["LikeWater","Prostrate"],"picked":"EmptyBody","floor":1},{"not_picked":["Consecrate","PathToVictory"],"picked":"Tantrum","floor":2},{"not_picked":["Prostrate","ReachHeaven"],"picked":"Worship","floor":4},{"not_picked":["EmptyFist","Wish"],"picked":"Evaluate","floor":5},{"not_picked":["FollowUp","CrushJoints"],"picked":"Nirvana","floor":8},{"not_picked":["EmptyBody","Evaluate","BowlingBash"],"picked":"Singing Bowl","floor":11},{"not_picked":["BattleHymn","Collect","Consecrate"],"picked":"Singing Bowl","floor":12}],"player_experience":1097818,"relics_obtained":[{"floor":8,"key":"Girya"},{"floor":9,"key":"Singing Bowl"}],"event_choices":[{"damage_healed":0,"gold_gain":0,"player_choice":"Lose Max HP","damage_taken":0,"relics_obtained":["Golden Idol"],"max_hp_gain":0,"max_hp_loss":5,"event_name":"Golden Idol","floor":3,"gold_loss":0},{"cards_removed":["Regret"],"damage_healed":0,"gold_gain":0,"player_choice":"Forget","damage_taken":0,"max_hp_gain":0,"max_hp_loss":0,"event_name":"Living Wall","floor":7,"gold_loss":0}],"is_beta":false,"boss_relics":[],"items_purged_floors":[14],"is_endless":false,"potions_floor_spawned":[8,11],"killed_by":"Hexaghost","ascension_level":9}}