{"host":"e14va605tljgvqtz","time":1612491645,"event":{"mods":["BaseMod","Colored Map","Highlight Path","Minty Spire (QoL Compilation)","Relic Stats"],"gold_per_floor":[116,132,151,170,170,197,197,207,207,207,226,226,242,9,9,9,9],"floor_reached":16,"language":"ENG","playtime":752,"items_purged":[],"score":125,"play_id":"93e8b985-4a09-41b6-886e-c209b44cb8e8","local_time":"20210204182045","is_ascension_mode":true,"campfire_choices":[{"data":"Barrage","floor":7,"key":"SMITH"},{"data":"Zap","floor":10,"key":"SMITH"},{"data":"Dualcast","floor":12,"key":"SMITH"},{"data":"Defragment","floor":15,"key":"SMITH"}],"circlet_count":0,"master_deck":["Strike_B","Strike_B","Strike_B","Defend_B","Defend_B","Defend_B","Defend_B","Zap+1","Dualcast+1","Cold Snap","Barrage+1","Scrape","Gash+1","Ball Lightning+1","Defragment+1","Meteor Strike+1","Turbo","Gash+1"],"relics":["Busted Crown","Molten Egg 2","Question Card"],"acts_visited":[],"potions_floor_usage":[16,16],"damage_taken":[{"damage":5,"enemies":"Small Slimes","floor":1,"turns":4},{"damage":1,"enemies":"Cultist","floor":2,"turns":3},{"damage":4,"enemies":"2 Louse","floor":3,"turns":3},{"damage":7,"enemies":"Large Slime","floor":4,"turns":6},{"damage":15,"enemies":"Gremlin Nob","floor":6,"turns":4},{"damage":14,"enemies":"Exordium Thugs","floor":8,"turns":6},{"damage":3,"enemies":"2 Fungi Beasts","floor":11,"turns":3},{"damage":13,"enemies":"Large Slime","floor":13,"turns":3},{"damage":15,"enemies":"Hexaghost","floor":16,"turns":4}],"seed_played":"-5793601616491267613","potions_obtained":[{"floor":3,"key":"SkillPotion"},{"floor":8,"key":"Explosive Potion"},{"floor":13,"key":"DuplicationPotion"}],"is_trial":false,"path_per_floor":["M","M","M","M","?","E","R","M","T","R","M","R","M","$","R","B"],"character_chosen":"DEFECT","items_purchased":["Meteor Strike+1","Turbo","Gash+1"],"campfire_rested":0,"item_purchase_floors":[14,14,14],"current_hp_per_floor":[70,69,65,58,58,43,43,29,29,29,26,26,13,13,13,0,0],"gold":9,"neow_bonus":"BOSS_RELIC","is_daily":false,"chose_seed":false,"campfire_upgraded":4,"win_rate":0.0,"timestamp":1612491645,"path_taken":["M","M","M","M","?","E","R","M","T","R","M","R","?","$","R","BOSS"],"items_purchased_type":["Card","Card","Card"],"build_version":"2020-12-22","purchased_purges":0,"victory":false,"max_hp_per_floor":[75,75,75,75,75,75,75,75,75,75,75,75,75,75,75,75,75],"relic_stats":{"Busted Crown":16,"counters":[9,36],"Question Card":2,"obtain_stats":[{"Busted Crown":0,"Molten Egg 2":6,"Cracked Core":0,"Question Card":9},{"Busted Crown":0,"Molten Egg 2":5,"Cracked Core":0,"Question Card":6},{"Busted Crown":0,"Molten Egg 2":20,"Cracked Core":0,"Question Card":26}]},"card_choices":[{"not_picked":["Hologram"],"picked":"SKIP","floor":1},{"not_picked":[],"picked":"Cold Snap","floor":2},{"not_picked":["Streamline"],"picked":"SKIP","floor":3},{"not_picked":[],"picked":"Barrage","floor":4},{"not_picked":[],"picked":"Gash+1","floor":6},{"not_picked":["Blizzard+1"],"picked":"SKIP","floor":8},{"not_picked":["Recycle"],"picked":"Ball Lightning+1","floor":11},{"not_picked":["Conserve Battery"],"picked":"Defragment","floor":13}],"player_experience":299190,"relics_obtained":[{"floor":6,"key":"Molten Egg 2"},{"floor":9,"key":"Question Card"}],"event_choices":[{"damage_healed":0,"gold_gain":0,"cards_transformed":["Strike_B"],"player_choice":"Transformed","damage_taken":0,"max_hp_gain":0,"max_hp_loss":0,"event_name":"Transmorgrifier","floor":5,"gold_loss":0,"cards_obtained":["Scrape"]}],"is_beta":false,"boss_relics":[],"items_purged_floors":[],"is_endless":false,"potions_floor_spawned":[3,8,13],"killed_by":"Hexaghost","ascension_level":4}}