{"host":"7f01flv6y0vhl3vt","time":1612545599,"event":{"mods":["Act Like it!","BaseMod","Downfall","Minty Spire (QoL Compilation)","StSLib"],"gold_per_floor":[99,116,128,140,140,152,217,29,51,8,8,31,31,32,51,51,51,51],"floor_reached":16,"language":"ENG","playtime":2085,"items_purged":[],"score":117,"play_id":"880be34a-42b0-4cb3-9697-45766c4e9e67","local_time":"20210205121959","is_ascension_mode":false,"campfire_choices":[{"floor":1,"key":"RECALL"},{"data":"hexamod:RetreatToShadows","floor":8,"key":"SMITH"},{"data":"hexamod:EmpoweredFlame","floor":11,"key":"SMITH"}],"circlet_count":0,"master_deck":["hexamod:Strike","hexamod:Strike","hexamod:Strike","hexamod:Strike","hexamod:Defend","hexamod:Defend","hexamod:Defend","hexamod:Sear","hexamod:Float","hexamod:RetreatToShadows+1","hexamod:EmpoweredFlame+1","hexamod:PhantomCloak","hexamod:ThirdSeal","hexamod:SecondSeal","hexamod:NightmareStrike","hexamod:RadiantFlame","hexamod:RadiantFlame","hexamod:SecondSeal","hexamod:FifthSeal","hexamod:ShieldOfDarkness","hexamod:SixthSeal","hexamod:ThirdSeal","hexamod:UnleashSpirits"],"relics":["hexamod:SpiritBrand","MawBank","downfall:HeartBlessingBlue","downfall:HeartBlessingRed","downfall:BrokenWingStatue"],"acts_visited":["Exordium"],"potions_floor_usage":[4,12],"damage_taken":[{"damage":8,"enemies":"2 Louse","floor":2,"turns":5},{"damage":6,"enemies":"Small Slimes","floor":3,"turns":3},{"damage":6,"enemies":"Jaw Worm","floor":4,"turns":3},{"damage":3,"enemies":"2 Fungi Beasts","floor":9,"turns":4},{"damage":3,"enemies":"downfall:FleeingMerchant","floor":10,"turns":4},{"damage":22,"enemies":"Large Slime","floor":12,"turns":7},{"damage":8,"enemies":"downfall:FleeingMerchant","floor":14,"turns":4},{"damage":24,"enemies":"3 Louse","floor":15,"turns":6},{"damage":12,"enemies":"WA_ARCHETYPE_RETAIN","floor":16,"turns":4}],"seed_played":"3672358518334834135","potions_obtained":[{"floor":3,"key":"CultistPotion"},{"floor":4,"key":"Fruit Juice"}],"is_trial":false,"path_per_floor":["R","M","M","M","?","?","T","R","M","$","R","M","?","$","M","B"],"character_chosen":"THE_SPIRIT","items_purchased":["hexamod:RadiantFlame"],"campfire_rested":0,"item_purchase_floors":[10],"current_hp_per_floor":[77,69,63,62,62,62,62,72,69,66,66,44,44,36,12,0,0,0],"gold":51,"neow_bonus":"TEN_PERCENT_HP_BONUS","is_daily":false,"chose_seed":false,"campfire_upgraded":2,"win_rate":0.0,"timestamp":1612545599,"path_taken":["R","M","M","M","?","?","T","R","M","?","R","M","?","$","M","BOSS"],"items_purchased_type":["Card"],"build_version":"2020-12-22","purchased_purges":0,"victory":false,"max_hp_per_floor":[77,77,77,82,82,82,82,92,92,92,92,92,92,92,92,92,92,92],"card_choices":[{"not_picked":["hexamod:NightmareGuise","hexamod:GhostLash"],"picked":"hexamod:RetreatToShadows","floor":2},{"not_picked":["hexamod:ShieldOfDarkness","hexamod:GhostLash"],"picked":"hexamod:EmpoweredFlame","floor":3},{"not_picked":["hexamod:AdvancingGuard","hexamod:GhostLash"],"picked":"hexamod:PhantomCloak","floor":4},{"not_picked":["hexamod:FastForward","hexamod:EtherealExpedition"],"picked":"hexamod:ThirdSeal","floor":9},{"not_picked":["hexamod:HauntingEcho","hexamod:GhostShield"],"picked":"hexamod:SecondSeal","floor":10},{"not_picked":["hexamod:SpectersWail","hexamod:HauntingEcho"],"picked":"hexamod:NightmareStrike","floor":10},{"not_picked":["hexamod:BurningTouch","hexamod:SpectralSpark"],"picked":"hexamod:RadiantFlame","floor":12},{"not_picked":["hexamod:BacktrackSmack","hexamod:FastForward"],"picked":"hexamod:SecondSeal","floor":12},{"not_picked":["hexamod:ExtraCrispy","hexamod:SwordOfDarkness"],"picked":"hexamod:FifthSeal","floor":14},{"not_picked":["hexamod:FlamesFromBeyond","hexamod:NightmareStrike"],"picked":"hexamod:ShieldOfDarkness","floor":14},{"not_picked":["hexamod:SecondSeal","hexamod:FourthSeal"],"picked":"hexamod:SixthSeal","floor":15},{"not_picked":["hexamod:HauntingEcho","hexamod:RainOfEmbers"],"picked":"hexamod:ThirdSeal","floor":15},{"not_picked":["hexamod:NecessarySacrifice","hexamod:SuperheatedStrike"],"picked":"hexamod:UnleashSpirits","floor":15}],"player_experience":1625959,"relics_obtained":[],"event_choices":[{"cards_removed":["hexamod:Defend"],"damage_healed":0,"gold_gain":0,"player_choice":"Card Removal","damage_taken":0,"max_hp_gain":0,"max_hp_loss":0,"event_name":"The Cleric","floor":6,"gold_loss":0}],"is_beta":false,"boss_relics":[],"items_purged_floors":[],"is_endless":false,"potions_floor_spawned":[3,4],"killed_by":"WA_ARCHETYPE_RETAIN","ascension_level":0}}