{"host":"jfbo3eu2ui08ej1u","time":1612490118,"event":{"mods":["2.2 Compatiblity","AchievementEnabler","Act Like it!","Aspiration","BaseMod","Better Altar","Better Match","Better Note","Better Sensory Stone","Better Skull","Better Third Choice","Block Reminder","Colored Map","Colored Powertips","Conspire","DeckTracker","Displayed Cursed Tome","Energized Spire","Fox Events","GifTheSpireLib","Hermit","Hubris","Infinite Spire","Marked Mod","Minty Spire (QoL Compilation)","Monster B Gone","Pale of the Ancients","Poor People Problems","Quick Restart","Relic Filter","Reliquary","Reorder Act Four","Replay The Spire","Shop Mod","Spicy Shops","Spire Arcade","StSLib","Stuff the Spire","The Blue Laboratory","The Disciple","The Forsaken","The Hierophant","The Marked","Uncapped","Unceasing Turn Reminder","Wandering Minibosses"],"gold_per_floor":[114,133,133,133,150,150,160,186,234,24,24,52,52,70,70,169,169,188,288,300,300,300,332,332,361,361,361,379,393,393,393],"floor_reached":30,"language":"ENG","playtime":1703,"items_purged":["hermit:HighCaliber"],"score":306,"play_id":"89334eac-3a72-4c37-90be-2d1bf4f34fcb","local_time":"20210204205518","is_ascension_mode":true,"campfire_choices":[{"data":"hermit:Virtue","floor":6,"key":"SMITH"},{"data":"hermit:HeroicBravado","floor":11,"key":"SMITH"},{"floor":15,"key":"REST"},{"floor":24,"key":"REST"}],"circlet_count":0,"master_deck":["hermit:Strike_Hermit","hermit:Strike_Hermit","hermit:Strike_Hermit","hermit:Defend_Hermit","hermit:Defend_Hermit","hermit:Defend_Hermit","hermit:Snapshot","hermit:Covet","hermit:Virtue+1","hermit:Vantage","hermit:FatalDesire","hermit:CalledShot","hermit:Roulette","hermit:Dive","hermit:BigShot+1","hermit:HeroicBravado+1","hermit:TrackingShot","hermit:ItchyTrigger","hermit:FinalCanter","CurseOfTheBell","hermit:Manifest+1","hermit:Vantage","hermit:Ricochet","hermit:Deadeye"],"relics":["hermit:Momento","StuffTheSpire:Tea","StuffTheSpire:HeavyRock","Counterbalance","aspiration:FutureDiary","Smiling Mask","Calling Bell","hermit:RyeStalk","infinitespire:Eraser","hubris:Potato","Shovel","conspire:BottledYoYo","infinitespire:BottledMercury"],"acts_visited":["Exordium","TheCity"],"potions_floor_usage":[8,20,23,30],"damage_taken":[{"damage":0,"enemies":"2 Louse","floor":1,"turns":3},{"damage":8,"enemies":"Small Slimes","floor":2,"turns":4},{"damage":1,"enemies":"Cultist","floor":5,"turns":5},{"damage":13,"enemies":"Blue Slaver","floor":7,"turns":2},{"damage":13,"enemies":"Gremlin Nob","floor":8,"turns":3},{"damage":12,"enemies":"3 Sentries","floor":12,"turns":10},{"damage":15,"enemies":"Lots of Slimes","floor":14,"turns":4},{"damage":28,"enemies":"Fading Forest","floor":16,"turns":11},{"damage":4,"enemies":"Chosen","floor":18,"turns":3},{"damage":14,"enemies":"2 Thieves","floor":20,"turns":4},{"damage":42,"enemies":"Gremlin Leader","floor":23,"turns":6},{"damage":15,"enemies":"Replay:Snechameleon","floor":25,"turns":5},{"damage":2,"enemies":"conspire:HollyBat","floor":28,"turns":10},{"damage":18,"enemies":"Snecko","floor":29,"turns":6},{"damage":41,"enemies":"Slavers","floor":30,"turns":4}],"seed_played":"-7457900979960566115","potions_obtained":[{"floor":1,"key":"DistilledChaos"},{"floor":7,"key":"blueLaboratory:PyrophylliteBrew"},{"floor":12,"key":"blueLaboratory:LouseDecoction"},{"floor":20,"key":"Death Potion"},{"floor":23,"key":"blueLaboratory:LouseDecoction"}],"is_trial":false,"path_per_floor":["M","M","?","?","M","R","M","E","T","$","R","E","$","M","R","B",null,"M","?","M","?","AVR","E","R","E","T","?","M","M","E"],"character_chosen":"HERMIT","items_purchased":["hermit:BigShot+1","hermit:HeroicBravado"],"campfire_rested":2,"item_purchase_floors":[10,10],"current_hp_per_floor":[75,67,72,72,71,71,58,45,45,45,45,33,33,18,42,24,80,76,76,62,62,62,20,44,29,29,55,53,35,0,0],"gold":393,"neow_bonus":"TRANSFORM_CARD","is_daily":false,"chose_seed":false,"campfire_upgraded":2,"win_rate":0.0,"timestamp":1612490118,"path_taken":["M","M","?","?","M","R","M","E","T","$","R","E","$","?","R","BOSS","M","?","?","?","AVR","E","R","E","T","?","M","M","E"],"items_purchased_type":["Card","Card"],"build_version":"2020-12-22","purchased_purges":1,"victory":false,"max_hp_per_floor":[75,75,80,80,80,80,80,80,80,80,80,80,80,80,80,80,80,80,80,80,80,80,80,80,80,80,80,80,80,80,80],"card_choices":[{"not_picked":["hermit:Quickdraw","hermit:Coalescence"],"picked":"hermit:HighCaliber","floor":1},{"not_picked":["hermit:ShadowCloak","hermit:CalledShot"],"picked":"hermit:Vantage","floor":2},{"not_picked":["hermit:SprayPray","hermit:Manifest"],"picked":"hermit:CalledShot","floor":5},{"not_picked":["hermit:Feint","hermit:NoHoldsBarred"],"picked":"hermit:Roulette","floor":7},{"not_picked":["hermit:GhostlyPresence","hermit:BodyArmor"],"picked":"hermit:Dive","floor":8},{"not_picked":["hermit:Ricochet","hermit:Dissolve"],"picked":"hermit:TrackingShot","floor":12},{"not_picked":["hermit:Misfire","hermit:Roulette"],"picked":"hermit:ItchyTrigger","floor":14},{"not_picked":["hermit:RoundhouseKick","hermit:Gambit"],"picked":"hermit:FinalCanter","floor":16},{"not_picked":["hermit:Feint","hermit:LowProfile","hermit:HoleUp"],"picked":"SKIP","floor":18},{"not_picked":["hermit:HoleUp","hermit:Feint","hermit:GoldenBullet+1"],"picked":"SKIP","floor":20},{"not_picked":["hermit:Feint","hermit:Desperado"],"picked":"hermit:Manifest+1","floor":23},{"not_picked":["hermit:OverwhelmingPower","hermit:TrackingShot"],"picked":"hermit:Vantage","floor":25},{"not_picked":["hermit:Midnight","hermit:TrackingShot"],"picked":"hermit:Ricochet","floor":28},{"not_picked":["hermit:Roulette+1","hermit:Dive"],"picked":"hermit:Deadeye","floor":29}],"player_experience":1294358,"relics_obtained":[{"floor":8,"key":"StuffTheSpire:Tea"},{"floor":9,"key":"StuffTheSpire:HeavyRock"},{"floor":12,"key":"reliquary:FerryPass"},{"floor":14,"key":"Counterbalance"},{"floor":22,"key":"hermit:RyeStalk"},{"floor":22,"key":"infinitespire:Eraser"},{"floor":22,"key":"hubris:Potato"},{"floor":23,"key":"Shovel"},{"floor":25,"key":"conspire:BottledYoYo"},{"floor":26,"key":"infinitespire:BottledMercury"}],"event_choices":[{"damage_healed":0,"gold_gain":0,"player_choice":"Donut","damage_taken":0,"max_hp_gain":5,"max_hp_loss":0,"event_name":"Big Fish","floor":3,"gold_loss":0},{"damage_healed":0,"gold_gain":0,"cards_transformed":["hermit:Defend_Hermit"],"player_choice":"Transformed","damage_taken":0,"max_hp_gain":0,"max_hp_loss":0,"event_name":"Transmorgrifier","floor":4,"gold_loss":0,"cards_obtained":["hermit:FatalDesire"]},{"damage_healed":0,"gold_gain":100,"player_choice":"Pray","damage_taken":0,"max_hp_gain":0,"max_hp_loss":0,"event_name":"Golden Shrine","floor":19,"gold_loss":0},{"damage_healed":26,"gold_gain":0,"player_choice":"Heal","damage_taken":0,"max_hp_gain":0,"max_hp_loss":0,"event_name":"The Library","floor":27,"gold_loss":0}],"is_beta":false,"boss_relics":[{"not_picked":["Replay:Drink Me","aspiration:WatcherSkillbook"],"picked":"aspiration:FutureDiary"}],"items_purged_floors":[22],"is_endless":false,"potions_floor_spawned":[1,7,12,20,23],"killed_by":"Slavers","ascension_level":2}}