{"host":"jscggscbx0p7706o","time":1612530208,"event":{"mods":["AchievementEnabler","BaseMod","Block Reminder","Colored Powertips","Filter the Spire","Minty Spire (QoL Compilation)","Permanent Neow","Quick Restart","StSLib"],"gold_per_floor":[366,541,215,39,39,39,70,145,145,145,159,178,178,196,196,196,296,296,296,296,296,0,0,0,0,0,0,0,0,0,0,0,0,0,0,0,0,0,0,0,0,0,0],"floor_reached":42,"language":"ENG","playtime":3368,"items_purged":["Doubt","Strike_B"],"score":629,"play_id":"ceae1c91-a930-4962-86ba-30b55e3e6145","local_time":"20210205210328","is_ascension_mode":true,"campfire_choices":[{"data":"Zap","floor":6.0,"key":"SMITH"},{"floor":10.0,"key":"REST"},{"data":"Coolheaded","floor":15.0,"key":"SMITH"},{"floor":16.0,"key":"REST"},{"data":"Seek","floor":24,"key":"SMITH"},{"data":"Coolheaded","floor":26,"key":"SMITH"},{"data":"Hologram","floor":30,"key":"SMITH"},{"data":"Steam","floor":34,"key":"SMITH"}],"circlet_count":0,"master_deck":["Strike_B+1","Strike_B+1","Defend_B+1","Defend_B","Defend_B","Zap+1","Dualcast+1","Steam+1","Coolheaded+1","Conserve Battery","Conserve Battery","Coolheaded+1","Conserve Battery","Ball Lightning","Seek+1","Chill+1","Ball Lightning","Hologram+1","Glacier+1","Ball Lightning","Buffer"],"relics":["FrozenCore","ClockworkSouvenir","Whetstone","WingedGreaves","Ectoplasm","MutagenicStrength","Turnip","Omamori","Pocketwatch","Pear"],"acts_visited":["Exordium","TheCity","TheBeyond"],"potions_floor_usage":[32,33,42],"damage_taken":[{"damage":1.0,"enemies":"2 Louse","floor":1.0,"turns":3.0},{"damage":18.0,"enemies":"3 Sentries","floor":7.0,"turns":15.0},{"damage":0.0,"enemies":"Jaw Worm","floor":11.0,"turns":3.0},{"damage":0.0,"enemies":"Small Slimes","floor":12.0,"turns":4.0},{"damage":0.0,"enemies":"Exordium Wildlife","floor":14.0,"turns":4.0},{"damage":0,"enemies":"The Guardian","floor":17,"turns":13},{"damage":3,"enemies":"Shell Parasite","floor":19,"turns":6},{"damage":0,"enemies":"3 Byrds","floor":21,"turns":7},{"damage":0,"enemies":"Cultist and Chosen","floor":23,"turns":7},{"damage":4,"enemies":"Book of Stabbing","floor":27,"turns":6},{"damage":2,"enemies":"Snake Plant","floor":31,"turns":4},{"damage":17,"enemies":"Gremlin Leader","floor":32,"turns":8},{"damage":0,"enemies":"Book of Stabbing","floor":33,"turns":5},{"damage":51,"enemies":"Champ","floor":35,"turns":15},{"damage":0,"enemies":"Orb Walker","floor":37,"turns":4},{"damage":10,"enemies":"3 Darklings","floor":41,"turns":9},{"damage":102,"enemies":"Giant Head","floor":42,"turns":10}],"seed_played":"-1562287459930595739","potions_obtained":[{"floor":12.0,"key":"AttackPotion"},{"floor":14.0,"key":"FearPotion"},{"floor":17,"key":"Swift Potion"},{"floor":33,"key":"Fruit Juice"},{"floor":37,"key":"LiquidMemories"}],"is_trial":false,"path_per_floor":["M","?","$","$","?","R","E","?","T","R","M","M","?","M","R","R","B",null,"M","?","M","?","M","R","?","R","E","T","?","R","M","E","E","R","B",null,"M","?","?","$","M","E"],"character_chosen":"DEFECT","items_purchased":["ClockworkSouvenir","Coolheaded","Conserve Battery","Conserve Battery","Coolheaded"],"campfire_rested":2,"item_purchase_floors":[3,3,3,4,4],"current_hp_per_floor":[53,53,53,53,38,38,20,9,9,31,31,31,24,24,24,46,46,75,72,66,66,66,66,66,66,66,62,62,62,62,60,43,58,58,7,90,90,85,85,85,75,0,0],"gold":0,"neow_bonus":"TWO_FIFTY_GOLD","is_daily":false,"chose_seed":false,"campfire_upgraded":6,"win_rate":0.0,"timestamp":1612530208,"path_taken":["M","?","$","?","?","R","E","?","T","R","?","?","?","M","R","R","BOSS","M","?","?","?","M","R","?","R","E","T","?","R","?","E","E","R","BOSS","M","?","?","$","M","E"],"items_purchased_type":["Relic","Card","Card","Card","Card"],"build_version":"2020-12-22","purchased_purges":2,"victory":false,"max_hp_per_floor":[75,75,75,75,75,75,75,75,75,75,75,75,75,75,75,75,75,75,75,75,75,75,75,75,75,75,75,75,75,75,75,75,90,90,90,90,90,85,85,85,85,85,85],"card_choices":[{"not_picked":["Streamline","Barrage"],"picked":"Steam","floor":1.0},{"not_picked":["Stack","Double Energy","Heatsinks"],"picked":"SKIP","floor":7.0},{"not_picked":["Lockon","Go for the Eyes"],"picked":"Conserve Battery","floor":11.0},{"not_picked":["Compile Driver","Barrage","Streamline"],"picked":"SKIP","floor":12.0},{"not_picked":["Compile Driver","Sweeping Beam"],"picked":"Ball Lightning","floor":14.0},{"not_picked":["Core Surge","Multi-Cast"],"picked":"Seek","floor":17},{"not_picked":["Beam Cell","Fusion"],"picked":"Chill+1","floor":19},{"not_picked":["Fusion","Turbo"],"picked":"Ball Lightning","floor":21},{"not_picked":["Hello World","Self Repair"],"picked":"Hologram","floor":23},{"not_picked":["Reprogram+1","Cold Snap"],"picked":"Glacier+1","floor":27},{"not_picked":["Beam Cell","Barrage","Compile Driver"],"picked":"SKIP","floor":31},{"not_picked":["Rebound","Undo+1"],"picked":"Ball Lightning","floor":32},{"not_picked":["Steam","Beam Cell","Sweeping Beam"],"picked":"SKIP","floor":33},{"not_picked":["Seek","Multi-Cast"],"picked":"Buffer","floor":35},{"not_picked":["Stack+1","Sweeping Beam+1","Go for the Eyes"],"picked":"SKIP","floor":37},{"not_picked":["Beam Cell+1","Consume","Hologram"],"picked":"SKIP","floor":41}],"player_experience":358986,"relics_obtained":[{"floor":7.0,"key":"Whetstone"},{"floor":9.0,"key":"WingedGreaves"},{"floor":27,"key":"Turnip"},{"floor":28,"key":"Omamori"},{"floor":32,"key":"Pocketwatch"},{"floor":33,"key":"Pear"}],"event_choices":[{"damage_healed":0.0,"max_hp_gain":0.0,"max_hp_loss":0.0,"gold_gain":175.0,"event_name":"Liars Game","player_choice":"AGREE","floor":2.0,"gold_loss":0.0,"damage_taken":0.0,"cards_obtained":["Doubt"]},{"damage_healed":0.0,"max_hp_gain":0.0,"max_hp_loss":0.0,"gold_gain":0.0,"event_name":"Shining Light","player_choice":"Entered Light","floor":5.0,"gold_loss":0.0,"damage_taken":15.0,"cards_upgraded":["Dualcast","Defend_B"]},{"damage_healed":0.0,"max_hp_gain":0.0,"max_hp_loss":0.0,"gold_gain":75.0,"event_name":"World of Goop","player_choice":"Gather Gold","floor":8.0,"gold_loss":0.0,"damage_taken":11.0},{"cards_removed":["Strike_B"],"damage_healed":0.0,"max_hp_gain":0.0,"max_hp_loss":0.0,"gold_gain":0.0,"event_name":"Golden Wing","player_choice":"Card Removal","floor":13.0,"gold_loss":0.0,"damage_taken":7.0},{"damage_healed":0,"gold_gain":0,"player_choice":"","damage_taken":6,"max_hp_gain":0,"max_hp_loss":0,"event_name":"Knowing Skull","floor":20,"potions_obtained":[],"gold_loss":0,"cards_obtained":[]},{"damage_healed":0,"gold_gain":0,"player_choice":"Paid Fearfully","damage_taken":0,"max_hp_gain":0,"max_hp_loss":0,"event_name":"Masked Bandits","floor":22,"gold_loss":296},{"damage_healed":0,"gold_gain":0,"player_choice":"Inject Mutagens","damage_taken":0,"relics_obtained":["MutagenicStrength"],"max_hp_gain":0,"max_hp_loss":0,"event_name":"Drug Dealer","floor":25,"gold_loss":0},{"damage_healed":0,"gold_gain":99,"player_choice":"Stole From Cult","damage_taken":0,"max_hp_gain":0,"max_hp_loss":0,"event_name":"Nest","floor":29,"gold_loss":0},{"damage_healed":0,"gold_gain":0,"player_choice":"Max HP","damage_taken":0,"max_hp_gain":0,"max_hp_loss":5,"event_name":"Winding Halls","floor":38,"gold_loss":0},{"cards_removed":["Defend_B"],"damage_healed":0,"gold_gain":0,"player_choice":"Removed Skill","damage_taken":0,"max_hp_gain":0,"max_hp_loss":0,"event_name":"Falling","floor":39,"gold_loss":0}],"is_beta":false,"boss_relics":[{"not_picked":["Calling Bell","SacredBark"],"picked":"Ectoplasm"},{"not_picked":["Velvet Choker","Pandora\u0027s Box"],"picked":"FrozenCore"}],"items_purged_floors":[3,4],"is_endless":false,"potions_floor_spawned":[12,14,17,19,27,33,37],"killed_by":"Giant Head","ascension_level":3}}