{"host":"xp5rvh2jwe2ejyfm","time":1612486672,"event":{"mods":["2.2 Compatiblity","Aspiration","BaseMod","BetterRewards","Colored Powertips","Conspire","Downfall","GifTheSpireLib","Gremlin Mod","Hermit","Hubris","Jorbs\u0027s Wanderer Trilogy","Minty Spire (QoL Compilation)","Replay The Spire","Robot Space Explorer","Shade Mod","Somnambulant","StSLib","The Bug Knight","The Clintock","The Construct","The Cursed","The Disciple","The Forsaken","The Hierophant","The Necromancer","The Runesmith","The Servant 0.9.4","The Valiant","The Witch","thorton"],"gold_per_floor":[116,37,48,48,66,66,66,84,110,120,37,37,50,64,64,64,64],"floor_reached":16,"language":"ENG","playtime":548,"items_purged":[],"score":94,"play_id":"e3f79e6c-3606-4146-bd63-1f576b831a7d","local_time":"20210204195752","is_ascension_mode":false,"campfire_choices":[{"floor":6,"key":"RECALL"},{"floor":15,"key":"REST"}],"circlet_count":0,"master_deck":["somnambulantmod: SomnambulantStrike","somnambulantmod: SomnambulantStrike","somnambulantmod: SomnambulantStrike","somnambulantmod: SomnambulantStrike","somnambulantmod: SomnambulantStrike","somnambulantmod: Defend_Somnambulant","somnambulantmod: Defend_Somnambulant","somnambulantmod: Defend_Somnambulant","somnambulantmod: Defend_Somnambulant","somnambulantmod: Defend_Somnambulant","somnambulantmod: QuickNap","somnambulantmod: PrimingPunch","somnambulantmod: HeavyLids","somnambulantmod: DeeperSleep","somnambulantmod: BadIdea+1","somnambulantmod: Sleepyhead","somnambulantmod: LoseForm","somnambulantmod: Wake","somnambulantmod: HeadSmack","somnambulantmod: Stumble","conspire:Banana","somnambulantmod: BadIdea","somnambulantmod: SickeningSwathe"],"relics":["somnambulantmod: DreamJournal","NeowsBlessing","hubris:SphereOfDissonance"],"acts_visited":["Exordium"],"potions_floor_usage":[10,14,16],"damage_taken":[{"damage":0,"enemies":"Jaw Worm","floor":1,"turns":1},{"damage":0,"enemies":"Cultist","floor":3,"turns":1},{"damage":8,"enemies":"Small Slimes","floor":5,"turns":2},{"damage":21,"enemies":"Red Slaver","floor":8,"turns":3},{"damage":14,"enemies":"2 Fungi Beasts","floor":10,"turns":6},{"damage":12,"enemies":"Blue Slaver","floor":13,"turns":3},{"damage":10,"enemies":"Large Slime","floor":14,"turns":5},{"damage":55,"enemies":"Fading Forest","floor":16,"turns":10}],"seed_played":"523803421375001620","potions_obtained":[{"floor":3,"key":"Block Potion"},{"floor":10,"key":"Venom Potion"},{"floor":13,"key":"CultistPotion"}],"is_trial":false,"path_per_floor":["M","$","M","?","M","R","T","M","T","M","$","?","M","M","R","B"],"character_chosen":"THE_SOMNAMBULANT","items_purchased":["somnambulantmod: DeeperSleep","conspire:Banana"],"campfire_rested":1,"item_purchase_floors":[2,11],"current_hp_per_floor":[70,70,70,70,62,62,62,41,41,27,27,27,16,7,30,0,0],"gold":64,"neow_bonus":"THREE_ENEMY_KILL","is_daily":false,"chose_seed":false,"campfire_upgraded":0,"win_rate":0.0,"timestamp":1612486672,"path_taken":["M","$","M","?","?","R","?","M","T","?","$","?","M","?","R","BOSS"],"items_purchased_type":["Card","Card"],"build_version":"2020-12-22","purchased_purges":0,"victory":false,"max_hp_per_floor":[70,70,70,70,70,70,70,70,70,70,70,70,71,72,74,75,75],"card_choices":[{"not_picked":["somnambulantmod: Sleepyhead","somnambulantmod: Harden"],"picked":"somnambulantmod: HeavyLids","floor":1},{"not_picked":["somnambulantmod: ShowerThought","somnambulantmod: SnuggleUp"],"picked":"somnambulantmod: BadIdea","floor":3},{"not_picked":["somnambulantmod: Pinch","somnambulantmod: Harden"],"picked":"somnambulantmod: Wake","floor":5},{"not_picked":["somnambulantmod: Unknow","somnambulantmod: OpeningUp"],"picked":"somnambulantmod: HeadSmack","floor":8},{"not_picked":["somnambulantmod: Narcolepsy","somnambulantmod: Pinch"],"picked":"somnambulantmod: Stumble","floor":10},{"not_picked":["somnambulantmod: Sleepyhead","somnambulantmod: Pinch"],"picked":"somnambulantmod: BadIdea","floor":13},{"not_picked":["somnambulantmod: Stumble","somnambulantmod: RacingThoughts"],"picked":"somnambulantmod: SickeningSwathe","floor":14}],"player_experience":426550,"relics_obtained":[{"floor":7,"key":"hubris:SphereOfDissonance"}],"event_choices":[{"damage_healed":0,"gold_gain":0,"player_choice":"2 cards matched","damage_taken":0,"max_hp_gain":0,"max_hp_loss":0,"event_name":"Match and Keep!","floor":4,"gold_loss":0,"cards_obtained":["somnambulantmod: Sleepyhead","somnambulantmod: LoseForm"]},{"damage_healed":0,"gold_gain":0,"player_choice":"Ignored","damage_taken":0,"max_hp_gain":0,"max_hp_loss":0,"event_name":"NoteForYourself","floor":12,"gold_loss":0}],"is_beta":false,"boss_relics":[],"items_purged_floors":[],"is_endless":false,"potions_floor_spawned":[3,10,13],"killed_by":"Fading Forest","ascension_level":0}}