{"host":"wuernuywc9gl215o","time":1612528005,"event":{"mods":["AchievementEnabler","BaseMod","Block Reminder","Highlight Path","Key Reminder","Minty Spire (QoL Compilation)","Permanent Neow","Potion Indicator Mod","Quick Restart","Relic Stats"],"gold_per_floor":[115,130,130,305,305,330,2,2,2],"floor_reached":8,"language":"ENG","playtime":798,"items_purged":[],"score":92,"play_id":"2e56e035-e794-4a59-a5cb-73a7c9914566","local_time":"20210205122645","is_ascension_mode":true,"campfire_choices":[],"circlet_count":0,"master_deck":["AscendersBane","Strike_G","Strike_G","Strike_G","Strike_G+1","Defend_G","Defend_G","Defend_G+1","Defend_G","Defend_G","Survivor","Neutralize","Noxious Fumes","Footwork","Well Laid Plans","Deflect","Escape Plan"],"relics":["Ring of the Snake","Matryoshka","Toolbox","Nunchaku"],"acts_visited":["Exordium"],"potions_floor_usage":[],"damage_taken":[{"damage":0.0,"enemies":"2 Louse","floor":1.0,"turns":4.0},{"damage":0.0,"enemies":"Small Slimes","floor":2.0,"turns":5.0},{"damage":27,"enemies":"Lagavulin","floor":6,"turns":9},{"damage":13,"enemies":"Gremlin Nob","floor":8,"turns":4}],"seed_played":"4940590230267285872","potions_obtained":[{"floor":6,"key":"LiquidBronze"}],"is_trial":false,"path_per_floor":["M","M","?","?","?","E","$","E"],"character_chosen":"THE_SILENT","items_purchased":["Toolbox","Escape Plan","Nunchaku"],"campfire_rested":0,"item_purchase_floors":[7,7,7],"current_hp_per_floor":[59,59,46,46,39,12,12,0,0],"gold":2,"neow_bonus":"TRANSFORM_CARD","is_daily":false,"chose_seed":false,"campfire_upgraded":0,"win_rate":0.0,"timestamp":1612528005,"path_taken":["M","M","?","?","?","E","$","E"],"items_purchased_type":["Relic","Card","Relic"],"build_version":"2020-12-22","purchased_purges":0,"victory":false,"max_hp_per_floor":[66,66,66,66,66,66,66,66,66],"relic_stats":{"Nunchaku":[0],"counters":[4,22],"obtain_stats":[{"Nunchaku":7,"Matryoshka":6,"Toolbox":7,"Ring of the Snake":0},{"Nunchaku":3,"Matryoshka":3,"Toolbox":3,"Ring of the Snake":0},{"Nunchaku":18,"Matryoshka":18,"Toolbox":18,"Ring of the Snake":0}],"Ring of the Snake":[8]},"card_choices":[{"not_picked":["Underhanded Strike","Outmaneuver"],"picked":"Footwork","floor":1.0},{"not_picked":["Prepared","Riddle With Holes"],"picked":"Well Laid Plans","floor":2.0},{"not_picked":["Distraction","PiercingWail"],"picked":"Deflect","floor":6}],"player_experience":825656,"relics_obtained":[{"floor":6,"key":"Matryoshka"}],"event_choices":[{"damage_healed":0.0,"max_hp_gain":0.0,"max_hp_loss":0.0,"gold_gain":0.0,"event_name":"Shining Light","player_choice":"Entered Light","floor":3.0,"gold_loss":0.0,"damage_taken":13.0,"cards_upgraded":["Defend_G","Strike_G"]},{"damage_healed":0.0,"max_hp_gain":0.0,"max_hp_loss":0.0,"gold_gain":175.0,"event_name":"Liars Game","player_choice":"AGREE","floor":4.0,"gold_loss":0.0,"damage_taken":0.0,"cards_obtained":["Doubt"]},{"cards_removed":["Doubt"],"damage_healed":0.0,"max_hp_gain":0.0,"max_hp_loss":0.0,"gold_gain":0.0,"event_name":"Golden Wing","player_choice":"Card Removal","floor":5.0,"gold_loss":0.0,"damage_taken":7.0}],"is_beta":false,"boss_relics":[],"items_purged_floors":[],"is_endless":false,"potions_floor_spawned":[6],"killed_by":"Gremlin Nob","ascension_level":14}}