{"host":"Qube","time":1612568072,"event":{"mods":["AchievementEnabler","BaseMod","Colored Map","Colored Powertips","Highlight Path","Minty Spire (QoL Compilation)","Permanent Neow","Quick Restart","Random Character Button","StSLib"],"gold_per_floor":[116,116,133,148,164,164,197,197,197,231,201,201,229,246,246,246,246],"floor_reached":16,"language":"ENG","playtime":830,"items_purged":[],"score":240,"play_id":"7c5320f3-def5-4203-ad3e-74917c51a947","local_time":"20210205153432","is_ascension_mode":true,"campfire_choices":[{"data":"Bash","floor":6.0,"key":"SMITH"},{"data":"Cleave","floor":8,"key":"SMITH"},{"floor":12,"key":"REST"},{"data":"Corruption","floor":15,"key":"SMITH"}],"circlet_count":0,"master_deck":["AscendersBane","Strike_R","Strike_R","Strike_R","Strike_R","Strike_R","Defend_R","Defend_R","Defend_R","Defend_R","Bash+1","Shrug It Off","Pommel Strike","Sever Soul","Cleave+1","Power Through","Sentinel","Pommel Strike","Corruption+1"],"relics":["Philosopher\u0027s Stone","Strawberry","Blue Candle","The Courier","Paper Frog","Regal Pillow"],"acts_visited":["Exordium"],"potions_floor_usage":[7,13,14,16],"damage_taken":[{"damage":3.0,"enemies":"Jaw Worm","floor":1.0,"turns":3.0},{"damage":0.0,"enemies":"Small Slimes","floor":3.0,"turns":4.0},{"damage":0.0,"enemies":"Cultist","floor":4.0,"turns":3.0},{"damage":8.0,"enemies":"Blue Slaver","floor":5.0,"turns":3.0},{"damage":16,"enemies":"Lagavulin","floor":7,"turns":5},{"damage":18,"enemies":"3 Sentries","floor":10,"turns":9},{"damage":1,"enemies":"Lagavulin","floor":13,"turns":6},{"damage":3,"enemies":"3 Louse","floor":14,"turns":2},{"damage":49,"enemies":"Slime Boss","floor":16,"turns":9}],"seed_played":"6304234974562874994","potions_obtained":[{"floor":3.0,"key":"SpeedPotion"},{"floor":5.0,"key":"DistilledChaos"},{"floor":11,"key":"DistilledChaos"},{"floor":11,"key":"LiquidMemories"},{"floor":14,"key":"HeartOfIron"}],"is_trial":false,"path_per_floor":["M","?","M","M","M","R","E","R","T","E","?","R","E","M","R","B"],"character_chosen":"IRONCLAD","items_purchased":[],"campfire_rested":1,"item_purchase_floors":[],"current_hp_per_floor":[65,67,67,67,59,59,43,43,43,25,25,49,48,45,45,0,0],"gold":246,"neow_bonus":"BOSS_RELIC","is_daily":false,"chose_seed":false,"campfire_upgraded":3,"win_rate":0.0,"timestamp":1612568072,"path_taken":["M","?","M","M","M","R","E","R","T","E","?","R","E","M","R","BOSS"],"items_purchased_type":[],"build_version":"2020-12-18","purchased_purges":0,"victory":false,"max_hp_per_floor":[75,82,82,82,82,82,82,82,82,82,82,82,82,82,82,82,82],"card_choices":[{"not_picked":["Anger","Twin Strike"],"picked":"Shrug It Off","floor":1.0},{"not_picked":["Wild Strike","Shrug It Off"],"picked":"Pommel Strike","floor":3.0},{"not_picked":["Cleave","Flex"],"picked":"Sever Soul","floor":4.0},{"not_picked":["Iron Wave","Berserk"],"picked":"Cleave","floor":5.0},{"not_picked":["Rupture","Heavy Blade"],"picked":"Power Through","floor":7},{"not_picked":["Dropkick","Dark Embrace"],"picked":"Sentinel","floor":10},{"not_picked":["Ghostly Armor","Havoc"],"picked":"Pommel Strike","floor":13},{"not_picked":["Shrug It Off","Cleave"],"picked":"Corruption","floor":14}],"player_experience":1064219,"relics_obtained":[{"floor":7,"key":"Blue Candle"},{"floor":9,"key":"The Courier"},{"floor":10,"key":"Paper Frog"},{"floor":13,"key":"Regal Pillow"}],"event_choices":[{"damage_healed":0.0,"max_hp_gain":0.0,"max_hp_loss":0.0,"gold_gain":0.0,"event_name":"Scrap Ooze","player_choice":"Success","floor":2.0,"gold_loss":0.0,"damage_taken":5.0,"relics_obtained":["Strawberry"]},{"damage_healed":0,"gold_gain":0,"player_choice":"Bought 2 Potions","damage_taken":0,"max_hp_gain":0,"max_hp_loss":0,"event_name":"The Woman in Blue","floor":11,"gold_loss":0}],"is_beta":true,"boss_relics":[],"items_purged_floors":[],"is_endless":false,"potions_floor_spawned":[3,5,14],"killed_by":"Slime Boss","ascension_level":20}}