{"host":"k5yjj86hwv5qv2gx","time":1612560333,"event":{"mods":["BaseMod","BetterRewards","Minty Spire (QoL Compilation)","StSLib"],"gold_per_floor":[118,144,144,169,30,71,71,71,98,133,133,177,201,224,224,320,320,343,24,24,24,37,81,120,163,163,203,227,227,227,248,248,339,339,362,386,119,133,191,191,222,222,246,468,468,528,544,588,588,588,588,588,588,133,177,177],"floor_reached":57,"language":"ENG","playtime":1602,"items_purged":["Strike_R","Strike_R","Strike_R","Strike_R+1","Defend_R"],"score":4424,"play_id":"c3a6cf3f-6616-4fa5-9fc0-bc87182188b1","local_time":"20210205132533","is_ascension_mode":true,"campfire_choices":[{"data":"1","floor":7.0,"key":"LIFT"},{"data":"2","floor":15.0,"key":"LIFT"},{"data":"3","floor":29,"key":"LIFT"},{"floor":32,"key":"RECALL"},{"floor":40,"key":"REST"},{"floor":49,"key":"REST"},{"floor":53,"key":"REST"}],"circlet_count":0,"master_deck":["AscendersBane","Defend_R","Defend_R","Defend_R","Bash+1","Apotheosis","Clothesline","Carnage+1","Whirlwind+1","Heavy Blade+1","Clothesline+1","Flame Barrier","Uppercut+1","Barricade","Heavy Blade+1","Fiend Fire+1","Whirlwind+1","Impervious","Uppercut+1","Bash+1","Flame Barrier","Corruption","Whirlwind+1","Fiend Fire+1","Heavy Blade+1","Bludgeon+1","Flame Barrier+1","Whirlwind+1","Demon Form+1","Whirlwind+1","Normality","HandOfGreed+1","Discovery","Uppercut+1"],"relics":["Burning Blood","Lizard Tail","HandDrill","Potion Belt","Ginger","Gremlin Horn","Membership Card","Molten Egg 2","Girya","StoneCalendar","Turnip","FossilizedHelix","Chemical X","ClockworkSouvenir","Juzu Bracelet","Golden Idol","Pocketwatch","Lantern","Pen Nib","Vajra","Oddly Smooth Stone","Fusion Hammer","Mummified Hand","Whetstone","Red Mask","Smiling Mask","Ice Cream","Blood Vial","Cursed Key","Shuriken","Torii","Ancient Tea Set","Anchor","PreservedInsect","Happy Flower","Kunai","TheAbacus","Red Skull","Bottled Lightning"],"acts_visited":["Exordium","TheCity","TheBeyond","TheEnding"],"potions_floor_usage":[23,31,33,50,50,56,56,56,56,56,56,56,56],"damage_taken":[{"damage":0.0,"enemies":"Cultist","floor":1.0,"turns":3.0},{"damage":0.0,"enemies":"Jaw Worm","floor":4.0,"turns":3.0},{"damage":0.0,"enemies":"3 Sentries","floor":6.0,"turns":1.0},{"damage":0.0,"enemies":"Gremlin Nob","floor":10.0,"turns":2.0},{"damage":0.0,"enemies":"Lagavulin","floor":12.0,"turns":4.0},{"damage":0.0,"enemies":"Small Slimes","floor":14.0,"turns":2.0},{"damage":0.0,"enemies":"The Guardian","floor":16.0,"turns":8.0},{"damage":0.0,"enemies":"Shell Parasite","floor":18.0,"turns":2.0},{"damage":0,"enemies":"2 Thieves","floor":22,"turns":2},{"damage":0,"enemies":"Slavers","floor":23,"turns":2},{"damage":0,"enemies":"Masked Bandits","floor":24,"turns":1},{"damage":0,"enemies":"Book of Stabbing","floor":25,"turns":4},{"damage":0,"enemies":"Gremlin Leader","floor":27,"turns":2},{"damage":6,"enemies":"Centurion and Healer","floor":28,"turns":2},{"damage":0,"enemies":"Snake Plant","floor":31,"turns":1},{"damage":0,"enemies":"Champ","floor":33,"turns":6},{"damage":0,"enemies":"3 Shapes","floor":35,"turns":4},{"damage":0,"enemies":"Orb Walker","floor":36,"turns":2},{"damage":0,"enemies":"Maw","floor":38,"turns":4},{"damage":0,"enemies":"2 Orb Walkers","floor":39,"turns":2},{"damage":0,"enemies":"Nemesis","floor":41,"turns":3},{"damage":0,"enemies":"Giant Head","floor":46,"turns":4},{"damage":0,"enemies":"3 Darklings","floor":47,"turns":1},{"damage":0,"enemies":"Reptomancer","floor":48,"turns":2},{"damage":0,"enemies":"Awakened One","floor":50,"turns":6},{"damage":0,"enemies":"Time Eater","floor":51,"turns":3},{"damage":0,"enemies":"Shield and Spear","floor":55,"turns":2},{"damage":0,"enemies":"The Heart","floor":56,"turns":8}],"seed_played":"8922405226562218299","potions_obtained":[{"floor":1.0,"key":"Weak Potion"},{"floor":6.0,"key":"Block Potion"},{"floor":12.0,"key":"Swift Potion"},{"floor":14.0,"key":"Weak Potion"},{"floor":24,"key":"Dexterity Potion"},{"floor":27,"key":"Fruit Juice"},{"floor":28,"key":"ElixirPotion"},{"floor":31,"key":"SpeedPotion"},{"floor":35,"key":"FearPotion"},{"floor":47,"key":"SkillPotion"}],"is_trial":false,"path_per_floor":["M","T","?","M","$","E","R","?","T","E","?","E","T","M","R","B",null,"M","$","?","$","M","E","?","E","T","E","M","R","?","M","R","B",null,"M","M","$","M","?","R","E","?","T","?","?","E","M","E","R","B","B",null,"R","$","E","B",null],"character_chosen":"IRONCLAD","items_purchased":["Apotheosis","HandDrill","Potion Belt","Clothesline","Carnage","Gremlin Horn","Whirlwind","Membership Card","Molten Egg 2","Girya","Heavy Blade+1","Turnip","Chemical X","Clothesline+1","ClockworkSouvenir","Juzu Bracelet","SteroidPotion","FearPotion","Barricade","Mummified Hand","Impervious","Uppercut+1","Shuriken","Whirlwind+1","Demon Form","Kunai","EntropicBrew","EssenceOfSteel","TheAbacus","Red Skull"],"campfire_rested":3,"item_purchase_floors":[0,0,0,0,0,0,0,0,0,0,0,0,0,0,0,0,0,0,5,19,19,19,37,37,37,54,54,54,54,54],"current_hp_per_floor":[26,26,26,32,32,38,38,38,38,44,24,30,30,36,36,42,62,68,68,68,68,68,68,68,68,68,68,68,68,49,62,62,70,76,78,78,78,78,78,78,78,78,78,78,68,76,78,78,78,78,78,78,78,78,78,78],"gold":177,"neow_bonus":"","is_daily":false,"chose_seed":false,"campfire_upgraded":0,"win_rate":0.0,"timestamp":1612560333,"path_taken":["M","?","?","M","$","E","R","?","T","E","?","E","?","M","R","BOSS","M","$","?","?","M","E","?","E","T","E","M","R","?","M","R","BOSS","M","M","$","M","?","R","E","?","T","?","?","E","M","E","R","BOSS","BOSS","R","$","E","BOSS"],"items_purchased_type":["Card","Relic","Relic","Card","Card","Relic","Card","Relic","Relic","Relic","Card","Relic","Relic","Card","Relic","Relic","Potion","Potion","Card","Relic","Card","Card","Relic","Card","Card","Relic","Potion","Potion","Relic","Relic"],"build_version":"2020-12-22","purchased_purges":5,"victory":true,"max_hp_per_floor":[75,75,68,68,68,68,68,68,68,68,68,68,68,68,68,68,68,68,68,68,68,68,68,68,68,68,68,68,68,73,78,78,78,78,78,78,78,78,78,78,78,78,78,78,78,78,78,78,78,78,78,78,78,78,78,78],"card_choices":[{"not_picked":["Havoc","Pommel Strike+1"],"picked":"Flame Barrier","floor":1.0},{"not_picked":["Anger+1","Clash+1"],"picked":"Uppercut+1","floor":4.0},{"not_picked":["Infernal Blade","Thunderclap+1"],"picked":"Heavy Blade+1","floor":6.0},{"not_picked":["Perfected Strike+1","Body Slam+1","Cleave+1"],"picked":"SKIP","floor":10.0},{"not_picked":["Thunderclap+1","Cleave+1","Anger+1"],"picked":"SKIP","floor":12.0},{"not_picked":["Fire Breathing","Power Through","Rampage+1"],"picked":"SKIP","floor":14.0},{"not_picked":["Offering","Juggernaut"],"picked":"Fiend Fire+1","floor":16.0},{"not_picked":["Body Slam+1","True Grit+1"],"picked":"Whirlwind+1","floor":18.0},{"not_picked":["Intimidate","Clothesline+1"],"picked":"Whirlwind+1","floor":22},{"not_picked":["Intimidate","Feel No Pain","Warcry"],"picked":"SKIP","floor":23},{"not_picked":["Dual Wield","Twin Strike+1"],"picked":"Fiend Fire+1","floor":25},{"not_picked":["Limit Break","Inflame"],"picked":"Heavy Blade+1","floor":27},{"not_picked":["Battle Trance","Power Through","Feel No Pain"],"picked":"SKIP","floor":28},{"not_picked":["Intimidate","Twin Strike+1","Cleave+1"],"picked":"SKIP","floor":31},{"not_picked":["Intimidate","Twin Strike+1","Cleave+1"],"picked":"SKIP","floor":31},{"not_picked":["Barricade","Exhume"],"picked":"Bludgeon+1","floor":33},{"not_picked":["Clash+1","Anger+1","Perfected Strike+1"],"picked":"SKIP","floor":35},{"not_picked":["Flex","Hemokinesis+1"],"picked":"Flame Barrier+1","floor":36},{"not_picked":["Shrug It Off+1","Clash+1","Seeing Red+1"],"picked":"SKIP","floor":38},{"not_picked":["Clothesline+1","Ghostly Armor+1"],"picked":"Whirlwind+1","floor":39},{"not_picked":["Iron Wave+1","Headbutt+1","Rage"],"picked":"SKIP","floor":41},{"not_picked":["Blind","Jack Of All Trades"],"picked":"HandOfGreed+1","floor":45},{"not_picked":["Mind Blast+1","Bandage Up"],"picked":"Discovery","floor":45},{"not_picked":["Rage","Iron Wave+1","Intimidate"],"picked":"SKIP","floor":46},{"not_picked":["Body Slam+1","Armaments","Warcry"],"picked":"SKIP","floor":47},{"not_picked":["Twin Strike+1","Headbutt+1","Sword Boomerang+1"],"picked":"SKIP","floor":48},{"not_picked":["Sentinel","Shrug It Off"],"picked":"Uppercut+1","floor":55}],"player_experience":1172344,"relics_obtained":[{"floor":6.0,"key":"Pocketwatch"},{"floor":9.0,"key":"Lantern"},{"floor":10.0,"key":"Pen Nib"},{"floor":12.0,"key":"Vajra"},{"floor":13.0,"key":"Oddly Smooth Stone"},{"floor":23,"key":"Whetstone"},{"floor":24,"key":"Red Mask"},{"floor":25,"key":"Smiling Mask"},{"floor":26,"key":"Ice Cream"},{"floor":27,"key":"Blood Vial"},{"floor":39,"key":"Torii"},{"floor":41,"key":"Ancient Tea Set"},{"floor":43,"key":"Anchor"},{"floor":46,"key":"PreservedInsect"},{"floor":48,"key":"Happy Flower"},{"floor":55,"key":"Bottled Lightning"}],"event_choices":[{"damage_healed":0.0,"max_hp_gain":0.0,"max_hp_loss":7.0,"gold_gain":0.0,"event_name":"Golden Idol","player_choice":"Lose Max HP","floor":3.0,"gold_loss":0.0,"damage_taken":0.0,"relics_obtained":["Golden Idol"]},{"cards_removed":["Strike_R"],"damage_healed":0.0,"max_hp_gain":0.0,"max_hp_loss":0.0,"gold_gain":0.0,"event_name":"Living Wall","player_choice":"Forget","floor":8.0,"gold_loss":0.0,"damage_taken":0.0},{"damage_healed":0.0,"max_hp_gain":0.0,"max_hp_loss":0.0,"gold_gain":0.0,"event_name":"Shining Light","player_choice":"Entered Light","floor":11.0,"gold_loss":0.0,"damage_taken":20.0,"cards_upgraded":["Strike_R","Carnage"]},{"damage_healed":0,"gold_gain":0,"player_choice":"3 cards matched","damage_taken":0,"max_hp_gain":0,"max_hp_loss":0,"event_name":"Match and Keep!","floor":20,"gold_loss":0,"cards_obtained":["Bash","Flame Barrier","Corruption"]},{"damage_healed":0,"gold_gain":0,"player_choice":"Fought Bandits","damage_taken":0,"max_hp_gain":0,"max_hp_loss":0,"event_name":"Masked Bandits","floor":24,"gold_loss":0},{"damage_healed":0,"gold_gain":0,"player_choice":"Shed Blood","damage_taken":24,"max_hp_gain":5,"max_hp_loss":0,"event_name":"Forgotten Altar","floor":30,"gold_loss":0},{"damage_healed":0,"gold_gain":0,"player_choice":"Fight","damage_taken":0,"max_hp_gain":0,"max_hp_loss":0,"event_name":"Mysterious Sphere","floor":39,"gold_loss":0},{"damage_healed":0,"gold_gain":0,"player_choice":"Forge","damage_taken":0,"max_hp_gain":0,"max_hp_loss":0,"event_name":"Accursed Blacksmith","floor":42,"gold_loss":0,"cards_upgraded":["Demon Form"]},{"damage_healed":0,"gold_gain":222,"player_choice":"Wore Mask","damage_taken":0,"max_hp_gain":0,"max_hp_loss":0,"event_name":"Tomb of Lord Red Mask","floor":44,"gold_loss":0},{"damage_healed":0,"gold_gain":0,"player_choice":"Memory 3","damage_taken":10,"max_hp_gain":0,"max_hp_loss":0,"event_name":"SensoryStone","floor":45,"gold_loss":0}],"is_beta":false,"boss_relics":[{"not_picked":["SacredBark","Pandora\u0027s Box"],"picked":"Fusion Hammer"},{"not_picked":["Black Blood","Astrolabe"],"picked":"Cursed Key"}],"items_purged_floors":[0,5,19,37,54],"is_endless":false,"potions_floor_spawned":[1,6,12,14,24,27,28,31,35,38,47],"ascension_level":20}}