{"host":"8a72fthmlk1o8pdb","time":1612489912,"event":{"mods":["AchievementEnabler","Aspiration","Astrologer","Bard","BaseMod","Beaked The Cultist","Better Sensory Stone","Better Skull","Better Third Choice","ChefMod","Colored Map","Colored Powertips","Dark Map","Downfall","Friendly Minions","GifTheSpireLib","Googly Eyes","Gremlin Mod","Hermit","JesterMod","Jorbs\u0027s Wanderer Trilogy","Marisa????????","Minty Spire (QoL Compilation)","Permanent Neow","Random Character Button","Rare Cards Sparkle","Relic Stats","Reliquary","Robot Space Explorer","Shade Mod","Shop Mod","Somnambulant","StSLib","The Alterego","The Animator","The Blue Laboratory","The Construct","The Cursed","The Disciple","The Hayseed","The Hierophant","The Marked","The Necromancer","The Poker Player","The Problem Sleuth","The Runesmith","thorton"],"gold_per_floor":[116,129,153,228,36,76,76,100,100,135,190,210,227,243,243,349,349,371,395,411,89,69,69,100,112,112,128,0,0,5,5],"floor_reached":30,"language":"ENG","playtime":1574,"items_purged":["hermit:Strike_Hermit"],"score":303,"play_id":"694cc555-eb13-4ec3-a5aa-bc78fda38ff8","local_time":"20210204175152","is_ascension_mode":true,"campfire_choices":[{"data":"hermit:Determination","floor":7,"key":"SMITH"},{"data":"hermit:Maintenance","floor":15,"key":"SMITH"},{"data":"hermit:Gestalt","floor":23,"key":"SMITH"},{"floor":29,"key":"REST"}],"circlet_count":0,"master_deck":["hermit:Strike_Hermit","hermit:Strike_Hermit","hermit:Strike_Hermit","hermit:Defend_Hermit","hermit:Defend_Hermit","hermit:Defend_Hermit","hermit:Defend_Hermit","hermit:Snapshot","hermit:Covet","hermit:Glare","hermit:Scavenge","hermit:Determination+1","hermit:HoleUp","hermit:Desperado","hermit:LowProfile","hermit:Shortfuse+1","hermit:HoleUp","hermit:Maintenance+1","hermit:Gestalt+1","hermit:BlackWind+1","CurseOfTheBell","hermit:Desperado+1","hermit:FullyLoaded+1","hermit:HighCaliber+1"],"relics":["hermit:Momento","aspiration:EmptySkull","Molten Egg 2","TheSimpletonMod:GardenGlove","Pantograph","reliquary:SharkskinSheath","Sundial","aspiration:AnachronicSnailShell","jesterMod:MirrorMask","MerchantsRug","beaked:ShinyBauble"],"acts_visited":["Exordium","TheCity"],"potions_floor_usage":[10,16,20,24,25,30],"damage_taken":[{"damage":5,"enemies":"Jaw Worm","floor":1,"turns":4},{"damage":0,"enemies":"2 Louse","floor":2,"turns":3},{"damage":0,"enemies":"Cultist","floor":3,"turns":3},{"damage":13,"enemies":"3 Sentries","floor":6,"turns":8},{"damage":2,"enemies":"Exordium Wildlife","floor":8,"turns":4},{"damage":13,"enemies":"Lagavulin","floor":10,"turns":7},{"damage":0,"enemies":"Blue Slaver","floor":12,"turns":4},{"damage":10,"enemies":"Looter","floor":13,"turns":4},{"damage":6,"enemies":"Exordium Thugs","floor":14,"turns":5},{"damage":31,"enemies":"Hexaghost","floor":16,"turns":11},{"damage":11,"enemies":"Spheric Guardian","floor":18,"turns":8},{"damage":13,"enemies":"Shell Parasite","floor":19,"turns":4},{"damage":2,"enemies":"Centurion and Healer","floor":20,"turns":8},{"damage":25,"enemies":"Book of Stabbing","floor":24,"turns":8},{"damage":15,"enemies":"Shelled Parasite and Fungi","floor":25,"turns":5},{"damage":0,"enemies":"Snecko","floor":27,"turns":3},{"damage":40,"enemies":"Gremlin Leader","floor":30,"turns":4}],"seed_played":"1798174780383311972","potions_obtained":[{"floor":1,"key":"hermit:Tonic"},{"floor":10,"key":"blueLaboratory:HorrorPotion"},{"floor":14,"key":"blueLaboratory:FruitPunch"},{"floor":18,"key":"DuplicationPotion"},{"floor":19,"key":"blueLaboratory:ForbiddenFruitJuice"},{"floor":24,"key":"blueLaboratory:AbyssPotion"},{"floor":25,"key":"GamblersBrew"}],"is_trial":false,"path_per_floor":["M","M","M","?","$","E","R","M","T","E","?","M","M","M","R","B",null,"M","M","M","$","?","R","E","M","T","M","?","R","E"],"character_chosen":"HERMIT","items_purchased":["hermit:HoleUp","hermit:Desperado","hermit:LowProfile","jesterMod:MirrorMask","MerchantsRug","blueLaboratory:FruitPunch"],"campfire_rested":1,"item_purchase_floors":[5,5,5,21,21,21],"current_hp_per_floor":[70,70,70,59,59,46,46,44,44,31,31,31,21,15,15,11,77,66,53,51,51,51,51,28,13,13,13,13,36,0,0],"gold":5,"neow_bonus":"RANDOM_COMMON_RELIC","is_daily":false,"chose_seed":false,"campfire_upgraded":3,"win_rate":0.0,"timestamp":1612489912,"path_taken":["M","M","M","?","$","E","R","M","T","E","?","M","M","M","R","BOSS","M","M","M","$","?","R","E","?","T","M","?","R","E"],"items_purchased_type":["Card","Card","Card","Relic","Relic","Potion"],"build_version":"2020-12-22","purchased_purges":1,"victory":false,"max_hp_per_floor":[75,75,75,75,75,75,75,75,75,75,75,75,75,75,75,77,77,77,77,77,77,77,77,79,79,79,79,79,79,79,79],"relic_stats":{"counters":[17,93],"Sundial":[4],"Pantograph":25,"obtain_stats":[{"Calling Bell":17,"MerchantsRug":21,"beaked:ShinyBauble":24,"aspiration:EmptySkull":0,"Sundial":17,"Pantograph":10,"aspiration:AnachronicSnailShell":17,"Molten Egg 2":6,"hermit:Momento":0,"TheSimpletonMod:GardenGlove":9,"jesterMod:MirrorMask":21,"reliquary:SharkskinSheath":17},{"Calling Bell":10,"MerchantsRug":13,"beaked:ShinyBauble":14,"aspiration:EmptySkull":0,"Sundial":10,"Pantograph":6,"aspiration:AnachronicSnailShell":10,"Molten Egg 2":4,"hermit:Momento":0,"TheSimpletonMod:GardenGlove":5,"jesterMod:MirrorMask":13,"reliquary:SharkskinSheath":10},{"Calling Bell":53,"MerchantsRug":73,"beaked:ShinyBauble":81,"aspiration:EmptySkull":0,"Sundial":53,"Pantograph":29,"aspiration:AnachronicSnailShell":53,"Molten Egg 2":18,"hermit:Momento":0,"TheSimpletonMod:GardenGlove":22,"jesterMod:MirrorMask":73,"reliquary:SharkskinSheath":53}]},"card_choices":[{"not_picked":["hermit:Brawl","hermit:Roulette"],"picked":"hermit:Glare","floor":1},{"not_picked":["hermit:WideOpen","hermit:Misfire"],"picked":"hermit:Scavenge","floor":2},{"not_picked":["hermit:NoHoldsBarred","hermit:Feint"],"picked":"hermit:Determination","floor":3},{"not_picked":["hermit:ItchyTrigger+1","hermit:Virtue"],"picked":"hermit:Shortfuse+1","floor":6},{"not_picked":["hermit:DeadMansHand","hermit:SprayPray+1"],"picked":"hermit:HoleUp","floor":8},{"not_picked":["hermit:Midnight","hermit:BlackWind+1","hermit:EyeOfTheStorm"],"picked":"SKIP","floor":10},{"not_picked":["hermit:ItchyTrigger+1","hermit:Combo"],"picked":"hermit:Maintenance","floor":12},{"not_picked":["hermit:Enervate+1","hermit:Desperado+1"],"picked":"hermit:Gestalt","floor":13},{"not_picked":["hermit:Deadeye+1","hermit:Ricochet+1","hermit:TrackingShot+1"],"picked":"SKIP","floor":14},{"not_picked":["hermit:OverwhelmingPower","hermit:HeroicBravado"],"picked":"hermit:BlackWind+1","floor":16},{"not_picked":["hermit:Glare","hermit:Ricochet+1","hermit:Combo+1"],"picked":"SKIP","floor":18},{"not_picked":["hermit:Misfire+1","hermit:Ricochet+1","hermit:Spite+1"],"picked":"SKIP","floor":19},{"not_picked":["hermit:TrackingShot+1","hermit:Scavenge","hermit:ItchyTrigger+1"],"picked":"SKIP","floor":20},{"not_picked":["hermit:Coalescence","hermit:LoneWolf"],"picked":"hermit:Desperado+1","floor":24},{"not_picked":["hermit:TakeAim","hermit:Combo"],"picked":"hermit:FullyLoaded+1","floor":25},{"not_picked":["hermit:Coalescence+1","hermit:Desperado+1"],"picked":"hermit:HighCaliber+1","floor":27}],"player_experience":147733,"relics_obtained":[{"floor":6,"key":"Molten Egg 2"},{"floor":9,"key":"TheSimpletonMod:GardenGlove"},{"floor":10,"key":"Pantograph"},{"floor":17,"key":"reliquary:SharkskinSheath"},{"floor":17,"key":"Sundial"},{"floor":17,"key":"aspiration:AnachronicSnailShell"},{"floor":24,"key":"beaked:ShinyBauble"}],"event_choices":[{"damage_healed":0,"gold_gain":75,"player_choice":"Gold","damage_taken":11,"max_hp_gain":0,"max_hp_loss":0,"event_name":"betterThird:BetterGoop","floor":4,"gold_loss":0},{"damage_healed":0,"gold_gain":55,"player_choice":"Gained Gold","damage_taken":0,"max_hp_gain":0,"max_hp_loss":0,"event_name":"Golden Wing","floor":11,"gold_loss":0},{"damage_healed":0,"gold_gain":0,"player_choice":"Bought 1 Potion","damage_taken":0,"max_hp_gain":0,"max_hp_loss":0,"event_name":"The Woman in Blue","floor":22,"gold_loss":0},{"damage_healed":0,"gold_gain":0,"player_choice":"Paid Fearfully","damage_taken":0,"max_hp_gain":0,"max_hp_loss":0,"event_name":"Masked Bandits","floor":28,"gold_loss":128}],"is_beta":false,"boss_relics":[{"not_picked":["Philosopher\u0027s Stone","jesterMod:MachoBrace"],"picked":"Calling Bell"}],"items_purged_floors":[5],"is_endless":false,"potions_floor_spawned":[1,10,14,18,19,24,25],"killed_by":"Gremlin Leader","ascension_level":1}}