{"host":"1u5b8mzv927aru3b","time":1612521277,"event":{"mods":["AchievementEnabler","BaseMod","Colored Map","Colored Powertips","Downfall","GifTheSpireLib","Googly Eyes","Minty Spire (QoL Compilation)","Quick Restart","Relic Sorter","StSLib","The IronCluck","Unceasing Turn Reminder"],"gold_per_floor":[99,116,128,138,238,258,258,258,91,111,11,25,25,44,61,158,158,158,174,59,74,109,109,109,109,94,94,128,196,209,309,324,324,324,324],"floor_reached":33,"language":"ENG","playtime":1397,"items_purged":["downfall:Malfunctioning","Shame","Regret"],"score":284,"play_id":"ef446e9b-d809-43eb-99fd-11bb3011fed2","local_time":"20210205143437","is_ascension_mode":false,"campfire_choices":[{"floor":1,"key":"RECALL"},{"data":"hexamod:ForkedFlame","floor":11,"key":"SMITH"},{"data":"hexamod:TimeWarp","floor":13,"key":"SMITH"},{"floor":18,"key":"REST"},{"floor":27,"key":"REST"}],"circlet_count":0,"master_deck":["hexamod:Strike+1","hexamod:Strike","hexamod:Strike","hexamod:Strike","hexamod:Defend+1","hexamod:Defend","hexamod:Defend","hexamod:Defend+1","hexamod:Sear","hexamod:Float+1","Flash of Steel","hexamod:AdvancingGuard","hexamod:HauntingEcho+1","hexamod:ForkedFlame+1","downfall:Icky","hexamod:HexaLevel+1","hexamod:FastForward+1","Doubt","hexamod:TimeWarp+1","hexamod:CatchUp+1","hexamod:SixthSeal","hexamod:TimeOfNeed","hexamod:AdvancingGuard+1","hexamod:GhostOfSpirePast+1","hexamod:GhostOfSpirePresent","hexamod:TimeWarp"],"relics":["hexamod:SpiritBrand","downfall:ExtraCursedKey","Gremlin Horn","downfall:ShatteredFragment","downfall:HeartBlessingRed","Fusion Hammer","Red Mask","Pear","Nunchaku","Prayer Wheel","Toxic Egg 2"],"acts_visited":["Exordium","TheCity"],"potions_floor_usage":[16,16,16,16,16,16,28,28,31,31],"damage_taken":[{"damage":0,"enemies":"2 Louse","floor":2,"turns":2},{"damage":0,"enemies":"Small Slimes","floor":3,"turns":3},{"damage":1,"enemies":"Jaw Worm","floor":4,"turns":3},{"damage":0,"enemies":"2 Fungi Beasts","floor":6,"turns":2},{"damage":0,"enemies":"downfall:FleeingMerchant","floor":9,"turns":4},{"damage":0,"enemies":"3 Louse","floor":10,"turns":3},{"damage":0,"enemies":"Exordium Thugs","floor":12,"turns":4},{"damage":2,"enemies":"Blue Slaver","floor":14,"turns":2},{"damage":0,"enemies":"Gremlin Gang","floor":15,"turns":2},{"damage":1,"enemies":"SI_SHIV_ARCHETYPE","floor":16,"turns":4},{"damage":0,"enemies":"Spheric Guardian","floor":19,"turns":3},{"damage":0,"enemies":"downfall:FleeingMerchant","floor":20,"turns":4},{"damage":11,"enemies":"Shell Parasite","floor":21,"turns":4},{"damage":4,"enemies":"Masked Bandits","floor":22,"turns":3},{"damage":4,"enemies":"downfall:FleeingMerchant","floor":26,"turns":4},{"damage":21,"enemies":"Slavers","floor":28,"turns":4},{"damage":13,"enemies":"downfall:FleeingMerchant","floor":29,"turns":4},{"damage":2,"enemies":"Snake Plant","floor":30,"turns":3},{"damage":14,"enemies":"Colosseum Nobs","floor":31,"turns":4},{"damage":4,"enemies":"3 Cultists","floor":32,"turns":4},{"damage":25,"enemies":"WA_ARCHETYPE_CALM","floor":33,"turns":5}],"seed_played":"6800205542758874487","potions_obtained":[{"floor":2,"key":"Dexterity Potion"},{"floor":6,"key":"Regen Potion"},{"floor":12,"key":"EntropicBrew"},{"floor":19,"key":"hexamod:EctoCoolerPotion"},{"floor":21,"key":"hexamod:DoubleChargePotion"},{"floor":28,"key":"bronze:BurnAndBuffPotion"},{"floor":30,"key":"Swift Potion"}],"is_trial":false,"path_per_floor":["R","M","M","M","?","M","T","?","$","M","R","M","R","M","M","B",null,"R","M","$","M","?","?","T","?","$","R","E","$","M","?","M","B"],"character_chosen":"THE_SPIRIT","items_purchased":["hexamod:CatchUp","hexamod:TimeWarp"],"campfire_rested":2,"item_purchase_floors":[9,29],"current_hp_per_floor":[70,70,70,69,69,69,69,48,48,48,48,48,48,46,46,57,70,70,70,70,59,55,42,52,52,48,73,52,39,37,23,19,0,0,0],"gold":324,"neow_bonus":"RANDOM_COLORLESS","is_daily":false,"chose_seed":false,"campfire_upgraded":2,"win_rate":0.0,"timestamp":1612521277,"path_taken":["R","M","M","M","?","M","T","?","$","M","R","M","R","M","M","BOSS","R","M","$","M","?","?","T","?","$","R","E","?","M","?","M","BOSS"],"items_purchased_type":["Card","Card"],"build_version":"2020-12-22","purchased_purges":3,"victory":false,"max_hp_per_floor":[70,70,70,70,70,70,70,70,70,70,70,70,70,70,70,70,70,70,70,70,70,70,75,85,85,85,85,85,85,85,85,85,85,85,85],"card_choices":[{"not_picked":["Purity","Mind Blast"],"picked":"Flash of Steel","floor":0},{"not_picked":["hexamod:NightmareGuise","hexamod:HeatMetal"],"picked":"hexamod:AdvancingGuard","floor":2},{"not_picked":["hexamod:GhostLash","hexamod:ChargedBarrage"],"picked":"hexamod:HauntingEcho","floor":3},{"not_picked":["hexamod:HeatCrush","hexamod:SecondSeal"],"picked":"hexamod:ForkedFlame","floor":4},{"not_picked":["hexamod:GhostLash","hexamod:NightmareGuise"],"picked":"hexamod:FastForward","floor":6},{"not_picked":["hexamod:Firestarter","hexamod:RainOfEmbers"],"picked":"hexamod:TimeWarp","floor":9},{"not_picked":["hexamod:InspiringFlames","hexamod:Hexaguard","hexamod:Firestarter"],"picked":"SKIP","floor":10},{"not_picked":["hexamod:NightmareStrike","hexamod:HeatCrush","hexamod:HauntingEcho"],"picked":"SKIP","floor":12},{"not_picked":["hexamod:HauntingEcho","hexamod:FastForward","hexamod:BacktrackSmack"],"picked":"SKIP","floor":14},{"not_picked":["hexamod:BacktrackSmack","hexamod:GhostShield"],"picked":"hexamod:SixthSeal","floor":15},{"not_picked":["hexamod:HexaLevel","hexamod:ParanormalForm"],"picked":"hexamod:TimeOfNeed","floor":16},{"not_picked":["hexamod:ThermalTransfer+1","hexamod:GhostflameBarrier","hexamod:HeatShield"],"picked":"SKIP","floor":19},{"not_picked":["hexamod:SpectralAdrenaline","hexamod:HeatMetal"],"picked":"hexamod:AdvancingGuard","floor":20},{"not_picked":["hexamod:ThermalTransfer+1","hexamod:NecessarySacrifice"],"picked":"hexamod:GhostOfSpirePast","floor":21},{"not_picked":["hexamod:FastForward+1","hexamod:BurningTouch+1"],"picked":"hexamod:GhostOfSpirePresent","floor":26},{"not_picked":["hexamod:SearingWound","hexamod:FourthSeal","hexamod:CatchUp"],"picked":"SKIP","floor":28},{"not_picked":["hexamod:FastForward","hexamod:RetreatToShadows+1","hexamod:PhantomFireball"],"picked":"SKIP","floor":29},{"not_picked":["hexamod:FastForward","hexamod:GhostLash","hexamod:HauntingEcho"],"picked":"SKIP","floor":30},{"not_picked":["hexamod:FastForward+1","hexamod:ExtraCrispy","hexamod:BurningTouch+1"],"picked":"SKIP","floor":32},{"not_picked":["hexamod:Firestarter","hexamod:HauntingEcho","hexamod:RainOfEmbers+1"],"picked":"SKIP","floor":32}],"player_experience":178817,"relics_obtained":[{"floor":7,"key":"Gremlin Horn"},{"floor":22,"key":"Red Mask"},{"floor":24,"key":"Pear"},{"floor":28,"key":"Nunchaku"},{"floor":31,"key":"Prayer Wheel"},{"floor":31,"key":"Toxic Egg 2"}],"event_choices":[{"damage_healed":0,"gold_gain":0,"player_choice":"Fought Bandits","damage_taken":0,"max_hp_gain":0,"max_hp_loss":0,"event_name":"Masked Bandits","floor":22,"gold_loss":0}],"is_beta":false,"boss_relics":[{"not_picked":["hexamod:UnbrokenSoul","Tiny House"],"picked":"Fusion Hammer"}],"items_purged_floors":[9,20,29],"is_endless":false,"potions_floor_spawned":[2,6,12,15,19,21,28,30],"killed_by":"WA_ARCHETYPE_CALM","ascension_level":0}}