{"host":"sbes2ysx244eovb1","time":1612542889,"event":{"mods":["AchievementEnabler","Act Like it!","Aspiration","BaseMod","BetterRewards","Colored Map","Colored Powertips","Downfall","Gensokyo","Hubris","KomeijiMod","Minty Spire (QoL Compilation)","Quick Restart","Replay The Spire","StSLib","SuperFastMode"],"gold_per_floor":[99,118,129,129,129,164,164,193,250,250,279,292,192,192,192,889,902,999,999,799,1812,1828,1846,1846,1846,1899,1899,1911,1930,1941,1941,1941,1941,1974,1974,1984,2082,2082,2082,2094,1761,1774,1774,1800,1826,1861,1861,1882,1882,1932,1375,1430,1440,1440,1440,1472,833,833,833,833],"floor_reached":61,"language":"ENG","playtime":4233,"items_purged":[],"score":1887,"play_id":"f36e8fb7-f51e-4428-8805-6a2d22524107","local_time":"20210205233449","is_ascension_mode":true,"campfire_choices":[{"data":"hexamod:Sear","floor":1,"key":"SMITH"},{"data":"hexamod:Float","floor":13,"key":"SMITH"},{"data":"PerfectMaid+1","floor":33,"key":"SWEEP"},{"floor":49,"key":"REST"},{"data":"VanishingEverything+1","floor":58,"key":"SWEEP"}],"circlet_count":0,"master_deck":["hexamod:Strike","hexamod:Strike","hexamod:Strike","hexamod:Strike","hexamod:Defend","hexamod:Defend","hexamod:Defend","hexamod:Sear+1","hexamod:Float+1","hexamod:EmpoweredFlame+1","hexamod:GhostOfSpirePast+1","hexamod:EtherealExpedition+1","hexamod:Rewind+1","hexamod:BacktrackSmack+1","hubris:NaturalOne","hexamod:PowerFromBeyond+1","hexamod:GhostShield+1","hexamod:FlamesFromBeyond+1","hexamod:UnleashSpirits+1","hexamod:ExtraCrispy+1","hexamod:WildfireWeapon+1","hexamod:FastForward+1","hexamod:GhostLash+1","hexamod:VolcanoVisage+1","Necronomicurse","hexamod:BacktrackSmack+1","hexamod:ExtraCrispy+1","hexamod:PhantomCloak+1","hexamod:Firestarter+1","hexamod:GhostLash+1","hexamod:TimeOfNeed+1","hexamod:SuperheatedStrike+1","hexamod:StepThrough+1","hexamod:FlamesFromBeyond+1","hexamod:RainOfEmbers+1","hexamod:HauntingEcho+1","hexamod:EmpoweredFlame+1","hexamod:HeatMetal+1","hexamod:HeatCrush+1","hexamod:ApocalypticArmor+1","hexamod:HeatCrush+1","VanishingEverything+1"],"relics":["Toxic Egg 2","Mummified Hand","Molten Egg 2","Frozen Egg 2","Juzu Bracelet","hexamod:IceCube","hubris:Icosahedron","PreservedInsect","aspiration:StickyExplosives_weak","Replay:Bottled Flurry","Anchor","hubris:Metronome","downfall:HeartBlessingGreen","hexamod:MatchstickCase","Ring of Chaos","downfall:HeartBlessingRed","downfall:HeartBlessingBlue","Necronomicon","Smiling Mask","downfall:RedIOU","War Paint","hubris:Towel","Fusion Hammer","hubris:Potato","aspiration:Lifesprig","Oddly Smooth Stone","Gambling Chip","hubris:MedicalManual","hubris:CuriousFeather","HornCleat","Simple Rune","ReplayTheSpireMod:Lightbulb","Pantograph","Happy Flower"],"acts_visited":["Exordium","TheCity","TheBeyond","TheEnding"],"potions_floor_usage":[54,54,54,59,59,60],"damage_taken":[{"damage":2,"enemies":"2 Louse","floor":2,"turns":3},{"damage":7,"enemies":"Jaw Worm","floor":3,"turns":4},{"damage":55,"enemies":"3 Sentries","floor":6,"turns":10},{"damage":30,"enemies":"Lagavulin","floor":8,"turns":4},{"damage":22,"enemies":"Lagavulin Event","floor":9,"turns":4},{"damage":0,"enemies":"Replay:BlueRogue","floor":11,"turns":3},{"damage":1,"enemies":"Cultist","floor":12,"turns":3},{"damage":4,"enemies":"downfall:FleeingMerchant","floor":16,"turns":4},{"damage":0,"enemies":"Blue Slaver","floor":17,"turns":3},{"damage":2,"enemies":"SI_SHIV_ARCHETYPE","floor":18,"turns":4},{"damage":23,"enemies":"Spheric Guardian","floor":21,"turns":5},{"damage":8,"enemies":"Chosen","floor":22,"turns":4},{"damage":9,"enemies":"Centurion and Healer","floor":23,"turns":5},{"damage":66,"enemies":"3 Cultists","floor":28,"turns":6},{"damage":21,"enemies":"Sentry and Sphere","floor":29,"turns":4},{"damage":2,"enemies":"Cultist and Chosen","floor":30,"turns":4},{"damage":29,"enemies":"Gremlin Leader","floor":34,"turns":5},{"damage":18,"enemies":"Snecko","floor":36,"turns":4},{"damage":62,"enemies":"WA_ARCHETYPE_CALM","floor":37,"turns":8},{"damage":36,"enemies":"3 Shapes","floor":40,"turns":5},{"damage":22,"enemies":"Orb Walker","floor":42,"turns":4},{"damage":105,"enemies":"Nemesis","floor":44,"turns":9},{"damage":40,"enemies":"R_Hoarder","floor":46,"turns":5},{"damage":24,"enemies":"R_Hoarder","floor":50,"turns":4},{"damage":12,"enemies":"downfall:FleeingMerchant","floor":51,"turns":4},{"damage":10,"enemies":"4 Shapes","floor":53,"turns":5},{"damage":26,"enemies":"IC_BLOCK_ARCHETYPE","floor":54,"turns":6},{"damage":68,"enemies":"downfall:CharBossMerchant","floor":56,"turns":6},{"damage":0,"enemies":"downfall:NeowBoss","floor":59,"turns":8},{"damage":0,"enemies":"downfall:NeowBossFinal","floor":60,"turns":4}],"seed_played":"5111251382408115780","potions_obtained":[{"floor":2,"key":"sneckomod:MuddlingPotion"},{"floor":8,"key":"AttackPotion"},{"floor":17,"key":"LiquidMemories"},{"floor":18,"key":"SteroidPotion"},{"floor":34,"key":"SkillPotion"},{"floor":56,"key":"Adrenaline Potion"}],"is_trial":false,"path_per_floor":["R","M","M","?","?","E","T","E","?","?","E","M","R","PTL","PTL","$","M","B",null,"R_BF","M","M","M","?","?","T","?","M","M","M","PTL","PTL","R","E","?","M","B",null,"R_BF","M","?","M","?","E","T","E","?","?","R","?","$","T","M","B",null,"E","$","R","B","B",null],"character_chosen":"THE_SPIRIT","items_purchased":["hexamod:MatchstickCase","hexamod:UnleashSpirits+1","hubris:CuriousFeather","HornCleat","Pantograph","Happy Flower","hexamod:ApocalypticArmor+1","hexamod:HeatCrush+1","SkillPotion","Weak Potion"],"campfire_rested":1,"item_purchase_floors":[16,16,51,51,57,57,57,57,57,57],"current_hp_per_floor":[70,68,61,61,70,60,60,70,70,67,67,66,66,66,66,62,62,60,70,80,80,72,63,63,47,47,47,80,70,68,68,68,76,64,64,80,71,80,80,56,90,90,90,78,78,90,90,68,90,86,90,90,80,90,90,90,90,90,90,90],"gold":833,"neow_bonus":"BOSS_RELIC","is_daily":false,"chose_seed":false,"campfire_upgraded":2,"win_rate":0.0,"timestamp":1612542889,"path_taken":["R","M","M","?","?","E","T","E","?","?","E","M","R","PTL","PTL","$","M","BOSS","R_BF","M","M","M","?","?","T","?","M","M","M","PTL","PTL","R","E","?","M","BOSS","R_BF","M","?","M","?","E","T","E","?","?","R","?","$","?","M","BOSS","E","$","R","BOSS","BOSS"],"items_purchased_type":["Relic","Card","Relic","Relic","Relic","Relic","Card","Card","Potion","Potion"],"build_version":"2020-12-22","purchased_purges":0,"victory":true,"max_hp_per_floor":[70,70,70,70,70,70,70,70,70,70,70,70,70,70,70,70,70,70,70,80,80,80,80,80,80,80,80,80,80,80,80,80,80,80,80,80,80,80,80,80,90,90,90,90,90,90,90,90,90,90,90,90,90,90,90,90,90,90,90,90],"card_choices":[{"not_picked":["hexamod:CatchUp+1","hexamod:ShieldOfDarkness+1"],"picked":"hexamod:EmpoweredFlame+1","floor":2},{"not_picked":["hexamod:GhostflameBarrier+1","hexamod:FlamesFromBeyond+1"],"picked":"hexamod:GhostOfSpirePast+1","floor":3},{"not_picked":["hexamod:GhostShield+1","hexamod:TurnItUp+1"],"picked":"hexamod:EtherealExpedition+1","floor":6},{"not_picked":["hexamod:BurningTouch+1","hexamod:FastForward+1"],"picked":"hexamod:Rewind+1","floor":8},{"not_picked":["hexamod:HeatShield+1","hexamod:NightmareStrike+1"],"picked":"hexamod:BacktrackSmack+1","floor":9},{"not_picked":["hexamod:GhostShield+1","hexamod:InspiringFlames+1"],"picked":"hexamod:PowerFromBeyond+1","floor":11},{"not_picked":["hexamod:BacktrackSmack+1","hexamod:NightmareGuise+1"],"picked":"hexamod:GhostShield+1","floor":12},{"not_picked":["hexamod:SwordOfDarkness+1","hexamod:Firestarter+1"],"picked":"hexamod:FlamesFromBeyond+1","floor":16},{"not_picked":["hexamod:Again+1","hexamod:PowerFromBeyond+1"],"picked":"hexamod:ExtraCrispy+1","floor":17},{"not_picked":["hexamod:GhostflameInferno+1","hexamod:ApocalypseNow+1"],"picked":"hexamod:WildfireWeapon+1","floor":18},{"not_picked":["hexamod:GhostLash+1","hexamod:HauntingEcho+1"],"picked":"hexamod:FastForward+1","floor":21},{"not_picked":["hexamod:ThermalTransfer+1","hexamod:Hexaguard+1"],"picked":"hexamod:GhostLash+1","floor":22},{"not_picked":["hexamod:PhantomCloak+1","hexamod:Hexaguard+1"],"picked":"hexamod:VolcanoVisage+1","floor":23},{"not_picked":["hexamod:SuperheatedStrike+1","hexamod:InspiringFlames+1"],"picked":"hexamod:BacktrackSmack+1","floor":28},{"not_picked":["hexamod:DynamicBlow+1","hexamod:RainOfEmbers+1"],"picked":"hexamod:ExtraCrispy+1","floor":29},{"not_picked":["hexamod:Firestarter+1","hexamod:Hexaguard+1"],"picked":"hexamod:PhantomCloak+1","floor":30},{"not_picked":["hexamod:SecondSeal","hexamod:GhostShield+1"],"picked":"hexamod:Firestarter+1","floor":34},{"not_picked":["hexamod:FirstSeal","hexamod:FlamesFromBeyond+1"],"picked":"hexamod:GhostLash+1","floor":36},{"not_picked":["hexamod:TimeWarp+1","hexamod:WildfireWeapon+1"],"picked":"hexamod:TimeOfNeed+1","floor":37},{"not_picked":["hexamod:Hexaguard+1","hexamod:ThirdSeal"],"picked":"hexamod:SuperheatedStrike+1","floor":40},{"not_picked":["hexamod:NightmareStrike+1","hexamod:SpectersWail+1"],"picked":"hexamod:StepThrough+1","floor":42},{"not_picked":["hexamod:GhostflameBarrier+1","hexamod:InspiringFlames+1"],"picked":"hexamod:FlamesFromBeyond+1","floor":44},{"not_picked":["hexamod:Hexaguard+1","hexamod:BurningTouch+1"],"picked":"hexamod:RainOfEmbers+1","floor":46},{"not_picked":["hexamod:BacktrackSmack+1","hexamod:FifthSeal"],"picked":"hexamod:HauntingEcho+1","floor":50},{"not_picked":["hexamod:StepThrough+1","hexamod:BacktrackSmack+1"],"picked":"hexamod:EmpoweredFlame+1","floor":51},{"not_picked":["hexamod:GhostShield+1","hexamod:Hexaguard+1"],"picked":"hexamod:HeatMetal+1","floor":53},{"not_picked":["hexamod:SwordOfDarkness+1","hexamod:Firestarter+1"],"picked":"hexamod:HeatCrush+1","floor":56}],"player_experience":260505,"relics_obtained":[{"floor":6,"key":"PreservedInsect"},{"floor":7,"key":"aspiration:StickyExplosives_weak"},{"floor":8,"key":"Replay:Bottled Flurry"},{"floor":9,"key":"Anchor"},{"floor":11,"key":"hubris:Metronome"},{"floor":25,"key":"Necronomicon"},{"floor":26,"key":"Smiling Mask"},{"floor":34,"key":"War Paint"},{"floor":44,"key":"hubris:Potato"},{"floor":45,"key":"aspiration:Lifesprig"},{"floor":46,"key":"Oddly Smooth Stone"},{"floor":48,"key":"Gambling Chip"},{"floor":50,"key":"hubris:MedicalManual"},{"floor":52,"key":"Simple Rune"},{"floor":56,"key":"ReplayTheSpireMod:Lightbulb"}],"event_choices":[{"damage_healed":0,"gold_gain":0,"player_choice":"Success","damage_taken":3,"relics_obtained":["Orichalcum"],"max_hp_gain":0,"max_hp_loss":0,"event_name":"Scrap Ooze","floor":10,"gold_loss":0}],"is_beta":false,"boss_relics":[{"not_picked":["aspiration:IroncladSkillbook","hubris:CrackedHourglass"],"picked":"Ring of Chaos"},{"not_picked":["hubris:GrandSneckoEye","hubris:ScarierMask"],"picked":"Fusion Hammer"}],"items_purged_floors":[],"is_endless":false,"potions_floor_spawned":[2,8,17,18,21,22,34,36,44,53,56],"ascension_level":3}}