{"host":"mnpd8gh7cwxsn5kh","time":1612538877,"event":{"mods":["BaseMod","Bestiary","Block Reminder","Colored Map","Colored Powertips","Highlight Path","Minty Spire (QoL Compilation)","Relic Sorter","Relic Stats"],"gold_per_floor":[115,133,133,133,145,145,172,234,234,234,259,309,127,145,145,245,245,262,312,328,378,503,532,582,582,582,599,353,383,433,468,468,564,564,575,43,146,196,208,233,233,263,263,294,362,462,462,491,491,491],"floor_reached":51,"language":"ENG","playtime":6099,"items_purged":["Strike_R","Strike_R","Evolve"],"score":1360,"play_id":"d7d39834-edd1-4a31-9e36-b1dc47bd2452","local_time":"20210205162757","is_ascension_mode":true,"campfire_choices":[{"data":"Body Slam","floor":6,"key":"SMITH"},{"data":"Iron Wave","floor":10,"key":"SMITH"},{"data":"Rampage","floor":15,"key":"SMITH"},{"floor":25,"key":"REST"},{"data":"Shrug It Off","floor":32,"key":"SMITH"},{"data":"True Grit","floor":41,"key":"SMITH"},{"data":"Barricade","floor":47,"key":"SMITH"},{"data":"Spot Weakness","floor":49,"key":"SMITH"}],"circlet_count":0,"master_deck":["Strike_R","Defend_R+1","Defend_R","Defend_R+1","Bash","Cleave","Body Slam+1","Iron Wave+1","Rampage+1","Battle Trance","Fire Breathing","Fiend Fire","Shrug It Off+1","Impervious","Dual Wield","Rampage","Fire Breathing+1","Reaper","Spot Weakness+1","Shrug It Off+1","True Grit+1","Hemokinesis+1","Clothesline+1","Inflame+1","Barricade+1","Disarm+1"],"relics":["Burning Blood","Pen Nib","SsserpentHead","Champion Belt","Darkstone Periapt","Singing Bowl","War Paint","Mark of Pain","Mango","Red Skull","Kunai","Bag of Preparation","Mummified Hand","Sling","Ginger","Smiling Mask","Runic Pyramid","Toolbox","Matryoshka","Ice Cream","Bird Faced Urn","Question Card","Strawberry","Bottled Lightning","Lizard Tail","Shovel","Orichalcum"],"acts_visited":["Exordium","TheCity","TheBeyond"],"potions_floor_usage":[7,11,16,18,23,31,40,40,50,50,50],"damage_taken":[{"damage":5,"enemies":"Small Slimes","floor":1,"turns":3},{"damage":0,"enemies":"Cultist","floor":2,"turns":4},{"damage":3,"enemies":"2 Louse","floor":5,"turns":3},{"damage":22,"enemies":"Lagavulin","floor":7,"turns":7},{"damage":1,"enemies":"Exordium Wildlife","floor":8,"turns":4},{"damage":19,"enemies":"Gremlin Nob","floor":11,"turns":4},{"damage":0,"enemies":"Looter","floor":14,"turns":2},{"damage":30,"enemies":"Hexaghost","floor":16,"turns":8},{"damage":19,"enemies":"2 Thieves","floor":18,"turns":5},{"damage":17,"enemies":"Shell Parasite","floor":20,"turns":5},{"damage":42,"enemies":"Gremlin Leader","floor":23,"turns":5},{"damage":15,"enemies":"Centurion and Healer","floor":27,"turns":5},{"damage":24,"enemies":"Slavers","floor":29,"turns":3},{"damage":0,"enemies":"Book of Stabbing","floor":31,"turns":3},{"damage":35,"enemies":"Collector","floor":33,"turns":6},{"damage":17,"enemies":"3 Darklings","floor":35,"turns":4},{"damage":35,"enemies":"2 Orb Walkers","floor":37,"turns":4},{"damage":0,"enemies":"Orb Walker","floor":39,"turns":1},{"damage":12,"enemies":"Giant Head","floor":40,"turns":6},{"damage":16,"enemies":"Nemesis","floor":42,"turns":7},{"damage":5,"enemies":"Reptomancer","floor":44,"turns":4},{"damage":7,"enemies":"Jaw Worm Horde","floor":45,"turns":4},{"damage":0,"enemies":"Mind Bloom Boss Battle","floor":46,"turns":2},{"damage":2,"enemies":"Nemesis","floor":48,"turns":5},{"damage":25,"enemies":"Awakened One","floor":50,"turns":10}],"seed_played":"6746897035525577670","potions_obtained":[{"floor":5,"key":"SkillPotion"},{"floor":7,"key":"LiquidMemories"},{"floor":8,"key":"SneckoOil"},{"floor":16,"key":"Block Potion"},{"floor":20,"key":"FearPotion"},{"floor":27,"key":"ElixirPotion"},{"floor":29,"key":"Dexterity Potion"},{"floor":33,"key":"Swift Potion"},{"floor":37,"key":"Energy Potion"},{"floor":42,"key":"DistilledChaos"},{"floor":45,"key":"BlessingOfTheForge"},{"floor":48,"key":"SkillPotion"}],"is_trial":false,"path_per_floor":["M","M","?","?","M","R","E","M","T","R","E","?","$","M","R","B",null,"M","?","M","?","T","E","?","R","T","M","$","E","?","E","R","B",null,"M","$","?","?","M","E","R","E","T","E","M","?","R","E","R","B",null],"character_chosen":"IRONCLAD","items_purchased":["Rampage","Battle Trance","Sling","Spot Weakness","Toolbox","Matryoshka"],"campfire_rested":1,"item_purchase_floors":[13,13,28,36,36,36],"current_hp_per_floor":[73,79,79,79,80,80,64,69,69,69,58,55,55,61,61,37,71,60,74,65,71,71,35,35,66,66,59,59,41,41,47,47,18,86,77,77,48,48,54,82,82,96,103,104,110,113,113,113,113,96],"gold":491,"neow_bonus":"RANDOM_COMMON_RELIC","is_daily":false,"chose_seed":false,"campfire_upgraded":7,"win_rate":0.0,"timestamp":1612538877,"path_taken":["M","M","?","?","M","R","E","?","T","R","E","?","$","M","R","BOSS","M","?","M","?","?","E","?","R","T","M","$","E","?","E","R","BOSS","M","$","?","?","M","E","R","E","T","E","?","?","R","E","R","BOSS"],"items_purchased_type":["Card","Card","Relic","Card","Relic","Relic"],"build_version":"2020-12-22","purchased_purges":3,"victory":true,"max_hp_per_floor":[80,80,80,80,80,80,80,80,80,80,82,82,82,82,82,82,82,84,98,100,106,106,106,106,106,106,108,108,108,108,108,108,108,108,110,110,110,104,104,104,104,104,111,111,113,113,113,113,113,113],"relic_stats":{"Darkstone Periapt":6,"Singing Bowl":12,"counters":[25,114],"Pen Nib":[23],"Bag of Preparation":[28],"Ginger":[6],"War Paint":["Defend_R","Defend_R"],"Orichalcum":[6],"Smiling Mask":75,"Question Card":4,"Burning Blood":136,"SsserpentHead":550,"Lizard Tail":0,"Shovel":0,"Mummified Hand":[27],"Bird Faced Urn":[15],"Champion Belt":[17],"Kunai":[21],"obtain_stats":[{"Darkstone Periapt":9,"Ice Cream":37,"Singing Bowl":11,"Mango":19,"Bag of Preparation":23,"Ginger":29,"Sling":28,"Smiling Mask":31,"Burning Blood":0,"SsserpentHead":4,"Lizard Tail":44,"Matryoshka":36,"Shovel":46,"Mummified Hand":26,"Strawberry":43,"Toolbox":36,"Kunai":22,"Red Skull":21,"Runic Pyramid":34,"Pen Nib":0,"War Paint":12,"Orichalcum":48,"Question Card":42,"Bird Faced Urn":40,"Mark of Pain":17,"Champion Belt":7,"Bottled Lightning":43},{"Darkstone Periapt":5,"Ice Cream":17,"Singing Bowl":6,"Mango":9,"Bag of Preparation":11,"Ginger":13,"Sling":12,"Smiling Mask":14,"Burning Blood":0,"SsserpentHead":2,"Lizard Tail":21,"Matryoshka":16,"Shovel":23,"Mummified Hand":11,"Strawberry":20,"Toolbox":16,"Kunai":10,"Red Skull":10,"Runic Pyramid":15,"Pen Nib":0,"War Paint":6,"Orichalcum":24,"Question Card":20,"Bird Faced Urn":19,"Mark of Pain":8,"Champion Belt":4,"Bottled Lightning":20},{"Darkstone Periapt":21,"Ice Cream":75,"Singing Bowl":25,"Mango":40,"Bag of Preparation":50,"Ginger":58,"Sling":55,"Smiling Mask":61,"Burning Blood":0,"SsserpentHead":7,"Lizard Tail":93,"Matryoshka":71,"Shovel":99,"Mummified Hand":50,"Strawberry":89,"Toolbox":71,"Kunai":45,"Red Skull":45,"Runic Pyramid":67,"Pen Nib":0,"War Paint":25,"Orichalcum":104,"Question Card":89,"Bird Faced Urn":82,"Mark of Pain":35,"Champion Belt":17,"Bottled Lightning":89}]},"card_choices":[{"not_picked":["Blood for Blood","Clash"],"picked":"Cleave","floor":1},{"not_picked":["Sever Soul","Thunderclap"],"picked":"Body Slam","floor":2},{"not_picked":["Combust","Twin Strike"],"picked":"Iron Wave","floor":5},{"not_picked":["Dual Wield","Limit Break","Rage"],"picked":"SKIP","floor":7},{"not_picked":["Sword Boomerang","Wild Strike"],"picked":"Evolve","floor":8},{"not_picked":["Sword Boomerang","Dark Embrace","Pummel"],"picked":"Singing Bowl","floor":11},{"not_picked":["Warcry","Anger"],"picked":"Fire Breathing","floor":14},{"not_picked":["Bludgeon","Limit Break"],"picked":"Fiend Fire","floor":16},{"not_picked":["Body Slam","Metallicize","Havoc"],"picked":"Singing Bowl","floor":18},{"not_picked":["Carnage","Feel No Pain","Second Wind+1"],"picked":"Singing Bowl","floor":20},{"not_picked":["Fire Breathing+1","Anger"],"picked":"Shrug It Off","floor":23},{"not_picked":["Cleave","Warcry","Sword Boomerang"],"picked":"Singing Bowl","floor":27},{"not_picked":["Armaments+1","Clash"],"picked":"Impervious","floor":29},{"not_picked":["Wild Strike","Cleave+1"],"picked":"Fire Breathing+1","floor":31},{"not_picked":["Impervious","Fiend Fire"],"picked":"Reaper","floor":33},{"not_picked":["Perfected Strike+1","Dark Embrace+1","Flex"],"picked":"Singing Bowl","floor":35},{"not_picked":["Entrench","Heavy Blade+1"],"picked":"Shrug It Off+1","floor":37},{"not_picked":["Headbutt+1","Anger+1"],"picked":"True Grit","floor":39},{"not_picked":["Anger+1","Flex"],"picked":"Hemokinesis+1","floor":40},{"not_picked":["Shrug It Off","Blood for Blood"],"picked":"Clothesline+1","floor":42},{"not_picked":["Shockwave","Sentinel","Pummel"],"picked":"Inflame+1","floor":44},{"not_picked":["Carnage","Body Slam","Heavy Blade","Sever Soul+1"],"picked":"Singing Bowl","floor":45},{"not_picked":["Thunderclap+1","Disarm+1","Shrug It Off"],"picked":"Barricade","floor":46},{"not_picked":["Iron Wave+1","Heavy Blade","Uppercut+1"],"picked":"Disarm+1","floor":48}],"player_experience":304766,"relics_obtained":[{"floor":7,"key":"Champion Belt"},{"floor":9,"key":"Darkstone Periapt"},{"floor":11,"key":"Singing Bowl"},{"floor":22,"key":"Kunai"},{"floor":23,"key":"Bag of Preparation"},{"floor":26,"key":"Mummified Hand"},{"floor":29,"key":"Ginger"},{"floor":31,"key":"Smiling Mask"},{"floor":37,"key":"Ice Cream"},{"floor":40,"key":"Bird Faced Urn"},{"floor":42,"key":"Question Card"},{"floor":43,"key":"Strawberry"},{"floor":43,"key":"Bottled Lightning"},{"floor":44,"key":"Lizard Tail"},{"floor":46,"key":"Shovel"},{"floor":48,"key":"Orichalcum"}],"event_choices":[{"cards_removed":["Strike_R"],"damage_healed":0,"gold_gain":0,"player_choice":"Forget","damage_taken":0,"max_hp_gain":0,"max_hp_loss":0,"event_name":"Living Wall","floor":3,"gold_loss":0},{"damage_healed":0,"gold_gain":0,"player_choice":"Trade","damage_taken":0,"relics_obtained":["SsserpentHead"],"max_hp_gain":0,"max_hp_loss":0,"event_name":"FaceTrader","floor":4,"gold_loss":0},{"damage_healed":0,"gold_gain":0,"player_choice":"Success","damage_taken":3,"relics_obtained":["War Paint"],"max_hp_gain":0,"max_hp_loss":0,"event_name":"Scrap Ooze","floor":12,"gold_loss":0},{"damage_healed":0,"gold_gain":0,"player_choice":"Opened","damage_taken":0,"relics_obtained":["Mango"],"max_hp_gain":0,"max_hp_loss":0,"event_name":"The Mausoleum","floor":19,"gold_loss":0},{"damage_healed":0,"gold_gain":0,"player_choice":"Stole Relic","damage_taken":0,"relics_obtained":["Red Skull"],"max_hp_gain":0,"max_hp_loss":0,"event_name":"Addict","floor":21,"gold_loss":0,"cards_obtained":["Shame"]},{"cards_removed":["Shame"],"damage_healed":0,"gold_gain":0,"player_choice":"Elegance","damage_taken":0,"max_hp_gain":0,"max_hp_loss":0,"event_name":"Back to Basics","floor":24,"gold_loss":0},{"damage_healed":0,"gold_gain":0,"cards_transformed":["Defend_R","Strike_R"],"player_choice":"Became Test Subject","damage_taken":0,"max_hp_gain":0,"max_hp_loss":0,"event_name":"Drug Dealer","floor":30,"gold_loss":0,"cards_obtained":["Dual Wield","Rampage"]},{"damage_healed":0,"gold_gain":0,"player_choice":"Fight","damage_taken":0,"max_hp_gain":0,"max_hp_loss":0,"event_name":"Mysterious Sphere","floor":37,"gold_loss":0},{"damage_healed":0,"gold_gain":0,"player_choice":"Max HP","damage_taken":0,"max_hp_gain":0,"max_hp_loss":6,"event_name":"Winding Halls","floor":38,"gold_loss":0},{"damage_healed":0,"gold_gain":0,"player_choice":"Fight","damage_taken":0,"max_hp_gain":0,"max_hp_loss":0,"event_name":"MindBloom","floor":46,"gold_loss":0}],"is_beta":false,"boss_relics":[{"not_picked":["SacredBark","Busted Crown"],"picked":"Mark of Pain"},{"not_picked":["Pandora\u0027s Box","Astrolabe"],"picked":"Runic Pyramid"}],"items_purged_floors":[13,28,36],"is_endless":false,"potions_floor_spawned":[5,7,8,16,20,27,29,33,37,42,45,48],"ascension_level":9}}