{"host":"3y33rrrkia6pkpow","time":1612523280,"event":{"mods":["2.2 Compatiblity","AchievementEnabler","Act Like it!","BaseMod","BetterRewards","Block Reminder","Colored Map","Colored Powertips","DeckTracker","Faster Ascension Climbing","Gensokyo","Highlight Path","Infinite Spire","Minty Spire (QoL Compilation)","Quick Restart","Rare Cards Sparkle","Replay The Spire","Shop Mod","Spicy Shops","StSLib","Synergy Search","The Animator","The Blue Laboratory","Unknown Chances"],"gold_per_floor":[122,122,35,50,67,100,131,164,191,191,208,220,69,114,114,225,225,277,297,297,321,340,340,373,373,398,424,444,444,444,476,476,585,585,607,627,627,40,40,54,80,80,104,144,144,144,24,40,40,48],"floor_reached":51,"language":"ENG","playtime":7916,"items_purged":["Amnesia"],"score":1281,"play_id":"11fc4cc7-6527-4b90-bdf9-416222ec15e1","local_time":"20210205050800","is_ascension_mode":true,"campfire_choices":[{"floor":10.0,"key":"REST"},{"data":"animator:Tet","floor":15.0,"key":"SMITH"},{"floor":23.0,"key":"REST"},{"floor":29.0,"key":"REST"},{"floor":32.0,"key":"REST"},{"data":"animator:Arpeggio","floor":42.0,"key":"SMITH"},{"data":"infinitespire:NeuralNetwork","floor":42.0,"key":"SMITH"},{"data":"infinitespire:Punishment","floor":46.0,"key":"SMITH"},{"data":"animator:PinaCoLada","floor":46.0,"key":"SMITH"},{"floor":49.0,"key":"REST"}],"circlet_count":0,"master_deck":["AscendersBane","animator:Strike_NoGameNoLife","animator:Defend_NoGameNoLife","animator:Strike","animator:Defend+1","animator:Defend","animator:Defend","animator:DolaSchwi+1","animator:DolaCouronne","animator:ElricAlphonse","animator:NiaHonjou+1","animator:ElricEdward","animator:Zero","animator:DolaSchwi","animator:YoshinoHimekawa","animator:ElricEdward","animator:DolaRiku","animator:Envy+1","animator:YoshinoHimekawa","animator:Tet+1","Pot Of Greed","Pot Of Greed","animator:RoyMustang","animator:Shiroe+1","Zap","animator:Shizu","animator:NononJakuzure","infinitespire:NeuralNetwork+1","animator:Evileye+1","animator:Tet","animator:LeleiLaLalena+1","animator:Evileye","animator:Sebas","animator:Souei","animator:Rena","Pot Of Greed","animator:DolaSchwi","animator:Elesis","animator:PinaCoLada+1","animator:Arpeggio+1","animator:Tatsumaki","animator:HigakiRinne","animator:DolaSchwi","ReplayTheSpireMod:Splinters","animator:LeleiLaLalena+1","infinitespire:Punishment+1","animator:Albedo","animator:Albedo","Pot Of Greed","animator:NiaHonjou"],"relics":["animator:LivingPicture","animator:TheMissingPiece","animator:PurgingStone","DataDisk","MealTicket","Sundial","infinitespire:Joker Card","War Paint","Grinning Jar","Replay:Bandana","ReplayTheSpireMod:SealedPack","Ring of Peace","infinitespire:Satchel","Replay:Baseball","Lizard Tail","FossilizedHelix","Philosopher\u0027s Stone","animator:WizardHat","Guide Book","Strange Spoon","Replay:Arrowhead","Blood Vial","Meat on the Bone"],"acts_visited":["Exordium","TheCity","TheBeyond"],"potions_floor_usage":[50,50,50],"damage_taken":[{"damage":1.0,"enemies":"Cultist","floor":1.0,"turns":4.0},{"damage":1.0,"enemies":"Small Slimes","floor":4.0,"turns":4.0},{"damage":0.0,"enemies":"2 Louse","floor":5.0,"turns":4.0},{"damage":10.0,"enemies":"Replay:BlueRogue","floor":6.0,"turns":6.0},{"damage":3.0,"enemies":"Blue Slaver","floor":7.0,"turns":4.0},{"damage":26.0,"enemies":"Gremlin Nob","floor":8.0,"turns":4.0},{"damage":2.0,"enemies":"2 Fungi Beasts","floor":11.0,"turns":3.0},{"damage":0.0,"enemies":"Red Slaver","floor":12.0,"turns":2.0},{"damage":2.0,"enemies":"3 Sentries","floor":14.0,"turns":6.0},{"damage":36.0,"enemies":"Fading Forest","floor":16.0,"turns":11.0},{"damage":13.0,"enemies":"3 Byrds","floor":18.0,"turns":4.0},{"damage":0.0,"enemies":"Spheric Guardian","floor":19.0,"turns":6.0},{"damage":16.0,"enemies":"Snecko","floor":21.0,"turns":6.0},{"damage":15.0,"enemies":"Cultist and Chosen","floor":22.0,"turns":6.0},{"damage":22.0,"enemies":"Book of Stabbing","floor":24.0,"turns":6.0},{"damage":5.0,"enemies":"Snake Plant","floor":27.0,"turns":3.0},{"damage":5.0,"enemies":"Shelled Parasite and Fungi","floor":28.0,"turns":5.0},{"damage":0.0,"enemies":"Slavers","floor":31.0,"turns":1.0},{"damage":0.0,"enemies":"Automaton","floor":33.0,"turns":9.0},{"damage":0.0,"enemies":"3 Darklings","floor":35.0,"turns":6.0},{"damage":0.0,"enemies":"Orb Walker","floor":36.0,"turns":3.0},{"damage":0.0,"enemies":"Transient","floor":40.0,"turns":5.0},{"damage":17.0,"enemies":"Nemesis","floor":41.0,"turns":5.0},{"damage":12.0,"enemies":"4 Shapes","floor":48.0,"turns":4.0},{"damage":42,"enemies":"Awakened One","floor":50,"turns":9}],"seed_played":"-7261612060270269371","potions_obtained":[{"floor":4.0,"key":"blueLaboratory:CorrosionFlask"},{"floor":5.0,"key":"blueLaboratory:BottledHope"},{"floor":7.0,"key":"Strength Potion"},{"floor":8.0,"key":"Block Potion"},{"floor":18.0,"key":"Languid Potion"},{"floor":24.0,"key":"Dexterity Potion"},{"floor":28.0,"key":"Ancient Potion"},{"floor":31.0,"key":"blueLaboratory:BottledHope"},{"floor":33.0,"key":"Weak Potion"},{"floor":36.0,"key":"blueLaboratory:HummingbirdPotion"},{"floor":44.0,"key":"animator:FalseLifePotion"},{"floor":44.0,"key":"Energy Potion"}],"is_trial":false,"path_per_floor":["M","?","$","M","M","E","M","E","T","R","M","M","$","E","R_BF","B",null,"M","M","?","M","M","R","E","?","T","M","M","R","AVR","E","R","B",null,"M","M","?","$","?","M","E","R","T","?","AVR","R","$","M","R_BF","B",null],"character_chosen":"THE_ANIMATOR","items_purchased":["DataDisk","animator:ElricAlphonse","animator:NiaHonjou","MealTicket","animator:Zero","Grinning Jar","animator:WizardHat","Guide Book","Strange Spoon","animator:Albedo"],"campfire_rested":5,"item_purchase_floors":[0,0,0,0,3,13,38,38,38,47],"current_hp_per_floor":[51,51,66,65,65,55,52,27,27,47,45,46,61,59,59,37,60,47,47,47,31,16,36,14,14,14,9,4,24,24,24,44,44,62,62,62,62,68,59,59,42,42,42,42,42,42,57,47,67,38],"gold":48,"neow_bonus":"","is_daily":false,"chose_seed":true,"campfire_upgraded":5,"win_rate":0.0,"timestamp":1612523280,"path_taken":["M","?","$","M","M","E","M","E","T","R","?","M","$","E","R_BF","BOSS","M","M","?","M","M","R","E","?","T","M","?","R","AVR","E","R","BOSS","M","M","?","$","?","M","E","R","T","?","AVR","R","$","M","R_BF","BOSS"],"items_purchased_type":["Relic","Card","Card","Relic","Card","Relic","Relic","Relic","Relic","Card"],"build_version":"2020-12-22","purchased_purges":1,"victory":true,"max_hp_per_floor":[66,66,66,66,66,66,66,67,67,67,67,68,68,68,68,68,68,68,68,68,68,68,68,68,68,68,68,68,68,68,68,68,68,68,68,68,68,68,68,68,68,68,68,68,68,68,68,68,68,68],"card_choices":[{"not_picked":["animator:LeleiLaLalena","animator:Geryuganshoop"],"picked":"animator:ElricEdward","floor":1.0},{"not_picked":["animator:Rayneshia","animator:MetalKnight"],"picked":"animator:DolaSchwi","floor":4.0},{"not_picked":["animator:Chung","animator:Entoma"],"picked":"animator:YoshinoHimekawa","floor":5.0},{"not_picked":["animator:RoyMustang","animator:Sloth"],"picked":"animator:ElricEdward","floor":6.0},{"not_picked":["animator:OrigamiTobiichi","animator:Lu"],"picked":"animator:DolaRiku","floor":7.0},{"not_picked":["animator:Scar","animator:RundelhausCode"],"picked":"animator:Envy","floor":8.0},{"not_picked":["animator:TohkaYatogami","animator:RundelhausCode"],"picked":"animator:YoshinoHimekawa","floor":11.0},{"not_picked":["animator:Jibril","animator:FielNirvalen"],"picked":"animator:Tet","floor":12.0},{"not_picked":["animator:DolaCouronne","animator:Elsword"],"picked":"animator:RoyMustang","floor":14.0},{"not_picked":["animator:Akatsuki","animator:Saitama"],"picked":"animator:Shiroe","floor":16.0},{"not_picked":["Neutralize","Vigilance"],"picked":"Zap","floor":17.0},{"not_picked":["animator:Greed","animator:MumenRider"],"picked":"animator:Shizu","floor":17.0},{"not_picked":["animator:MisaKurobane","animator:LimeBell"],"picked":"animator:NononJakuzure","floor":17.0},{"not_picked":["Replay:Fractal Strike","infinitespire:UltimateForm"],"picked":"infinitespire:NeuralNetwork","floor":17.0},{"not_picked":["animator:Isuzu+1","animator:Ara"],"picked":"animator:Evileye+1","floor":18.0},{"not_picked":["animator:SilverFang","animator:Rayneshia","animator:Elsword"],"picked":"SKIP","floor":19.0},{"not_picked":["animator:DolaCouronne","animator:ChlammyZell"],"picked":"animator:Tet","floor":21.0},{"not_picked":["animator:Vesta","animator:Cocytus"],"picked":"animator:LeleiLaLalena+1","floor":22.0},{"not_picked":["animator:YamaiSisters","animator:MikuIzayoi+1"],"picked":"animator:Evileye","floor":24.0},{"not_picked":["animator:Shizu","animator:Tatsumaki"],"picked":"animator:Rena","floor":27.0},{"not_picked":["animator:DolaCouronne","animator:Jibril"],"picked":"animator:DolaSchwi","floor":28.0},{"not_picked":["animator:Naotsugu","animator:IzunaHatsuse"],"picked":"animator:Elesis","floor":31.0},{"not_picked":["animator:Boros","animator:KotoriItsuka"],"picked":"animator:PinaCoLada","floor":33.0},{"not_picked":["animator:ReineMurasame+1","animator:Rayneshia"],"picked":"animator:Arpeggio","floor":35.0},{"not_picked":["animator:MumenRider+1","animator:Raven"],"picked":"animator:Tatsumaki","floor":36.0},{"not_picked":["animator:FielNirvalen","animator:DolaCouronne"],"picked":"animator:DolaSchwi","floor":40.0},{"not_picked":["animator:RoyMustang","animator:Naotsugu+1","animator:Ainz"],"picked":"SKIP","floor":41.0},{"not_picked":["animator:MumenRider+1","animator:MaesHughes"],"picked":"animator:LeleiLaLalena+1","floor":44.0},{"not_picked":["animator:Tyuule+1","animator:YamaiSisters+1"],"picked":"animator:NiaHonjou","floor":48.0}],"player_experience":966851,"relics_obtained":[{"floor":6.0,"key":"Sundial"},{"floor":8.0,"key":"infinitespire:Joker Card"},{"floor":9.0,"key":"War Paint"},{"floor":14.0,"key":"Replay:Bandana"},{"floor":20.0,"key":"Ring of Peace"},{"floor":24.0,"key":"infinitespire:Satchel"},{"floor":26.0,"key":"Replay:Baseball"},{"floor":31.0,"key":"FossilizedHelix"},{"floor":41.0,"key":"Replay:Arrowhead"},{"floor":43.0,"key":"Blood Vial"}],"event_choices":[{"damage_healed":0.0,"max_hp_gain":0.0,"max_hp_loss":0.0,"gold_gain":0.0,"event_name":"Accursed Blacksmith","player_choice":"Forge","floor":2.0,"gold_loss":0.0,"damage_taken":0.0,"cards_upgraded":["animator:DolaSchwi"]},{"damage_healed":0.0,"max_hp_gain":0.0,"max_hp_loss":0.0,"gold_gain":0.0,"cards_transformed":["animator:Strike","animator:Strike"],"event_name":"Drug Dealer","player_choice":"Became Test Subject","floor":25.0,"gold_loss":0.0,"damage_taken":0.0,"cards_obtained":["animator:Sebas","animator:Souei"]},{"damage_healed":0.0,"max_hp_gain":0.0,"max_hp_loss":0.0,"gold_gain":0.0,"event_name":"Winding Halls","player_choice":"Embrace Madness","floor":39.0,"gold_loss":0.0,"damage_taken":9.0,"cards_obtained":["animator:HigakiRinne"]}],"is_beta":false,"boss_relics":[{"not_picked":["Sozu","animator:VividPicture"],"picked":"ReplayTheSpireMod:SealedPack"},{"not_picked":["Calling Bell","Ring of Chaos"],"picked":"Philosopher\u0027s Stone"}],"items_purged_floors":[38],"is_endless":false,"potions_floor_spawned":[4,5,7,8,18,24,28,31,33,36,48],"ascension_level":10}}