{"host":"1ooxfz79hmpvpehx","time":1612545830,"event":{"mods":["BaseMod","Minty Spire (QoL Compilation)","Quick Restart","Replay The Spire","StSLib","SuperFastMode"],"gold_per_floor":[111,111,131,131,131,457,472,472,554,588,588,606,606,606],"floor_reached":13,"language":"ENG","playtime":197,"items_purged":[],"score":124,"play_id":"ed5b0941-1191-4944-8f38-92e127ca46c4","local_time":"20210205142350","is_ascension_mode":true,"campfire_choices":[{"floor":8,"key":"RECALL"}],"circlet_count":0,"master_deck":["Strike_B","Strike_B","Strike_B","Defend_B","Defend_B","Defend_B","Defend_B","Dualcast","Gash+1","Storm+1","Crystallizer+1"],"relics":["Cracked Core","NeowsBlessing","Matryoshka","Old Coin","Blue Doll","Frozen Egg 2","Ancient Tea Set","Kunai"],"acts_visited":["Exordium"],"potions_floor_usage":[10,13],"damage_taken":[{"damage":0,"enemies":"Small Slimes","floor":1,"turns":1},{"damage":0,"enemies":"Jaw Worm","floor":3,"turns":1},{"damage":0,"enemies":"Lagavulin","floor":6,"turns":1},{"damage":1,"enemies":"Cultist","floor":7,"turns":3},{"damage":52,"enemies":"Gremlin Nob","floor":10,"turns":6},{"damage":14,"enemies":"Lots of Slimes","floor":12,"turns":5},{"damage":6,"enemies":"3 Sentries","floor":13,"turns":2}],"seed_played":"838264573478667689","potions_obtained":[{"floor":1,"key":"SpeedPotion"},{"floor":7,"key":"Milkshake"},{"floor":12,"key":"Venom Potion"}],"is_trial":false,"path_per_floor":["M","?","M","?","T","E","M","R","T","E","?","M","E"],"character_chosen":"DEFECT","items_purchased":[],"campfire_rested":0,"item_purchase_floors":[],"current_hp_per_floor":[75,75,75,75,75,75,74,74,74,22,22,8,2,2],"gold":606,"neow_bonus":"THREE_ENEMY_KILL","is_daily":false,"chose_seed":false,"campfire_upgraded":0,"win_rate":0.0,"timestamp":1612545830,"path_taken":["M","?","M","?","?","E","M","R","T","E","?","M","E"],"items_purchased_type":[],"build_version":"2020-12-22","purchased_purges":0,"victory":false,"max_hp_per_floor":[75,75,75,75,75,75,75,75,75,75,75,75,75,75],"card_choices":[{"not_picked":["Darkness","Barrage","Turbo"],"picked":"SKIP","floor":1},{"not_picked":["Genetic Algorithm","Hello World","Panic Button"],"picked":"SKIP","floor":3},{"not_picked":["Panic Button","ReplaySolidLightProjector","Time Bomb"],"picked":"SKIP","floor":6},{"not_picked":["Rebound","Barrage","ReplaySolidLightProjector"],"picked":"SKIP","floor":7},{"not_picked":["Steam","Core Surge"],"picked":"Storm+1","floor":10},{"not_picked":["Streamline","Barrage"],"picked":"Crystallizer+1","floor":12}],"player_experience":18735,"relics_obtained":[{"floor":5,"key":"Matryoshka"},{"floor":6,"key":"Old Coin"},{"floor":9,"key":"Blue Doll"},{"floor":9,"key":"Frozen Egg 2"},{"floor":10,"key":"Ancient Tea Set"}],"event_choices":[{"cards_removed":["Strike_B"],"damage_healed":0,"gold_gain":0,"player_choice":"Forget","damage_taken":0,"max_hp_gain":0,"max_hp_loss":0,"event_name":"Living Wall","floor":4,"gold_loss":0},{"damage_healed":0,"gold_gain":0,"player_choice":"Gave Potion","damage_taken":0,"relics_obtained":["Kunai"],"max_hp_gain":0,"max_hp_loss":0,"event_name":"WeMeetAgain","floor":11,"gold_loss":0}],"is_beta":false,"boss_relics":[],"items_purged_floors":[],"is_endless":false,"potions_floor_spawned":[1,7,12],"killed_by":"3 Sentries","ascension_level":1}}