{"host":"nn0usk9aafse27ii","time":1612561013,"event":{"mods":["BaseMod","Colored Map","Highlight Path","Minty Spire (QoL Compilation)","Shop Mod","StSLib"],"gold_per_floor":[114,129,129,129,144,174,174,204,229,229,42,72,72,87,87,187,187,202,187,187,202,217,217,177,177,202,202,232,247,20,50,50,150,150,165,180,230,230,245,245,275,290,315,345,19,34,34,34,34,34],"floor_reached":51,"language":"ENG","playtime":5291,"items_purged":["Strike_P","Strike_P"],"score":863,"play_id":"60dc2295-1c82-4ffd-b682-e8ac04776bc6","local_time":"20210205133653","daily_mods":["Specialized","ControlledChaos","Elite Swarm"],"is_ascension_mode":false,"campfire_choices":[{"data":"Eruption","floor":7.0,"key":"SMITH"},{"floor":10.0,"key":"REST"},{"floor":13.0,"key":"REST"},{"data":"Vault","floor":15.0,"key":"SMITH"},{"data":"Vault","floor":23,"key":"SMITH"},{"data":"DevaForm","floor":25,"key":"SMITH"},{"data":"ClearTheMind","floor":27,"key":"SMITH"},{"floor":32,"key":"REST"},{"floor":40,"key":"REST"},{"data":"Vault","floor":49,"key":"SMITH"}],"circlet_count":0,"master_deck":["Defend_P","Defend_P","Defend_P","Defend_P","Eruption+1","Vigilance","FlyingSleeves","FlyingSleeves","FlyingSleeves","FlyingSleeves","FlyingSleeves","Sanctity","CutThroughFate","TalkToTheHand","MasterReality","Vault+1","DevaForm+1","Vault+1","BattleHymn+1","ClearTheMind+1","Establishment","Fasting2","Devotion","Omniscience","Vault+1","Vault+1","Good Instincts","Enlightenment"],"relics":["HolyWater","Frozen Eye","Centennial Puzzle","MerchantsRug","Torii","Potion Belt","Nunchaku","CloakClasp","SlaversCollar","Lantern","Damaru","Ice Cream","ClockworkSouvenir"],"acts_visited":["Exordium","TheCity","TheBeyond"],"potions_floor_usage":[21,22,28,28,31,39,39,41,46,50],"damage_taken":[{"damage":0.0,"enemies":"2 Louse","floor":1.0,"turns":2.0},{"damage":0.0,"enemies":"Small Slimes","floor":2.0,"turns":2.0},{"damage":0.0,"enemies":"Cultist","floor":5.0,"turns":2.0},{"damage":10.0,"enemies":"3 Sentries","floor":6.0,"turns":4.0},{"damage":18.0,"enemies":"Gremlin Nob","floor":8.0,"turns":3.0},{"damage":24.0,"enemies":"Lagavulin","floor":12.0,"turns":3.0},{"damage":9.0,"enemies":"Exordium Wildlife","floor":14.0,"turns":4.0},{"damage":15.0,"enemies":"Hexaghost","floor":16.0,"turns":6.0},{"damage":0.0,"enemies":"Spheric Guardian","floor":18.0,"turns":3.0},{"damage":11.0,"enemies":"2 Thieves","floor":19.0,"turns":4.0},{"damage":0,"enemies":"Snake Plant","floor":21,"turns":3},{"damage":0,"enemies":"Snecko","floor":22,"turns":4},{"damage":0,"enemies":"Gremlin Leader","floor":28,"turns":4},{"damage":4,"enemies":"Chosen and Byrds","floor":29,"turns":6},{"damage":21,"enemies":"Book of Stabbing","floor":31,"turns":8},{"damage":9,"enemies":"Automaton","floor":33,"turns":7},{"damage":0,"enemies":"Orb Walker","floor":35,"turns":3},{"damage":10,"enemies":"3 Shapes","floor":36,"turns":4},{"damage":3,"enemies":"Mind Bloom Boss Battle","floor":37,"turns":5},{"damage":18,"enemies":"Maw","floor":39,"turns":10},{"damage":21,"enemies":"Nemesis","floor":41,"turns":6},{"damage":30,"enemies":"Spire Growth","floor":42,"turns":4},{"damage":0,"enemies":"Giant Head","floor":44,"turns":7},{"damage":8,"enemies":"Writhing Mass","floor":46,"turns":7},{"damage":31,"enemies":"Donu and Deca","floor":50,"turns":8}],"seed_played":"-8643747277835071688","potions_obtained":[{"floor":1.0,"key":"BottledMiracle"},{"floor":5.0,"key":"ColorlessPotion"},{"floor":14.0,"key":"GamblersBrew"},{"floor":16.0,"key":"EntropicBrew"},{"floor":18.0,"key":"Fruit Juice"},{"floor":24,"key":"SmokeBomb"},{"floor":24,"key":"AttackPotion"},{"floor":24,"key":"AttackPotion"},{"floor":28,"key":"SkillPotion"},{"floor":33,"key":"SkillPotion"},{"floor":36,"key":"StancePotion"},{"floor":39,"key":"ColorlessPotion"},{"floor":42,"key":"FearPotion"},{"floor":46,"key":"DistilledChaos"}],"is_trial":false,"path_per_floor":["M","M","?","?","M","E","R","E","T","R","$","E","R","M","R","B",null,"M","M","?","M","M","R","?","R","T","R","E","M","$","E","R","B",null,"M","M","?","?","M","R","E","M","T","E","$","M","?","?","R","B",null],"character_chosen":"WATCHER","items_purchased":["MerchantsRug","CloakClasp","ClockworkSouvenir","DistilledChaos","BottledMiracle","Good Instincts"],"campfire_rested":4,"item_purchase_floors":[11,30,45,45,45,45],"current_hp_per_floor":[72,72,72,72,72,62,62,44,44,65,65,41,62,53,53,38,72,77,66,66,66,66,66,66,66,66,66,66,62,62,41,64,55,77,77,67,64,64,46,69,48,18,18,18,18,10,10,67,67,36],"gold":34,"neow_bonus":"","is_daily":true,"chose_seed":false,"campfire_upgraded":6,"win_rate":0.0,"timestamp":1612561013,"path_taken":["M","M","?","?","?","E","R","E","T","R","$","E","R","M","R","BOSS","M","M","?","M","M","R","?","R","T","R","E","?","$","E","R","BOSS","M","M","?","?","?","R","E","M","T","E","$","M","?","?","R","BOSS"],"items_purchased_type":["Relic","Relic","Relic","Potion","Potion","Card"],"build_version":"2020-12-22","purchased_purges":2,"victory":true,"max_hp_per_floor":[72,72,72,72,72,72,72,72,72,72,72,72,72,72,72,72,72,77,77,77,77,77,77,77,77,77,77,77,77,77,77,77,77,77,77,77,77,77,77,77,77,77,77,77,77,77,77,67,67,67],"card_choices":[{"not_picked":["Conclude","BowlingBash"],"picked":"Sanctity","floor":1.0},{"not_picked":["CrushJoints","Consecrate"],"picked":"CutThroughFate","floor":2.0},{"not_picked":["Study","Prostrate"],"picked":"TalkToTheHand","floor":5.0},{"not_picked":["Alpha","ConjureBlade"],"picked":"MasterReality","floor":6.0},{"not_picked":["MasterReality","Alpha"],"picked":"Vault","floor":8.0},{"not_picked":["Blasphemy","LessonLearned"],"picked":"DevaForm","floor":12.0},{"not_picked":["Prostrate","ThirdEye","Crescendo"],"picked":"SKIP","floor":14.0},{"not_picked":["Wish","Brilliance"],"picked":"Vault","floor":16.0},{"not_picked":["Consecrate","Sanctity+1","ClearTheMind"],"picked":"SKIP","floor":18.0},{"not_picked":["WaveOfTheHand","FlyingSleeves+1"],"picked":"BattleHymn+1","floor":19.0},{"not_picked":["Pray","JustLucky"],"picked":"ClearTheMind","floor":21},{"not_picked":["BattleHymn","ThirdEye","EmptyFist"],"picked":"SKIP","floor":22},{"not_picked":["Scrawl","DevaForm"],"picked":"Establishment","floor":28},{"not_picked":["PathToVictory","FlurryOfBlows"],"picked":"Fasting2","floor":29},{"not_picked":["ConjureBlade","Ragnarok"],"picked":"Devotion","floor":31},{"not_picked":["ConjureBlade","Scrawl","Wish"],"picked":"Omniscience","floor":33},{"not_picked":["WreathOfFlame+1","Adaptation+1","PathToVictory","BowlingBash"],"picked":"SKIP","floor":35},{"not_picked":["Consecrate+1","EmptyMind","Halt","ThirdEye+1"],"picked":"SKIP","floor":36},{"not_picked":["TalkToTheHand","BowlingBash+1","JustLucky+1","WreathOfFlame"],"picked":"SKIP","floor":39},{"not_picked":["SpiritShield","Wish","Establishment"],"picked":"Vault","floor":41},{"not_picked":["FollowUp","BattleHymn","CutThroughFate","WheelKick+1"],"picked":"SKIP","floor":42},{"not_picked":["Wish","Brilliance","Ragnarok","MasterReality"],"picked":"SKIP","floor":44},{"not_picked":["WreathOfFlame+1","FlurryOfBlows+1","WaveOfTheHand+1"],"picked":"SKIP","floor":46},{"not_picked":["Discovery","Dark Shackles"],"picked":"Enlightenment","floor":47}],"player_experience":472847,"relics_obtained":[{"floor":6.0,"key":"Centennial Puzzle"},{"floor":8.0,"key":"Art of War"},{"floor":9.0,"key":"Omamori"},{"floor":12.0,"key":"Torii"},{"floor":26,"key":"Potion Belt"},{"floor":28,"key":"Nunchaku"},{"floor":31,"key":"Question Card"},{"floor":37,"key":"Peace Pipe"},{"floor":41,"key":"Lantern"},{"floor":43,"key":"Damaru"},{"floor":44,"key":"Ice Cream"}],"event_choices":[{"damage_healed":0.0,"max_hp_gain":0.0,"max_hp_loss":0.0,"gold_gain":0.0,"event_name":"Liars Game","player_choice":"Ignored","floor":3.0,"gold_loss":0.0,"damage_taken":0.0},{"cards_removed":["Strike_P"],"damage_healed":0.0,"max_hp_gain":0.0,"max_hp_loss":0.0,"gold_gain":0.0,"event_name":"Purifier","player_choice":"Purged","floor":4.0,"gold_loss":0.0,"damage_taken":0.0},{"cards_removed":["Strike_P"],"damage_healed":0.0,"max_hp_gain":0.0,"max_hp_loss":0.0,"gold_gain":0.0,"event_name":"Back to Basics","player_choice":"Elegance","floor":20.0,"gold_loss":0.0,"damage_taken":0.0},{"damage_healed":0,"gold_gain":0,"player_choice":"Bought 3 Potions","damage_taken":0,"max_hp_gain":0,"max_hp_loss":0,"event_name":"The Woman in Blue","floor":24,"gold_loss":0},{"damage_healed":0,"gold_gain":0,"player_choice":"Fight","damage_taken":0,"max_hp_gain":0,"max_hp_loss":0,"event_name":"MindBloom","floor":37,"gold_loss":0},{"damage_healed":0,"gold_gain":0,"player_choice":"Copied","damage_taken":0,"max_hp_gain":0,"max_hp_loss":0,"event_name":"Duplicator","floor":38,"gold_loss":0,"cards_obtained":["Vault"]},{"damage_healed":0,"gold_gain":0,"player_choice":"Memory 1","damage_taken":0,"max_hp_gain":0,"max_hp_loss":0,"event_name":"SensoryStone","floor":47,"gold_loss":0},{"damage_healed":67,"gold_gain":0,"player_choice":"Heal","damage_taken":0,"max_hp_gain":0,"max_hp_loss":10,"event_name":"The Moai Head","floor":48,"gold_loss":0}],"is_beta":false,"boss_relics":[{"not_picked":["Velvet Choker","Calling Bell"],"picked":"HolyWater"},{"not_picked":["Runic Pyramid","Snecko Eye"],"picked":"SlaversCollar"}],"items_purged_floors":[11,45],"is_endless":false,"potions_floor_spawned":[1,5,14,16,18,28,33,36,39,42,46],"ascension_level":0}}