{"host":"poshtwjux72eqzmy","time":1612484974,"event":{"mods":["BaseMod","Bestiary","Block Reminder","Highlight Path","Minty Spire (QoL Compilation)","Quick Restart","Relic Stats","StSLib","ojb\u0027s Info Mod"],"gold_per_floor":[110,128,143,156,156,156,187,187,187,213,223,241,266,286,286,363,363,376,60,74,74,74,102,134,134,206,206,234,245,279,279,279,353,353,371,593,9,9,9,34,34,65,65,65,65,91,104,156,156,156,156,156,82,111,111],"floor_reached":56,"language":"ENG","playtime":3452,"items_purged":["Strike_G","Skewer+1"],"score":2460,"play_id":"94717d3d-3705-435a-ab3f-d1b9961b095b","local_time":"20210205022934","daily_mods":["Heirloom"],"is_ascension_mode":true,"campfire_choices":[{"data":"Neutralize","floor":6.0,"key":"SMITH"},{"data":"Skewer","floor":8.0,"key":"SMITH"},{"data":"Wraith Form v2","floor":15.0,"key":"SMITH"},{"data":"Madness","floor":25.0,"key":"SMITH"},{"data":"Survivor","floor":27.0,"key":"SMITH"},{"data":"Adrenaline","floor":32.0,"key":"SMITH"},{"data":"Venomology","floor":41.0,"key":"SMITH"},{"data":"Madness","floor":44.0,"key":"SMITH"},{"floor":49.0,"key":"RECALL"},{"data":"After Image","floor":52.0,"key":"SMITH"}],"circlet_count":0,"master_deck":["AscendersBane","Defend_G","Defend_G","Defend_G","Defend_G","Defend_G","Survivor+1","Neutralize+1","Concentrate","Eviscerate+1","Wraith Form v2+1","Slice+1","Dagger Spray+1","Finisher+1","Storm of Steel","Concentrate","Madness+1","Endless Agony+1","Blur","Adrenaline+1","Venomology+1","Escape Plan+1","Leg Sweep+1","Dodge and Roll+1","Trip","Madness+1","Madness","Slice+1","After Image+1"],"relics":["Ring of the Snake","Unceasing Top","Shuriken","Molten Egg 2","Pear","Pocketwatch","HornCleat","Coffee Dripper","DollysMirror","Juzu Bracelet","Red Mask","Gremlin Horn","Pen Nib","White Beast Statue","Astrolabe","Lantern","Letter Opener","Blood Vial","Mercury Hourglass","Singing Bowl","Blue Candle","Du-Vu Doll","The Specimen"],"acts_visited":["Exordium","TheCity","TheBeyond","TheEnding"],"potions_floor_usage":[55,55,55],"damage_taken":[{"damage":1.0,"enemies":"Cultist","floor":1.0,"turns":4.0},{"damage":0.0,"enemies":"2 Louse","floor":2.0,"turns":3.0},{"damage":1.0,"enemies":"Jaw Worm","floor":3.0,"turns":2.0},{"damage":9.0,"enemies":"Exordium Wildlife","floor":4.0,"turns":4.0},{"damage":7.0,"enemies":"Lagavulin","floor":7.0,"turns":6.0},{"damage":6.0,"enemies":"Gremlin Nob","floor":10.0,"turns":3.0},{"damage":8.0,"enemies":"Exordium Thugs","floor":11.0,"turns":4.0},{"damage":0.0,"enemies":"Blue Slaver","floor":12.0,"turns":3.0},{"damage":10.0,"enemies":"3 Sentries","floor":13.0,"turns":7.0},{"damage":0.0,"enemies":"2 Fungi Beasts","floor":14.0,"turns":1.0},{"damage":0.0,"enemies":"Hexaghost","floor":16.0,"turns":5.0},{"damage":12.0,"enemies":"Chosen","floor":18.0,"turns":4.0},{"damage":0.0,"enemies":"3 Byrds","floor":20.0,"turns":3.0},{"damage":14.0,"enemies":"Book of Stabbing","floor":23.0,"turns":3.0},{"damage":0.0,"enemies":"Masked Bandits","floor":24.0,"turns":2.0},{"damage":4.0,"enemies":"Gremlin Leader","floor":28.0,"turns":4.0},{"damage":6.0,"enemies":"Centurion and Healer","floor":29.0,"turns":3.0},{"damage":0.0,"enemies":"Slavers","floor":30.0,"turns":3.0},{"damage":0.0,"enemies":"Champ","floor":33.0,"turns":4.0},{"damage":0.0,"enemies":"Orb Walker","floor":35.0,"turns":2.0},{"damage":0.0,"enemies":"Giant Head","floor":40.0,"turns":4.0},{"damage":0.0,"enemies":"Reptomancer","floor":42.0,"turns":1.0},{"damage":0.0,"enemies":"Nemesis","floor":46.0,"turns":1.0},{"damage":0.0,"enemies":"3 Darklings","floor":47.0,"turns":3.0},{"damage":1.0,"enemies":"2 Orb Walkers","floor":48.0,"turns":1.0},{"damage":17.0,"enemies":"Awakened One","floor":50.0,"turns":11.0},{"damage":1.0,"enemies":"Shield and Spear","floor":54.0,"turns":4.0},{"damage":64,"enemies":"The Heart","floor":55,"turns":11}],"seed_played":"9026694498213163342","potions_obtained":[{"floor":3.0,"key":"FearPotion"},{"floor":4.0,"key":"DistilledChaos"},{"floor":12.0,"key":"Swift Potion"},{"floor":13.0,"key":"Poison Potion"},{"floor":18.0,"key":"SpeedPotion"},{"floor":24.0,"key":"Energy Potion"},{"floor":28.0,"key":"GamblersBrew"},{"floor":42.0,"key":"Fruit Juice"},{"floor":46.0,"key":"Fire Potion"}],"is_trial":true,"path_per_floor":["M","M","M","M","?","R","E","R","T","E","M","M","E","M","R","B",null,"M","$","M","?","?","E","?","R","T","R","E","M","E","T","R","B",null,"M","?","$","?","?","E","R","E","T","R","$","E","M","?","R","B",null,"R","$","E","B",null],"character_chosen":"THE_SILENT","items_purchased":["DollysMirror","Madness","Trip","Lantern","Letter Opener","Ancient Potion"],"campfire_rested":0,"item_purchase_floors":[19,19,37,37,37,53],"current_hp_per_floor":[58,58,57,48,48,48,41,41,51,45,37,37,27,27,27,27,64,52,52,52,52,52,38,38,38,38,38,34,28,28,28,28,28,64,64,64,64,64,50,50,50,52,52,52,52,61,65,66,66,51,77,77,77,80,18],"gold":111,"neow_bonus":"","is_daily":false,"chose_seed":false,"campfire_upgraded":9,"win_rate":0.0,"timestamp":1612484974,"path_taken":["M","M","?","M","?","R","E","R","T","E","?","M","E","M","R","BOSS","M","$","M","?","?","E","?","R","T","R","E","M","E","?","R","BOSS","M","?","$","?","?","E","R","E","T","R","?","E","M","?","R","BOSS","R","$","E","BOSS"],"items_purchased_type":["Relic","Card","Card","Relic","Relic","Potion"],"build_version":"2020-12-22","purchased_purges":2,"victory":true,"max_hp_per_floor":[66,66,66,66,66,66,66,66,76,76,76,76,76,76,76,76,76,76,76,76,76,76,76,76,76,76,76,76,76,76,76,76,76,76,76,76,76,76,76,76,76,76,76,76,76,83,85,85,85,85,85,85,85,87,87],"relic_stats":{"Gremlin Horn":[11,11],"Singing Bowl":6,"counters":[28,106],"Astrolabe":["Escape Plan","Leg Sweep","Dodge and Roll"],"Blue Candle":[4],"Pen Nib":[14],"Juzu Bracelet":2,"Letter Opener":[410],"Mercury Hourglass":[125],"Blood Vial":14,"Shuriken":[66],"obtain_stats":[{"Lantern":37,"Pear":9,"Gremlin Horn":28,"Singing Bowl":43,"The Specimen":54,"Astrolabe":34,"Blue Candle":47,"Tingsha":0,"Pen Nib":30,"Juzu Bracelet":23,"Letter Opener":37,"White Beast Statue":31,"Mercury Hourglass":42,"Blood Vial":40,"Du-Vu Doll":48,"HornCleat":13,"Shuriken":5,"DollysMirror":19,"Molten Egg 2":7,"Coffee Dripper":17,"Red Mask":24,"Unceasing Top":0,"Ring of the Snake":0,"Pocketwatch":10},{"Lantern":20,"Pear":5,"Gremlin Horn":16,"Singing Bowl":22,"The Specimen":27,"Astrolabe":19,"Blue Candle":24,"Tingsha":0,"Pen Nib":18,"Juzu Bracelet":14,"Letter Opener":20,"White Beast Statue":18,"Mercury Hourglass":22,"Blood Vial":21,"Du-Vu Doll":25,"HornCleat":9,"Shuriken":4,"DollysMirror":12,"Molten Egg 2":5,"Coffee Dripper":11,"Red Mask":15,"Unceasing Top":0,"Ring of the Snake":0,"Pocketwatch":6},{"Lantern":70,"Pear":19,"Gremlin Horn":58,"Singing Bowl":75,"The Specimen":95,"Astrolabe":68,"Blue Candle":79,"Tingsha":0,"Pen Nib":64,"Juzu Bracelet":52,"Letter Opener":70,"White Beast Statue":64,"Mercury Hourglass":75,"Blood Vial":74,"Du-Vu Doll":80,"HornCleat":36,"Shuriken":13,"DollysMirror":46,"Molten Egg 2":19,"Coffee Dripper":42,"Red Mask":54,"Unceasing Top":0,"Ring of the Snake":0,"Pocketwatch":22}],"Unceasing Top":[291],"Ring of the Snake":[56],"Pocketwatch":[43]},"card_choices":[{"not_picked":["Dodge and Roll","Predator"],"picked":"Concentrate","floor":1.0},{"not_picked":["Blade Dance","Backflip"],"picked":"Skewer","floor":2.0},{"not_picked":["PiercingWail","Caltrops","Underhanded Strike"],"picked":"SKIP","floor":3.0},{"not_picked":["Deadly Poison","Expertise","Sucker Punch"],"picked":"SKIP","floor":4.0},{"not_picked":["Prepared","Poisoned Stab+1"],"picked":"Eviscerate+1","floor":7.0},{"not_picked":["Bane+1","Choke+1"],"picked":"Wraith Form v2","floor":10.0},{"not_picked":["PiercingWail","Bane+1"],"picked":"Flying Knee+1","floor":11.0},{"not_picked":["Quick Slash+1","Dodge and Roll"],"picked":"Slice+1","floor":12.0},{"not_picked":["Underhanded Strike+1","Outmaneuver"],"picked":"Dagger Spray+1","floor":13.0},{"not_picked":["Flechettes+1","Sucker Punch+1"],"picked":"Finisher+1","floor":14.0},{"not_picked":["A Thousand Cuts","Glass Knife+1"],"picked":"Storm of Steel","floor":16.0},{"not_picked":["Deadly Poison","Skewer+1","Flying Knee+1"],"picked":"SKIP","floor":18.0},{"not_picked":["Dash+1","All Out Attack+1","Flying Knee+1"],"picked":"SKIP","floor":20.0},{"not_picked":["Sucker Punch+1","Noxious Fumes","Dagger Throw+1"],"picked":"SKIP","floor":23.0},{"not_picked":["Expertise","Dagger Throw+1"],"picked":"Endless Agony+1","floor":28.0},{"not_picked":["Leg Sweep","Setup"],"picked":"Blur","floor":29.0},{"not_picked":["Poisoned Stab+1","Sucker Punch+1"],"picked":"Adrenaline","floor":30.0},{"not_picked":["Tools of the Trade","Night Terror"],"picked":"Venomology","floor":33.0},{"not_picked":["Deadly Poison+1","Backflip","Predator+1"],"picked":"SKIP","floor":35.0},{"not_picked":["Acrobatics","Infinite Blades","Crippling Poison"],"picked":"SKIP","floor":40.0},{"not_picked":["Deflect","Quick Slash+1"],"picked":"Slice+1","floor":42.0},{"not_picked":["Flying Knee+1","Outmaneuver","Backflip"],"picked":"Singing Bowl","floor":46.0},{"not_picked":["Dash+1","Prepared","Accuracy"],"picked":"Singing Bowl","floor":47.0},{"not_picked":["Footwork","Noxious Fumes"],"picked":"After Image","floor":48.0},{"not_picked":["Underhanded Strike+1","Blade Dance","Bouncing Flask"],"picked":"Singing Bowl","floor":54.0}],"player_experience":1109799,"relics_obtained":[{"floor":7.0,"key":"Molten Egg 2"},{"floor":9.0,"key":"Pear"},{"floor":10.0,"key":"Pocketwatch"},{"floor":13.0,"key":"HornCleat"},{"floor":23.0,"key":"Juzu Bracelet"},{"floor":24.0,"key":"Red Mask"},{"floor":28.0,"key":"Gremlin Horn"},{"floor":30.0,"key":"Pen Nib"},{"floor":31.0,"key":"White Beast Statue"},{"floor":40.0,"key":"Blood Vial"},{"floor":42.0,"key":"Mercury Hourglass"},{"floor":43.0,"key":"Singing Bowl"},{"floor":48.0,"key":"Du-Vu Doll"},{"floor":54.0,"key":"The Specimen"}],"event_choices":[{"damage_healed":0.0,"max_hp_gain":0.0,"max_hp_loss":0.0,"gold_gain":0.0,"event_name":"WeMeetAgain","player_choice":"Gave Potion","floor":5.0,"gold_loss":0.0,"damage_taken":0.0,"relics_obtained":["Shuriken"]},{"damage_healed":0.0,"max_hp_gain":0.0,"max_hp_loss":0.0,"gold_gain":0.0,"event_name":"Vampires","player_choice":"Ignored","floor":21.0,"gold_loss":0.0,"damage_taken":0.0},{"cards_removed":["Strike_G"],"damage_healed":0.0,"max_hp_gain":0.0,"max_hp_loss":0.0,"gold_gain":0.0,"event_name":"Back to Basics","player_choice":"Elegance","floor":22.0,"gold_loss":0.0,"damage_taken":0.0},{"damage_healed":0.0,"max_hp_gain":0.0,"max_hp_loss":0.0,"gold_gain":0.0,"event_name":"Masked Bandits","player_choice":"Fought Bandits","floor":24.0,"gold_loss":0.0,"damage_taken":0.0},{"damage_healed":0.0,"max_hp_gain":0.0,"max_hp_loss":0.0,"gold_gain":222.0,"event_name":"Tomb of Lord Red Mask","player_choice":"Wore Mask","floor":36.0,"gold_loss":0.0,"damage_taken":0.0},{"cards_removed":["Flying Knee"],"damage_healed":0.0,"max_hp_gain":0.0,"max_hp_loss":0.0,"gold_gain":0.0,"event_name":"Falling","player_choice":"Removed Attack","floor":38.0,"gold_loss":0.0,"damage_taken":0.0},{"damage_healed":0.0,"max_hp_gain":0.0,"max_hp_loss":0.0,"gold_gain":0.0,"event_name":"Winding Halls","player_choice":"Embrace Madness","floor":39.0,"gold_loss":0.0,"damage_taken":14.0,"cards_obtained":["Madness","Madness"]},{"damage_healed":0.0,"max_hp_gain":0.0,"max_hp_loss":0.0,"gold_gain":0.0,"event_name":"Mysterious Sphere","player_choice":"Fight","floor":48.0,"gold_loss":0.0,"damage_taken":0.0}],"is_beta":false,"boss_relics":[{"not_picked":["Calling Bell","Tiny House"],"picked":"Coffee Dripper"},{"not_picked":["Ring of the Serpent","Sozu"],"picked":"Astrolabe"}],"items_purged_floors":[19,37],"is_endless":false,"potions_floor_spawned":[3,4,12,13,14,18,23,24,28,33,35,40,42,46,47,48,54],"ascension_level":15}}