{"host":"ng82i9wxdhd5pdzq","time":1612488031,"event":{"mods":["2.2 Compatiblity","BaseMod","Colored Map","Downfall","Googly Eyes","Minty Spire (QoL Compilation)","StSLib"],"gold_per_floor":[99,118,128,142,157,183,183,237,257,288,88,114,114,160,189,202,202,202],"floor_reached":16,"language":"ENG","playtime":1244,"items_purged":[],"score":132,"play_id":"49af8776-5fd8-42b1-b4b8-b9a17a063631","local_time":"20210204192031","is_ascension_mode":true,"campfire_choices":[{"floor":1,"key":"RECALL"},{"data":"sneckomod:GlitteringGambit","floor":11,"key":"SMITH"},{"floor":13,"key":"REST"}],"circlet_count":0,"master_deck":["sneckomod:Strike","sneckomod:Strike","sneckomod:Strike","sneckomod:Defend","sneckomod:Defend","sneckomod:Defend","sneckomod:TailWhip","sneckomod:SnekBite+1","sneckomod:Unknown","sneckomod:Unknown","sneckomod:DiceBlock","sneckomod:UnknownBlock","sneckomod:UnknownColorless","sneckomod:UnknownCommonSkill","sneckomod:GlitteringGambit+1","sneckomod:Unknown2Cost","sneckomod:UnknownDraw","sneckomod:Unknown0Cost","sneckomod:UnknownCommonAttack","sneckomod:UnknownUncommonSkill","sneckomod:Transmogrify"],"relics":["sneckomod:SneckoSoul","Akabeko","White Beast Statue","downfall:HeartBlessingGreen","downfall:HeartBlessingRed","Blood Vial"],"acts_visited":["Exordium"],"potions_floor_usage":[14],"damage_taken":[{"damage":2,"enemies":"Small Slimes","floor":2,"turns":5},{"damage":0,"enemies":"Cultist","floor":3,"turns":3},{"damage":6,"enemies":"Jaw Worm","floor":4,"turns":4},{"damage":5,"enemies":"Blue Slaver","floor":5,"turns":6},{"damage":23,"enemies":"Lagavulin","floor":6,"turns":9},{"damage":0,"enemies":"3 Louse","floor":8,"turns":4},{"damage":34,"enemies":"Gremlin Nob","floor":9,"turns":5},{"damage":13,"enemies":"Exordium Wildlife","floor":10,"turns":5},{"damage":4,"enemies":"Exordium Thugs","floor":12,"turns":3},{"damage":33,"enemies":"3 Sentries","floor":14,"turns":9},{"damage":0,"enemies":"2 Fungi Beasts","floor":15,"turns":3},{"damage":49,"enemies":"DF_ARCHETYPE_STREAMLINE","floor":16,"turns":12}],"seed_played":"4100365832490037141","potions_obtained":[{"floor":2,"key":"BlessingOfTheForge"},{"floor":5,"key":"LiquidBronze"},{"floor":9,"key":"champ:CounterPotion"},{"floor":12,"key":"Explosive Potion"},{"floor":14,"key":"LiquidMemories"}],"is_trial":false,"path_per_floor":["R","M","M","M","M","E","T","M","E","M","R","M","R","E","M","B"],"character_chosen":"THE_SNECKO","items_purchased":[],"campfire_rested":1,"item_purchase_floors":[],"current_hp_per_floor":[99,97,97,91,86,63,63,63,29,16,16,12,41,8,10,0,0,0],"gold":202,"neow_bonus":"TEN_PERCENT_HP_BONUS","is_daily":false,"chose_seed":false,"campfire_upgraded":1,"win_rate":0.0,"timestamp":1612488031,"path_taken":["R","M","M","M","M","E","T","M","E","M","R","M","R","E","M","BOSS"],"items_purchased_type":[],"build_version":"2020-12-22","purchased_purges":0,"victory":false,"max_hp_per_floor":[99,99,99,99,99,99,99,99,99,99,99,99,99,99,99,99,99,99],"card_choices":[{"not_picked":["sneckomod:DiceCrush","sneckomod:SoulDraw"],"picked":"sneckomod:DiceBlock","floor":2},{"not_picked":["sneckomod:IronFang","sneckomod:QuickBite"],"picked":"sneckomod:UnknownBlock","floor":3},{"not_picked":["sneckomod:SoulDraw","sneckomod:UnknownWeak"],"picked":"sneckomod:UnknownColorless","floor":4},{"not_picked":["sneckomod:DiceBlock","sneckomod:SoulRoll"],"picked":"sneckomod:UnknownCommonSkill","floor":5},{"not_picked":["sneckomod:Mudshield","sneckomod:Memorize"],"picked":"sneckomod:GlitteringGambit","floor":6},{"not_picked":["sneckomod:QuickBite","sneckomod:SoulRoll"],"picked":"sneckomod:Unknown2Cost","floor":8},{"not_picked":["sneckomod:SoulCleanse","sneckomod:Unknown1Cost"],"picked":"sneckomod:UnknownDraw","floor":9},{"not_picked":["sneckomod:UnknownCommonAttack","sneckomod:DiceBlock"],"picked":"sneckomod:Unknown0Cost","floor":10},{"not_picked":["sneckomod:Rotation","sneckomod:UnknownDraw"],"picked":"sneckomod:UnknownCommonAttack","floor":12},{"not_picked":["sneckomod:Unknown0Cost","sneckomod:DiceBoulder"],"picked":"sneckomod:UnknownUncommonSkill","floor":14},{"not_picked":["sneckomod:Unknown1Cost","sneckomod:UnknownUncommonAttack"],"picked":"sneckomod:Transmogrify","floor":15}],"player_experience":638363,"relics_obtained":[{"floor":6,"key":"Akabeko"},{"floor":7,"key":"Pantograph"},{"floor":9,"key":"White Beast Statue"},{"floor":14,"key":"Blood Vial"}],"event_choices":[],"is_beta":false,"boss_relics":[],"items_purged_floors":[],"is_endless":false,"potions_floor_spawned":[2,5,9,10,12,14,15],"killed_by":"DF_ARCHETYPE_STREAMLINE","ascension_level":1}}