{"host":"6q94iy5iz6612v89","time":1612553281,"event":{"mods":["2.2 Compatiblity","AchievementEnabler","BaseMod","Colored Map","DeckTracker","Keyboard Shortcuts","Minty Spire (QoL Compilation)","Permanent Neow","StSLib","SuperFastMode"],"gold_per_floor":[111,111,36,49,98,98,133,133,133,166,166,196,213,226,226,298,298,317,327,80,5,24,58,58,93,93,93,93],"floor_reached":27,"language":"KOR","playtime":874,"items_purged":["Strike_R"],"score":638,"play_id":"567e6b7d-ccf3-404c-8e17-649fbd0c4437","local_time":"20210206042801","is_ascension_mode":true,"campfire_choices":[{"data":"Perfected Strike","floor":6.0,"key":"SMITH"},{"data":"Twin Strike","floor":11,"key":"SMITH"},{"floor":15,"key":"DIG"},{"floor":24,"key":"DIG"}],"circlet_count":0,"master_deck":["AscendersBane","Strike_R","Strike_R","Defend_R","Defend_R","Defend_R","Defend_R","Bash","Perfected Strike+1","Thunderclap","Twin Strike+1","Evolve","Twin Strike","Pommel Strike","Wild Strike","Impervious","Pommel Strike","Offering","Second Wind+1"],"relics":["Burning Blood","NeowsBlessing","Lantern","Bottled Flame","Mercury Hourglass","Shovel","Meat on the Bone","Question Card","InkBottle","SacredBark","Champion Belt","Blood Vial","HornCleat","Frozen Egg 2"],"acts_visited":["Exordium","TheCity"],"potions_floor_usage":[16,19,23,27],"damage_taken":[{"damage":0.0,"enemies":"Jaw Worm","floor":1.0,"turns":1.0},{"damage":0.0,"enemies":"2 Louse","floor":4.0,"turns":1.0},{"damage":0.0,"enemies":"3 Sentries","floor":7.0,"turns":2.0},{"damage":8,"enemies":"Gremlin Nob","floor":10,"turns":3},{"damage":15,"enemies":"3 Sentries","floor":12,"turns":5},{"damage":0,"enemies":"Cultist","floor":13,"turns":1},{"damage":0,"enemies":"Large Slime","floor":14,"turns":1},{"damage":56,"enemies":"Hexaghost","floor":16,"turns":7},{"damage":21,"enemies":"Shell Parasite","floor":18,"turns":2},{"damage":0,"enemies":"Chosen","floor":19,"turns":3},{"damage":24,"enemies":"Snake Plant","floor":22,"turns":2},{"damage":6,"enemies":"Gremlin Leader","floor":23,"turns":3},{"damage":48,"enemies":"Slavers","floor":25,"turns":6},{"damage":29,"enemies":"Book of Stabbing","floor":27,"turns":5}],"seed_played":"-4080615773041999996","potions_obtained":[{"floor":12,"key":"BlessingOfTheForge"},{"floor":14,"key":"Swift Potion"},{"floor":16,"key":"BlessingOfTheForge"},{"floor":19,"key":"DistilledChaos"}],"is_trial":false,"path_per_floor":["M","$","?","M","T","R","E","T","T","E","R","E","M","M","R","B",null,"M","M","$","?","M","E","R","E","T","E"],"character_chosen":"IRONCLAD","items_purchased":["Offering"],"campfire_rested":0,"item_purchase_floors":[20],"current_hp_per_floor":[74,74,74,75,75,75,75,75,75,73,73,64,70,75,75,37,66,51,57,57,57,51,51,51,23,23,0,0],"gold":93,"neow_bonus":"THREE_ENEMY_KILL","is_daily":false,"chose_seed":false,"campfire_upgraded":2,"win_rate":0.0,"timestamp":1612553281,"path_taken":["M","$","?","M","?","R","E","?","T","E","R","E","M","M","R","BOSS","M","M","$","?","M","E","R","E","T","E"],"items_purchased_type":["Card"],"build_version":"2020-12-22","purchased_purges":1,"victory":false,"max_hp_per_floor":[75,75,75,75,75,75,75,75,75,75,75,75,75,75,75,75,75,75,75,75,75,75,75,75,75,75,75,75],"card_choices":[{"not_picked":["Havoc","Pommel Strike"],"picked":"Perfected Strike","floor":1.0},{"not_picked":["Sever Soul","Clothesline"],"picked":"Thunderclap","floor":4.0},{"not_picked":["Sword Boomerang","Iron Wave"],"picked":"Twin Strike","floor":7.0},{"not_picked":["Warcry","Clothesline"],"picked":"Evolve","floor":10},{"not_picked":["Bludgeon","Combust"],"picked":"Twin Strike","floor":12},{"not_picked":["Dropkick","Anger","Thunderclap"],"picked":"Pommel Strike","floor":13},{"not_picked":["Feel No Pain","Thunderclap","Intimidate"],"picked":"Wild Strike","floor":14},{"not_picked":["Bludgeon","Demon Form","Fiend Fire"],"picked":"Impervious","floor":16},{"not_picked":["Thunderclap","Intimidate","Flex","Sentinel"],"picked":"SKIP","floor":18},{"not_picked":["Intimidate","Body Slam","Thunderclap"],"picked":"Pommel Strike","floor":19},{"not_picked":["Rampage","Dual Wield","Headbutt+1","Bloodletting"],"picked":"SKIP","floor":22},{"not_picked":["Dual Wield","Shockwave+1","Reckless Charge"],"picked":"Second Wind+1","floor":23},{"not_picked":["Searing Blow","Infernal Blade","Headbutt","Iron Wave"],"picked":"SKIP","floor":25}],"player_experience":1463628,"relics_obtained":[{"floor":5.0,"key":"Lantern"},{"floor":7.0,"key":"Bottled Flame"},{"floor":8.0,"key":"Mercury Hourglass"},{"floor":9.0,"key":"Shovel"},{"floor":10,"key":"Meat on the Bone"},{"floor":12,"key":"Question Card"},{"floor":15,"key":"InkBottle"},{"floor":23,"key":"Champion Belt"},{"floor":24,"key":"Blood Vial"},{"floor":25,"key":"HornCleat"},{"floor":26,"key":"Frozen Egg 2"}],"event_choices":[{"cards_removed":["Strike_R"],"damage_healed":0.0,"max_hp_gain":0.0,"max_hp_loss":0.0,"gold_gain":0.0,"event_name":"The Cleric","player_choice":"Card Removal","floor":3.0,"gold_loss":75.0,"damage_taken":0.0},{"cards_removed":["Strike_R"],"damage_healed":0,"gold_gain":0,"player_choice":"Gave Gold","damage_taken":0,"max_hp_gain":0,"max_hp_loss":0,"event_name":"Beggar","floor":21,"gold_loss":75}],"is_beta":false,"boss_relics":[{"not_picked":["Fusion Hammer","Runic Cube"],"picked":"SacredBark"}],"items_purged_floors":[20],"is_endless":false,"potions_floor_spawned":[12,14,16,19],"killed_by":"Book of Stabbing","ascension_level":20}}