{"host":"za9ilm1uiwmpmin1","time":1612547951,"event":{"mods":["AchievementEnabler","Act Like it!","BaseMod","Dota2Spire","Downfall","Friendly Minions","KomeijiMod","Lobotomy","LobotomyExtend","Minty Spire (QoL Compilation)","MostiFishMod","Reorder Act Four","RumiaBox-露米娅的神秘盒子","StSLib","TestMod","Waifu the Spire","[IsaacMod]以撒尖塔","【功能Mod】混沌之环修复补丁"],"gold_per_floor":[111,111,125,144,154,206,206,264,264,299,299,303,324,348,348,465,465,502,6,45,45,85,144,21,59,59,72,125,125,170,188,188,315,315,363,403,403,472,871,925,925,925,951,995,1039,1039,1101,1139,1139,1168,1168,1168,209,209,252,281],"floor_reached":57,"language":"ZHS","playtime":3299,"items_purged":["sneckomod:Strike","sneckomod:Defend","sneckomod:Unknown","sneckomod:TailWhip","sneckomod:Defend","sneckomod:SnekBite"],"score":2055,"play_id":"1a6a7cc4-f1de-4248-ba66-c44f59f27f76","local_time":"20210206015911","is_ascension_mode":true,"campfire_choices":[{"data":"sneckomod:TrashToTreasure","floor":11.0,"key":"SMITH"},{"data":"sneckomod:GlitteringGambit","floor":15.0,"key":"SMITH"},{"data":"sneckomod:Cheat","floor":32.0,"key":"SMITH"},{"floor":41,"key":"RECALL"},{"data":"EpicFetus","floor":46,"key":"SMITH"},{"data":"sneckomod:UnknownDexterity","floor":49,"key":"SMITH"},{"data":"sneckomod:UnknownDraw","floor":54,"key":"SMITH"}],"circlet_count":0,"master_deck":["sneckomod:Defend","sneckomod:Unknown","EpicFetus+1","sneckomod:UnknownDraw+1","sneckomod:UnknownDexterity+1","sneckomod:GlitteringGambit+1","sneckomod:Rotation+1","sneckomod:TrashToTreasure+1","sneckomod:Cheat+1","sneckomod:SerpentIdol+1","sneckomod:SoulDraw+1","sneckomod:SoulExchange+1","sneckomod:UnknownClassAngela+1","sneckomod:DiceBlock+1","sneckomod:Transmogrify+1","sneckomod:SerpentMind","sneckomod:SoulCleanse+1","sneckomod:MasterEye+1","sneckomod:UnendingSupply+1","Master of Strategy+1"],"relics":["HushsDoor","testmod-TestBox","D6","testmod-Fanaticism","SynthV:TestCard","LetterFromLob","DeadEye","Regal Pillow","testmod-CardMagician","GodSword4","Dota2Spire:LotusOrb","Toxic Egg 2","HollowDreamFlower","TheBible","SecretRecord","testmod-AssaultLearning","Sozu","PreservedInsect","DianPoetry","TimeFreeze","Omamori","Runic Pyramid","testmod-Charity","Void","ImprovedEquipment","Dota2Spire:MonkeyKingBar","ClockworkSouvenir","Dota2Spire:EtherealBlade","Dota2Spire:ArcaneBoots"],"acts_visited":["Exordium","TheCity","TheBeyond","TheEnding"],"potions_floor_usage":[56],"damage_taken":[{"damage":0.0,"enemies":"2 Louse","floor":1.0,"turns":1.0},{"damage":3.0,"enemies":"Small Slimes","floor":3.0,"turns":2.0},{"damage":0.0,"enemies":"Cultist","floor":4.0,"turns":2.0},{"damage":16.0,"enemies":"Blue Slaver","floor":5.0,"turns":2.0},{"damage":22.0,"enemies":"Lagavulin","floor":6.0,"turns":4.0},{"damage":36.0,"enemies":"3 Sentries","floor":8.0,"turns":4.0},{"damage":0.0,"enemies":"Looter","floor":10.0,"turns":2.0},{"damage":18.0,"enemies":"Exordium Thugs","floor":12.0,"turns":4.0},{"damage":0.0,"enemies":"Large Slime","floor":13.0,"turns":4.0},{"damage":0.0,"enemies":"Gremlin Nob","floor":14.0,"turns":3.0},{"damage":0.0,"enemies":"Slime Boss","floor":16.0,"turns":3.0},{"damage":0.0,"enemies":"2 Thieves","floor":18.0,"turns":1.0},{"damage":15.0,"enemies":"Shell Parasite","floor":20.0,"turns":4.0},{"damage":15.0,"enemies":"Snecko","floor":22.0,"turns":4.0},{"damage":55.0,"enemies":"Gremlin Leader","floor":23.0,"turns":3.0},{"damage":182.0,"enemies":"Slavers","floor":25.0,"turns":6.0},{"damage":71.0,"enemies":"Centurion and Healer","floor":27.0,"turns":3.0},{"damage":0.0,"enemies":"Book of Stabbing","floor":28.0,"turns":1.0},{"damage":58.0,"enemies":"Slavers","floor":30.0,"turns":2.0},{"damage":0.0,"enemies":"Chosen and Byrds","floor":31.0,"turns":3.0},{"damage":10.0,"enemies":"Collector","floor":33.0,"turns":6.0},{"damage":10,"enemies":"3 Darklings","floor":35,"turns":2},{"damage":0,"enemies":"3 Shapes","floor":36,"turns":2},{"damage":0,"enemies":"2 Orb Walkers","floor":38,"turns":4},{"damage":39,"enemies":"Nemesis","floor":40,"turns":5},{"damage":0,"enemies":"3 Darklings","floor":44,"turns":1},{"damage":0,"enemies":"Transient","floor":45,"turns":5},{"damage":33,"enemies":"Reptomancer","floor":47,"turns":3},{"damage":81,"enemies":"Writhing Mass","floor":48,"turns":4},{"damage":86,"enemies":"Donu and Deca","floor":50,"turns":4},{"damage":20,"enemies":"Shield and Spear","floor":55,"turns":3},{"damage":16,"enemies":"The Heart","floor":56,"turns":8}],"seed_played":"-2946958816127015016","potions_obtained":[{"floor":3.0,"key":"Guardian:BlockOnCardUsePotion"},{"floor":4.0,"key":"Fire Potion"},{"floor":5.0,"key":"Explosive Potion"},{"floor":16.0,"key":"testmod-TestPotion"},{"floor":23.0,"key":"Energy Potion"}],"is_trial":false,"path_per_floor":["M","?","M","M","M","E","?","E","T","M","R","M","M","E","R","B",null,"M","$","M","?","M","E","$","E","T","M","E","?","E","M","R","B",null,"M","M","?","?","?","E","R","?","T","M","M","R","E","M","R","B",null,null,"$","R","E","B",null],"character_chosen":"THE_SNECKO","items_purchased":["testmod-Charity","GodSword4","Dota2Spire:LotusOrb","ImprovedEquipment","Toxic Egg 2","sneckomod:SerpentMind","Dota2Spire:MonkeyKingBar","ClockworkSouvenir","Dota2Spire:EtherealBlade","Master of Strategy+1"],"campfire_rested":0,"item_purchase_floors":[19,19,19,19,24,34,53,53,53,53],"current_hp_per_floor":[83,83,84,88,86,82,82,88,88,90,90,90,90,90,90,90,85,85,85,87,87,75,91,91,93,93,94,96,96,98,100,100,102,83,85,86,82,84,85,87,87,87,88,90,92,92,92,95,95,96,96,96,96,96,97,98],"gold":281,"neow_bonus":"BOSS_RELIC","is_daily":false,"chose_seed":false,"campfire_upgraded":6,"win_rate":0.0,"timestamp":1612547951,"path_taken":["M","?","M","M","M","E","?","E","T","M","R","M","M","E","R","BOSS","M","$","M","?","M","E","?","E","T","?","E","?","E","M","R","BOSS","M","M","?","?","?","E","R","?","T","M","?","R","E","M","R","BOSS","$","R","E","BOSS"],"items_purchased_type":["Relic","Relic","Relic","Relic","Relic","Card","Relic","Relic","Relic","Card"],"build_version":"2020-12-22","purchased_purges":6,"victory":true,"max_hp_per_floor":[90,90,90,90,90,90,90,90,90,90,90,90,90,90,90,90,85,85,85,87,87,89,91,91,93,93,94,96,96,98,100,100,102,83,85,86,82,84,85,87,87,87,88,90,92,92,93,95,95,96,96,96,96,96,98,99],"card_choices":[{"not_picked":[],"picked":"EpicFetus","floor":0.0},{"not_picked":["sneckomod:Unknown1Cost","sneckomod:UnknownCommonSkill","sneckomod:RainOfDice"],"picked":"SKIP","floor":1.0},{"not_picked":["sneckomod:RainOfDice","sneckomod:UnlimitedRolls","sneckomod:UnknownStrike","sneckomod:UnknownStrength"],"picked":"sneckomod:UnknownDraw","floor":3.0},{"not_picked":["sneckomod:UnknownUncommonPower","sneckomod:QuickBite","sneckomod:WideSting","sneckomod:QuickMove"],"picked":"sneckomod:UnknownDexterity","floor":4.0},{"not_picked":["sneckomod:ImprovisedAttack","sneckomod:DiceBlock","sneckomod:UnknownStrike","sneckomod:Nope"],"picked":"sneckomod:GlitteringGambit","floor":5.0},{"not_picked":["sneckomod:UnknownBlock","sneckomod:SnekBeam","sneckomod:ImprovisedAttack","sneckomod:DiceBlock"],"picked":"sneckomod:Rotation","floor":6.0},{"not_picked":["sneckomod:DiceBoulder","sneckomod:QuickBite","sneckomod:MasterEye","sneckomod:UnknownDraw"],"picked":"Bomb","floor":8.0},{"not_picked":["sneckomod:DiceCrush","sneckomod:QuickBite","sneckomod:UnendingSupply","sneckomod:UnknownVulnerable"],"picked":"sneckomod:TrashToTreasure","floor":10.0},{"not_picked":["sneckomod:IronFang","sneckomod:UnknownCommonSkill","sneckomod:RainOfDice","sneckomod:QuickBite","sneckomod:Mudshield"],"picked":"SKIP","floor":12.0},{"not_picked":["sneckomod:UnknownCommonSkill","sneckomod:UnknownBlock","sneckomod:Unknown1Cost","sneckomod:SoulDraw"],"picked":"Bomb","floor":13.0},{"not_picked":["sneckomod:QuickMove","sneckomod:DiceCrush","sneckomod:SoulExchange","sneckomod:SoulRoll"],"picked":"Bomb","floor":14.0},{"not_picked":["sneckomod:UnknownRareAttack","sneckomod:UnlimitedRolls","sneckomod:SoulExchange","sneckomod:SerpentMind"],"picked":"sneckomod:Cheat","floor":16.0},{"not_picked":["sneckomod:Unknown0Cost+1","sneckomod:UnknownDexterity","sneckomod:SnakeSap","sneckomod:QuickMove","sneckomod:Nope"],"picked":"SKIP","floor":18.0},{"not_picked":["sneckomod:ImprovisedAttack+1","sneckomod:MixItUp","sneckomod:UnknownClassAngela","sneckomod:UnendingSupply"],"picked":"sneckomod:SerpentIdol+1","floor":20.0},{"not_picked":["sneckomod:UnknownVulnerable+1","sneckomod:UnknownColorless+1","sneckomod:Unknown1Cost","sneckomod:DiceBoulder","sneckomod:DiceCrush+1"],"picked":"SKIP","floor":22.0},{"not_picked":["sneckomod:DangerNoodle","sneckomod:UnknownCommonAttack","sneckomod:UnknownExhaust+1","sneckomod:RainOfDice","sneckomod:Unknown2Cost"],"picked":"SKIP","floor":23.0},{"not_picked":["sneckomod:SnakeSap","sneckomod:Transmogrify+1","sneckomod:DefensiveFlair+1","sneckomod:UnknownClassPURPLE+1"],"picked":"sneckomod:SoulDraw+1","floor":25.0},{"not_picked":["sneckomod:IronFang","sneckomod:DiceCrush","sneckomod:Nope+1","sneckomod:DiceBlock+1"],"picked":"sneckomod:SoulExchange+1","floor":27.0},{"not_picked":["sneckomod:PureSnecko+1","sneckomod:SerpentIdol+1","sneckomod:UnknownClassAngela+1","sneckomod:Unknown1Cost+1","sneckomod:UnknownExhaust+1"],"picked":"SKIP","floor":28.0},{"not_picked":["sneckomod:UnknownX+1","sneckomod:UnknownUncommonAttack","sneckomod:DangerNoodle","sneckomod:Unknown1Cost+1"],"picked":"sneckomod:UnknownClassAngela+1","floor":30.0},{"not_picked":["sneckomod:SoulRoll+1","sneckomod:SnakeSap+1","sneckomod:TrashToTreasure+1","sneckomod:UnknownBlock+1"],"picked":"sneckomod:DiceBlock+1","floor":31.0},{"not_picked":["sneckomod:MorePower","sneckomod:UnknownRareAttack","sneckomod:DangerNoodle","sneckomod:Mudshield"],"picked":"sneckomod:Transmogrify+1","floor":33.0},{"not_picked":["sneckomod:CheapStock+1","sneckomod:UnknownStrike","sneckomod:Rotation+1","sneckomod:Nope+1","sneckomod:UnknownUncommonPower+1"],"picked":"SKIP","floor":35},{"not_picked":["sneckomod:UnknownCommonSkill+1","sneckomod:SnekBeam+1","sneckomod:Cheat+1","sneckomod:SoulRoll+1","sneckomod:UnknownClassAngela+1"],"picked":"SKIP","floor":36},{"not_picked":["sneckomod:SnekBeam+1","sneckomod:UnknownCommonSkill+1","sneckomod:QuickBite+1","sneckomod:DangerNoodle"],"picked":"sneckomod:SoulCleanse+1","floor":40},{"not_picked":["sneckomod:Unknown1Cost+1","sneckomod:UnknownX+1","sneckomod:CheapStock+1","sneckomod:UnknownUncommonSkill+1","sneckomod:IronFang"],"picked":"SKIP","floor":44},{"not_picked":["sneckomod:SoulRoll+1","sneckomod:SoulDraw+1","sneckomod:UnknownClassAngela+1","sneckomod:SerpentIdol+1","sneckomod:UnknownVulnerable+1"],"picked":"SKIP","floor":45},{"not_picked":["sneckomod:UnknownColorless+1","sneckomod:UnknownClassPURPLE+1","sneckomod:Cheat+1","sneckomod:UnknownDexterity+1"],"picked":"sneckomod:MasterEye+1","floor":47},{"not_picked":["sneckomod:SoulCleanse+1","sneckomod:ImprovisedGuard+1","sneckomod:DiceBlock+1","sneckomod:SnekBeam"],"picked":"sneckomod:UnendingSupply+1","floor":48},{"not_picked":["sneckomod:SerpentIdol+1","sneckomod:ImprovisedAttack","sneckomod:Unknown1Cost+1","sneckomod:MixItUp+1","sneckomod:QuickBite"],"picked":"SKIP","floor":55}],"player_experience":1098351,"relics_obtained":[{"floor":1.0,"key":"SynthV:TestCard"},{"floor":1.0,"key":"LetterFromLob"},{"floor":6.0,"key":"Lantern"},{"floor":8.0,"key":"DeadEye"},{"floor":14.0,"key":"Regal Pillow"},{"floor":23.0,"key":"Dota2Spire:ArmletOfMordiggian"},{"floor":25.0,"key":"HollowDreamFlower"},{"floor":26.0,"key":"TheBible"},{"floor":28.0,"key":"SecretRecord"},{"floor":30.0,"key":"testmod-AssaultLearning"},{"floor":35,"key":"PreservedInsect"},{"floor":36,"key":"testmod-Charity"},{"floor":38,"key":"DianPoetry"},{"floor":40,"key":"TimeFreeze"},{"floor":43,"key":"Omamori"},{"floor":44,"key":"ImprovedEquipment"},{"floor":45,"key":"Runic Pyramid"},{"floor":47,"key":"testmod-Charity"},{"floor":47,"key":"Void"},{"floor":48,"key":"ImprovedEquipment"},{"floor":55,"key":"Dota2Spire:ArcaneBoots"},{"floor":55,"key":"Chaos"}],"event_choices":[{"cards_removed":["sneckomod:Strike"],"damage_healed":0.0,"max_hp_gain":0.0,"max_hp_loss":0.0,"gold_gain":0.0,"event_name":"Living Wall","player_choice":"Forget","floor":2.0,"gold_loss":0.0,"damage_taken":0.0},{"cards_removed":["sneckomod:Strike"],"damage_healed":0.0,"max_hp_gain":0.0,"max_hp_loss":0.0,"gold_gain":0.0,"event_name":"Purifier","player_choice":"Purged","floor":7.0,"gold_loss":0.0,"damage_taken":0.0},{"damage_healed":0.0,"max_hp_gain":0.0,"max_hp_loss":0.0,"gold_gain":0.0,"event_name":"Vampires","player_choice":"Ignored","floor":29.0,"gold_loss":0.0,"damage_taken":0.0},{"damage_healed":0,"gold_gain":0,"player_choice":"Max HP","damage_taken":0,"max_hp_gain":0,"max_hp_loss":4,"event_name":"Winding Halls","floor":37,"gold_loss":0},{"damage_healed":0,"gold_gain":0,"player_choice":"Fight","damage_taken":0,"max_hp_gain":0,"max_hp_loss":0,"event_name":"Mysterious Sphere","floor":38,"gold_loss":0},{"damage_healed":0,"gold_gain":400,"player_choice":"Sell","damage_taken":0,"max_hp_gain":0,"max_hp_loss":0,"event_name":"恩洛斯的盘子","floor":39,"relics_lost":["DaveBox"],"gold_loss":0},{"damage_healed":0,"gold_gain":0,"player_choice":"Upgraded","damage_taken":0,"max_hp_gain":0,"max_hp_loss":0,"event_name":"Upgrade Shrine","floor":42,"gold_loss":0,"cards_upgraded":["sneckomod:Rotation"]}],"is_beta":false,"boss_relics":[{"not_picked":["testmod-StringDisintegrator","sneckomod:SneckoBoss"],"picked":"testmod-CardMagician"},{"not_picked":[]},{"not_picked":["Philosopher\u0027s Stone","Velvet Choker"],"picked":"Sozu"},{"not_picked":[]}],"items_purged_floors":[17,19,19,34,34,53],"is_endless":false,"potions_floor_spawned":[3,4,5,10,14,16,23,25,28,30,33,36,38,55],"ascension_level":7}}