{"host":"93x13jgem5w43hjr","time":1612496924,"event":{"mods":["AchievementEnabler","BaseMod","Better Note","Colored Map","Colored Powertips","Downfall","Minty Spire (QoL Compilation)","Rare Cards Sparkle","StSLib"],"gold_per_floor":[99,111,123,135,235,247,273,273,285,285,319,335,235,263,280,377,377,377,395,407,407,425,457,506,506,167,178,178,192,192,211,231,231,231,231],"floor_reached":33,"language":"ENG","playtime":3365,"items_purged":["sneckomod:Strike"],"score":297,"play_id":"dbd1582b-dec7-4883-9873-8497925eaa77","local_time":"20210204204844","is_ascension_mode":true,"campfire_choices":[{"data":"sneckomod:SnekBite","floor":1,"key":"SMITH"},{"floor":8,"key":"REST"},{"data":"sneckomod:UnknownBoss","floor":18,"key":"SMITH"},{"floor":25,"key":"REST"},{"floor":30,"key":"REST"}],"circlet_count":0,"master_deck":["sneckomod:Defend","sneckomod:Defend","sneckomod:Defend","sneckomod:TailWhip+1","sneckomod:SnekBite+1","sneckomod:Unknown","sneckomod:Unknown","sneckomod:Nope","sneckomod:IronFang","sneckomod:QuickMove","sneckomod:SerpentIdol","sneckomod:SoulDraw","sneckomod:PureSnecko","sneckomod:UnknownCommonAttack","sneckomod:UnknownUncommonPower","Noxious Fumes","sneckomod:CheapStock","sneckomod:Unknown3Cost","sneckomod:UnknownBoss+1","sneckomod:RainOfDice","sneckomod:QuickMove+1","sneckomod:UnknownDraw+1","sneckomod:DiceBlock","sneckomod:SoulExchange","expansioncontent:QuickStudy","sneckomod:UnknownUncommonPower","sneckomod:UnknownBlock+1","sneckomod:SoulDraw"],"relics":["sneckomod:SneckoSoul","Blood Vial","Boot","Potion Belt","downfall:HeartBlessingGreen","Dream Catcher","bronze:MakeshiftBattery","sneckomod:ConfusingCodex","Pen Nib"],"acts_visited":["Exordium","TheCity"],"potions_floor_usage":[5,11,14,15,16,22,23,23,31],"damage_taken":[{"damage":0,"enemies":"Cultist","floor":2,"turns":3},{"damage":1,"enemies":"2 Louse","floor":3,"turns":3},{"damage":17,"enemies":"Small Slimes","floor":4,"turns":3},{"damage":71,"enemies":"downfall:Heads","floor":5,"turns":8},{"damage":11,"enemies":"3 Louse","floor":6,"turns":3},{"damage":0,"enemies":"Red Slaver","floor":9,"turns":6},{"damage":10,"enemies":"3 Sentries","floor":11,"turns":7},{"damage":0,"enemies":"Large Slime","floor":12,"turns":5},{"damage":10,"enemies":"Lagavulin","floor":14,"turns":5},{"damage":0,"enemies":"Exordium Thugs","floor":15,"turns":6},{"damage":27,"enemies":"WA_ARCHETYPE_RETAIN","floor":16,"turns":10},{"damage":15,"enemies":"Chosen","floor":19,"turns":6},{"damage":47,"enemies":"Sentry and Sphere","floor":20,"turns":9},{"damage":24,"enemies":"3 Cultists","floor":22,"turns":6},{"damage":53,"enemies":"Slavers","floor":23,"turns":6},{"damage":0,"enemies":"downfall:FleeingMerchant","floor":26,"turns":4},{"damage":16,"enemies":"Snake Plant","floor":27,"turns":4},{"damage":8,"enemies":"Shelled Parasite and Fungi","floor":29,"turns":7},{"damage":24,"enemies":"Cultist and Chosen","floor":31,"turns":9},{"damage":6,"enemies":"Snake Plant","floor":32,"turns":3},{"damage":48,"enemies":"IC_MUSHROOM_ARCHETYPE","floor":33,"turns":6}],"seed_played":"5677628133369575872","potions_obtained":[{"floor":4,"key":"CultistPotion"},{"floor":5,"key":"hexamod:SoulburnPotion"},{"floor":6,"key":"sneckomod:MuddlingPotion"},{"floor":9,"key":"AttackPotion"},{"floor":11,"key":"Weak Potion"},{"floor":14,"key":"LiquidMemories"},{"floor":19,"key":"FairyPotion"},{"floor":20,"key":"sneckomod:MuddlingPotion"},{"floor":22,"key":"Strength Potion"},{"floor":23,"key":"DuplicationPotion"}],"is_trial":false,"path_per_floor":["R","M","M","M","?","M","T","R","M","?","E","M","R","E","M","B",null,"R","M","M","?","M","E","T","R","$","M","?","M","R","M","M","B"],"character_chosen":"THE_SNECKO","items_purchased":["expansioncontent:QuickStudy","sneckomod:UnknownUncommonPower"],"campfire_rested":3,"item_purchase_floors":[26,26],"current_hp_per_floor":[99,99,98,96,25,14,14,43,45,45,37,39,39,31,33,8,99,99,84,39,72,50,29,29,58,60,46,46,40,69,47,43,0,0,0],"gold":231,"neow_bonus":"TEN_PERCENT_HP_BONUS","is_daily":false,"chose_seed":false,"campfire_upgraded":2,"win_rate":0.0,"timestamp":1612496924,"path_taken":["R","M","M","M","?","M","T","R","M","?","E","M","R","E","M","BOSS","R","M","M","?","M","E","T","R","$","M","?","?","R","M","M","BOSS"],"items_purchased_type":["Card","Card"],"build_version":"2020-12-22","purchased_purges":1,"victory":false,"max_hp_per_floor":[99,99,99,99,99,99,99,99,99,99,99,99,99,99,99,99,99,99,99,99,99,99,99,99,99,99,99,99,99,99,99,99,99,99,99],"card_choices":[{"not_picked":["sneckomod:DefensiveFlair","sneckomod:UnknownVulnerable"],"picked":"sneckomod:Nope","floor":2},{"not_picked":["sneckomod:RainOfDice","sneckomod:UnendingSupply"],"picked":"sneckomod:IronFang","floor":3},{"not_picked":["sneckomod:SoulRoll","sneckomod:DefensiveFlair"],"picked":"sneckomod:QuickMove","floor":4},{"not_picked":["sneckomod:QuickMove","sneckomod:Unknown0Cost"],"picked":"sneckomod:SoulDraw","floor":5},{"not_picked":["sneckomod:WideSting","sneckomod:UnknownVulnerable"],"picked":"sneckomod:PureSnecko","floor":6},{"not_picked":["sneckomod:DiceBlock","sneckomod:Nope"],"picked":"sneckomod:UnknownCommonAttack","floor":9},{"not_picked":["sneckomod:UnknownStrike","sneckomod:QuickBite"],"picked":"sneckomod:UnknownUncommonPower","floor":11},{"not_picked":["sneckomod:DiceBlock","sneckomod:Unknown1Cost"],"picked":"sneckomod:UnknownUncommonPower","floor":12},{"not_picked":["sneckomod:QuickBite","sneckomod:Rotation"],"picked":"sneckomod:CheapStock","floor":14},{"not_picked":["sneckomod:UnknownCommonSkill","sneckomod:WideSting"],"picked":"sneckomod:Unknown3Cost","floor":15},{"not_picked":["sneckomod:UnknownRareAttack","sneckomod:UnknownRarePower"],"picked":"sneckomod:UnknownBoss","floor":16},{"not_picked":["sneckomod:DiceCrush","sneckomod:DiceBlock"],"picked":"sneckomod:RainOfDice","floor":19},{"not_picked":["sneckomod:UnknownClassGREEN+1","sneckomod:SoulRoll"],"picked":"sneckomod:QuickMove+1","floor":20},{"not_picked":["sneckomod:SoulRoll","sneckomod:SlitherStrike"],"picked":"sneckomod:UnknownDraw+1","floor":22},{"not_picked":["sneckomod:IronFang+1","sneckomod:UnendingSupply"],"picked":"sneckomod:DiceBlock","floor":23},{"not_picked":["sneckomod:UnknownDraw","sneckomod:DiceCrush"],"picked":"sneckomod:SoulExchange","floor":25},{"not_picked":["sneckomod:PureSnecko","sneckomod:UnknownClassTHE_BRONZE_AUTOMATON","sneckomod:UnknownUncommonSkill"],"picked":"SKIP","floor":26},{"not_picked":["sneckomod:UnknownClassGREEN+1","sneckomod:CheapStock","sneckomod:PureSnecko"],"picked":"SKIP","floor":27},{"not_picked":["sneckomod:CheapStock","sneckomod:SoulDraw+1"],"picked":"sneckomod:UnknownBlock+1","floor":29},{"not_picked":["sneckomod:SerpentMind","sneckomod:SnekBeam","sneckomod:Unknown0Cost"],"picked":"SKIP","floor":31},{"not_picked":["sneckomod:Rotation","sneckomod:DefensiveFlair+1"],"picked":"sneckomod:SoulDraw","floor":32}],"player_experience":178623,"relics_obtained":[{"floor":7,"key":"Blood Vial"},{"floor":11,"key":"Potion Belt"},{"floor":14,"key":"Dream Catcher"},{"floor":23,"key":"sneckomod:ConfusingCodex"},{"floor":24,"key":"Pen Nib"}],"event_choices":[{"damage_healed":33,"gold_gain":0,"player_choice":"Heal","damage_taken":0,"max_hp_gain":0,"max_hp_loss":0,"event_name":"The Library","floor":21,"gold_loss":0}],"is_beta":false,"boss_relics":[{"not_picked":["sneckomod:SneckoBoss","Coffee Dripper"],"picked":"bronze:MakeshiftBattery"}],"items_purged_floors":[26],"is_endless":false,"potions_floor_spawned":[4,5,6,9,11,14,19,20,22,23],"killed_by":"IC_MUSHROOM_ARCHETYPE","ascension_level":1}}