{"host":"h0xw20cia6ppa69g","time":1612507635,"event":{"mods":["AchievementEnabler","BaseMod","Colored Map","Filter the Spire","Googly Eyes","Minty Spire (QoL Compilation)","Relic Stats","StSLib","The Awakened One except there are too many feathers","everything is the same but u backflip on backflip"],"gold_per_floor":[18,18,39,39,57,92,116,155,167,218,210,236,272,347,359,499,511,547,292,292,46,60,101,101,134,158,172,172,212,227,352,352,480,480,505,519,219,219,233,233,276,291,291,306,306,331,367,132,132,132,132,132,28,71,71,71],"floor_reached":55,"language":"ENG","playtime":4520,"items_purged":["Clash","Writhe"],"score":947,"play_id":"7779842a-78e4-4c41-8285-e0091929a03c","local_time":"20210205004715","is_ascension_mode":true,"campfire_choices":[{"data":"Sadistic Nature","floor":15.0,"key":"SMITH"},{"data":"Dual Wield","floor":24.0,"key":"SMITH"},{"data":"Entrench","floor":32.0,"key":"SMITH"},{"floor":40.0,"key":"RECALL"},{"data":"Dual Wield","floor":45.0,"key":"SMITH"},{"data":"Berserk","floor":49,"key":"SMITH"},{"data":"True Grit","floor":52,"key":"SMITH"}],"circlet_count":0,"master_deck":["Bash+1","Sadistic Nature+1","Headbutt","True Grit+1","Power Through","Clothesline+1","Berserk+1","Evolve","Intimidate","Shrug It Off+1","Thunderclap","Barricade","Sword Boomerang","Cleave","Intimidate","Dropkick","Pummel","Bloodletting+1","Sword Boomerang","Warcry","Disarm","Dual Wield+1","Body Slam","Dual Wield+1","Feel No Pain","Shockwave","Shrug It Off+1","Entrench+1","Fiend Fire+1","Seeing Red+1","Impervious","Evolve+1","Power Through+1","Dark Embrace","Demon Form","Uppercut+1","Burning Pact","Burning Pact","True Grit","Barricade"],"relics":["Burning Blood","Golden Idol","Matryoshka","MawBank","Toy Ornithopter","Potion Belt","Lantern","Vajra","Pandora\u0027s Box","Eternal Feather","Ancient Tea Set","Turnip","Tiny Chest","Happy Flower","Molten Egg 2","Pocketwatch","Meat on the Bone","Philosopher\u0027s Stone","Sling","Akabeko","Whetstone","Blue Candle","Pen Nib","Orichalcum","War Paint"],"acts_visited":["Exordium","TheCity","TheBeyond","TheEnding"],"potions_floor_usage":[55,55,55,55],"damage_taken":[{"damage":6.0,"enemies":"Jaw Worm","floor":1.0,"turns":3.0},{"damage":0.0,"enemies":"2 Louse","floor":3.0,"turns":3.0},{"damage":0.0,"enemies":"Cultist","floor":5.0,"turns":3.0},{"damage":37.0,"enemies":"Lagavulin","floor":6.0,"turns":6.0},{"damage":2.0,"enemies":"2 Fungi Beasts","floor":7.0,"turns":5.0},{"damage":9.0,"enemies":"3 Sentries","floor":8.0,"turns":5.0},{"damage":32.0,"enemies":"Gremlin Nob","floor":10.0,"turns":6.0},{"damage":4.0,"enemies":"Blue Slaver","floor":12.0,"turns":3.0},{"damage":8.0,"enemies":"3 Louse","floor":13.0,"turns":4.0},{"damage":6.0,"enemies":"3 Sentries","floor":14.0,"turns":8.0},{"damage":9.0,"enemies":"The Guardian","floor":16.0,"turns":13.0},{"damage":6.0,"enemies":"Chosen","floor":18.0,"turns":3.0},{"damage":14.0,"enemies":"Spheric Guardian","floor":22.0,"turns":4.0},{"damage":13.0,"enemies":"Book of Stabbing","floor":23.0,"turns":8.0},{"damage":3.0,"enemies":"Gremlin Leader","floor":25.0,"turns":7.0},{"damage":3.0,"enemies":"3 Cultists","floor":27.0,"turns":4.0},{"damage":21.0,"enemies":"Book of Stabbing","floor":29.0,"turns":9.0},{"damage":3.0,"enemies":"Centurion and Healer","floor":30.0,"turns":7.0},{"damage":6.0,"enemies":"Colosseum Slavers","floor":31.0,"turns":2.0},{"damage":6.0,"enemies":"Colosseum Nobs","floor":31.0,"turns":6.0},{"damage":8.0,"enemies":"Champ","floor":33.0,"turns":70.0},{"damage":11.0,"enemies":"Orb Walker","floor":35.0,"turns":4.0},{"damage":34.0,"enemies":"3 Darklings","floor":36.0,"turns":5.0},{"damage":6.0,"enemies":"Maw","floor":39.0,"turns":9.0},{"damage":39.0,"enemies":"Reptomancer","floor":41.0,"turns":7.0},{"damage":35.0,"enemies":"Transient","floor":42.0,"turns":5.0},{"damage":41.0,"enemies":"Spire Growth","floor":44.0,"turns":6.0},{"damage":4.0,"enemies":"Writhing Mass","floor":46.0,"turns":10.0},{"damage":31.0,"enemies":"Nemesis","floor":47.0,"turns":9.0},{"damage":66,"enemies":"Donu and Deca","floor":50,"turns":8},{"damage":61,"enemies":"Shield and Spear","floor":54,"turns":8},{"damage":64,"enemies":"The Heart","floor":55,"turns":3}],"seed_played":"-1058116696289746956","potions_obtained":[{"floor":3.0,"key":"Block Potion"},{"floor":7.0,"key":"AttackPotion"},{"floor":10.0,"key":"Regen Potion"},{"floor":11.0,"key":"AttackPotion"},{"floor":12.0,"key":"PowerPotion"},{"floor":13.0,"key":"SkillPotion"},{"floor":14.0,"key":"HeartOfIron"},{"floor":23.0,"key":"DistilledChaos"},{"floor":27.0,"key":"Explosive Potion"},{"floor":29.0,"key":"Strength Potion"},{"floor":30.0,"key":"Regen Potion"},{"floor":31.0,"key":"Dexterity Potion"},{"floor":35.0,"key":"Swift Potion"},{"floor":36.0,"key":"BloodPotion"},{"floor":46.0,"key":"SkillPotion"},{"floor":54,"key":"AttackPotion"}],"is_trial":false,"path_per_floor":["M","?","M","?","M","E","M","E","T","E","?","M","M","?","R","B",null,"M","$","?","$","M","E","R","E","T","M","?","E","M","?","R","B",null,"M","M","$","T","M","R","E","M","T","M","R","M","E","$","R","B",null,"R","$","E","B"],"character_chosen":"IRONCLAD","items_purchased":["Disarm","Dual Wield","Body Slam","Dual Wield","Feel No Pain","Sling","Akabeko","Burning Pact","Orichalcum","BlessingOfTheForge","True Grit"],"campfire_rested":0,"item_purchase_floors":[19,19,19,21,21,37,37,48,48,53,53],"current_hp_per_floor":[80,60,66,71,77,46,50,47,47,21,21,23,21,41,41,38,85,85,85,85,85,77,75,85,85,85,85,85,75,78,83,85,85,85,80,52,52,52,72,85,55,38,38,37,58,60,52,52,73,25,85,85,85,42,0,0],"gold":71,"neow_bonus":"RANDOM_COLORLESS_2","is_daily":false,"chose_seed":false,"campfire_upgraded":6,"win_rate":0.0,"timestamp":1612507635,"path_taken":["M","?","M","?","M","E","M","E","T","E","?","M","?","?","R","BOSS","M","$","?","$","M","E","R","E","T","M","?","E","?","?","R","BOSS","M","M","$","?","M","R","E","M","T","M","R","?","E","?","R","BOSS","R","$","E","BOSS"],"items_purchased_type":["Card","Card","Card","Card","Card","Relic","Relic","Card","Relic","Potion","Card"],"build_version":"2020-12-22","purchased_purges":2,"victory":false,"max_hp_per_floor":[80,80,80,85,85,85,85,85,85,85,85,85,85,85,85,85,85,85,85,85,85,85,85,85,85,85,85,85,85,85,85,85,85,85,85,85,85,85,85,85,85,85,85,85,85,85,85,85,85,85,85,85,85,85,85,85],"relic_stats":{"Happy Flower":[57],"counters":[32,253],"Golden Idol":237,"Blue Candle":[0],"Eternal Feather":67,"Pen Nib":[3],"Whetstone":["Clothesline","Bash"],"Orichalcum":[24],"War Paint":["Shrug It Off","Bloodletting"],"MawBank":132,"Burning Blood":174,"Pandora\u0027s Box":["Sword Boomerang","Cleave","Clash","Intimidate","Dropkick","Pummel","Bloodletting","Sword Boomerang","Warcry"],"Tiny Chest":1,"Turnip":[49],"obtain_stats":[{"Lantern":10,"Vajra":14,"Whetstone":41,"Ancient Tea Set":23,"Sling":37,"Burning Blood":0,"Matryoshka":6,"Tiny Chest":26,"Philosopher\u0027s Stone":34,"Potion Belt":9,"Happy Flower":26,"Golden Idol":2,"Blue Candle":43,"Eternal Feather":20,"Pen Nib":47,"Orichalcum":48,"War Paint":54,"MawBank":8,"Akabeko":37,"Pandora\u0027s Box":17,"Molten Egg 2":29,"Turnip":25,"Toy Ornithopter":9,"Pocketwatch":31,"Meat on the Bone":31},{"Lantern":7,"Vajra":9,"Whetstone":25,"Ancient Tea Set":14,"Sling":23,"Burning Blood":0,"Matryoshka":4,"Tiny Chest":15,"Philosopher\u0027s Stone":21,"Potion Belt":6,"Happy Flower":15,"Golden Idol":1,"Blue Candle":26,"Eternal Feather":12,"Pen Nib":29,"Orichalcum":29,"War Paint":31,"MawBank":6,"Akabeko":23,"Pandora\u0027s Box":11,"Molten Egg 2":17,"Turnip":15,"Toy Ornithopter":6,"Pocketwatch":20,"Meat on the Bone":20},{"Lantern":31,"Vajra":38,"Whetstone":204,"Ancient Tea Set":74,"Sling":188,"Burning Blood":0,"Matryoshka":15,"Tiny Chest":81,"Philosopher\u0027s Stone":179,"Potion Belt":25,"Happy Flower":81,"Golden Idol":3,"Blue Candle":209,"Eternal Feather":62,"Pen Nib":234,"Orichalcum":234,"War Paint":250,"MawBank":25,"Akabeko":188,"Pandora\u0027s Box":59,"Molten Egg 2":94,"Turnip":81,"Toy Ornithopter":25,"Pocketwatch":109,"Meat on the Bone":109}],"Toy Ornithopter":66,"Pocketwatch":[147],"Meat on the Bone":60},"card_choices":[{"not_picked":["Secret Weapon","Magnetism"],"picked":"Sadistic Nature","floor":0.0},{"not_picked":["Wild Strike","Iron Wave"],"picked":"Headbutt","floor":1.0},{"not_picked":["Heavy Blade","Sword Boomerang"],"picked":"True Grit","floor":3.0},{"not_picked":["Searing Blow","Warcry","Perfected Strike"],"picked":"SKIP","floor":5.0},{"not_picked":["Carnage","Fire Breathing"],"picked":"Power Through","floor":6.0},{"not_picked":["Headbutt","Armaments"],"picked":"Clothesline","floor":7.0},{"not_picked":["Dark Embrace","Whirlwind"],"picked":"Berserk","floor":8.0},{"not_picked":["Perfected Strike","Warcry"],"picked":"Evolve","floor":10.0},{"not_picked":["True Grit","Infernal Blade"],"picked":"Intimidate","floor":12.0},{"not_picked":["Sever Soul","Carnage"],"picked":"Shrug It Off","floor":13.0},{"not_picked":["Clash","Shrug It Off"],"picked":"Thunderclap","floor":14.0},{"not_picked":["Limit Break","Corruption"],"picked":"Barricade","floor":16.0},{"not_picked":["Sword Boomerang+1","Wild Strike","Clash"],"picked":"SKIP","floor":18.0},{"not_picked":["True Grit","Thunderclap"],"picked":"Shockwave","floor":22.0},{"not_picked":["Heavy Blade","Carnage"],"picked":"Shrug It Off+1","floor":23.0},{"not_picked":["Body Slam","Carnage"],"picked":"Entrench","floor":25.0},{"not_picked":["Sword Boomerang","Clash","Rage"],"picked":"SKIP","floor":27.0},{"not_picked":["Warcry","Pummel+1"],"picked":"Fiend Fire+1","floor":29.0},{"not_picked":["Bloodletting","Reckless Charge+1","Flex+1"],"picked":"SKIP","floor":30.0},{"not_picked":["Iron Wave+1","Cleave+1"],"picked":"Seeing Red+1","floor":31.0},{"not_picked":["Brutality","Corruption"],"picked":"Impervious","floor":33.0},{"not_picked":["Warcry+1","Heavy Blade+1"],"picked":"Evolve+1","floor":35.0},{"not_picked":["Wild Strike+1","Flame Barrier"],"picked":"Power Through+1","floor":36.0},{"not_picked":["Cleave+1","Wild Strike+1","Warcry+1"],"picked":"SKIP","floor":39.0},{"not_picked":["Feel No Pain","Rupture+1"],"picked":"Dark Embrace","floor":41.0},{"not_picked":["Warcry+1","Armaments+1"],"picked":"Demon Form","floor":42.0},{"not_picked":["Perfected Strike+1","Cleave+1"],"picked":"Uppercut+1","floor":44.0},{"not_picked":["Thunderclap+1","Clash+1","Cleave+1"],"picked":"SKIP","floor":46.0},{"not_picked":["Pommel Strike+1","Clash+1"],"picked":"Burning Pact","floor":47.0},{"not_picked":["Dropkick+1","Perfected Strike+1"],"picked":"Barricade","floor":54}],"player_experience":3815361,"relics_obtained":[{"floor":6.0,"key":"Matryoshka"},{"floor":8.0,"key":"MawBank"},{"floor":9.0,"key":"Toy Ornithopter"},{"floor":9.0,"key":"Potion Belt"},{"floor":10.0,"key":"Lantern"},{"floor":23.0,"key":"Ancient Tea Set"},{"floor":25.0,"key":"Turnip"},{"floor":26.0,"key":"Tiny Chest"},{"floor":26.0,"key":"Happy Flower"},{"floor":29.0,"key":"Molten Egg 2"},{"floor":31.0,"key":"Pocketwatch"},{"floor":31.0,"key":"Meat on the Bone"},{"floor":41.0,"key":"Whetstone"},{"floor":43.0,"key":"Blue Candle"},{"floor":47.0,"key":"Pen Nib"},{"floor":54,"key":"War Paint"}],"event_choices":[{"damage_healed":0.0,"max_hp_gain":0.0,"max_hp_loss":0.0,"gold_gain":0.0,"event_name":"Golden Idol","player_choice":"Take Damage","floor":2.0,"gold_loss":0.0,"damage_taken":20.0,"relics_obtained":["Golden Idol"]},{"damage_healed":0.0,"max_hp_gain":5.0,"max_hp_loss":0.0,"gold_gain":0.0,"event_name":"Big Fish","player_choice":"Donut","floor":4.0,"gold_loss":0.0,"damage_taken":0.0},{"damage_healed":0.0,"max_hp_gain":0.0,"max_hp_loss":0.0,"gold_gain":0.0,"event_name":"The Woman in Blue","player_choice":"Bought 1 Potion","floor":11.0,"gold_loss":0.0,"damage_taken":0.0},{"damage_healed":0.0,"max_hp_gain":0.0,"max_hp_loss":0.0,"gold_gain":30.0,"event_name":"Dead Adventurer","player_choice":"Searched \u00273\u0027 times","floor":14.0,"gold_loss":0.0,"damage_taken":0.0,"relics_obtained":["Vajra"]},{"damage_healed":0.0,"max_hp_gain":0.0,"max_hp_loss":0.0,"gold_gain":0.0,"event_name":"The Mausoleum","player_choice":"Opened","floor":20.0,"gold_loss":0.0,"damage_taken":0.0,"relics_obtained":["Eternal Feather"],"cards_obtained":["Writhe"]},{"damage_healed":0.0,"max_hp_gain":0.0,"max_hp_loss":0.0,"gold_gain":0.0,"event_name":"NoteForYourself","player_choice":"Ignored","floor":28.0,"gold_loss":0.0,"damage_taken":0.0},{"damage_healed":0.0,"max_hp_gain":0.0,"max_hp_loss":0.0,"gold_gain":0.0,"event_name":"Colosseum","player_choice":"Fight","floor":31.0,"gold_loss":0.0,"damage_taken":0.0},{"damage_healed":0.0,"max_hp_gain":0.0,"max_hp_loss":0.0,"gold_gain":0.0,"event_name":"Colosseum","player_choice":"Fought Nobs","floor":31.0,"gold_loss":0.0,"damage_taken":0.0}],"is_beta":false,"boss_relics":[{"not_picked":["SacredBark","Runic Pyramid"],"picked":"Pandora\u0027s Box"},{"not_picked":["Calling Bell","SlaversCollar"],"picked":"Philosopher\u0027s Stone"}],"items_purged_floors":[19,21],"is_endless":false,"potions_floor_spawned":[3,7,10,12,13,14,23,27,29,30,31,35,36,46,54],"killed_by":"The Heart","ascension_level":1}}