{"host":"gaqyve1328ta0etl","time":1612521603,"event":{"mods":["BaseMod","Colored Map","Colored Powertips","Duelist Mod","Googly Eyes","Hero for Fun","Minty Spire (QoL Compilation)","Shop Mod","StSLib","SuperFastMode","The Hierophant","The Runesmith"],"gold_per_floor":[110,285,92,110,110,110,144,144,144,164,164,182,37,57,57,152,152,162,87,87,102,202,202,222,222,292,303,303,218,234,26,26,121,121,131,0,0,11,11,11,11],"floor_reached":40,"language":"ENG","playtime":1007,"items_purged":["Doubt","Bash","Strike_R"],"score":614,"play_id":"d3d9207a-c129-423b-a770-d1827bea2845","local_time":"20210205024003","is_ascension_mode":true,"campfire_choices":[{"data":"Body Slam","floor":6,"key":"SMITH"},{"data":"Whirlwind","floor":8,"key":"SMITH"},{"data":"Body Slam","floor":11,"key":"SMITH"},{"floor":15,"key":"REST"},{"floor":23,"key":"REST"},{"data":"Armaments","floor":25,"key":"SMITH"},{"floor":28,"key":"REST"},{"floor":32,"key":"REST"}],"circlet_count":0,"master_deck":["AscendersBane","Strike_R","Strike_R","Defend_R","Defend_R","Defend_R","Defend_R","Headbutt","Body Slam+1","Whirlwind+1","Iron Wave","Body Slam+1","Body Slam","Iron Wave","Barricade","Armaments+1","Blind"],"relics":["Burning Blood","Centennial Puzzle","StoneCalendar","Busted Crown","Runesmith:Nanobots","Toy Ornithopter","Philosopher\u0027s Stone","Red Mask"],"acts_visited":["Exordium","TheCity","TheBeyond"],"potions_floor_usage":[7,16,24,27],"damage_taken":[{"damage":1,"enemies":"Cultist","floor":1,"turns":3},{"damage":16,"enemies":"Jaw Worm","floor":4,"turns":4},{"damage":12,"enemies":"Gremlin Nob","floor":7,"turns":4},{"damage":0,"enemies":"2 Louse","floor":10,"turns":2},{"damage":18,"enemies":"Red Slaver","floor":12,"turns":5},{"damage":3,"enemies":"Blue Slaver","floor":14,"turns":3},{"damage":42,"enemies":"Slime Boss","floor":16,"turns":13},{"damage":18,"enemies":"3 Byrds","floor":18,"turns":5},{"damage":20,"enemies":"Spheric Guardian","floor":21,"turns":4},{"damage":16,"enemies":"Centurion and Healer","floor":24,"turns":8},{"damage":25,"enemies":"Cultist and Chosen","floor":27,"turns":6},{"damage":42,"enemies":"Snecko","floor":30,"turns":6},{"damage":49,"enemies":"Champ","floor":33,"turns":12},{"damage":46,"enemies":"3 Shapes","floor":35,"turns":6},{"damage":7,"enemies":"Orb Walker","floor":38,"turns":4},{"damage":38,"enemies":"Giant Head","floor":40,"turns":6}],"seed_played":"6263536760540874428","potions_obtained":[{"floor":4,"key":"Block Potion"},{"floor":14,"key":"DuplicationPotion"},{"floor":16,"key":"ElixirPotion"},{"floor":21,"key":"Block Potion"},{"floor":24,"key":"AttackPotion"},{"floor":38,"key":"ElixirPotion"}],"is_trial":false,"path_per_floor":["M","?","$","M","?","R","E","R","T","M","R","M","$","M","R","B",null,"M","?","?","M","?","R","M","R","T","M","R","?","M","$","R","B",null,"M","?","?","M","$","E"],"character_chosen":"IRONCLAD","items_purchased":["Body Slam","Whirlwind","Iron Wave","Blind"],"campfire_rested":4,"item_purchase_floors":[3,3,13,31],"current_hp_per_floor":[85,85,85,75,68,68,62,62,62,68,68,56,56,59,85,49,78,66,66,66,52,52,78,68,68,68,49,75,75,39,39,65,22,72,32,32,32,31,31,0,0],"gold":11,"neow_bonus":"TEN_PERCENT_HP_BONUS","is_daily":false,"chose_seed":false,"campfire_upgraded":4,"win_rate":0.0,"timestamp":1612521603,"path_taken":["M","?","$","M","?","R","E","R","T","M","R","M","$","M","R","BOSS","M","?","?","M","?","R","?","R","T","M","R","?","M","$","R","BOSS","M","?","?","M","$","E"],"items_purchased_type":["Card","Card","Card","Card"],"build_version":"2020-12-22","purchased_purges":3,"victory":false,"max_hp_per_floor":[88,88,88,88,88,88,88,88,88,88,88,88,88,88,88,88,88,88,88,88,88,88,88,88,88,88,88,88,88,88,88,88,88,88,88,88,88,88,88,88,88],"card_choices":[{"not_picked":["Clash","Thunderclap"],"picked":"Headbutt","floor":1},{"not_picked":["Perfected Strike","Havoc"],"picked":"Armaments","floor":4},{"not_picked":["Corruption","Metallicize"],"picked":"Iron Wave","floor":7},{"not_picked":["Perfected Strike","Cleave"],"picked":"Body Slam","floor":10},{"not_picked":["Hemokinesis","Infernal Blade"],"picked":"Body Slam","floor":12},{"not_picked":["Havoc","Pommel Strike","Sword Boomerang"],"picked":"SKIP","floor":14},{"not_picked":["Double Tap","Feed"],"picked":"Barricade","floor":16},{"not_picked":[],"picked":"Armaments","floor":18},{"not_picked":["Rupture"],"picked":"SKIP","floor":21},{"not_picked":["Clothesline"],"picked":"SKIP","floor":24},{"not_picked":["Feel No Pain"],"picked":"SKIP","floor":27},{"not_picked":["Pommel Strike"],"picked":"SKIP","floor":30},{"not_picked":["Combust"],"picked":"SKIP","floor":35},{"not_picked":["Uppercut+1"],"picked":"SKIP","floor":38}],"player_experience":2078249,"relics_obtained":[{"floor":7,"key":"Centennial Puzzle"},{"floor":9,"key":"StoneCalendar"},{"floor":26,"key":"Runesmith:Nanobots"}],"event_choices":[{"damage_healed":0,"gold_gain":175,"player_choice":"AGREE","damage_taken":0,"max_hp_gain":0,"max_hp_loss":0,"event_name":"Liars Game","floor":2,"gold_loss":0,"cards_obtained":["Doubt"]},{"cards_removed":["Armaments"],"damage_healed":0,"gold_gain":0,"player_choice":"Card Removal","damage_taken":7,"max_hp_gain":0,"max_hp_loss":0,"event_name":"Golden Wing","floor":5,"gold_loss":0},{"cards_removed":["Strike_R"],"damage_healed":0,"gold_gain":0,"player_choice":"Gave Gold","damage_taken":0,"max_hp_gain":0,"max_hp_loss":0,"event_name":"Beggar","floor":19,"gold_loss":75},{"damage_healed":0,"gold_gain":0,"player_choice":"Ignored","damage_taken":0,"max_hp_gain":0,"max_hp_loss":0,"event_name":"Vampires","floor":20,"gold_loss":0},{"damage_healed":0,"gold_gain":100,"player_choice":"Pray","damage_taken":0,"max_hp_gain":0,"max_hp_loss":0,"event_name":"Golden Shrine","floor":22,"gold_loss":0},{"damage_healed":0,"gold_gain":0,"player_choice":"Obtained Relic","damage_taken":0,"relics_obtained":["Toy Ornithopter"],"max_hp_gain":0,"max_hp_loss":0,"event_name":"Addict","floor":29,"gold_loss":85},{"damage_healed":0,"gold_gain":0,"player_choice":"Paid","damage_taken":0,"relics_obtained":["Red Mask"],"max_hp_gain":0,"max_hp_loss":0,"event_name":"Tomb of Lord Red Mask","floor":36,"gold_loss":131},{"cards_removed":["Strike_R"],"damage_healed":0,"gold_gain":0,"player_choice":"Removed Attack","damage_taken":0,"max_hp_gain":0,"max_hp_loss":0,"event_name":"Falling","floor":37,"gold_loss":0}],"is_beta":false,"boss_relics":[{"not_picked":["Snecko Eye","Black Star"],"picked":"Busted Crown"},{"not_picked":["Velvet Choker","Runic Pyramid"],"picked":"Philosopher\u0027s Stone"}],"items_purged_floors":[3,13,31],"is_endless":false,"potions_floor_spawned":[4,14,16,21,24,38],"killed_by":"Giant Head","ascension_level":12}}