{"host":"ko40t1o51xotjt2v","time":1612544333,"event":{"mods":["2.2 Compatiblity","AchievementEnabler","Aspiration","BaseMod","Better Match","Better Third Choice","Better Vampires","Conspire","Downfall","Energized Spire","GifTheSpireLib","Halation","Hubris","Jedi Mod","Minty Spire (QoL Compilation)","MostiFishMod","Reliquary","Spicy Shops","Spikes Relics","StSLib","Stuff the Spire","TestMod","??????REMEMod"],"gold_per_floor":[99,99,99,499,499,517,517,544,562,581,613,630,705,705,705],"floor_reached":14,"language":"SPA","playtime":705,"items_purged":[],"score":137,"play_id":"793ce1cb-5473-4fe4-91bf-1a46be5ba1dc","local_time":"20210205175853","is_ascension_mode":true,"campfire_choices":[{"data":"Zap","floor":1,"key":"SMITH"}],"circlet_count":0,"master_deck":["Strike_B","Strike_B","Strike_B","Strike_B","Defend_B","Defend_B","Defend_B","Defend_B","Zap+1","Dualcast","Cold Snap","Coolheaded","Cold Snap","Sweeping Beam","Reinforced Body"],"relics":["Cracked Core","testmod-TestBox","REME_ComplimentaryCards","downfall:HeartsMalice","hubris:TenFootPole","reliquary:Stiletto","hubris:BottledRain"],"acts_visited":["Exordium"],"potions_floor_usage":[11,11,11],"damage_taken":[{"damage":0,"enemies":"Small Slimes","floor":2,"turns":1},{"damage":0,"enemies":"conspire:RoseBush","floor":3,"turns":1},{"damage":0,"enemies":"Cultist","floor":5,"turns":1},{"damage":2,"enemies":"Looter","floor":6,"turns":4},{"damage":28,"enemies":"Lagavulin","floor":8,"turns":9},{"damage":4,"enemies":"Red Slaver","floor":9,"turns":4},{"damage":3,"enemies":"2 Fungi Beasts","floor":10,"turns":3},{"damage":20,"enemies":"Gremlin Nob","floor":11,"turns":4},{"damage":0,"enemies":"3 Louse","floor":12,"turns":3},{"damage":7,"enemies":"Lagavulin","floor":14,"turns":9}],"seed_played":"-7712659975633029721","potions_obtained":[{"floor":8,"key":"jedi:tentaclejuice"},{"floor":9,"key":"jedi:coolantleak"},{"floor":11,"key":"testmod-SpacePotion"}],"is_trial":false,"path_per_floor":["R","M","M","?","M","M","T","E","M","M","E","M","?","E"],"character_chosen":"DEFECT","items_purchased":[],"campfire_rested":0,"item_purchase_floors":[],"current_hp_per_floor":[68,68,68,68,68,66,66,38,34,31,11,11,6,0,0],"gold":705,"neow_bonus":"THREE_ENEMY_KILL","is_daily":false,"chose_seed":false,"campfire_upgraded":1,"win_rate":0.0,"timestamp":1612544333,"path_taken":["R","M","M","?","M","M","T","E","M","M","E","M","?","E"],"items_purchased_type":[],"build_version":"2020-12-22","purchased_purges":0,"victory":false,"max_hp_per_floor":[75,75,75,75,75,75,75,75,75,75,75,75,75,75,75],"card_choices":[{"not_picked":["StuffTheSpire:LoadUp","StuffTheSpire:Plugnplay"],"picked":"Cold Snap","floor":2},{"not_picked":["Scrape","Stack"],"picked":"Coolheaded","floor":3},{"not_picked":["StuffTheSpire:LoadUp","jedi:BurstLightning","Go for the Eyes"],"picked":"SKIP","floor":5},{"not_picked":["MostiFishMod:PushDownKick","MostiFishMod:TalkingToTheRain"],"picked":"Cold Snap","floor":6},{"not_picked":["Streamline","Auto Shields"],"picked":"Sweeping Beam","floor":8},{"not_picked":["Compile Driver","jedi:locknload","MostiFishMod:Prepare"],"picked":"SKIP","floor":9},{"not_picked":["Streamline","jedi:blockon","Gash"],"picked":"SKIP","floor":10},{"not_picked":["Streamline","REME_SelfUpgrade","StuffTheSpire:LoadUp"],"picked":"SKIP","floor":11},{"not_picked":["Coolheaded","Hello World"],"picked":"Reinforced Body","floor":12}],"player_experience":492213,"relics_obtained":[{"floor":7,"key":"hubris:TenFootPole"},{"floor":8,"key":"reliquary:Stiletto"},{"floor":11,"key":"hubris:BottledRain"}],"event_choices":[{"damage_healed":0,"gold_gain":400,"player_choice":"Sell","damage_taken":0,"max_hp_gain":0,"max_hp_loss":0,"event_name":"Plate Of N\u0027loth","floor":4,"relics_lost":["DaveBox"],"gold_loss":0},{"damage_healed":0,"gold_gain":75,"player_choice":"Gold","damage_taken":11,"max_hp_gain":0,"max_hp_loss":0,"event_name":"betterThird:BetterGoop","floor":13,"gold_loss":0}],"is_beta":false,"boss_relics":[],"items_purged_floors":[],"is_endless":false,"potions_floor_spawned":[8,9,11],"killed_by":"Lagavulin","ascension_level":8}}