{"host":"vqs1j3qalc1cciyt","time":1612485342,"event":{"mods":["2.2 Compatiblity","AchievementEnabler","Aspiration","Bard","BaseMod","Beaked The Cultist","Better Altar","Better Match","Better Note","Better Sensory Stone","Better Skull","Better Third Choice","Clockwork Mod","Colored Map","Conspire","Downfall","Friendly Minions","GifTheSpireLib","Glutton Mod","Halation","Highlight Path","Hubris","Infinite Spire","Minty Spire (QoL Compilation)","RRrroohrrRGHHhhh!!","Replay The Spire","Spicy Shops","StSLib","Stuff the Spire","The Construct","The Cursed","The Disciple","The Hierophant"],"gold_per_floor":[116,116,126,126,126,141,141,169,169,169,169,182,202,219,44,60,60,60,60],"floor_reached":18,"language":"ENG","playtime":623,"items_purged":["StuffTheSpire:CuriosityCurse","Strike_B"],"score":156,"play_id":"74d12f4f-2e2a-460a-963b-af11fe264cfa","local_time":"20210204163542","is_ascension_mode":true,"campfire_choices":[{"data":"Chaos","floor":10,"key":"SMITH"},{"data":"Strike_B","floor":17,"key":"PURGE"}],"circlet_count":0,"master_deck":["Strike_B","Defend_B","Defend_B","Defend_B","Defend_B","Zap+1","Dualcast","Loop","Static Discharge","Chaos+1","Echo Form"],"relics":["Cracked Core","aspiration:Nostalgia","m_MusicBox","Torii","Pear","Replay:Baseball"],"acts_visited":["Exordium"],"potions_floor_usage":[14,14,16],"damage_taken":[{"damage":4,"enemies":"Jaw Worm","floor":1,"turns":4},{"damage":9,"enemies":"infinitespire:Voidling","floor":3,"turns":3},{"damage":0,"enemies":"conspire:RoseBush","floor":6,"turns":3},{"damage":24,"enemies":"Replay:BlueRogue","floor":8,"turns":5},{"damage":14,"enemies":"3 Louse","floor":12,"turns":3},{"damage":11,"enemies":"Exordium Thugs","floor":13,"turns":4},{"damage":1,"enemies":"Looter","floor":14,"turns":4},{"damage":13,"enemies":"Large Slime","floor":16,"turns":3},{"damage":17,"enemies":"Fading Forest","floor":18,"turns":4}],"seed_played":"5242724581980803315","potions_obtained":[{"floor":3,"key":"Dexterity Potion"},{"floor":8,"key":"BlessingOfTheForge"},{"floor":16,"key":"Fruit Juice"}],"is_trial":false,"path_per_floor":["M","?","M","PTL","PTL","M","?","E","?","R","T","M","M","M","$","M","R_BF","B"],"character_chosen":"DEFECT","items_purchased":[],"campfire_rested":0,"item_purchase_floors":[],"current_hp_per_floor":[71,71,62,62,62,62,62,48,48,48,48,34,23,22,22,14,14,0,0],"gold":60,"neow_bonus":"NOSTALGIA","is_daily":false,"chose_seed":false,"campfire_upgraded":1,"win_rate":0.0,"timestamp":1612485342,"path_taken":["M","?","?","PTL","PTL","M","?","E","?","R","T","M","M","M","$","M","R_BF","BOSS"],"items_purchased_type":[],"build_version":"2020-12-22","purchased_purges":2,"victory":false,"max_hp_per_floor":[75,75,75,75,75,75,75,85,85,85,85,85,85,85,85,90,90,90,90],"card_choices":[{"not_picked":["rorgmod:Fusion","Redo"],"picked":"Loop","floor":1},{"not_picked":["Sweeping Beam","rorgmod:Overcurrent"],"picked":"Static Discharge","floor":3},{"not_picked":["Glacier","Hologram","Barrage"],"picked":"SKIP","floor":6},{"not_picked":["Sweeping Beam","Cold Snap","ReplaySort"],"picked":"SKIP","floor":8},{"not_picked":["Panic Button","conspire:Rain","rorgmod:Antivirus"],"picked":"SKIP","floor":12},{"not_picked":["Go for the Eyes","rorgmod:Refrigerate","Genetic Algorithm"],"picked":"SKIP","floor":13},{"not_picked":["Chaos","Rebound"],"picked":"Echo Form","floor":14},{"not_picked":["Hologram","rorgmod:Fragmentation","Steam Power"],"picked":"SKIP","floor":16}],"player_experience":933653,"relics_obtained":[{"floor":8,"key":"Pear"},{"floor":11,"key":"Replay:Baseball"}],"event_choices":[{"damage_healed":0,"gold_gain":0,"player_choice":"Upgraded","damage_taken":0,"max_hp_gain":0,"max_hp_loss":0,"event_name":"Upgrade Shrine","floor":2,"gold_loss":0,"cards_upgraded":["Zap"]},{"damage_healed":0,"gold_gain":0,"cards_transformed":["Strike_B"],"player_choice":"Transformed","damage_taken":0,"max_hp_gain":0,"max_hp_loss":0,"event_name":"Transmorgrifier","floor":9,"gold_loss":0,"cards_obtained":["Chaos"]}],"is_beta":false,"boss_relics":[],"items_purged_floors":[15,15],"is_endless":false,"potions_floor_spawned":[3,8,16],"killed_by":"Fading Forest","ascension_level":3}}