{"host":"6jrd8fn9k88n08be","time":1612498400,"event":{"mods":["BaseMod","Minty Spire (QoL Compilation)","StSLib"],"gold_per_floor":[114,125,50,68,68,100,100,112,112,112,112,144,159,176,176,279,279,299,317,317,329,342,376,376,404,404,404,404,404],"floor_reached":28,"language":"ENG","playtime":1433,"items_purged":[],"score":388,"play_id":"98853c96-71af-49f9-beb7-c0f185129eda","local_time":"20210204231320","is_ascension_mode":true,"campfire_choices":[{"data":"Bouncing Flask","floor":7.0,"key":"SMITH"},{"floor":11.0,"key":"REST"},{"data":"Poisoned Stab","floor":15.0,"key":"SMITH"},{"floor":24,"key":"REST"}],"circlet_count":0,"master_deck":["Strike_G","Strike_G","Defend_G","Defend_G","Defend_G","Defend_G","Defend_G","Survivor","Neutralize","Poisoned Stab+1","Noxious Fumes","Bouncing Flask+1","Poisoned Stab","Poisoned Stab","Poisoned Stab","Bouncing Flask","Dodge and Roll","Malaise","Adrenaline","Backstab","Doppelganger","Expertise","Catalyst"],"relics":["Ring of the Snake","Pantograph","Bottled Tornado","Ninja Scroll","Black Star","Bag of Marbles","Unceasing Top","Orichalcum","Singing Bowl","Bottled Flame"],"acts_visited":["Exordium","TheCity"],"potions_floor_usage":[23,27,27],"damage_taken":[{"damage":0.0,"enemies":"Cultist","floor":1.0,"turns":4.0},{"damage":3.0,"enemies":"Jaw Worm","floor":2.0,"turns":3.0},{"damage":0.0,"enemies":"2 Louse","floor":4.0,"turns":3.0},{"damage":26.0,"enemies":"Lagavulin","floor":6.0,"turns":5.0},{"damage":11.0,"enemies":"Looter","floor":8.0,"turns":2.0},{"damage":27.0,"enemies":"Gremlin Nob","floor":12.0,"turns":4.0},{"damage":0.0,"enemies":"3 Louse","floor":13.0,"turns":2.0},{"damage":1.0,"enemies":"Blue Slaver","floor":14.0,"turns":3.0},{"damage":10.0,"enemies":"Hexaghost","floor":16.0,"turns":6.0},{"damage":0.0,"enemies":"Chosen","floor":18.0,"turns":3.0},{"damage":6.0,"enemies":"Spheric Guardian","floor":19.0,"turns":3.0},{"damage":20.0,"enemies":"Chosen and Byrds","floor":21.0,"turns":5.0},{"damage":6.0,"enemies":"Snake Plant","floor":22.0,"turns":3.0},{"damage":11,"enemies":"Book of Stabbing","floor":23,"turns":6},{"damage":26,"enemies":"Gremlin Leader","floor":25,"turns":5},{"damage":15,"enemies":"Slavers","floor":27,"turns":2},{"damage":7,"enemies":"Cultist and Chosen","floor":28,"turns":6}],"seed_played":"7269721290832178512","potions_obtained":[{"floor":4.0,"key":"PowerPotion"},{"floor":6.0,"key":"SmokeBomb"},{"floor":8.0,"key":"BlessingOfTheForge"},{"floor":13.0,"key":"EssenceOfSteel"},{"floor":16.0,"key":"CunningPotion"},{"floor":19.0,"key":"Ancient Potion"},{"floor":21.0,"key":"Energy Potion"},{"floor":22.0,"key":"BlessingOfTheForge"}],"is_trial":false,"path_per_floor":["M","M","$","M","?","E","R","M","T","?","R","E","M","M","R","B",null,"M","M","?","M","M","E","R","E","T","E","M"],"character_chosen":"THE_SILENT","items_purchased":["Bouncing Flask"],"campfire_rested":2,"item_purchase_floors":[3],"current_hp_per_floor":[70,67,67,67,72,46,46,35,35,28,50,23,23,22,22,37,66,66,60,60,40,34,23,45,21,21,6,0,0],"gold":404,"neow_bonus":"THREE_CARDS","is_daily":false,"chose_seed":false,"campfire_upgraded":2,"win_rate":0.0,"timestamp":1612498400,"path_taken":["M","M","?","M","?","E","R","M","T","?","R","E","M","M","R","BOSS","M","M","?","M","M","E","R","E","T","E","M"],"items_purchased_type":["Card"],"build_version":"2020-12-22","purchased_purges":0,"victory":false,"max_hp_per_floor":[70,70,70,70,75,75,75,75,75,75,75,75,75,75,75,75,75,75,75,75,75,75,75,75,77,77,77,77,77],"card_choices":[{"not_picked":["Dagger Spray","Outmaneuver"],"picked":"Poisoned Stab","floor":0.0},{"not_picked":["Dagger Throw","Infinite Blades"],"picked":"Noxious Fumes","floor":1.0},{"not_picked":["Eviscerate","Dodge and Roll","Endless Agony"],"picked":"SKIP","floor":2.0},{"not_picked":["Underhanded Strike","Acrobatics"],"picked":"Poisoned Stab","floor":4.0},{"not_picked":["Heel Hook","Choke"],"picked":"Poisoned Stab","floor":6.0},{"not_picked":["Skewer","Cloak And Dagger"],"picked":"Poisoned Stab","floor":8.0},{"not_picked":["Slice","Predator"],"picked":"Bouncing Flask","floor":12.0},{"not_picked":["Cloak And Dagger","Finisher"],"picked":"Dodge and Roll","floor":13.0},{"not_picked":["Dagger Spray","Riddle With Holes"],"picked":"Malaise","floor":14.0},{"not_picked":["Glass Knife","Die Die Die"],"picked":"Adrenaline","floor":16.0},{"not_picked":["Acrobatics","Slice+1"],"picked":"Backstab","floor":18.0},{"not_picked":["Riddle With Holes","Expertise","Slice"],"picked":"SKIP","floor":19.0},{"not_picked":["Skewer","Caltrops","Flying Knee"],"picked":"SKIP","floor":21.0},{"not_picked":["Blur+1","Blade Dance"],"picked":"Catalyst","floor":22.0},{"not_picked":["Masterful Stab","Deadly Poison+1","Outmaneuver"],"picked":"SKIP","floor":23},{"not_picked":["Underhanded Strike","Blade Dance","Calculated Gamble"],"picked":"Singing Bowl","floor":25}],"player_experience":151641,"relics_obtained":[{"floor":6.0,"key":"Pantograph"},{"floor":9.0,"key":"Bottled Tornado"},{"floor":12.0,"key":"Ninja Scroll"},{"floor":23,"key":"Bag of Marbles"},{"floor":23,"key":"Unceasing Top"},{"floor":25,"key":"Orichalcum"},{"floor":25,"key":"Singing Bowl"},{"floor":26,"key":"Bottled Flame"}],"event_choices":[{"damage_healed":0.0,"max_hp_gain":5.0,"max_hp_loss":0.0,"gold_gain":0.0,"event_name":"Big Fish","player_choice":"Donut","floor":5.0,"gold_loss":0.0,"damage_taken":0.0},{"cards_removed":["Strike_G"],"damage_healed":0.0,"max_hp_gain":0.0,"max_hp_loss":0.0,"gold_gain":0.0,"event_name":"Golden Wing","player_choice":"Card Removal","floor":10.0,"gold_loss":0.0,"damage_taken":7.0},{"damage_healed":0.0,"max_hp_gain":0.0,"max_hp_loss":0.0,"gold_gain":0.0,"cards_transformed":["Strike_G","Strike_G"],"event_name":"Drug Dealer","player_choice":"Became Test Subject","floor":20.0,"gold_loss":0.0,"damage_taken":0.0,"cards_obtained":["Doppelganger","Expertise"]}],"is_beta":false,"boss_relics":[{"not_picked":["Runic Pyramid","Cursed Key"],"picked":"Black Star"}],"items_purged_floors":[],"is_endless":false,"potions_floor_spawned":[4,6,8,13,16,19,21,22,27],"killed_by":"Cultist and Chosen","ascension_level":5}}