{"host":"vumwfieg2b2mnrfl","time":1612484057,"event":{"mods":["AchievementEnabler","BaseMod","Minty Spire (QoL Compilation)","Rare Cards Sparkle","Relic Stats"],"gold_per_floor":[109,121,121,135,153,153,153],"floor_reached":6,"language":"ENG","playtime":167,"items_purged":[],"score":76,"play_id":"7a0e6f17-6ccd-4fca-88f3-364ebed651d9","local_time":"20210204181417","is_ascension_mode":true,"campfire_choices":[],"circlet_count":0,"master_deck":["AscendersBane","Strike_R","Strike_R","Strike_R","Strike_R","Strike_R","Defend_R","Defend_R","Defend_R","Defend_R","Bash","Fire Breathing","Uppercut"],"relics":["Burning Blood","NeowsBlessing","Toxic Egg 2"],"acts_visited":["Exordium"],"potions_floor_usage":[5],"damage_taken":[{"damage":0,"enemies":"Small Slimes","floor":1,"turns":1},{"damage":0,"enemies":"2 Louse","floor":2,"turns":1},{"damage":0,"enemies":"Cultist","floor":4,"turns":1},{"damage":30,"enemies":"Red Slaver","floor":5,"turns":7},{"damage":50,"enemies":"Lagavulin","floor":6,"turns":6}],"seed_played":"8254989919977981392","potions_obtained":[{"floor":4,"key":"Energy Potion"}],"is_trial":false,"path_per_floor":["M","M","?","M","M","E"],"character_chosen":"IRONCLAD","items_purchased":[],"campfire_rested":0,"item_purchase_floors":[],"current_hp_per_floor":[74,75,57,63,39,0,0],"gold":153,"neow_bonus":"THREE_ENEMY_KILL","is_daily":false,"chose_seed":false,"campfire_upgraded":0,"win_rate":0.0,"timestamp":1612484057,"path_taken":["M","M","?","M","M","E"],"items_purchased_type":[],"build_version":"2020-12-22","purchased_purges":0,"victory":false,"max_hp_per_floor":[75,75,75,75,75,75,75],"relic_stats":{"counters":[5,16],"obtain_stats":[{"NeowsBlessing":0,"Toxic Egg 2":3,"Burning Blood":0},{"NeowsBlessing":0,"Toxic Egg 2":2,"Burning Blood":0},{"NeowsBlessing":0,"Toxic Egg 2":2,"Burning Blood":0}],"Burning Blood":19},"card_choices":[{"not_picked":["Heavy Blade","Dark Embrace","Combust"],"picked":"SKIP","floor":1},{"not_picked":["Thunderclap","Shockwave","Flex"],"picked":"SKIP","floor":2},{"not_picked":["Feel No Pain","Carnage"],"picked":"Fire Breathing","floor":4},{"not_picked":["Body Slam","Evolve"],"picked":"Uppercut","floor":5}],"player_experience":524854,"relics_obtained":[],"event_choices":[{"damage_healed":0,"gold_gain":0,"player_choice":"Success","damage_taken":18,"relics_obtained":["Toxic Egg 2"],"max_hp_gain":0,"max_hp_loss":0,"event_name":"Scrap Ooze","floor":3,"gold_loss":0}],"is_beta":false,"boss_relics":[],"items_purged_floors":[],"is_endless":false,"potions_floor_spawned":[4],"killed_by":"Lagavulin","ascension_level":20}}