{"host":"6pfj0wha12yu6wq3","time":1612501452,"event":{"mods":["AchievementEnabler","BaseMod","Colored Map","Colored Powertips","Curses Come First","DeckTracker","Minty Spire (QoL Compilation)","RNG Fix","Relic Sorter","Relic Stats","StSLib","UnlockEverythingMod","ojb\u0027s Better Paths Mod","ojb\u0027s Info Mod"],"gold_per_floor":[112,128,147,166,166,166,198,211,261,261,281,294,328,339,339,413,413,430,408,408,425,443,443,471,485,536,536,562,581,581,609,609,684,684,698,457,457,477,337,365,365,375,375,706,718,749,767,194,194,194,194,194,194,3,3,3],"floor_reached":55,"language":"ENG","playtime":4266,"items_purged":["Strike_G+1","Choke","Pain"],"score":2266,"play_id":"5eebcb56-8fbd-41d5-b29d-cd1bf598a0bf","local_time":"20210205000412","is_ascension_mode":true,"campfire_choices":[{"floor":10,"key":"REST"},{"data":"Dagger Spray","floor":15,"key":"SMITH"},{"floor":23,"key":"REST"},{"floor":27,"key":"REST"},{"data":"Wraith Form v2","floor":30,"key":"SMITH"},{"data":"Burst","floor":32,"key":"SMITH"},{"floor":49,"key":"RECALL"},{"floor":53,"key":"REST"}],"circlet_count":0,"master_deck":["AscendersBane","Strike_G+1","Strike_G+1","Strike_G+1","Defend_G+1","Defend_G+1","Defend_G+1","Defend_G+1","Defend_G+1","Survivor","Neutralize","Finisher+1","After Image","Backstab+1","Dagger Spray+1","Venomology","Slice+1","Burst+1","Acrobatics+1","Blade Dance","Terror","Wraith Form v2+1","Phantasmal Killer","Accuracy+1","Infinite Blades","Calculated Gamble","Madness","Madness","Backflip+1","PiercingWail+1","Distraction+1","Infinite Blades","Infinite Blades","Acrobatics"],"relics":["Ring of the Snake","NeowsBlessing","Vajra","PreservedInsect","War Paint","Strawberry","SacredBark","HornCleat","Whetstone","Gremlin Horn","Question Card","Cursed Key","Toolbox","Pear","Old Coin","Potion Belt","Bag of Preparation","Mummified Hand"],"acts_visited":["Exordium","TheCity","TheBeyond","TheEnding"],"potions_floor_usage":[7,16,16,18,21,21,22,24,25,25,28,33,33,35,40,40,40,44,45,46,47,50,50,51,51],"damage_taken":[{"damage":0,"enemies":"Small Slimes","floor":1,"turns":1},{"damage":0,"enemies":"Cultist","floor":2,"turns":1},{"damage":0,"enemies":"2 Louse","floor":3,"turns":1},{"damage":2,"enemies":"Red Slaver","floor":4,"turns":5},{"damage":6,"enemies":"3 Sentries","floor":7,"turns":9},{"damage":7,"enemies":"3 Louse","floor":8,"turns":3},{"damage":0,"enemies":"2 Fungi Beasts","floor":11,"turns":3},{"damage":0,"enemies":"Looter","floor":12,"turns":2},{"damage":4,"enemies":"Lagavulin","floor":13,"turns":6},{"damage":0,"enemies":"Exordium Thugs","floor":14,"turns":3},{"damage":0,"enemies":"Slime Boss","floor":16,"turns":5},{"damage":19,"enemies":"Chosen","floor":18,"turns":8},{"damage":12,"enemies":"2 Thieves","floor":19,"turns":4},{"damage":8,"enemies":"Snake Plant","floor":21,"turns":5},{"damage":24,"enemies":"Shelled Parasite and Fungi","floor":22,"turns":10},{"damage":7,"enemies":"Slavers","floor":24,"turns":5},{"damage":4,"enemies":"Chosen and Byrds","floor":25,"turns":7},{"damage":1,"enemies":"Gremlin Leader","floor":28,"turns":5},{"damage":4,"enemies":"Snake Plant","floor":29,"turns":3},{"damage":26,"enemies":"Book of Stabbing","floor":31,"turns":4},{"damage":15,"enemies":"Automaton","floor":33,"turns":10},{"damage":0,"enemies":"3 Darklings","floor":35,"turns":6},{"damage":8,"enemies":"Orb Walker","floor":38,"turns":2},{"damage":12,"enemies":"Nemesis","floor":40,"turns":3},{"damage":0,"enemies":"4 Shapes","floor":42,"turns":5},{"damage":0,"enemies":"Reptomancer","floor":44,"turns":3},{"damage":7,"enemies":"Spire Growth","floor":45,"turns":5},{"damage":11,"enemies":"Giant Head","floor":46,"turns":5},{"damage":39,"enemies":"Writhing Mass","floor":47,"turns":11},{"damage":8,"enemies":"Donu and Deca","floor":50,"turns":9},{"damage":26,"enemies":"Awakened One","floor":51,"turns":8},{"damage":132,"enemies":"Shield and Spear","floor":55,"turns":6}],"seed_played":"-8075800471155044506","potions_obtained":[{"floor":2,"key":"GamblersBrew"},{"floor":3,"key":"Strength Potion"},{"floor":7,"key":"FairyPotion"},{"floor":13,"key":"CunningPotion"},{"floor":14,"key":"Fruit Juice"},{"floor":22,"key":"GamblersBrew"},{"floor":25,"key":"SkillPotion"},{"floor":42,"key":"SteroidPotion"},{"floor":45,"key":"SteroidPotion"},{"floor":46,"key":"Ancient Potion"}],"is_trial":false,"path_per_floor":["M","M","M","M","?","?","E","M","T","R","M","M","E","M","R","B",null,"M","M","?","M","M","R","E","M","T","R","E","M","R","E","R","B",null,"M","$","?","M","$","E","?","M","T","E","M","E","M","$","R","B","B",null,"R","$","E"],"character_chosen":"THE_SILENT","items_purchased":["Toolbox","Infinite Blades","Bag of Preparation","Mummified Hand","Infinite Blades","Energy Potion","Acrobatics"],"campfire_rested":4,"item_purchase_floors":[36,39,48,48,54,54,54],"current_hp_per_floor":[59,59,59,57,37,19,13,6,6,25,25,25,28,28,28,33,67,48,36,36,28,4,27,20,16,16,39,38,34,34,8,8,47,70,70,70,70,62,62,60,44,44,44,44,37,26,42,42,42,34,8,68,88,88,0,0],"gold":3,"neow_bonus":"THREE_ENEMY_KILL","is_daily":false,"chose_seed":false,"campfire_upgraded":3,"win_rate":0.0,"timestamp":1612501452,"path_taken":["M","M","?","M","?","?","E","M","T","R","M","?","E","M","R","BOSS","M","?","?","?","M","R","E","M","T","R","E","M","R","E","R","BOSS","M","$","?","M","$","E","?","M","T","E","M","E","M","$","R","BOSS","BOSS","R","$","E"],"items_purchased_type":["Relic","Card","Relic","Relic","Card","Potion","Card"],"build_version":"2020-12-22","purchased_purges":3,"victory":false,"max_hp_per_floor":[66,66,66,66,66,66,66,66,66,66,66,66,73,73,73,78,78,78,78,78,78,78,78,78,78,78,78,78,78,78,78,78,78,78,78,78,78,78,78,88,88,88,88,88,88,88,88,88,88,88,88,88,88,88,88,88],"relic_stats":{"Gremlin Horn":[17,17],"counters":[32,163],"Mummified Hand":[13],"PreservedInsect":478,"Bag of Preparation":[6],"Whetstone":["Backstab","Slice"],"War Paint":["Defend_G","Defend_G"],"Question Card":9,"Cursed Key":1,"obtain_stats":[{"Potion Belt":46,"Pear":40,"NeowsBlessing":0,"Gremlin Horn":28,"SacredBark":17,"Vajra":6,"PreservedInsect":7,"Bag of Preparation":48,"Whetstone":26,"War Paint":9,"Question Card":31,"Cursed Key":34,"Old Coin":44,"HornCleat":24,"Mummified Hand":48,"Strawberry":13,"Toolbox":36,"Ring of the Snake":0},{"Potion Belt":28,"Pear":24,"NeowsBlessing":0,"Gremlin Horn":18,"SacredBark":11,"Vajra":4,"PreservedInsect":5,"Bag of Preparation":29,"Whetstone":17,"War Paint":6,"Question Card":20,"Cursed Key":21,"Old Coin":26,"HornCleat":16,"Mummified Hand":29,"Strawberry":9,"Toolbox":22,"Ring of the Snake":0},{"Potion Belt":129,"Pear":111,"NeowsBlessing":0,"Gremlin Horn":83,"SacredBark":39,"Vajra":8,"PreservedInsect":17,"Bag of Preparation":140,"Whetstone":78,"War Paint":20,"Question Card":90,"Cursed Key":100,"Old Coin":119,"HornCleat":71,"Mummified Hand":140,"Strawberry":31,"Toolbox":106,"Ring of the Snake":0}],"Ring of the Snake":[64]},"card_choices":[{"not_picked":["PiercingWail","Accuracy"],"picked":"Choke","floor":1},{"not_picked":["Sucker Punch","Poisoned Stab"],"picked":"Finisher","floor":2},{"not_picked":["Bouncing Flask","Sucker Punch","Eviscerate"],"picked":"SKIP","floor":3},{"not_picked":["Sucker Punch","Bane","Flying Knee"],"picked":"SKIP","floor":4},{"not_picked":["Leg Sweep","Underhanded Strike"],"picked":"After Image","floor":7},{"not_picked":["Bane","Choke","Tactician"],"picked":"SKIP","floor":8},{"not_picked":["Tactician","Underhanded Strike"],"picked":"Backstab","floor":11},{"not_picked":["Bane","Slice"],"picked":"Dagger Spray","floor":12},{"not_picked":["Distraction","Footwork"],"picked":"Venomology","floor":13},{"not_picked":["All Out Attack","Dodge and Roll"],"picked":"Slice","floor":14},{"not_picked":["Envenom","Glass Knife"],"picked":"Burst","floor":16},{"not_picked":["Acrobatics","Flying Knee","Deflect"],"picked":"SKIP","floor":18},{"not_picked":["Bane","Setup","Poisoned Stab"],"picked":"SKIP","floor":19},{"not_picked":["Reflex","Prepared"],"picked":"Acrobatics+1","floor":21},{"not_picked":["Blur","Flying Knee"],"picked":"Blade Dance","floor":22},{"not_picked":["Skewer","Infinite Blades"],"picked":"Terror","floor":24},{"not_picked":["Underhanded Strike+1","Flying Knee+1"],"picked":"Wraith Form v2","floor":25},{"not_picked":["Dagger Throw","Deflect","Concentrate"],"picked":"SKIP","floor":28},{"not_picked":["Acrobatics","Dagger Throw","Deflect"],"picked":"SKIP","floor":29},{"not_picked":["Sucker Punch","Dagger Spray","Deflect"],"picked":"SKIP","floor":31},{"not_picked":["Bullet Time","Envenom","Tools of the Trade"],"picked":"Phantasmal Killer","floor":33},{"not_picked":["Slice","Bouncing Flask","Skewer"],"picked":"Accuracy+1","floor":35},{"not_picked":["Dagger Throw","Prepared","PiercingWail","Bane"],"picked":"SKIP","floor":38},{"not_picked":["Dagger Throw","Prepared","PiercingWail","Bane"],"picked":"SKIP","floor":38},{"not_picked":["Bane","Escape Plan","Die Die Die"],"picked":"Calculated Gamble","floor":40},{"not_picked":["Slice+1","Deadly Poison","Dagger Throw"],"picked":"Backflip+1","floor":42},{"not_picked":["Heel Hook","Flying Knee","Dash"],"picked":"PiercingWail+1","floor":44},{"not_picked":["Heel Hook+1","Dagger Throw+1","Riddle With Holes"],"picked":"Distraction+1","floor":45},{"not_picked":["Flechettes","Catalyst+1","Dagger Throw"],"picked":"Infinite Blades","floor":46},{"not_picked":["Corpse Explosion","Flying Knee","Dagger Spray+1","Prepared"],"picked":"SKIP","floor":47}],"player_experience":637397,"relics_obtained":[{"floor":7,"key":"PreservedInsect"},{"floor":9,"key":"War Paint"},{"floor":13,"key":"Strawberry"},{"floor":24,"key":"HornCleat"},{"floor":26,"key":"Whetstone"},{"floor":28,"key":"Gremlin Horn"},{"floor":31,"key":"Question Card"},{"floor":40,"key":"Pear"},{"floor":44,"key":"Old Coin"},{"floor":46,"key":"Potion Belt"}],"event_choices":[{"damage_healed":0,"gold_gain":0,"player_choice":"Entered Light","damage_taken":20,"max_hp_gain":0,"max_hp_loss":0,"event_name":"Shining Light","floor":5,"gold_loss":0,"cards_upgraded":["Finisher","Defend_G"]},{"damage_healed":0,"gold_gain":0,"player_choice":"Success","damage_taken":18,"relics_obtained":["Vajra"],"max_hp_gain":0,"max_hp_loss":0,"event_name":"Scrap Ooze","floor":6,"gold_loss":0},{"damage_healed":0,"gold_gain":0,"player_choice":"Simplicity","damage_taken":0,"max_hp_gain":0,"max_hp_loss":0,"event_name":"Back to Basics","floor":20,"gold_loss":0,"cards_upgraded":["Strike_G","Strike_G","Strike_G","Strike_G","Strike_G","Defend_G","Defend_G"]},{"cards_removed":["Strike_G"],"damage_healed":0,"gold_gain":0,"player_choice":"Removed Attack","damage_taken":0,"max_hp_gain":0,"max_hp_loss":0,"event_name":"Falling","floor":37,"gold_loss":0},{"damage_healed":0,"gold_gain":0,"player_choice":"Embrace Madness","damage_taken":16,"max_hp_gain":0,"max_hp_loss":0,"event_name":"Winding Halls","floor":41,"gold_loss":0,"cards_obtained":["Madness","Madness"]}],"is_beta":false,"boss_relics":[{"not_picked":["Velvet Choker","Pandora\u0027s Box"],"picked":"SacredBark"},{"not_picked":["Runic Pyramid","Snecko Eye"],"picked":"Cursed Key"}],"items_purged_floors":[36,39,48],"is_endless":false,"potions_floor_spawned":[2,3,7,8,13,14,22,25,28,31,38,42,45,46],"killed_by":"Shield and Spear","ascension_level":20}}