{"host":"d52brwsy6af8zvaq","time":1612498373,"event":{"mods":["AchievementEnabler","BaseMod","Bestiary","Highlight Path","Minty Spire (QoL Compilation)","Quick Restart","Relic Stats","ojb\u0027s Better Paths Mod"],"gold_per_floor":[115,265,13,30,30,70,70,70,148,148,148],"floor_reached":10,"language":"ENG","playtime":649,"items_purged":["Doubt"],"score":128,"play_id":"cdf92556-f954-4999-ad70-40268ac85ec4","local_time":"20210204211253","is_ascension_mode":true,"campfire_choices":[{"floor":7,"key":"REST"}],"circlet_count":0,"master_deck":["AscendersBane","Strike_B","Strike_B","Strike_B","Defend_B","Defend_B","Defend_B","Defend_B","Zap","Dualcast","Sunder","Capacitor","Rainbow","Conserve Battery","Consume"],"relics":["Cracked Core","Golden Idol","Toy Ornithopter"],"acts_visited":["Exordium"],"potions_floor_usage":[],"damage_taken":[{"damage":7.0,"enemies":"Jaw Worm","floor":1.0,"turns":3.0},{"damage":0.0,"enemies":"Small Slimes","floor":4.0,"turns":2.0},{"damage":32.0,"enemies":"Lagavulin","floor":6.0,"turns":10.0},{"damage":61,"enemies":"Gremlin Nob","floor":10,"turns":4}],"seed_played":"-3480410145580255278","potions_obtained":[],"is_trial":false,"path_per_floor":["M","?","$","M","?","E","R","?","T","E"],"character_chosen":"DEFECT","items_purchased":["Rainbow"],"campfire_rested":1,"item_purchase_floors":[3],"current_hp_per_floor":[57,57,57,57,57,25,44,49,49,0,0],"gold":148,"neow_bonus":"TRANSFORM_CARD","is_daily":false,"chose_seed":false,"campfire_upgraded":0,"win_rate":0.0,"timestamp":1612498373,"path_taken":["M","?","$","M","?","E","R","?","T","E"],"items_purchased_type":["Card"],"build_version":"2020-12-22","purchased_purges":1,"victory":false,"max_hp_per_floor":[71,71,71,71,64,64,64,69,69,69,69],"relic_stats":{"counters":[4,19],"Golden Idol":8,"obtain_stats":[{"Golden Idol":5,"Cracked Core":0,"Toy Ornithopter":6},{"Golden Idol":2,"Cracked Core":0,"Toy Ornithopter":3},{"Golden Idol":5,"Cracked Core":0,"Toy Ornithopter":15}],"Toy Ornithopter":0},"card_choices":[{"not_picked":["Stack","Reprogram"],"picked":"Capacitor","floor":1.0},{"not_picked":["Turbo","Lockon"],"picked":"Conserve Battery","floor":4.0},{"not_picked":["Skim","Sweeping Beam"],"picked":"Consume","floor":6.0}],"player_experience":2146695,"relics_obtained":[{"floor":6.0,"key":"Toy Ornithopter"}],"event_choices":[{"damage_healed":0.0,"max_hp_gain":0.0,"max_hp_loss":0.0,"gold_gain":150.0,"event_name":"Liars Game","player_choice":"AGREE","floor":2.0,"gold_loss":0.0,"damage_taken":0.0,"cards_obtained":["Doubt"]},{"damage_healed":0.0,"max_hp_gain":0.0,"max_hp_loss":7.0,"gold_gain":0.0,"event_name":"Golden Idol","player_choice":"Lose Max HP","floor":5.0,"gold_loss":0.0,"damage_taken":0.0,"relics_obtained":["Golden Idol"]},{"damage_healed":0,"gold_gain":0,"player_choice":"Donut","damage_taken":0,"max_hp_gain":5,"max_hp_loss":0,"event_name":"Big Fish","floor":8,"gold_loss":0}],"is_beta":false,"boss_relics":[],"items_purged_floors":[3],"is_endless":false,"potions_floor_spawned":[],"killed_by":"Gremlin Nob","ascension_level":20}}