{"host":"gfxjwtol062e9znw","time":1612527921,"event":{"mods":["BaseMod","Colored Map","Minty Spire (QoL Compilation)","Rare Cards Sparkle"],"gold_per_floor":[117,134,145,156,171,171,188,188,270,280,380,410,440,468,480,492,492],"floor_reached":16,"language":"ENG","playtime":1013,"items_purged":[],"score":157,"play_id":"d6fe518a-7f21-457b-a8d9-983374c6b161","local_time":"20210205232521","is_ascension_mode":true,"campfire_choices":[{"floor":6,"key":"REST"},{"data":"Wraith Form v2","floor":8,"key":"SMITH"},{"floor":15,"key":"REST"}],"circlet_count":0,"master_deck":["Strike_G","Strike_G","Strike_G","Strike_G","Strike_G","Defend_G","Defend_G","Defend_G","Defend_G","Defend_G","Survivor","Neutralize","Prepared","Blade Dance","Cloak And Dagger","Deflect","PiercingWail","Wraith Form v2+1","Cloak And Dagger","Footwork","Sucker Punch","Blade Dance"],"relics":["Ring of the Snake","Tiny Chest","Pantograph","MawBank"],"acts_visited":["Exordium"],"potions_floor_usage":[7,7,12,14,16,16],"damage_taken":[{"damage":8,"enemies":"Small Slimes","floor":1,"turns":5},{"damage":0,"enemies":"Cultist","floor":2,"turns":4},{"damage":0,"enemies":"Jaw Worm","floor":3,"turns":4},{"damage":11,"enemies":"Exordium Thugs","floor":4,"turns":7},{"damage":3,"enemies":"Blue Slaver","floor":5,"turns":5},{"damage":3,"enemies":"Gremlin Gang","floor":7,"turns":7},{"damage":2,"enemies":"2 Fungi Beasts","floor":10,"turns":5},{"damage":50,"enemies":"3 Sentries","floor":12,"turns":13},{"damage":4,"enemies":"3 Louse","floor":13,"turns":7},{"damage":0,"enemies":"Exordium Wildlife","floor":14,"turns":6},{"damage":57,"enemies":"Slime Boss","floor":16,"turns":11}],"seed_played":"-8329258629145697859","potions_obtained":[{"floor":3,"key":"Energy Potion"},{"floor":4,"key":"EssenceOfSteel"},{"floor":7,"key":"LiquidMemories"},{"floor":12,"key":"Weak Potion"},{"floor":13,"key":"GhostInAJar"},{"floor":14,"key":"DuplicationPotion"}],"is_trial":false,"path_per_floor":["M","M","M","M","M","R","M","R","T","M","?","E","M","M","R","B"],"character_chosen":"THE_SILENT","items_purchased":[],"campfire_rested":2,"item_purchase_floors":[],"current_hp_per_floor":[55,55,55,44,41,62,59,59,59,57,57,7,3,3,24,0,0],"gold":492,"neow_bonus":"RANDOM_COMMON_RELIC","is_daily":false,"chose_seed":false,"campfire_upgraded":1,"win_rate":0.0,"timestamp":1612527921,"path_taken":["M","M","M","M","M","R","M","R","T","M","?","E","?","?","R","BOSS"],"items_purchased_type":[],"build_version":"2020-12-22","purchased_purges":0,"victory":false,"max_hp_per_floor":[70,70,70,70,70,70,70,70,70,70,70,70,70,70,70,70,70],"card_choices":[{"not_picked":["Quick Slash","Noxious Fumes"],"picked":"Prepared","floor":1},{"not_picked":["Bane","Choke"],"picked":"Blade Dance","floor":2},{"not_picked":["Quick Slash","Dagger Spray"],"picked":"Cloak And Dagger","floor":3},{"not_picked":["Reflex","Prepared"],"picked":"Deflect","floor":4},{"not_picked":["Dagger Throw","Choke"],"picked":"PiercingWail","floor":5},{"not_picked":["Distraction","Prepared"],"picked":"Wraith Form v2","floor":7},{"not_picked":["Heel Hook","Deflect"],"picked":"Cloak And Dagger","floor":10},{"not_picked":["Deflect","Dagger Throw"],"picked":"Footwork","floor":12},{"not_picked":["Acrobatics","Flying Knee"],"picked":"Sucker Punch","floor":13},{"not_picked":["Bane","Deadly Poison"],"picked":"Blade Dance","floor":14}],"player_experience":94026,"relics_obtained":[{"floor":9,"key":"Pantograph"},{"floor":12,"key":"MawBank"}],"event_choices":[{"damage_healed":0,"gold_gain":100,"player_choice":"Pray","damage_taken":0,"max_hp_gain":0,"max_hp_loss":0,"event_name":"Golden Shrine","floor":11,"gold_loss":0}],"is_beta":false,"boss_relics":[],"items_purged_floors":[],"is_endless":false,"potions_floor_spawned":[3,4,7,12,13,14],"killed_by":"Slime Boss","ascension_level":9}}