{"host":"97uhrltlnmtdj0hv","time":1612497203,"event":{"mods":["2.2 Compatiblity","AchievementEnabler","Act Like it!","Aspiration","Bartender","BaseMod","Better Match","Better Note","Better Skull","Better Third Choice","BetterRewards","ChefMod","Colored Map","Colored Powertips","Conspire","Downfall","Elementarium","Energized Spire","Friendly Minions","Gensokyo","GifTheSpireLib","Gold Saver","Halation","Hallownest","Hermit","Hubris","Infinite Spire","Jorbs\u0027s Wanderer Trilogy","Koishi","Luminous","Marisa????????","Minty Spire (QoL Compilation)","Pale of the Ancients","Permanent Neow","Potionbrewer","Quick Restart","Rare Cards Sparkle","Reliquary","Replay The Spire","Reworked Bosses","Robot Space Explorer","Shade Mod","Somnambulant","Spicy Shops","Spikes Relics","StSLib","Stuff the Spire","SuperFastMode","The Blackbeard","The Bug Knight","The Cursed","The Dragon Tamer","The Druid","The Marked","The Necromancer","The Problem Sleuth","The Senshi","The Servant 0.9.4","The Vixen","TheVacant","Trackpad","Treasure Hunter","Wandering Minibosses","everything is the same but u backflip on backflip"],"gold_per_floor":[116,116,129,148,148,148,172,72,25,25,61,72,72,89,108,214,214,114,134,150,197,197,230,284,296,296,196,196,304,321,62,76,181,181,181,199,40,40,40,40,40,59,59,59,79,100,100,132,148,245,245,245,245,245,245,299,294,294,290,290,347,347,347,332,332,303,303,307,307,570,556,556,533,148,148,148,137,189,189,189,198,198,198,47,42,97,85,85,86,73,73,73,73,59,26,17,0,0],"floor_reached":97,"language":"ENG","playtime":5289,"items_purged":["Pain"],"score":1916,"play_id":"f726e716-b9db-4109-a8e1-34607d47b181","local_time":"20210204205323","is_ascension_mode":false,"campfire_choices":[{"floor":1,"key":"REST"},{"floor":6,"key":"REST"},{"floor":8,"key":"REST"},{"floor":18,"key":"RECALL"},{"floor":27,"key":"REST"},{"floor":35,"key":"REST"},{"floor":40,"key":"REST"},{"floor":44,"key":"REST"},{"floor":52,"key":"REST"},{"floor":63,"key":"DIG"},{"floor":75,"key":"REST"},{"floor":80,"key":"REST"},{"floor":91,"key":"REST"}],"circlet_count":0,"master_deck":["somnambulantmod: SomnambulantStrike","somnambulantmod: SomnambulantStrike","somnambulantmod: SomnambulantStrike","somnambulantmod: SomnambulantStrike+1","somnambulantmod: SomnambulantStrike","somnambulantmod: QuickNap","somnambulantmod: PrimingPunch","Injury","somnambulantmod: InLimbo+1","somnambulantmod: Nosebleed","TH:CopperCoins","TH:BikiniMail","somnambulantmod: RecurringDream","somnambulantmod: HeavyLids","somnambulantmod: RecurringDream","TH:CursedSword","somnambulantmod: Mindlessness+1","somnambulantmod: HappyThoughts","somnambulantmod: LightSleeper+1","TH:CursedSword","somnambulantmod: RecurringDream+1","TH:CursedSword","somnambulantmod: DeeperSleep","infinitespire:Collect+1","infinitespire:FutureSight","somnambulantmod: Blink+1","somnambulantmod: RacingThoughts","somnambulantmod: Harden+1","TH:PixieDust+1","somnambulantmod: Ignorance","somnambulantmod: Stumble","somnambulantmod: Repression+1","TH:ElvenBoots","somnambulantmod: Pinch","infinitespire:FutureSight","somnambulantmod: TrepanningBlow+1","TH:TreasureMap","Parasite","somnambulantmod: AllForNothing+1","TH:PixieDust","somnambulantmod: Damping+1","Hallownest:skillLeafShield","Hallownest:skillLeafShield","Hallownest:skillLeafShield","Hallownest:skillLeafShield+1","Hallownest:skillLeafShield","TH:CursedSword","somnambulantmod: HappyThoughts","TH:DeckOfManyThings","TH:TreasureMap","TH:TreasureMap+1","somnambulantmod: GalaxyBrain","hubris:Fate","somnambulantmod: Unknow+1","TH:Mimic","TH:PixieDust","somnambulantmod: InLimbo+1","TH:CopperCoins","somnambulantmod: MuscleMemory","Hallownest:attackMasterCycloneSlash","somnambulantmod: SickeningSwathe","somnambulantmod: SleepingBody","Sadistic Nature","somnambulantmod: Nosebleed+1","somnambulantmod: DreamBig+1","TH:CursedSword+1","somnambulantmod: NightHaunts","Seeing Red+1","somnambulantmod: Extract+1","StuffTheSpire:CuriosityCurse","TH:DeckOfManyThings","TH:EnergyPotion","somnambulantmod: Unmake","TH:CursedSword","TH:CursedSword","somnambulantmod: RecurringDream+1","somnambulantmod: Stumble","StuffTheSpire:Plugnplay+1","somnambulantmod: Unknow","somnambulantmod: MindWave","somnambulantmod: Stumble+1"],"relics":["somnambulantmod: DreamJournal","Gensokyo:LunaticRedEyes","hubris:Icosahedron","downfall:HeartBlessingBlue","hubris:Towel","ReplayFunnel","Gensokyo:YoukaiFlower","Kunai","infinitespire:Cupcake","downfall:HeartBlessingGreen","Bag of Preparation","Omamori","Ring of Peace","ReplayTheSpireMod:Ring of Exchange","downfall:HeartBlessingRed","somnambulantmod: BrokenTimepiece","Sozu","reliquary:PurpleTingedLeaf","Sandwich","StuffTheSpire:GrapeVine","theSleuth:Tectrixcalibur","Replay:Bottled Snecko","aspiration:HatOfInfinitePower","halation:PromiseList","theSenshi:FeatherClipsRelic","Bronze Scales","Tiny Chest","Vajra","Lee\u0027s Waffle","SpikesRelics:DaevaFist","Mirror","HornCleat","Replay:Lucky Slots","hubris:CrystalStatue","halation:PinkSoulGem","somnambulantmod: MemoirOfAnother","Dream Catcher","infinitespire:Satchel","reliquary:TridentHead","infinitespire:CheckeredPen","conspire:SpecialSausage","reliquary:RoseTintedGlasses","trackpad:PetRock","reliquary:Buckler","trackpad:BottledShadow","aspiration:Lifesprig","aspiration:AnachronicSnailShell"],"acts_visited":["Exordium","Gensokyo:Gensokyo","TheBeyond","TheBeyond","Hallownest:Greenpath","TheBeyond"],"potions_floor_usage":[11,16,16,20,23,23,23,23,25],"damage_taken":[{"damage":13,"enemies":"Gensokyo:Python","floor":3,"turns":4},{"damage":5,"enemies":"Gensokyo:3_Fairies","floor":4,"turns":4},{"damage":18,"enemies":"Gensokyo:Mamizou","floor":11,"turns":7},{"damage":2,"enemies":"Gensokyo:2_Kodama","floor":12,"turns":2},{"damage":11,"enemies":"Gensokyo:VengefulSpirit","floor":14,"turns":5},{"damage":6,"enemies":"Gensokyo:Kitsune","floor":15,"turns":4},{"damage":47,"enemies":"WA_ARCHETYPE_RETAIN","floor":16,"turns":10},{"damage":30,"enemies":"Hallownest:Guard_and_Sentry","floor":19,"turns":7},{"damage":13,"enemies":"Hallownest:3_Youths","floor":20,"turns":9},{"damage":3,"enemies":"Hallownest:Glutton_and_Coward","floor":21,"turns":4},{"damage":15,"enemies":"Nightmare","floor":23,"turns":7},{"damage":10,"enemies":"Hallownest:3_Mistakes","floor":25,"turns":11},{"damage":0,"enemies":"Hallownest:monsterShrumalOgre","floor":30,"turns":2},{"damage":0,"enemies":"downfall:FleeingMerchant","floor":31,"turns":4},{"damage":1,"enemies":"Hallownest:2_Husk_Sentries","floor":32,"turns":4},{"damage":19,"enemies":"SI_MIRROR_ARCHETYPE","floor":33,"turns":8},{"damage":1,"enemies":"3 Shapes","floor":36,"turns":3},{"damage":0,"enemies":"downfall:FleeingMerchant","floor":37,"turns":4},{"damage":0,"enemies":"Orb Walker","floor":42,"turns":3},{"damage":0,"enemies":"Transient","floor":45,"turns":5},{"damage":0,"enemies":"Sphere and 2 Shapes","floor":46,"turns":5},{"damage":0,"enemies":"Nemesis","floor":48,"turns":5},{"damage":0,"enemies":"Writhing Mass","floor":49,"turns":7},{"damage":4,"enemies":"IC_BLOCK_ARCHETYPE","floor":50,"turns":7},{"damage":0,"enemies":"Hallownest:2_Baldur","floor":57,"turns":2},{"damage":0,"enemies":"Hallownest:eliteCrystalGuardian","floor":59,"turns":3},{"damage":0,"enemies":"Hallownest:BossFalseKnight","floor":61,"turns":5},{"damage":0,"enemies":"Hallownest:2_Mistakes","floor":64,"turns":3},{"damage":0,"enemies":"Hallownest:3_Youths","floor":66,"turns":4},{"damage":50,"enemies":"Hallownest:eliteSoulWarrior","floor":68,"turns":4},{"damage":0,"enemies":"Hallownest:2_Flukemon","floor":71,"turns":3},{"damage":0,"enemies":"Hallownest:3_Mistakes","floor":73,"turns":3},{"damage":1,"enemies":"downfall:FleeingMerchant","floor":74,"turns":3},{"damage":0,"enemies":"Hallownest:monsterShrumalOgre","floor":77,"turns":4},{"damage":28,"enemies":"Hallownest:BossSoulMaster","floor":78,"turns":5},{"damage":0,"enemies":"3 Shapes","floor":81,"turns":2},{"damage":0,"enemies":"R_Hoarder","floor":85,"turns":4},{"damage":35,"enemies":"Reptomancer","floor":87,"turns":4},{"damage":0,"enemies":"Orb Walker","floor":89,"turns":2},{"damage":0,"enemies":"Maw","floor":90,"turns":5},{"damage":0,"enemies":"3 Darklings","floor":94,"turns":3},{"damage":0,"enemies":"Transient","floor":95,"turns":5},{"damage":0,"enemies":"Maw","floor":96,"turns":2},{"damage":118,"enemies":"bossMod:newShapes","floor":97,"turns":5}],"seed_played":"-8659849163198489438","potions_obtained":[{"floor":3,"key":"hexamod:SoulburnPotion"},{"floor":11,"key":"SteroidPotion"},{"floor":15,"key":"potionbrewer:InfectionPotion"},{"floor":19,"key":"Elixir"},{"floor":20,"key":"sneckomod:MuddlingPotion"}],"is_trial":false,"path_per_floor":["R","?","M","M","?","R","T","R","COS","?","E","M","?","M","M","B",null,"R_BF","M","M","M","?","NM","T","M","?","R","AVR","?","M","$","M","B",null,"R","M","$","?","?","R","T","M","AVR","R","M","M","$","E","M","B",null,"R","?","?","?","T","M","T","E","?","B",null,"R_BF","M","?","M","T","E","T","?","M","?","M","$","R","$","M","B",null,"R","M","?","T","$","E","T","E","?","M","M","R","PTL","PTL","M","M","M","B"],"character_chosen":"THE_SOMNAMBULANT","items_purchased":["reliquary:PurpleTingedLeaf","StuffTheSpire:GrapeVine","halation:PromiseList","theSenshi:FeatherClipsRelic","Bronze Scales","Tiny Chest","reliquary:TridentHead","infinitespire:CheckeredPen","Sadistic Nature","reliquary:Buckler"],"campfire_rested":11,"item_purchase_floors":[31,37,47,47,47,47,74,74,74,84],"current_hp_per_floor":[72,72,59,54,54,74,74,86,86,86,68,66,66,55,49,2,86,86,56,43,40,40,25,25,15,15,42,42,42,42,42,42,26,88,90,89,90,90,90,92,92,92,92,94,94,94,48,58,64,68,101,103,103,94,94,94,101,101,103,103,103,103,103,103,103,103,103,103,103,103,103,103,103,103,105,105,105,83,105,107,107,107,107,107,107,107,78,89,95,101,109,109,109,109,109,109,0,0],"gold":0,"neow_bonus":"RANDOM_EVENT","is_daily":false,"chose_seed":false,"campfire_upgraded":0,"win_rate":0.0,"timestamp":1612497203,"path_taken":["R","?","M","M","?","R","T","R","COS","?","E","?","?","M","M","BOSS","R_BF","M","M","M","?","NM","T","M","?","R","AVR","?","M","$","M","BOSS","R","M","$","?","?","R","T","M","AVR","R","M","M","?","E","M","BOSS","R","?","?","?","?","?","T","E","?","BOSS","R_BF","M","?","M","?","E","T","?","M","?","M","$","R","$","M","BOSS","R","M","?","?","$","E","T","E","?","M","?","R","PTL","PTL","M","M","M","BOSS"],"items_purchased_type":["Relic","Relic","Relic","Relic","Relic","Relic","Relic","Relic","Card","Relic"],"build_version":"2020-12-22","purchased_purges":1,"victory":false,"max_hp_per_floor":[72,72,72,72,72,74,74,86,86,86,86,86,86,86,86,86,86,86,86,86,86,86,86,86,86,86,88,88,88,88,88,88,88,88,90,90,90,90,90,92,92,92,92,94,94,94,94,94,94,94,101,103,103,103,103,103,103,103,103,103,103,103,103,103,103,103,103,103,103,103,103,103,103,103,105,105,105,105,105,107,107,107,107,107,107,107,107,107,107,107,109,109,109,109,109,109,109,109],"card_choices":[{"not_picked":["somnambulantmod: HeadSmack","somnambulantmod: AllForNothing"],"picked":"somnambulantmod: InLimbo","floor":3},{"not_picked":["somnambulantmod: OpeningUp","somnambulantmod: Unknow"],"picked":"somnambulantmod: Nosebleed","floor":4},{"not_picked":["TH:EnergyPotion"],"picked":"TH:CopperCoins","floor":7},{"not_picked":["TH:ArmorSpikes"],"picked":"TH:BikiniMail","floor":11},{"not_picked":["somnambulantmod: Extract","somnambulantmod: OpeningUp"],"picked":"somnambulantmod: RecurringDream","floor":11},{"not_picked":["somnambulantmod: ViralIdea","somnambulantmod: Relive"],"picked":"somnambulantmod: OpeningUp","floor":12},{"not_picked":["somnambulantmod: BadIdea","somnambulantmod: Cower"],"picked":"somnambulantmod: HeavyLids","floor":14},{"not_picked":["somnambulantmod: Unknow","somnambulantmod: Bloom"],"picked":"somnambulantmod: RecurringDream","floor":15},{"not_picked":["TH:Mimic"],"picked":"TH:CursedSword","floor":16},{"not_picked":["somnambulantmod: Reinterpret","somnambulantmod: SleepParalysis"],"picked":"somnambulantmod: Mindlessness","floor":16},{"not_picked":["somnambulantmod: TrepanningBlow","somnambulantmod: RecurringDream"],"picked":"somnambulantmod: HappyThoughts","floor":19},{"not_picked":["somnambulantmod: OpeningUp","somnambulantmod: SnuggleUp+1","somnambulantmod: BrainFeeder"],"picked":"SKIP","floor":20},{"not_picked":["somnambulantmod: HeadSmack","somnambulantmod: LeechFears+1"],"picked":"somnambulantmod: LightSleeper","floor":21},{"not_picked":["TH:PixieDust"],"picked":"TH:CursedSword","floor":23},{"not_picked":["somnambulantmod: MindWave","somnambulantmod: DreamBig"],"picked":"somnambulantmod: RecurringDream+1","floor":23},{"not_picked":["TH:EnergyPotion"],"picked":"TH:CursedSword","floor":24},{"not_picked":["somnambulantmod: Ignorance","somnambulantmod: ImpenetrableMind"],"picked":"somnambulantmod: DeeperSleep","floor":25},{"not_picked":["somnambulantmod: Unknow","somnambulantmod: Amnausea"],"picked":"somnambulantmod: Blink","floor":30},{"not_picked":["somnambulantmod: ShowerThought","somnambulantmod: BrainFeeder+1"],"picked":"somnambulantmod: RacingThoughts","floor":31},{"not_picked":["somnambulantmod: MindWave","somnambulantmod: HeavyLids"],"picked":"somnambulantmod: Harden+1","floor":32},{"not_picked":["TH:ArmorSpikes"],"picked":"TH:PixieDust","floor":33},{"not_picked":["somnambulantmod: LoseForm","somnambulantmod: Lucidity"],"picked":"somnambulantmod: Ignorance","floor":33},{"not_picked":["somnambulantmod: Nosebleed+1","somnambulantmod: Harden"],"picked":"somnambulantmod: Stumble","floor":36},{"not_picked":["somnambulantmod: Trauma","somnambulantmod: MindWave+1"],"picked":"somnambulantmod: Repression+1","floor":37},{"not_picked":["TH:Mimic"],"picked":"TH:ElvenBoots","floor":41},{"not_picked":["somnambulantmod: Trauma","somnambulantmod: Unmake"],"picked":"somnambulantmod: Pinch","floor":42},{"not_picked":["somnambulantmod: LoseForm","somnambulantmod: Nosebleed+1"],"picked":"somnambulantmod: TrepanningBlow+1","floor":45},{"not_picked":["somnambulantmod: Reject+1","somnambulantmod: Bruise","somnambulantmod: Nosebleed"],"picked":"SKIP","floor":46},{"not_picked":["TH:EnergyPotion"],"picked":"TH:TreasureMap","floor":48},{"not_picked":["somnambulantmod: HeadSmack","somnambulantmod: Harden","somnambulantmod: PillowFort"],"picked":"SKIP","floor":48},{"not_picked":["somnambulantmod: HeadSmack","somnambulantmod: Nosebleed+1"],"picked":"somnambulantmod: AllForNothing+1","floor":49},{"not_picked":["TH:ArmorSpikes"],"picked":"TH:PixieDust","floor":50},{"not_picked":["somnambulantmod: Lucidity","somnambulantmod: Amnausea"],"picked":"somnambulantmod: Damping","floor":50},{"not_picked":["TH:Mimic"],"picked":"TH:CursedSword","floor":56},{"not_picked":["somnambulantmod: Sleepyhead","somnambulantmod: Reject"],"picked":"somnambulantmod: HappyThoughts","floor":57},{"not_picked":["TH:ArmorSpikes"],"picked":"TH:DeckOfManyThings","floor":58},{"not_picked":["TH:ArmorSpikes"],"picked":"TH:TreasureMap","floor":59},{"not_picked":["somnambulantmod: RacingThoughts","somnambulantmod: MindWave","somnambulantmod: Bruise"],"picked":"SKIP","floor":59},{"not_picked":["TH:EnergyPotion"],"picked":"TH:TreasureMap","floor":61},{"not_picked":["somnambulantmod: LoseForm","somnambulantmod: RuthlessStudy"],"picked":"somnambulantmod: GalaxyBrain","floor":61},{"not_picked":["infinitespire:DeathsTouch","ReplayTheSpireMod:Echoes of Time"],"picked":"hubris:Fate","floor":61},{"not_picked":["somnambulantmod: PillowFort","somnambulantmod: Pinch"],"picked":"somnambulantmod: Unknow+1","floor":64},{"not_picked":["somnambulantmod: Sleepyhead","somnambulantmod: HeavyLids","somnambulantmod: Stumble"],"picked":"SKIP","floor":66},{"not_picked":["TH:ArmorSpikes"],"picked":"TH:Mimic","floor":67},{"not_picked":["TH:ElvenBoots"],"picked":"TH:PixieDust","floor":68},{"not_picked":["somnambulantmod: Repression","somnambulantmod: Trauma"],"picked":"somnambulantmod: InLimbo+1","floor":68},{"not_picked":["TH:ElvenBoots"],"picked":"TH:CopperCoins","floor":69},{"not_picked":["somnambulantmod: PillowFort+1","somnambulantmod: TimeCompression"],"picked":"somnambulantmod: MuscleMemory","floor":71},{"not_picked":["somnambulantmod: Extract+1","somnambulantmod: RecurringDream"],"picked":"somnambulantmod: SickeningSwathe","floor":73},{"not_picked":["somnambulantmod: RacingThoughts","somnambulantmod: HeadSmack+1"],"picked":"somnambulantmod: SleepingBody","floor":74},{"not_picked":["Combust+1","StuffTheSpire:Repulse+1","Loop+1"],"picked":"somnambulantmod: Nosebleed+1","floor":75},{"not_picked":["somnambulantmod: SnuggleUp","somnambulantmod: LeechFears"],"picked":"somnambulantmod: DreamBig+1","floor":77},{"not_picked":["TH:BikiniMail"],"picked":"TH:CursedSword","floor":78},{"not_picked":["somnambulantmod: Withdraw","somnambulantmod: Ignorance"],"picked":"somnambulantmod: NightHaunts","floor":78},{"not_picked":["Deadly Poison+1","Capacitor+1","somnambulantmod: RuthlessStudy+1"],"picked":"Seeing Red+1","floor":80},{"not_picked":["somnambulantmod: TimeCompression","somnambulantmod: Bruise+1"],"picked":"somnambulantmod: Extract+1","floor":81},{"not_picked":["TH:CopperCoins"],"picked":"TH:DeckOfManyThings","floor":83},{"not_picked":["TH:BikiniMail"],"picked":"TH:EnergyPotion","floor":85},{"not_picked":["somnambulantmod: SnuggleUp","somnambulantmod: Remember"],"picked":"somnambulantmod: Unmake","floor":85},{"not_picked":["TH:Mimic"],"picked":"TH:CursedSword","floor":86},{"not_picked":["TH:DeckOfManyThings"],"picked":"TH:CursedSword","floor":87},{"not_picked":["somnambulantmod: Overshare","somnambulantmod: PillowFort+1"],"picked":"somnambulantmod: RecurringDream+1","floor":87},{"not_picked":["somnambulantmod: DreamBig+1","somnambulantmod: Harden","somnambulantmod: SleepingBody+1"],"picked":"SKIP","floor":89},{"not_picked":["somnambulantmod: BrainFeeder+1","somnambulantmod: SnuggleUp"],"picked":"somnambulantmod: Stumble","floor":90},{"not_picked":["Sentinel+1","ReplayTheSpireMod:Shiv Toss+1","somnambulantmod: DarkeningMind+1"],"picked":"StuffTheSpire:Plugnplay+1","floor":91},{"not_picked":["somnambulantmod: BadIdea","somnambulantmod: Lucidity"],"picked":"somnambulantmod: Unknow","floor":94},{"not_picked":["somnambulantmod: ImpenetrableMind+1","somnambulantmod: Blink+1"],"picked":"somnambulantmod: MindWave","floor":95},{"not_picked":["somnambulantmod: PillowFort+1","somnambulantmod: Stimulus"],"picked":"somnambulantmod: Stumble+1","floor":96}],"player_experience":447511,"relics_obtained":[{"floor":11,"key":"ReplayFunnel"},{"floor":23,"key":"Bag of Preparation"},{"floor":24,"key":"Omamori"},{"floor":26,"key":"Ring of Peace"},{"floor":26,"key":"ReplayTheSpireMod:Ring of Exchange"},{"floor":41,"key":"Replay:Bottled Snecko"},{"floor":48,"key":"Vajra"},{"floor":56,"key":"SpikesRelics:DaevaFist"},{"floor":58,"key":"Mirror"},{"floor":59,"key":"HornCleat"},{"floor":63,"key":"hubris:CrystalStatue"},{"floor":67,"key":"somnambulantmod: MemoirOfAnother"},{"floor":68,"key":"Dream Catcher"},{"floor":69,"key":"infinitespire:Satchel"},{"floor":83,"key":"trackpad:PetRock"},{"floor":85,"key":"trackpad:BottledShadow"},{"floor":86,"key":"aspiration:Lifesprig"},{"floor":87,"key":"aspiration:AnachronicSnailShell"}],"event_choices":[{"damage_healed":0,"gold_gain":0,"player_choice":"Leave","damage_taken":0,"max_hp_gain":0,"max_hp_loss":0,"event_name":"conspire:Investor","floor":38,"gold_loss":0},{"damage_healed":0,"gold_gain":0,"player_choice":"3","damage_taken":0,"max_hp_gain":0,"max_hp_loss":0,"event_name":"betterMatch:BetterMatch","floor":55,"gold_loss":0,"cards_obtained":[]}],"is_beta":false,"boss_relics":[{"not_picked":["hubris:TerracottaHorce","reliquary:RedCape"],"picked":"infinitespire:Cupcake"},{"not_picked":["Toolbox","conspire:RunicOctahedron"],"picked":"Sandwich"},{"not_picked":["trackpad:BiPhaseBiplane","conspire:SeveredTorchhead"],"picked":"Lee\u0027s Waffle"},{"not_picked":["aspiration:RitualDagger","hubris:VirtuousBlindfold"],"picked":"Replay:Lucky Slots"},{"not_picked":["reliquary:WritOfMandamus","aspiration:FutureDiary"],"picked":"conspire:SpecialSausage"}],"items_purged_floors":[28],"is_endless":true,"potions_floor_spawned":[3,11,15,19,20,32,33,46,48,49,50,57,61,68,71,77,85,87,89,95,96],"killed_by":"bossMod:newShapes","ascension_level":0}}