{"host":"j4g6ia6asvpyu2b0","time":1612527798,"event":{"mods":["BaseMod","Colored Map","Downfall","Minty Spire (QoL Compilation)","Permanent Neow","Quick Restart","Relic Stats","StSLib","Unceasing Turn Reminder"],"gold_per_floor":[199,210,230,380,395,409,409,521,533,545,568,580,592,629,655,771,783,695,721,165,165,165,183,183,183,209,209,16,50,50,83,96,200,200,200,212,347,497,514,524,524,539,549,349,349,349,369,306,321,321,321,347,87,87,87,87],"floor_reached":57,"language":"ENG","playtime":3504,"items_purged":["Guardian:Strike_Guardian","Guardian:Strike_Guardian","Guardian:Strike_Guardian","Guardian:Defend_Guardian"],"score":1337,"play_id":"5db01eb2-d9e5-4600-b70f-1878da01f646","local_time":"20210205052318","is_ascension_mode":false,"campfire_choices":[{"data":"Guardian:TwinSlam","floor":1,"key":"SMITH"},{"data":"Guardian:BronzeArmor","floor":9,"key":"SMITH"},{"floor":13,"key":"REST"},{"data":"Guardian:BronzeOrb","floor":18,"key":"SMITH"},{"data":"expansioncontent:QuickStudy","floor":25,"key":"SMITH"},{"data":"Guardian:RefractedBeam+1","floor":27,"key":"SMITH"},{"data":"expansioncontent:StudyTheSpire","floor":30,"key":"SMITH"},{"floor":35,"key":"RECALL"},{"data":"Guardian:BodySlam","floor":44,"key":"SMITH"},{"data":"Guardian:ArmoredProtocol","floor":46,"key":"SMITH"},{"data":"Guardian:RevengeProtocol","floor":54,"key":"SMITH"}],"circlet_count":0,"master_deck":["Guardian:Defend_Guardian","Guardian:Defend_Guardian","Guardian:Defend_Guardian","Guardian:CurlUp","Guardian:TwinSlam+1","Guardian:BronzeArmor+1","Guardian:Suspension","Guardian:ChargeCore+1","Guardian:VentSteam","Guardian:TimeBomb","Guardian:ArmoredProtocol+1","Guardian:BronzeOrb+1","Guardian:ArmoredProtocol","Guardian:BodySlam+1","expansioncontent:QuickStudy+1","Guardian:RefractedBeam+2","expansioncontent:StudyTheSpire+1","Guardian:PrismaticBeam+1","Guardian:RevengeProtocol+1","Guardian:ArmoredProtocol","Guardian:Harden+1","Guardian:BronzeArmor+1","downfall:Malfunctioning","Guardian:BronzeArmor","Guardian:DecasProtection+1","Guardian:EvasiveProtocol+1","Guardian:Repulse+1","Guardian:Repulse"],"relics":["Guardian:ModeShifter","downfall:ShatteredFragment","Bottled Tornado","Guardian:StasisSlotReductionRelic","downfall:HeartBlessingGreen","Molten Egg 2","Enchiridion","Happy Flower","Pantograph","Lantern","Strawberry","Cursed Key","Membership Card","downfall:HeartBlessingRed","downfall:HeartBlessingBlue","Shuriken","Torii"],"acts_visited":["Exordium","TheCity","TheBeyond","TheEnding"],"potions_floor_usage":[8,20,28,47,56,56,56],"damage_taken":[{"damage":0,"enemies":"Small Slimes","floor":2,"turns":3},{"damage":2,"enemies":"2 Louse","floor":3,"turns":2},{"damage":11,"enemies":"Jaw Worm","floor":5,"turns":4},{"damage":1,"enemies":"3 Louse","floor":6,"turns":4},{"damage":31,"enemies":"downfall:Heads","floor":8,"turns":9},{"damage":6,"enemies":"2 Fungi Beasts","floor":11,"turns":4},{"damage":0,"enemies":"Gremlin Nob","floor":14,"turns":4},{"damage":9,"enemies":"Gremlin Gang","floor":15,"turns":3},{"damage":16,"enemies":"IC_STATUS_ARCHETYPE","floor":16,"turns":8},{"damage":0,"enemies":"3 Byrds","floor":19,"turns":4},{"damage":10,"enemies":"downfall:FleeingMerchant","floor":20,"turns":4},{"damage":0,"enemies":"Spheric Guardian","floor":23,"turns":3},{"damage":15,"enemies":"Gremlin Leader","floor":26,"turns":5},{"damage":0,"enemies":"downfall:FleeingMerchant","floor":28,"turns":4},{"damage":0,"enemies":"Book of Stabbing","floor":29,"turns":4},{"damage":13,"enemies":"Slavers","floor":31,"turns":4},{"damage":0,"enemies":"Centurion and Healer","floor":32,"turns":5},{"damage":13,"enemies":"DF_ARCHETYPE_CLAW","floor":33,"turns":7},{"damage":1,"enemies":"3 Shapes","floor":36,"turns":4},{"damage":0,"enemies":"downfall:FleeingMerchant","floor":37,"turns":3},{"damage":0,"enemies":"3 Darklings","floor":39,"turns":5},{"damage":5,"enemies":"Jaw Worm Horde","floor":40,"turns":4},{"damage":0,"enemies":"Spire Growth","floor":42,"turns":5},{"damage":1,"enemies":"Transient","floor":43,"turns":5},{"damage":0,"enemies":"Jaw Worm Horde","floor":47,"turns":3},{"damage":0,"enemies":"3 Darklings","floor":49,"turns":5},{"damage":84,"enemies":"SI_POISON_ARCHETYPE","floor":50,"turns":7},{"damage":35,"enemies":"downfall:CharBossMerchant","floor":52,"turns":8},{"damage":28,"enemies":"downfall:NeowBoss","floor":55,"turns":15},{"damage":33,"enemies":"downfall:NeowBossFinal","floor":56,"turns":10}],"seed_played":"6873606413533744535","potions_obtained":[{"floor":2,"key":"Dexterity Potion"},{"floor":3,"key":"sneckomod:MuddlingPotion"},{"floor":14,"key":"BlessingOfTheForge"},{"floor":16,"key":"Guardian:AcceleratePotion"},{"floor":23,"key":"FearPotion"},{"floor":26,"key":"LiquidMemories"},{"floor":31,"key":"Guardian:AcceleratePotion"},{"floor":33,"key":"Regen Potion"},{"floor":36,"key":"Energy Potion"},{"floor":47,"key":"Fruit Juice"},{"floor":49,"key":"LiquidBronze"}],"is_trial":false,"path_per_floor":["R","M","M","?","M","M","T","?","R","?","M","?","R","E","M","B",null,"R","M","$","?","?","M","T","R","E","R","$","E","R","E","M","B",null,"R","M","$","?","M","M","T","M","M","R","?","R","M","$","M","B",null,"E","$","R","B","B",null],"character_chosen":"GUARDIAN","items_purchased":["Molten Egg 2","Guardian:Gem_Cyan","expansioncontent:QuickStudy","expansioncontent:StudyTheSpire","Membership Card","Torii","Guardian:Repulse"],"campfire_rested":1,"item_purchase_floors":[20,20,20,28,37,53,53],"current_hp_per_floor":[80,80,78,78,67,66,66,35,35,40,34,10,35,35,26,10,85,85,85,75,59,59,59,59,59,44,44,44,44,44,38,38,50,92,92,91,91,91,91,86,86,86,85,95,95,95,100,100,100,23,107,72,72,72,69,76],"gold":87,"neow_bonus":"HUNDRED_GOLD","is_daily":false,"chose_seed":false,"campfire_upgraded":9,"win_rate":0.0,"timestamp":1612527798,"path_taken":["R","M","M","?","M","M","T","?","R","?","M","?","R","E","M","BOSS","R","M","$","?","?","M","T","R","E","R","$","E","R","E","M","BOSS","R","M","$","?","M","M","T","?","M","R","?","R","M","$","M","BOSS","E","$","R","BOSS","BOSS"],"items_purchased_type":["Relic","Card","Card","Card","Relic","Relic","Card"],"build_version":"2020-12-22","purchased_purges":4,"victory":true,"max_hp_per_floor":[80,80,80,80,80,80,80,80,80,85,85,85,85,85,85,85,85,85,85,85,85,85,85,85,85,85,85,85,85,85,92,92,92,92,92,92,92,92,92,92,92,92,92,102,102,102,107,107,107,107,107,107,107,107,107,107],"relic_stats":{"Happy Flower":[34],"Torii":3,"counters":[30,154],"Shuriken":[11],"Pantograph":82,"Cursed Key":1,"obtain_stats":[{"Guardian:StasisSlotReductionRelic":17,"Lantern":29,"downfall:ShatteredFragment":12,"Happy Flower":24,"downfall:HeartBlessingRed":44,"Torii":53,"Guardian:ModeShifter":0,"Enchiridion":21,"downfall:HeartBlessingGreen":18,"Bottled Tornado":14,"MawBank":7,"Cursed Key":34,"downfall:HeartBlessingBlue":44,"Shuriken":52,"Pantograph":26,"Strawberry":31,"Molten Egg 2":20,"Membership Card":37},{"Guardian:StasisSlotReductionRelic":9,"Lantern":15,"downfall:ShatteredFragment":6,"Happy Flower":12,"downfall:HeartBlessingRed":24,"Torii":28,"Guardian:ModeShifter":0,"Enchiridion":11,"downfall:HeartBlessingGreen":9,"Bottled Tornado":7,"MawBank":4,"Cursed Key":18,"downfall:HeartBlessingBlue":24,"Shuriken":28,"Pantograph":13,"Strawberry":16,"Molten Egg 2":11,"Membership Card":20},{"Guardian:StasisSlotReductionRelic":40,"Lantern":64,"downfall:ShatteredFragment":25,"Happy Flower":51,"downfall:HeartBlessingRed":106,"Torii":129,"Guardian:ModeShifter":0,"Enchiridion":48,"downfall:HeartBlessingGreen":40,"Bottled Tornado":29,"MawBank":13,"Cursed Key":80,"downfall:HeartBlessingBlue":106,"Shuriken":129,"Pantograph":56,"Strawberry":68,"Molten Egg 2":48,"Membership Card":87}]},"card_choices":[{"not_picked":["Guardian:Preprogram","Guardian:Incinerate"],"picked":"Guardian:BronzeArmor","floor":2},{"not_picked":["Guardian:BodySlam","Guardian:WalkerClaw"],"picked":"Guardian:Suspension","floor":3},{"not_picked":["Guardian:Recover","Guardian:Gem_Green"],"picked":"Guardian:ChargeCore","floor":5},{"not_picked":["Guardian:MultiBeam","Guardian:WalkerClaw"],"picked":"Guardian:VentSteam","floor":6},{"not_picked":["Guardian:TimeSifter","Guardian:Planning"],"picked":"Guardian:ArmoredProtocol","floor":8},{"not_picked":["Guardian:RollAttack","Guardian:Incinerate"],"picked":"Guardian:Gem_Red","floor":11},{"not_picked":["Guardian:RollAttack","Guardian:Recover"],"picked":"Guardian:Gem_Crimson","floor":14},{"not_picked":["Guardian:TemporalStrike","Guardian:BodySlam"],"picked":"Guardian:BronzeOrb","floor":15},{"not_picked":["Guardian:HyperBeam_Guardian","Guardian:RevengeProtocol"],"picked":"Guardian:Gem_Orange","floor":16},{"not_picked":["Guardian:TemporalShield","Guardian:BronzeOrb"],"picked":"Guardian:ArmoredProtocol","floor":19},{"not_picked":["Guardian:CrystalBeam","Guardian:Harden"],"picked":"Guardian:BodySlam","floor":20},{"not_picked":["Guardian:VentSteam+1","Guardian:ShieldCharger"],"picked":"Guardian:Gem_Fragmented","floor":23},{"not_picked":["Guardian:Recover","Guardian:Reroute+1"],"picked":"Guardian:RefractedBeam+1","floor":26},{"not_picked":["Guardian:Reroute+1","Guardian:TimeCapacitor"],"picked":"Guardian:Gem_Red","floor":28},{"not_picked":["Guardian:SpikerProtocol","Guardian:TemporalShield+1"],"picked":"Guardian:PrismaticBeam+1","floor":29},{"not_picked":["Guardian:CrystalBeam+1","Guardian:FastForward"],"picked":"Guardian:Gem_Fragmented","floor":31},{"not_picked":["Guardian:TemporalShield","Guardian:ShieldCharger+1"],"picked":"Guardian:Gem_Green","floor":32},{"not_picked":["Guardian:StasisStrike+1","Guardian:StasisField"],"picked":"Guardian:RevengeProtocol","floor":33},{"not_picked":["Guardian:Suspension","Guardian:PrismaticBeam+1"],"picked":"Guardian:ArmoredProtocol","floor":36},{"not_picked":["Guardian:TemporalStrike+1","Guardian:WalkerClaw+1"],"picked":"Guardian:Harden+1","floor":37},{"not_picked":["Guardian:Planning+1","Guardian:Incinerate+1"],"picked":"Guardian:BronzeArmor+1","floor":39},{"not_picked":["Guardian:PrismaticBeam+1","Guardian:Planning","Guardian:PrimingBeam+1"],"picked":"SKIP","floor":40},{"not_picked":["Guardian:Recover","Guardian:VentSteam"],"picked":"Guardian:BronzeArmor","floor":42},{"not_picked":["Guardian:Gem_Red","Guardian:Gem_Cyan"],"picked":"Guardian:DecasProtection+1","floor":43},{"not_picked":["Guardian:MultiBeam+1","Guardian:Gem_Red"],"picked":"Guardian:EvasiveProtocol+1","floor":47},{"not_picked":["Guardian:EvasiveProtocol","Guardian:Gem_Orange"],"picked":"Guardian:Repulse+1","floor":49},{"not_picked":["Guardian:PiercingHide+1","Guardian:Gem_Yellow","Guardian:ShieldCharger+1"],"picked":"SKIP","floor":52}],"player_experience":1161425,"relics_obtained":[{"floor":7,"key":"MawBank"},{"floor":14,"key":"Bottled Tornado"},{"floor":21,"key":"Enchiridion"},{"floor":24,"key":"Happy Flower"},{"floor":26,"key":"Pantograph"},{"floor":29,"key":"Lantern"},{"floor":31,"key":"Strawberry"},{"floor":52,"key":"Shuriken"}],"event_choices":[{"damage_healed":0,"gold_gain":0,"player_choice":"Donut","damage_taken":0,"max_hp_gain":5,"max_hp_loss":0,"event_name":"Big Fish","floor":10,"gold_loss":0}],"is_beta":false,"boss_relics":[{"not_picked":["Guardian:ModeShifterPlus","bronze:MakeshiftBattery"],"picked":"Guardian:StasisSlotReductionRelic"},{"not_picked":["Runic Pyramid","Empty Cage"],"picked":"Cursed Key"}],"items_purged_floors":[20,37,48,53],"is_endless":false,"potions_floor_spawned":[2,3,14,16,23,26,31,33,36,47,49],"ascension_level":0}}