{"host":"7jl4uf745pjtflnx","time":1612499780,"event":{"mods":["BaseMod","BetterRewards","Hubris","Minty Spire (QoL Compilation)","Reliquary","Replay The Spire","StSLib","SuperFastMode","The Construct"],"gold_per_floor":[115,127,11,11,25,25,25],"floor_reached":6,"language":"ENG","playtime":195,"items_purged":["Strike_G","Amnesia"],"score":68,"play_id":"11536e65-54fb-4af1-a8fc-1877cace7183","local_time":"20210204233620","is_ascension_mode":true,"campfire_choices":[],"circlet_count":0,"master_deck":["AscendersBane","Strike_G","Strike_G","Strike_G","Defend_G","Defend_G","Defend_G","Defend_G","Defend_G","Survivor","Neutralize","Infinite Blades","Bouncing Flask","Cloak And Dagger","Toxin Wave","Dagger Spray","Infinite Blades","Draining Mist","PiercingWail"],"relics":["Ring of the Snake","ReplayTheSpireMod:CursedCoin"],"acts_visited":["Exordium"],"potions_floor_usage":[6,6],"damage_taken":[{"damage":0,"enemies":"Jaw Worm","floor":1,"turns":4},{"damage":0,"enemies":"2 Louse","floor":2,"turns":1},{"damage":1,"enemies":"Cultist","floor":5,"turns":4},{"damage":60,"enemies":"Gremlin Nob","floor":6,"turns":4}],"seed_played":"-1412608701346648701","potions_obtained":[{"floor":1,"key":"Swift Potion"},{"floor":5,"key":"PowerPotion"}],"is_trial":false,"path_per_floor":["M","M","$","?","M","E"],"character_chosen":"THE_SILENT","items_purchased":["Infinite Blades","Bouncing Flask","Cloak And Dagger","ReplayTheSpireMod:CursedCoin","Infinite Blades","Draining Mist"],"campfire_rested":0,"item_purchase_floors":[0,0,0,3,3,3],"current_hp_per_floor":[51,51,51,44,43,0,0],"gold":25,"neow_bonus":"","is_daily":false,"chose_seed":false,"campfire_upgraded":0,"win_rate":0.0,"timestamp":1612499780,"path_taken":["M","M","$","?","M","E"],"items_purchased_type":["Card","Card","Card","Relic","Card","Card"],"build_version":"2020-12-22","purchased_purges":2,"victory":false,"max_hp_per_floor":[66,66,66,66,66,66,66],"card_choices":[{"not_picked":["Bane","Dagger Throw"],"picked":"Toxin Wave","floor":1},{"not_picked":["Deflect","Sucker Punch"],"picked":"Dagger Spray","floor":2},{"not_picked":["Sneak Up","Sucker Punch"],"picked":"PiercingWail","floor":5}],"player_experience":767203,"relics_obtained":[],"event_choices":[{"cards_removed":["Strike_G"],"damage_healed":0,"gold_gain":0,"player_choice":"Card Removal","damage_taken":7,"max_hp_gain":0,"max_hp_loss":0,"event_name":"Golden Wing","floor":4,"gold_loss":0}],"is_beta":false,"boss_relics":[],"items_purged_floors":[0,3],"is_endless":false,"potions_floor_spawned":[1,5],"killed_by":"Gremlin Nob","ascension_level":18}}