{"host":"815dqs41i1y8uxms","time":1612535747,"event":{"mods":["A Penny For Your Troubles","Act Like it!","BaseMod","GungeonMod","Minty Spire (QoL Compilation)","Rare Cards Sparkle","Shop Mod","Spire Arcade","StSLib"],"gold_per_floor":[114,289,289,309,309,334,365,392,392,409,409,432,451,468,468,577,577,637,637,666,52,52,84,84,94,121,121,101,144,61,91,91,190,190,219,263,263,285,9,9,57,68,101,119,131,131,131,159,159,160,160,160,21,46,46,46],"floor_reached":55,"language":"ENG","playtime":4596,"items_purged":["Doubt"],"score":867,"play_id":"7b30c73c-7a2f-4248-80f0-48a56f511c37","local_time":"20210205153547","is_ascension_mode":false,"campfire_choices":[{"floor":11,"key":"REST"},{"floor":15,"key":"REST"},{"data":"DemoMod:ManualReload","floor":24,"key":"SMITH"},{"floor":27,"key":"RECALL"},{"floor":32,"key":"REST"},{"data":"DemoMod:LifeOrb","floor":40,"key":"SMITH"},{"floor":46,"key":"REST"},{"floor":49,"key":"REST"},{"data":"Bandage Up","floor":52,"key":"SMITH"}],"circlet_count":0,"master_deck":["DemoMod:Strike_Huntress","DemoMod:Strike_Huntress","DemoMod:Defend_Huntress","DemoMod:Defend_Huntress","DemoMod:Defend_Huntress","DemoMod:Defend_Huntress","DemoMod:Roll","DemoMod:ManualReload+1","DemoMod:RustySidearm","DemoMod:CrossBow","DemoMod:Ejector","DemoMod:JK47","DemoMod:Camera","DemoMod:FullFirepower","DemoMod:PotionOfGunFriendShip","DemoMod:BlankBullets","DemoMod:TableSutra","DemoMod:LifeOrb+1","DemoMod:DirectionalPad","DemoMod:DirectionalPad","DemoMod:GunShield","DemoMod:DarkMarker","DemoMod:BattleInHaste","DemoMod:TeaPot","DemoMod:SpreadAmmo","Panacea","DemoMod:PotionOfGunFriendShip+1","DemoMod:FightSabre","DemoMod:EasyReloadBullets","DemoMod:Evolver","Bandage Up+1","DemoMod:CursedBullets","DemoMod:FinishedGun","DemoMod:BlackHoleGun","DemoMod:Unmoved","DemoMod:ShadowBullets+1","DemoMod:BattleInHaste+1","DemoMod:Desperate","Jack Of All Trades","DemoMod:ChanceBullets","DemoMod:ConditionalReflex+1","DemoMod:Camera+1","DemoMod:StickyCrossBow","DemoMod:AbyssalTentacle","DemoMod:Unity","DemoMod:ShadowBullets","DemoMod:ChanceBullets","DemoMod:FastSwitch","DemoMod:Desperate","DemoMod:MegaHand+1"],"relics":["DemoMod:Dog","NeowsBlessing","DemoMod:OrangeGuonStone","StoneCalendar","DemoMod:NanoMachines","SlaversCollar","DemoMod:Orange","Red Mask","MerchantsRug","Kunai","DemoMod:RedGuonStone","DemoMod:Wolf","CaptainsWheel","TungstenRod","DemoMod:Metronome"],"acts_visited":["Exordium","TheCity","TheBeyond","TheEnding"],"potions_floor_usage":[6,8,14,16,20,21,41,42,44,50,55,55,55],"damage_taken":[{"damage":0,"enemies":"Small Slimes","floor":1,"turns":1},{"damage":0,"enemies":"Cultist","floor":4,"turns":1},{"damage":0,"enemies":"Gremlin Nob","floor":6,"turns":1},{"damage":0,"enemies":"Jaw Worm","floor":7,"turns":2},{"damage":20,"enemies":"Lagavulin","floor":8,"turns":11},{"damage":0,"enemies":"Looter","floor":10,"turns":3},{"damage":9,"enemies":"Lots of Slimes","floor":12,"turns":5},{"damage":6,"enemies":"Exordium Thugs","floor":13,"turns":4},{"damage":19,"enemies":"Gremlin Gang","floor":14,"turns":2},{"damage":9,"enemies":"Hexaghost","floor":16,"turns":8},{"damage":1,"enemies":"Shell Parasite","floor":18,"turns":5},{"damage":3,"enemies":"Masked Bandits","floor":20,"turns":3},{"damage":19,"enemies":"Slavers","floor":23,"turns":5},{"damage":3,"enemies":"Chosen","floor":25,"turns":4},{"damage":9,"enemies":"Book of Stabbing","floor":29,"turns":7},{"damage":16,"enemies":"Gremlin Leader","floor":31,"turns":7},{"damage":7,"enemies":"Champ","floor":33,"turns":8},{"damage":37,"enemies":"3 Darklings","floor":35,"turns":4},{"damage":14,"enemies":"3 Shapes","floor":36,"turns":6},{"damage":0,"enemies":"Transient","floor":38,"turns":5},{"damage":54,"enemies":"Reptomancer","floor":41,"turns":7},{"damage":1,"enemies":"Maw","floor":42,"turns":7},{"damage":9,"enemies":"Spire Growth","floor":43,"turns":7},{"damage":15,"enemies":"Spire Growth","floor":44,"turns":4},{"damage":11,"enemies":"Transient","floor":45,"turns":5},{"damage":12,"enemies":"3 Darklings","floor":48,"turns":4},{"damage":43,"enemies":"Time Eater","floor":50,"turns":11},{"damage":46,"enemies":"Shield and Spear","floor":54,"turns":7},{"damage":70,"enemies":"The Heart","floor":55,"turns":9}],"seed_played":"6934737783845598213","potions_obtained":[{"floor":1,"key":"ColorlessPotion"},{"floor":4,"key":"LiquidBronze"},{"floor":7,"key":"Ancient Potion"},{"floor":10,"key":"BlessingOfTheForge"},{"floor":16,"key":"Explosive Potion"},{"floor":20,"key":"LiquidMemories"},{"floor":29,"key":"Weak Potion"},{"floor":33,"key":"AttackPotion"},{"floor":38,"key":"Strength Potion"},{"floor":41,"key":"Block Potion"},{"floor":45,"key":"DemoMod:LeadSkinPotion"},{"floor":54,"key":"DuplicationPotion"}],"is_trial":false,"path_per_floor":["M","?","?","M","?","E","M","E","T","M","R","M","M","M","R","B",null,"M","T","?","$","?","E","R","M","T","R","$","E","$","E","R","B",null,"M","M","?","M","$","R","E","M","T","M","M","R","?","M","R","B",null,"R","$","E","B"],"character_chosen":"HUNTRESS","items_purchased":["MerchantsRug","Fruit Juice","Kunai","DemoMod:SpreadAmmo","DemoMod:EasyReloadBullets","Bandage Up","DemoMod:CursedBullets","DemoMod:Desperate","Jack Of All Trades","DemoMod:ChanceBullets","DemoMod:Desperate","BlessingOfTheForge","PowerPotion"],"campfire_rested":5,"item_purchase_floors":[21,21,21,21,28,30,30,39,39,39,53,53,53],"current_hp_per_floor":[70,70,67,67,67,67,67,47,47,47,68,59,53,34,55,46,70,69,81,78,83,83,74,74,71,71,71,71,62,62,50,79,76,97,64,54,107,107,107,107,53,56,51,40,33,65,65,53,85,46,107,107,107,61,0,0],"gold":46,"neow_bonus":"THREE_ENEMY_KILL","is_daily":false,"chose_seed":false,"campfire_upgraded":3,"win_rate":0.0,"timestamp":1612535747,"path_taken":["M","?","?","M","?","E","M","E","T","M","R","M","?","M","R","BOSS","M","?","?","$","?","E","R","?","T","R","?","E","$","E","R","BOSS","M","M","?","?","$","R","E","M","T","M","?","R","?","?","R","BOSS","R","$","E","BOSS"],"items_purchased_type":["Relic","Potion","Relic","Card","Card","Card","Card","Card","Card","Card","Card","Potion","Potion"],"build_version":"2020-12-22","purchased_purges":1,"victory":false,"max_hp_per_floor":[70,70,70,70,70,70,70,70,70,70,70,70,70,70,70,70,70,70,82,82,87,87,97,97,97,97,97,97,97,97,97,97,97,97,97,97,107,107,107,107,107,107,107,107,107,107,107,107,107,107,107,107,107,107,107,107],"card_choices":[{"not_picked":["DemoMod:RadGun","DemoMod:PracticeMakesPerfect"],"picked":"DemoMod:Ejector","floor":1},{"not_picked":["DemoMod:FortunesFavor","DemoMod:ConditionalReflex"],"picked":"DemoMod:JK47","floor":4},{"not_picked":["DemoMod:Ejector","DemoMod:MachoBrace"],"picked":"DemoMod:PotionOfGunFriendShip","floor":6},{"not_picked":["DemoMod:HighKaliber","DemoMod:FastSwitch"],"picked":"DemoMod:BlankBullets","floor":7},{"not_picked":["DemoMod:HardPowerCard","DemoMod:ChanceBullets"],"picked":"DemoMod:TableSutra","floor":8},{"not_picked":["DemoMod:GunstockTap","DemoMod:ConditionalReflex"],"picked":"DemoMod:LifeOrb","floor":10},{"not_picked":["DemoMod:BattleInHaste","DemoMod:EasyReloadBullets"],"picked":"DemoMod:DirectionalPad","floor":12},{"not_picked":["DemoMod:JK47","DemoMod:GunstockTap"],"picked":"DemoMod:DirectionalPad","floor":13},{"not_picked":["DemoMod:SkilledReload","DemoMod:DoubleSwitch"],"picked":"DemoMod:GunShield","floor":14},{"not_picked":["DemoMod:BlankBullets","DemoMod:ThirdPartyController"],"picked":"DemoMod:DarkMarker","floor":16},{"not_picked":["DemoMod:ConditionalReflex","DemoMod:JK47"],"picked":"DemoMod:BattleInHaste","floor":18},{"not_picked":["DemoMod:AC15","DemoMod:Ejector"],"picked":"DemoMod:TeaPot","floor":20},{"not_picked":["DemoMod:FeignSurrender+1","DemoMod:GunstockTap"],"picked":"DemoMod:PotionOfGunFriendShip+1","floor":23},{"not_picked":["DemoMod:JK47","DemoMod:RadGun"],"picked":"DemoMod:FightSabre","floor":25},{"not_picked":["DemoMod:JK47","DemoMod:CursedBullets"],"picked":"DemoMod:Evolver","floor":29},{"not_picked":["DemoMod:JK47","DemoMod:TeaPot+1"],"picked":"DemoMod:FinishedGun","floor":31},{"not_picked":["DemoMod:DarkMarker","DemoMod:FullFirepower"],"picked":"DemoMod:BlackHoleGun","floor":33},{"not_picked":["DemoMod:HardPowerCard","DemoMod:Evolver"],"picked":"DemoMod:Unmoved","floor":35},{"not_picked":["DemoMod:DoubleSwitch","DemoMod:SkilledReload"],"picked":"DemoMod:ShadowBullets+1","floor":36},{"not_picked":["DemoMod:ConditionalReflex+1","DemoMod:SAA"],"picked":"DemoMod:BattleInHaste+1","floor":38},{"not_picked":["DemoMod:SuppressiveFire","DemoMod:TeaPot+1"],"picked":"DemoMod:ConditionalReflex+1","floor":41},{"not_picked":["DemoMod:Ejector+1","DemoMod:HuntsMan"],"picked":"DemoMod:Camera+1","floor":42},{"not_picked":["DemoMod:AC15","DemoMod:JK47"],"picked":"DemoMod:StickyCrossBow","floor":43},{"not_picked":["DemoMod:HungryBullets","DemoMod:CombinedRifle+1"],"picked":"DemoMod:AbyssalTentacle","floor":44},{"not_picked":["DemoMod:ConditionalReflex","DemoMod:BoxingGlove+1"],"picked":"DemoMod:Unity","floor":44},{"not_picked":["DemoMod:Unmoved","DemoMod:DirectionalPad"],"picked":"DemoMod:ShadowBullets","floor":45},{"not_picked":["DemoMod:StickyCrossBow","DemoMod:DirectionalPad+1"],"picked":"DemoMod:FastSwitch","floor":48},{"not_picked":["DemoMod:SAA+1","DemoMod:Rummage"],"picked":"DemoMod:MegaHand+1","floor":54}],"player_experience":3743032,"relics_obtained":[{"floor":6,"key":"Blue Candle"},{"floor":8,"key":"StoneCalendar"},{"floor":9,"key":"DemoMod:NanoMachines"},{"floor":19,"key":"DemoMod:Orange"},{"floor":20,"key":"Red Mask"},{"floor":23,"key":"Pear"},{"floor":29,"key":"Smiling Mask"},{"floor":31,"key":"DemoMod:RedGuonStone"},{"floor":41,"key":"CaptainsWheel"},{"floor":43,"key":"TungstenRod"},{"floor":54,"key":"DemoMod:Metronome"}],"event_choices":[{"damage_healed":0,"gold_gain":175,"player_choice":"AGREE","damage_taken":0,"max_hp_gain":0,"max_hp_loss":0,"event_name":"Liars Game","floor":2,"gold_loss":0,"cards_obtained":["Doubt"]},{"damage_healed":0,"gold_gain":0,"player_choice":"Success","damage_taken":3,"relics_obtained":["DemoMod:OrangeGuonStone"],"max_hp_gain":0,"max_hp_loss":0,"event_name":"Scrap Ooze","floor":3,"gold_loss":0},{"damage_healed":0,"gold_gain":0,"player_choice":"2 cards matched","damage_taken":0,"max_hp_gain":0,"max_hp_loss":0,"event_name":"Match and Keep!","floor":5,"gold_loss":0,"cards_obtained":["DemoMod:Camera","DemoMod:FullFirepower"]},{"damage_healed":0,"gold_gain":0,"player_choice":"Fought Bandits","damage_taken":0,"max_hp_gain":0,"max_hp_loss":0,"event_name":"Masked Bandits","floor":20,"gold_loss":0},{"damage_healed":0,"gold_gain":0,"player_choice":"2 cards matched","damage_taken":0,"max_hp_gain":0,"max_hp_loss":0,"event_name":"Match and Keep!","floor":22,"gold_loss":0,"cards_obtained":["DemoMod:ThirdPartyController","Panacea"]},{"cards_removed":["DemoMod:ThirdPartyController"],"damage_healed":43,"gold_gain":0,"player_choice":"Offered Rare","damage_taken":0,"max_hp_gain":10,"max_hp_loss":0,"event_name":"Bonfire Elementals","floor":37,"gold_loss":0},{"damage_healed":0,"gold_gain":0,"cards_transformed":["DemoMod:Strike_Huntress"],"player_choice":"Transformed","damage_taken":0,"max_hp_gain":0,"max_hp_loss":0,"event_name":"Transmorgrifier","floor":47,"gold_loss":0,"cards_obtained":["DemoMod:ChanceBullets"]}],"is_beta":false,"boss_relics":[{"not_picked":["Pandora\u0027s Box","Runic Pyramid"],"picked":"SlaversCollar"},{"not_picked":["Velvet Choker","Astrolabe"],"picked":"DemoMod:Wolf"}],"items_purged_floors":[21],"is_endless":false,"potions_floor_spawned":[1,4,7,10,16,20,29,33,38,41,45,54],"killed_by":"The Heart","ascension_level":0}}