{"host":"jpcy2bclvs7juczu","time":1612560031,"event":{"mods":["Alarm Clock","BaseMod","Bestiary","Block Reminder","Colored Map","Colored Powertips","Curses Come First","Dark Map","Filter the Spire","Minty Spire (QoL Compilation)","Quick Restart","RNG Fix","Relic Stats","Slay the Relics Exporter","Smile Girya","StSLib","everything is the same but u backflip on backflip","ojb\u0027s Better Paths Mod","ojb\u0027s Info Mod","slay the spire mod where everything is the same but ironclad has a cowboy hat"],"gold_per_floor":[114,129,195,207,217,217,246,259,341,341,341],"floor_reached":10,"language":"ENG","playtime":1424,"items_purged":[],"score":140,"play_id":"987faf5b-c36b-4a27-b591-4a024a86e9cd","local_time":"20210205162031","is_ascension_mode":true,"campfire_choices":[{"data":"Skewer","floor":6,"key":"SMITH"}],"circlet_count":0,"master_deck":["AscendersBane","Strike_G","Strike_G","Strike_G","Strike_G","Strike_G","Defend_G","Defend_G","Defend_G","Defend_G","Defend_G","Survivor","Neutralize","All Out Attack","Poisoned Stab","Quick Slash","Skewer+1","Sucker Punch","Bullet Time"],"relics":["Snecko Eye","Sundial"],"acts_visited":["Exordium"],"potions_floor_usage":[7,8,10],"damage_taken":[{"damage":2,"enemies":"Jaw Worm","floor":1,"turns":4},{"damage":1,"enemies":"Cultist","floor":2,"turns":5},{"damage":2,"enemies":"2 Louse","floor":4,"turns":2},{"damage":16,"enemies":"Blue Slaver","floor":5,"turns":4},{"damage":10,"enemies":"Lagavulin","floor":7,"turns":5},{"damage":2,"enemies":"Gremlin Gang","floor":8,"turns":4},{"damage":28,"enemies":"Gremlin Nob","floor":10,"turns":3}],"seed_played":"-7242363152645252846","potions_obtained":[{"floor":2,"key":"DuplicationPotion"},{"floor":4,"key":"BlessingOfTheForge"},{"floor":7,"key":"PowerPotion"},{"floor":8,"key":"BlessingOfTheForge"}],"is_trial":false,"path_per_floor":["M","M","?","M","M","R","E","M","T","E"],"character_chosen":"THE_SILENT","items_purchased":[],"campfire_rested":0,"item_purchase_floors":[],"current_hp_per_floor":[57,56,56,54,38,38,28,26,26,0,0],"gold":341,"neow_bonus":"BOSS_RELIC","is_daily":false,"chose_seed":false,"campfire_upgraded":1,"win_rate":0.0,"timestamp":1612560031,"path_taken":["M","M","?","M","M","R","E","M","T","E"],"items_purchased_type":[],"build_version":"2020-12-22","purchased_purges":0,"victory":false,"max_hp_per_floor":[66,66,66,66,66,66,66,66,66,66,66],"relic_stats":{"counters":[7,27],"Sundial":[0],"Snecko Eye":[47,41,41,51],"obtain_stats":[{"Sundial":7,"Snecko Eye":0,"Ring of the Snake":0},{"Sundial":5,"Snecko Eye":0,"Ring of the Snake":0},{"Sundial":20,"Snecko Eye":0,"Ring of the Snake":0}]},"card_choices":[{"not_picked":["Quick Slash","Dodge and Roll"],"picked":"All Out Attack","floor":1},{"not_picked":["Outmaneuver","Acrobatics"],"picked":"Poisoned Stab","floor":2},{"not_picked":["Phantasmal Killer","Distraction"],"picked":"Quick Slash","floor":4},{"not_picked":["Flying Knee","PiercingWail"],"picked":"Skewer","floor":5},{"not_picked":["Cloak And Dagger","Prepared"],"picked":"Sucker Punch","floor":7},{"not_picked":["Poisoned Stab","Dodge and Roll"],"picked":"Bullet Time","floor":8}],"player_experience":1572639,"relics_obtained":[{"floor":7,"key":"Sundial"}],"event_choices":[{"damage_healed":0,"gold_gain":66,"player_choice":"Gained Gold","damage_taken":0,"max_hp_gain":0,"max_hp_loss":0,"event_name":"Golden Wing","floor":3,"gold_loss":0}],"is_beta":false,"boss_relics":[],"items_purged_floors":[],"is_endless":false,"potions_floor_spawned":[2,4,7,8],"killed_by":"Gremlin Nob","ascension_level":20}}