{"host":"og2dufvjgkards7m","time":1612492704,"event":{"mods":["AchievementEnabler","BaseMod","Better Match","Better Note","Better Sensory Stone","Block Reminder","Colored Map","Colored Powertips","DeckTracker","Highlight Path","Minty Spire (QoL Compilation)","Rare Cards Sparkle","Relic Sorter","StSLib","SuperFastMode"],"gold_per_floor":[117,117,135,135,153,184,184,215,215,248,268,285,285,295,295,393,393,403,417,367,367,400,400,411,444,444,479,479,490,508,508,508,508,508],"floor_reached":33,"language":"SPA","playtime":1621,"items_purged":["Strike_B"],"score":457,"play_id":"c970fdd2-b211-44c3-8be9-73b711435fb2","local_time":"20210204183824","is_ascension_mode":true,"campfire_choices":[{"floor":13.0,"key":"DIG"},{"floor":15.0,"key":"DIG"},{"floor":23.0,"key":"RECALL"},{"floor":28.0,"key":"DIG"},{"floor":32.0,"key":"DIG"}],"circlet_count":0,"master_deck":["Strike_B","Strike_B","Defend_B","Defend_B","Defend_B","Defend_B","Zap","Dualcast","Apotheosis+1","FTL","Finesse","Darkness","Redo","Fusion","Lockon","Buffer","Fusion+1","Fusion+1","Chill+1","Fusion+1","Auto Shields+1"],"relics":["Cracked Core","White Beast Statue","Shovel","Smiling Mask","Toxic Egg 2","Mercury Hourglass","Coffee Dripper","Red Mask","Bag of Marbles","Singing Bowl","Darkstone Periapt","Calipers","Potion Belt"],"acts_visited":["Exordium","TheCity"],"potions_floor_usage":[33],"damage_taken":[{"damage":0.0,"enemies":"2 Louse","floor":1.0,"turns":2.0},{"damage":0.0,"enemies":"Cultist","floor":3.0,"turns":2.0},{"damage":0.0,"enemies":"Jaw Worm","floor":5.0,"turns":4.0},{"damage":20.0,"enemies":"Lagavulin","floor":6.0,"turns":5.0},{"damage":8.0,"enemies":"3 Sentries","floor":8.0,"turns":8.0},{"damage":16.0,"enemies":"Lagavulin","floor":10.0,"turns":6.0},{"damage":5.0,"enemies":"Gremlin Gang","floor":11.0,"turns":6.0},{"damage":0.0,"enemies":"3 Louse","floor":12.0,"turns":3.0},{"damage":0.0,"enemies":"Large Slime","floor":14.0,"turns":2.0},{"damage":2.0,"enemies":"Hexaghost","floor":16.0,"turns":6.0},{"damage":0.0,"enemies":"3 Byrds","floor":18.0,"turns":3.0},{"damage":0.0,"enemies":"Shell Parasite","floor":19.0,"turns":4.0},{"damage":25.0,"enemies":"Masked Bandits","floor":22.0,"turns":4.0},{"damage":0.0,"enemies":"Snecko","floor":24.0,"turns":4.0},{"damage":0.0,"enemies":"Gremlin Leader","floor":25.0,"turns":5.0},{"damage":8.0,"enemies":"Book of Stabbing","floor":27.0,"turns":6.0},{"damage":5.0,"enemies":"Centurion and Healer","floor":29.0,"turns":4.0},{"damage":27.0,"enemies":"3 Cultists","floor":30.0,"turns":6.0},{"damage":19,"enemies":"Automaton","floor":33,"turns":6}],"seed_played":"8882451990125314554","potions_obtained":[{"floor":3.0,"key":"SpeedPotion"},{"floor":8.0,"key":"Fire Potion"},{"floor":10.0,"key":"Strength Potion"},{"floor":11.0,"key":"EntropicBrew"},{"floor":12.0,"key":"FairyPotion"},{"floor":14.0,"key":"BlessingOfTheForge"},{"floor":16.0,"key":"Fire Potion"},{"floor":18.0,"key":"Weak Potion"},{"floor":19.0,"key":"Dexterity Potion"},{"floor":22.0,"key":"PowerPotion"},{"floor":24.0,"key":"PowerPotion"},{"floor":25.0,"key":"Energy Potion"},{"floor":27.0,"key":"AttackPotion"},{"floor":29.0,"key":"DistilledChaos"},{"floor":30.0,"key":"SkillPotion"}],"is_trial":false,"path_per_floor":["M","?","M","?","M","E","?","E","T","E","M","M","R","M","R","B",null,"M","M","$","?","?","R","M","E","T","E","R","M","M","?","R","B"],"character_chosen":"DEFECT","items_purchased":[],"campfire_rested":0,"item_purchase_floors":[],"current_hp_per_floor":[50,50,50,50,50,30,30,22,22,6,1,1,1,1,1,22,62,62,62,62,62,37,37,37,37,37,31,31,28,3,3,3,0,0],"gold":508,"neow_bonus":"RANDOM_COLORLESS_2","is_daily":false,"chose_seed":false,"campfire_upgraded":0,"win_rate":0.0,"timestamp":1612492704,"path_taken":["M","?","M","?","?","E","?","E","T","E","M","M","R","M","R","BOSS","M","?","$","?","?","R","M","E","T","E","R","M","M","?","R","BOSS"],"items_purchased_type":[],"build_version":"2020-12-22","purchased_purges":1,"victory":false,"max_hp_per_floor":[75,75,75,75,75,75,75,75,75,75,75,75,75,75,75,75,75,75,75,75,75,75,75,75,75,75,77,77,79,81,81,81,81,81],"card_choices":[{"not_picked":["Secret Technique","Violence"],"picked":"Apotheosis","floor":0.0},{"not_picked":["Ball Lightning","Steam"],"picked":"FTL","floor":1.0},{"not_picked":["Bandage Up","Panacea"],"picked":"Finesse","floor":2.0},{"not_picked":["Go for the Eyes","Force Field"],"picked":"Darkness","floor":3.0},{"not_picked":["Beam Cell","Ball Lightning"],"picked":"Fusion","floor":5.0},{"not_picked":["Recycle","Ball Lightning","Rebound"],"picked":"SKIP","floor":6.0},{"not_picked":["Leap","Amplify","Stack"],"picked":"SKIP","floor":8.0},{"not_picked":["Loop","White Noise","Streamline"],"picked":"SKIP","floor":10.0},{"not_picked":["Sweeping Beam","White Noise"],"picked":"Lockon","floor":11.0},{"not_picked":["Steam","Hologram","Go for the Eyes"],"picked":"SKIP","floor":12.0},{"not_picked":["Rip and Tear","Cold Snap","Leap+1"],"picked":"SKIP","floor":14.0},{"not_picked":["Creative AI","Biased Cognition"],"picked":"Buffer","floor":16.0},{"not_picked":["Steam Power+1","Consume+1"],"picked":"Fusion+1","floor":18.0},{"not_picked":["Hologram+1","Doom and Gloom+1","Streamline+1"],"picked":"SKIP","floor":19.0},{"not_picked":["Hologram+1","Cold Snap"],"picked":"Chill+1","floor":22.0},{"not_picked":["Streamline","Sweeping Beam"],"picked":"Fusion+1","floor":24.0},{"not_picked":["Compile Driver","Hologram+1"],"picked":"Auto Shields+1","floor":25.0},{"not_picked":["Heatsinks","Redo+1","Aggregate+1"],"picked":"Singing Bowl","floor":27.0},{"not_picked":["Melter","Barrage+1","Force Field+1"],"picked":"Singing Bowl","floor":29.0},{"not_picked":["Melter","Double Energy+1","Scrape"],"picked":"Singing Bowl","floor":30.0}],"player_experience":176489,"relics_obtained":[{"floor":6.0,"key":"White Beast Statue"},{"floor":8.0,"key":"Shovel"},{"floor":10.0,"key":"Smiling Mask"},{"floor":13.0,"key":"Toxic Egg 2"},{"floor":15.0,"key":"Mercury Hourglass"},{"floor":22.0,"key":"Red Mask"},{"floor":25.0,"key":"Bag of Marbles"},{"floor":26.0,"key":"Singing Bowl"},{"floor":27.0,"key":"Darkstone Periapt"},{"floor":28.0,"key":"Calipers"},{"floor":32.0,"key":"Potion Belt"}],"event_choices":[{"damage_healed":0.0,"max_hp_gain":0.0,"max_hp_loss":0.0,"gold_gain":1.0,"event_name":"betterStone:BetterStone","player_choice":"1","floor":2.0,"gold_loss":0.0,"damage_taken":0.0},{"damage_healed":0.0,"max_hp_gain":0.0,"max_hp_loss":0.0,"gold_gain":0.0,"cards_transformed":["Strike_B"],"event_name":"Transmorgrifier","player_choice":"Transformed","floor":4.0,"gold_loss":0.0,"damage_taken":0.0,"cards_obtained":["Redo"]},{"damage_healed":0.0,"max_hp_gain":0.0,"max_hp_loss":0.0,"gold_gain":0.0,"event_name":"Accursed Blacksmith","player_choice":"Forge","floor":7.0,"gold_loss":0.0,"damage_taken":0.0,"cards_upgraded":["Apotheosis"]},{"damage_healed":0.0,"max_hp_gain":0.0,"max_hp_loss":0.0,"gold_gain":0.0,"event_name":"The Library","player_choice":"Read","floor":21.0,"gold_loss":0.0,"damage_taken":0.0,"cards_obtained":["Fusion"]},{"damage_healed":0.0,"max_hp_gain":0.0,"max_hp_loss":0.0,"gold_gain":0.0,"event_name":"Masked Bandits","player_choice":"Fought Bandits","floor":22.0,"gold_loss":0.0,"damage_taken":0.0}],"is_beta":false,"boss_relics":[{"not_picked":["Empty Cage","Tiny House"],"picked":"Coffee Dripper"}],"items_purged_floors":[20],"is_endless":false,"potions_floor_spawned":[3,8,10,11,12,14,16,18,19,22,24,25,27,29,30],"killed_by":"Automaton","ascension_level":6}}