{"host":"dfpl7xml5jko8we2","time":1612558560,"event":{"mods":["2.2 Compatiblity","Act Like it!","Astrologer","Bard","BaseMod","Beaked The Cultist","Bestiary","Better Note","Better Third Choice","Challenge The Spire","Colored Map","Colored Powertips","Conspire","Curses Come First","Downfall","Energized Spire","GifTheSpireLib","Gremlin Mod","Hallownest","Hermit","Hubris","Jorbs\u0027s Wanderer Trilogy","Mad Scientist","Marisa????????","Minty Spire (QoL Compilation)","Quick Restart","Rare Cards Sparkle","Reliquary","Remilia??????","Replay The Spire","Robot Space Explorer","Shade Mod","Shop Mod","Somnambulant","Spire Arcade","StSLib","The Bladedancer","The Bug Knight","The Construct","The Disciple","The Dragon Tamer","The Elementalist","The Forsaken","The Gatherer","The Hayseed","The Hierophant","The Marked","The Mystic","The Necromancer","The Poker Player","The Runesmith","The Saiyan","The Servant 0.9.4","The Wild Card","TheBandit","Wandering Minibosses","everything is the same but u backflip on backflip","slay the spire mod where everything is the same but ironclad has a cowboy hat"],"gold_per_floor":[99,119,132,132,151,0,53,53,53,69,96,96,96,126,142,239,239,51,82,244,35,46,60,60,60,94,110,129,29,29,39,53,153,153,203,203,203,217,323,343,343,139,165,200,200,237,237,32,57,59,59,59],"floor_reached":50,"language":"ENG","playtime":6242,"items_purged":[],"score":632,"play_id":"a7131721-469e-4661-98f6-ab92a24eb3bf","local_time":"20210205145600","is_ascension_mode":false,"campfire_choices":[{"floor":1,"key":"RECALL"},{"floor":9,"key":"REST"},{"data":"Slimebound:PrepareCrush","floor":12,"key":"SMITH"},{"data":"Slimebound:Split","floor":18,"key":"SMITH"},{"floor":25,"key":"REST"},{"floor":29,"key":"REST"},{"floor":45,"key":"REST"},{"floor":47,"key":"REST"}],"circlet_count":0,"master_deck":["Slimebound:Strike_Slimebound","Slimebound:Strike_Slimebound","Slimebound:Strike_Slimebound","Slimebound:Tackle","Slimebound:Defend_Slimebound","Slimebound:Defend_Slimebound","Slimebound:Defend_Slimebound","Slimebound:Defend_Slimebound","Slimebound:Split+1","Slimebound:CorrosiveSpit","Slimebound:LivingWall","Slimebound:Schlurp+1","Pot Of Greed","Pot Of Greed","Slimebound:LeechingTouch","Slimebound:PrepareCrush+1","Slimebound:TongueLash","Slimebound:SplitAcid","Slimebound:LivingWall","Slimebound:FinishingTackle","Slimebound:SamplingLick","Slimebound:MegaLick","Slimebound:SlimeSpikes","Slimebound:DuplicatedForm","CurseOfTheBell","Slimebound:SplitLeeching+1","Pot Of Greed","Slimebound:GoopSpray","Slimebound:SlimeSlap","Slimebound:SlimeSpikes","Slimebound:HauntingLick","Slimebound:ViciousTackle","Slimebound:DisruptingSlam","Slimebound:Repurpose+1","Slimebound:SplitBruiser+1","Slimebound:LeechEnergy","Slimebound:SplitLeeching+1","Slimebound:RallyTheTroops","Slimebound:Chomp+1","Slimebound:Prepare","Slimebound:ItLooksTasty","Slimebound:LeechEnergy+1","Slimebound:Nibble+1","Slimebound:WasteNot","Slimebound:RejuvenatingLick","Slimebound:LevelUp+1","Slimebound:Prepare","Slimebound:SplitMire","Replay:SS_forest_2","Slimebound:SelfFormingGoo","Slimebound:GoopSpray","Slimebound:SplitMire","Slimebound:PressTheAttack","Slimebound:FinishingTackle","expansioncontent:StudyTheSpire","Slimebound:LevelUp+1"],"relics":["Slimebound:AbsorbEndCombat","hubris:64BitClover","Iron Hammer","Calling Bell","MawBank","Snack Pack","conspire:GlowingRock","downfall:HeartBlessingRed","downfall:HeartBlessingGreen","Unceasing Top","MealTicket","Replay:Accelerometer","downfall:HeartBlessingBlue","SacredBark","Replay:Bandana","reliquary:Boomerang","Potion Belt","Bag of Preparation","Akabeko","theForsaken:Gavel","BargainBundle","reliquary:OuijaBoard","theForsaken:Lifeblossom"],"acts_visited":["Exordium","TheCity","TheBeyond"],"potions_floor_usage":[16,33,33,33,39,49,50,50],"damage_taken":[{"damage":6,"enemies":"conspire:RoseBush","floor":2,"turns":3},{"damage":0,"enemies":"2 Louse","floor":3,"turns":3},{"damage":14,"enemies":"Jaw Worm","floor":5,"turns":6},{"damage":4,"enemies":"downfall:FleeingMerchant","floor":6,"turns":4},{"damage":6,"enemies":"3 Louse","floor":10,"turns":3},{"damage":6,"enemies":"HollowMod:MossKnight","floor":11,"turns":5},{"damage":35,"enemies":"3 Sentries","floor":14,"turns":6},{"damage":6,"enemies":"Exordium Wildlife","floor":15,"turns":4},{"damage":18,"enemies":"IC_STATUS_ARCHETYPE","floor":16,"turns":8},{"damage":28,"enemies":"Shell Parasite","floor":19,"turns":5},{"damage":2,"enemies":"downfall:FleeingMerchant","floor":21,"turns":4},{"damage":0,"enemies":"Chosen","floor":22,"turns":5},{"damage":26,"enemies":"conspire:HollyBat","floor":23,"turns":9},{"damage":34,"enemies":"conspire:Head Lice","floor":26,"turns":7},{"damage":1,"enemies":"Snake Plant","floor":27,"turns":3},{"damage":8,"enemies":"Cultist and Chosen","floor":28,"turns":6},{"damage":18,"enemies":"Centurion and Healer","floor":31,"turns":5},{"damage":9,"enemies":"Snake Plant","floor":32,"turns":3},{"damage":18,"enemies":"WA_ARCHETYPE_CALM","floor":33,"turns":9},{"damage":21,"enemies":"3 Shapes","floor":38,"turns":6},{"damage":12,"enemies":"downfall:LadyInBlue","floor":39,"turns":11},{"damage":14,"enemies":"Orb Walker","floor":40,"turns":4},{"damage":4,"enemies":"downfall:FleeingMerchant","floor":42,"turns":4},{"damage":37,"enemies":"3 Darklings","floor":43,"turns":4},{"damage":66,"enemies":"beaked:SuperParasite","floor":44,"turns":8},{"damage":62,"enemies":"HollowMod:StalkingDevout","floor":46,"turns":9},{"damage":0,"enemies":"downfall:FleeingMerchant","floor":48,"turns":4},{"damage":36,"enemies":"Jaw Worm Horde","floor":49,"turns":5},{"damage":43,"enemies":"SI_POISON_ARCHETYPE","floor":50,"turns":6}],"seed_played":"323371639820554520","potions_obtained":[{"floor":10,"key":"PowerPotion"},{"floor":11,"key":"Doom Potion"},{"floor":14,"key":"construct:ShiftPotion"},{"floor":16,"key":"PowerPotion"},{"floor":19,"key":"Swift Potion"},{"floor":22,"key":"ColorlessPotion"},{"floor":27,"key":"ColorlessPotion"},{"floor":33,"key":"BlessingOfTheForge"},{"floor":39,"key":"Milkshake"},{"floor":39,"key":"Fire Potion"},{"floor":39,"key":"FairyPotion"},{"floor":39,"key":"construct:ShiftPotion"},{"floor":40,"key":"SpeedPotion"},{"floor":49,"key":"Slimebound:SlimyTonguePotion"}],"is_trial":false,"path_per_floor":["R_BF","M","M","?","M","$","T","?","R","M","E","R","?","E","M","B",null,"R","M","?","$","M","M","T","R","E","M","M","R","?","M","M","B",null,"R_BF","?","?","M","?","M","T","$","M","E","R","E","R","$","M","B"],"character_chosen":"SLIMEBOUND","items_purchased":["Slimebound:TongueLash","Slimebound:SplitAcid","Slimebound:LivingWall","Slimebound:SlimeSlap","Slimebound:SlimeSpikes","Slimebound:Nibble+1","Slimebound:WasteNot","BargainBundle","Replay:SS_forest_2","Slimebound:SelfFormingGoo","Slimebound:GoopSpray","Slimebound:SplitMire","Slimebound:PressTheAttack","Slimebound:FinishingTackle","expansioncontent:StudyTheSpire","Languid Potion","reliquary:OuijaBoard"],"campfire_rested":5,"item_purchase_floors":[6,6,6,21,21,42,42,48,48,48,48,48,48,48,48,48,48],"current_hp_per_floor":[71,67,71,64,54,56,56,56,71,65,65,65,65,34,28,18,71,71,49,49,49,53,35,35,56,30,35,33,67,67,57,50,40,81,81,81,81,63,63,53,53,72,45,40,64,12,36,61,29,0,0,0],"gold":59,"neow_bonus":"TEN_PERCENT_HP_BONUS","is_daily":false,"chose_seed":false,"campfire_upgraded":2,"win_rate":0.0,"timestamp":1612558560,"path_taken":["R_BF","M","M","?","M","$","T","?","R","M","E","R","?","E","M","BOSS","R","M","?","$","M","M","T","R","E","M","M","R","?","M","M","BOSS","R_BF","?","?","M","?","?","T","$","M","E","R","E","R","$","M","BOSS"],"items_purchased_type":["Card","Card","Card","Card","Card","Card","Card","Relic","Card","Card","Card","Card","Card","Card","Card","Potion","Relic"],"build_version":"2020-12-22","purchased_purges":0,"victory":false,"max_hp_per_floor":[71,71,71,71,71,71,71,71,71,71,71,71,71,71,71,71,71,71,71,71,71,71,71,71,71,71,71,71,81,81,81,81,81,81,81,81,81,81,81,81,81,81,81,81,81,81,81,81,81,81,81,81],"card_choices":[{"not_picked":["Slimebound:Prepare","Slimebound:ForwardTackle"],"picked":"Slimebound:LivingWall","floor":2},{"not_picked":["Slimebound:SlimeBarrage","Slimebound:PressTheAttack"],"picked":"Slimebound:Schlurp","floor":3},{"not_picked":["Slimebound:LevelUp","Slimebound:ViciousTackle"],"picked":"Slimebound:LeechingTouch","floor":5},{"not_picked":["Slimebound:HauntingLick","Slimebound:RollThrough"],"picked":"Slimebound:PrepareCrush","floor":6},{"not_picked":["Slimebound:Grow","Slimebound:SlimeBarrage"],"picked":"Slimebound:FinishingTackle","floor":10},{"not_picked":["Slimebound:ItLooksTasty","Slimebound:ViciousTackle"],"picked":"Slimebound:SamplingLick","floor":11},{"not_picked":["Slimebound:PressTheAttack","Slimebound:FinishingTackle"],"picked":"Slimebound:MegaLick","floor":14},{"not_picked":["Slimebound:ForwardTackle","Slimebound:ViciousTackle"],"picked":"Slimebound:SlimeSpikes","floor":15},{"not_picked":["Slimebound:OneTwoCombo","Slimebound:Overexert"],"picked":"Slimebound:DuplicatedForm","floor":16},{"not_picked":["Slimebound:ItLooksTasty","Slimebound:FormOfPuddle"],"picked":"Slimebound:SplitLeeching+1","floor":19},{"not_picked":["Slimebound:Gluttony","Slimebound:DisruptingSlam"],"picked":"Slimebound:GoopSpray","floor":21},{"not_picked":["Slimebound:SplitAcid+1","Slimebound:Replication"],"picked":"Slimebound:HauntingLick","floor":22},{"not_picked":["Slimebound:Schlurp+1","Slimebound:DisruptingSlam"],"picked":"Slimebound:ViciousTackle","floor":23},{"not_picked":["Slimebound:Nibble","Slimebound:ComboTackle"],"picked":"Slimebound:DisruptingSlam","floor":26},{"not_picked":["Slimebound:GrowthPunch","Slimebound:Nibble"],"picked":"Slimebound:Repurpose+1","floor":27},{"not_picked":["Slimebound:PressTheAttack+1","Slimebound:ViciousTackle"],"picked":"Slimebound:SplitBruiser+1","floor":28},{"not_picked":["Slimebound:ForwardTackle","Slimebound:RollThrough+1"],"picked":"Slimebound:LeechEnergy","floor":31},{"not_picked":["Slimebound:SamplingLick","Slimebound:ComboTackle"],"picked":"Slimebound:SplitLeeching+1","floor":32},{"not_picked":["Slimebound:WasteNot","Slimebound:MinionMaster"],"picked":"Slimebound:RallyTheTroops","floor":33},{"not_picked":["Slimebound:LevelUp","Slimebound:SlimeBrawl+1"],"picked":"Slimebound:Chomp+1","floor":38},{"not_picked":["Slimebound:SplitAcid+1","Slimebound:TongueLash"],"picked":"Slimebound:Prepare","floor":39},{"not_picked":["Slimebound:SplitAcid+1","Slimebound:Prepare"],"picked":"Slimebound:ItLooksTasty","floor":40},{"not_picked":["Slimebound:RallyTheTroops","Slimebound:SamplingLick"],"picked":"Slimebound:LeechEnergy+1","floor":42},{"not_picked":["Slimebound:DisruptingSlam+1","Slimebound:LeechEnergy+1"],"picked":"Slimebound:RejuvenatingLick","floor":43},{"not_picked":["Slimebound:ItLooksTasty","Slimebound:Prepare"],"picked":"Slimebound:LevelUp+1","floor":44},{"not_picked":["Slimebound:ItLooksTasty","Slimebound:FinishingTackle"],"picked":"Slimebound:Prepare","floor":46},{"not_picked":["Slimebound:FormOfPuddle+1","Slimebound:SlimeSpikes+1"],"picked":"Slimebound:SplitMire","floor":48},{"not_picked":["Slimebound:LeechingTouch","Slimebound:FormOfPuddle+1"],"picked":"Slimebound:LevelUp+1","floor":49}],"player_experience":328851,"relics_obtained":[{"floor":11,"key":"hubris:64BitClover"},{"floor":14,"key":"Iron Hammer"},{"floor":17,"key":"MawBank"},{"floor":17,"key":"Snack Pack"},{"floor":17,"key":"conspire:GlowingRock"},{"floor":24,"key":"Unceasing Top"},{"floor":26,"key":"MealTicket"},{"floor":28,"key":"Replay:Accelerometer"},{"floor":37,"key":"reliquary:Boomerang"},{"floor":39,"key":"Potion Belt"},{"floor":41,"key":"Bag of Preparation"},{"floor":44,"key":"Akabeko"},{"floor":46,"key":"theForsaken:Gavel"},{"floor":49,"key":"theForsaken:Lifeblossom"}],"event_choices":[{"damage_healed":0,"gold_gain":0,"player_choice":"Success","damage_taken":7,"relics_obtained":["Grinning Jar"],"max_hp_gain":0,"max_hp_loss":0,"event_name":"Scrap Ooze","floor":4,"gold_loss":0},{"damage_healed":0,"gold_gain":0,"player_choice":"Disagree","damage_taken":0,"max_hp_gain":0,"max_hp_loss":0,"event_name":"conspire:LoneGhost","floor":8,"gold_loss":0}],"is_beta":false,"boss_relics":[{"not_picked":["energizedSpire:RedRose","reliquary:RedPaperclip"],"picked":"Calling Bell"},{"not_picked":["energizedSpire:OgreHead","energizedSpire:HugeHouse"],"picked":"SacredBark"}],"items_purged_floors":[],"is_endless":false,"potions_floor_spawned":[10,11,14,16,19,22,23,27,33,39,40,43,49],"killed_by":"SI_POISON_ARCHETYPE","ascension_level":0}}