{"host":"soyfmymeou4emntr","time":1612566451,"event":{"mods":["BaseMod","BetterRewards","Minty Spire (QoL Compilation)","Relic Sorter","Relic Stats","StSLib"],"gold_per_floor":[215,231,231,248,6,31,31,86,155,187,206,221,221,221,221,316,316,289,289,239,23,39,39,39],"floor_reached":23,"language":"ENG","playtime":1216,"items_purged":["Strike_B"],"score":448,"play_id":"50e0c556-820d-4c9f-8e0d-fb6652a3f5a8","local_time":"20210205160731","is_ascension_mode":true,"campfire_choices":[{"data":"Streamline","floor":7,"key":"SMITH"},{"data":"Defragment","floor":13,"key":"SMITH"},{"floor":15,"key":"REST"}],"circlet_count":0,"master_deck":["AscendersBane","Strike_B","Strike_B","Strike_B","Defend_B","Defend_B","Defend_B","Defend_B","Zap","Dualcast","Leap","Rebound","Ball Lightning","Capacitor","Streamline+1","Echo Form","Barrage","Defragment+1","Echo Form","Rebound","Reinforced Body"],"relics":["Cracked Core","Regal Pillow","Smiling Mask","Orichalcum","HornCleat","Boot","Golden Idol","Black Star","Membership Card"],"acts_visited":["Exordium","TheCity"],"potions_floor_usage":[6,10],"damage_taken":[{"damage":7,"enemies":"Small Slimes","floor":1,"turns":4},{"damage":7,"enemies":"Jaw Worm","floor":2,"turns":3},{"damage":0,"enemies":"2 Louse","floor":4,"turns":3},{"damage":17,"enemies":"3 Sentries","floor":6,"turns":6},{"damage":0,"enemies":"Gremlin Nob","floor":10,"turns":3},{"damage":3,"enemies":"Blue Slaver","floor":11,"turns":4},{"damage":5,"enemies":"Looter","floor":12,"turns":2},{"damage":28,"enemies":"Slime Boss","floor":16,"turns":8},{"damage":16,"enemies":"2 Thieves","floor":18,"turns":4},{"damage":16,"enemies":"Spheric Guardian","floor":22,"turns":4},{"damage":45,"enemies":"Gremlin Leader","floor":23,"turns":3}],"seed_played":"3542764139310584101","potions_obtained":[{"floor":2,"key":"FocusPotion"},{"floor":6,"key":"PowerPotion"},{"floor":16,"key":"FearPotion"},{"floor":22,"key":"FearPotion"}],"is_trial":false,"path_per_floor":["M","M","?","M","$","E","R","T","T","E","M","M","R","?","R","B",null,"M","?","?","$","M","E"],"character_chosen":"DEFECT","items_purchased":["Regal Pillow","Capacitor","Membership Card"],"campfire_rested":1,"item_purchase_floors":[5,5,21],"current_hp_per_floor":[57,50,55,55,55,38,38,38,38,38,35,30,30,4,41,13,60,44,59,59,59,43,0,0],"gold":39,"neow_bonus":"HUNDRED_GOLD","is_daily":false,"chose_seed":false,"campfire_upgraded":2,"win_rate":0.0,"timestamp":1612566451,"path_taken":["M","M","?","M","$","E","R","?","T","E","M","M","R","?","R","BOSS","M","?","?","$","M","E"],"items_purchased_type":["Relic","Card","Relic"],"build_version":"2020-12-22","purchased_purges":1,"victory":false,"max_hp_per_floor":[71,71,76,76,76,76,76,76,76,76,76,76,76,76,76,76,76,76,76,76,76,76,76,76],"relic_stats":{"Regal Pillow":15,"counters":[11,44],"Golden Idol":25,"Black Star":0,"Orichalcum":[84],"Smiling Mask":-12,"Boot":[16],"obtain_stats":[{"Regal Pillow":5,"HornCleat":9,"Golden Idol":14,"Black Star":17,"Membership Card":21,"Orichalcum":8,"Cracked Core":0,"Smiling Mask":6,"Boot":10},{"Regal Pillow":3,"HornCleat":4,"Golden Idol":7,"Black Star":8,"Membership Card":9,"Orichalcum":4,"Cracked Core":0,"Smiling Mask":4,"Boot":5},{"Regal Pillow":10,"HornCleat":16,"Golden Idol":25,"Black Star":33,"Membership Card":37,"Orichalcum":16,"Cracked Core":0,"Smiling Mask":16,"Boot":19}]},"card_choices":[{"not_picked":["Stack","Go for the Eyes"],"picked":"Leap","floor":1},{"not_picked":["Go for the Eyes","Compile Driver"],"picked":"Rebound","floor":2},{"not_picked":["Turbo","Tempest"],"picked":"Ball Lightning","floor":4},{"not_picked":["Hologram","Heatsinks"],"picked":"Streamline","floor":6},{"not_picked":["Ball Lightning","Cold Snap"],"picked":"Echo Form","floor":10},{"not_picked":["Go for the Eyes","Hello World"],"picked":"Barrage","floor":11},{"not_picked":["Stack","Ball Lightning"],"picked":"Defragment","floor":12},{"not_picked":["All For One","Seek"],"picked":"Echo Form","floor":16},{"not_picked":["Stack","Streamline"],"picked":"Rebound","floor":18},{"not_picked":["Reprogram","Sweeping Beam"],"picked":"Reinforced Body","floor":22}],"player_experience":3071095,"relics_obtained":[{"floor":6,"key":"Smiling Mask"},{"floor":8,"key":"Orichalcum"},{"floor":9,"key":"HornCleat"},{"floor":10,"key":"Boot"}],"event_choices":[{"damage_healed":0,"gold_gain":0,"player_choice":"Donut","damage_taken":0,"max_hp_gain":5,"max_hp_loss":0,"event_name":"Big Fish","floor":3,"gold_loss":0},{"damage_healed":0,"gold_gain":0,"player_choice":"Take Damage","damage_taken":26,"relics_obtained":["Golden Idol"],"max_hp_gain":0,"max_hp_loss":0,"event_name":"Golden Idol","floor":14,"gold_loss":0},{"damage_healed":15,"gold_gain":0,"player_choice":"Heal","damage_taken":0,"max_hp_gain":0,"max_hp_loss":0,"event_name":"The Library","floor":19,"gold_loss":0},{"damage_healed":0,"gold_gain":0,"player_choice":"Bet on Murderer","damage_taken":0,"max_hp_gain":0,"max_hp_loss":0,"event_name":"The Joust","floor":20,"gold_loss":50}],"is_beta":false,"boss_relics":[{"not_picked":["Tiny House","SacredBark"],"picked":"Black Star"}],"items_purged_floors":[21],"is_endless":false,"potions_floor_spawned":[2,6,16,22],"killed_by":"Gremlin Leader","ascension_level":20}}