{"host":"7j2n82b2zha9fuyn","time":1612509195,"event":{"mods":["BaseMod","Block Reminder","Minty Spire (QoL Compilation)","StSLib"],"gold_per_floor":[217,292,292,310,42,42,69,69,96,96,96],"floor_reached":10,"language":"ENG","playtime":487,"items_purged":[],"score":122,"play_id":"0056bd88-d882-4d6a-b64b-7050313873ac","local_time":"20210205001315","is_ascension_mode":true,"campfire_choices":[{"data":"Aggregate","floor":6.0,"key":"SMITH"},{"data":"Hologram","floor":8.0,"key":"SMITH"}],"circlet_count":0,"master_deck":["AscendersBane","Strike_B","Strike_B","Strike_B","Defend_B","Defend_B","Defend_B","Defend_B","Zap","Dualcast","Compile Driver","Aggregate+1","Compile Driver","Hologram+1"],"relics":["Cracked Core","Molten Egg 2","Tiny Chest"],"acts_visited":["Exordium"],"potions_floor_usage":[],"damage_taken":[{"damage":2.0,"enemies":"Cultist","floor":1.0,"turns":4.0},{"damage":4.0,"enemies":"Small Slimes","floor":4.0,"turns":3.0},{"damage":11.0,"enemies":"Gremlin Nob","floor":7.0,"turns":3.0},{"damage":40,"enemies":"Lagavulin","floor":10,"turns":5}],"seed_played":"1581696532770380196","potions_obtained":[{"floor":4.0,"key":"PowerPotion"}],"is_trial":false,"path_per_floor":["M","?","?","M","$","R","E","R","T","E"],"character_chosen":"DEFECT","items_purchased":["Molten Egg 2"],"campfire_rested":0,"item_purchase_floors":[5],"current_hp_per_floor":[62,51,51,47,47,47,36,36,36,0,0],"gold":96,"neow_bonus":"HUNDRED_GOLD","is_daily":false,"chose_seed":false,"campfire_upgraded":2,"win_rate":0.0,"timestamp":1612509195,"path_taken":["M","?","?","M","$","R","E","R","T","E"],"items_purchased_type":["Relic"],"build_version":"2020-12-22","purchased_purges":0,"victory":false,"max_hp_per_floor":[71,71,71,71,71,71,71,71,71,71,71],"card_choices":[{"not_picked":["Gash","Loop"],"picked":"Compile Driver","floor":1.0},{"not_picked":["Rebound","Sweeping Beam"],"picked":"Compile Driver","floor":4.0},{"not_picked":["Sunder+1","Aggregate"],"picked":"Hologram","floor":7.0}],"player_experience":1997905,"relics_obtained":[{"floor":7.0,"key":"Tiny Chest"}],"event_choices":[{"damage_healed":0.0,"max_hp_gain":0.0,"max_hp_loss":0.0,"gold_gain":75.0,"event_name":"World of Goop","player_choice":"Gather Gold","floor":2.0,"gold_loss":0.0,"damage_taken":11.0},{"damage_healed":0.0,"max_hp_gain":0.0,"max_hp_loss":0.0,"gold_gain":0.0,"cards_transformed":["Strike_B"],"event_name":"Living Wall","player_choice":"Change","floor":3.0,"gold_loss":0.0,"damage_taken":0.0,"cards_obtained":["Aggregate"]}],"is_beta":false,"boss_relics":[],"items_purged_floors":[],"is_endless":false,"potions_floor_spawned":[4],"killed_by":"Lagavulin","ascension_level":18}}