{"host":"alk2ftu785mujiir","time":1612566160,"event":{"mods":["BaseMod","Colored Map","Downfall","Minty Spire (QoL Compilation)","StSLib"],"gold_per_floor":[0,0,14,32,182,208,233,262,262,273,298,298,308,308,328,429,429,441,463,475,507,29,29,52,80,80,156,174,174,207,220,239,239,239,239],"floor_reached":33,"language":"ENG","playtime":1664,"items_purged":["downfall:Icky"],"score":408,"play_id":"43729475-c205-4a06-b2d1-3f55a2200e19","local_time":"20210205180240","is_ascension_mode":true,"campfire_choices":[{"data":"Guardian:TwinSlam","floor":1,"key":"SMITH"},{"floor":9,"key":"REST"},{"floor":12,"key":"REST"},{"data":"Guardian:RefractedBeam","floor":18,"key":"SMITH"},{"data":"expansioncontent:StudyTheSpire","floor":23,"key":"SMITH"},{"floor":29,"key":"REST"}],"circlet_count":0,"master_deck":["Guardian:Defend_Guardian","Guardian:Defend_Guardian","Guardian:Defend_Guardian","Guardian:CurlUp","Guardian:TwinSlam+1","Guardian:ChargeCore","Guardian:RefractedBeam+1","Guardian:TimeBomb","Guardian:ExploitGems","Guardian:BronzeArmor","Guardian:PiercingHide","Guardian:EvasiveProtocol","Guardian:RevengeProtocol","CurseOfTheBell","Slimebound:Tackle+1","Slimebound:Tackle+1","Slimebound:Tackle+1","Guardian:ShieldSpikes+1","Guardian:StasisStrike+1","expansioncontent:StudyTheSpire+1","Guardian:BronzeOrb+1","Guardian:DonusPower+1","Guardian:Gem_Red"],"relics":["Guardian:ModeShifter","Molten Egg 2","Tiny Chest","Bird Faced Urn","Toy Ornithopter","Calling Bell","MawBank","Ornamental Fan","Dead Branch","Guardian:StasisUpgradeRelic","Frozen Egg 2","Letter Opener","Toxic Egg 2","Vajra"],"acts_visited":["Exordium","TheCity"],"potions_floor_usage":[11,25,30],"damage_taken":[{"damage":2,"enemies":"Jaw Worm","floor":3,"turns":3},{"damage":3,"enemies":"Cultist","floor":4,"turns":3},{"damage":24,"enemies":"3 Sentries","floor":6,"turns":8},{"damage":26,"enemies":"Lagavulin","floor":8,"turns":8},{"damage":0,"enemies":"2 Louse","floor":10,"turns":1},{"damage":16,"enemies":"Gremlin Nob","floor":11,"turns":4},{"damage":6,"enemies":"Blue Slaver","floor":13,"turns":4},{"damage":6,"enemies":"Large Slime","floor":15,"turns":6},{"damage":0,"enemies":"SI_SHIV_ARCHETYPE","floor":16,"turns":13},{"damage":3,"enemies":"Chosen","floor":19,"turns":6},{"damage":17,"enemies":"Shell Parasite","floor":21,"turns":4},{"damage":3,"enemies":"downfall:FleeingMerchant","floor":22,"turns":4},{"damage":66,"enemies":"Book of Stabbing","floor":25,"turns":7},{"damage":3,"enemies":"Cultist and Chosen","floor":28,"turns":8},{"damage":14,"enemies":"Gremlin Leader","floor":30,"turns":6},{"damage":4,"enemies":"Snake Plant","floor":31,"turns":4},{"damage":8,"enemies":"Centurion and Healer","floor":32,"turns":7},{"damage":46,"enemies":"WA_ARCHETYPE_CALM","floor":33,"turns":14}],"seed_played":"-309004252463443147","potions_obtained":[{"floor":4,"key":"champ:CounterPotion"},{"floor":8,"key":"sneckomod:MuddlingPotion"},{"floor":10,"key":"FearPotion"},{"floor":11,"key":"Block Potion"},{"floor":13,"key":"Swift Potion"},{"floor":25,"key":"Guardian:DefensiveModePotion"},{"floor":31,"key":"Swift Potion"}],"is_trial":false,"path_per_floor":["R","?","M","M","?","E","T","E","R","M","E","R","M","?","M","B",null,"R","M","?","M","$","R","T","E","?","T","M","R","E","M","M","B"],"character_chosen":"GUARDIAN","items_purchased":["Guardian:StasisUpgradeRelic","Guardian:StasisStrike+1","expansioncontent:StudyTheSpire"],"campfire_rested":3,"item_purchase_floors":[22,22,22],"current_hp_per_floor":[80,80,78,75,75,51,51,25,49,49,33,57,51,51,45,47,80,80,77,77,64,63,63,63,6,6,6,7,31,30,32,30,0,0,0],"gold":239,"neow_bonus":"REMOVE_TWO","is_daily":false,"chose_seed":false,"campfire_upgraded":3,"win_rate":0.0,"timestamp":1612566160,"path_taken":["R","?","M","?","?","E","T","E","R","M","E","R","M","?","M","BOSS","R","M","?","M","$","R","T","E","?","?","M","R","E","M","M","BOSS"],"items_purchased_type":["Relic","Card","Card"],"build_version":"2020-12-22","purchased_purges":1,"victory":false,"max_hp_per_floor":[80,80,80,80,80,80,80,80,80,80,80,80,80,80,80,80,80,80,80,80,80,80,80,80,80,80,80,80,80,80,80,80,80,80,80],"card_choices":[{"not_picked":["Guardian:PiercingHide","Guardian:Suspension"],"picked":"Guardian:Gem_Cyan","floor":3},{"not_picked":["Guardian:Recover","Guardian:EvasiveProtocol"],"picked":"Guardian:RefractedBeam","floor":4},{"not_picked":["Guardian:ArmoredProtocol","Guardian:Reroute+1"],"picked":"Guardian:TimeBomb","floor":6},{"not_picked":["Guardian:Suspension","Guardian:PrimingBeam+1"],"picked":"Guardian:ExploitGems","floor":8},{"not_picked":["Guardian:Gem_Yellow","Guardian:TemporalStrike+1"],"picked":"Guardian:BronzeArmor","floor":10},{"not_picked":["Guardian:SpikerProtocol","Guardian:VentSteam"],"picked":"Guardian:Gem_Purple","floor":11},{"not_picked":["Guardian:RollAttack+1","Guardian:Gem_Red"],"picked":"Guardian:PiercingHide","floor":13},{"not_picked":["Guardian:Harden","Guardian:PiercingHide"],"picked":"Guardian:EvasiveProtocol","floor":15},{"not_picked":["Guardian:GemFinder","Guardian:StasisField"],"picked":"Guardian:RevengeProtocol","floor":16},{"not_picked":["Guardian:ShieldCharger","Guardian:BronzeArmor"],"picked":"Guardian:Gem_Lightblue","floor":19},{"not_picked":["Guardian:Gem_Red","Guardian:Gem_White"],"picked":"Guardian:ShieldSpikes+1","floor":21},{"not_picked":["Guardian:Gem_Yellow","Guardian:Repulse","Guardian:Incinerate+1"],"picked":"SKIP","floor":22},{"not_picked":["Guardian:Gem_Yellow","Guardian:ShieldCharger","Guardian:MultiBeam+1"],"picked":"SKIP","floor":25},{"not_picked":["Guardian:RollAttack+1","Guardian:Repulse+1","Guardian:TemporalStrike+1"],"picked":"SKIP","floor":28},{"not_picked":["Guardian:Incinerate+1","Guardian:BaubleBeam+1"],"picked":"Guardian:BronzeOrb+1","floor":30},{"not_picked":["Guardian:WalkerClaw+1","Guardian:Gem_Lightblue"],"picked":"Guardian:DonusPower+1","floor":31},{"not_picked":["Guardian:Incinerate+1","Guardian:Planning+1"],"picked":"Guardian:Gem_Red","floor":32}],"player_experience":1811258,"relics_obtained":[{"floor":6,"key":"Molten Egg 2"},{"floor":7,"key":"Tiny Chest"},{"floor":8,"key":"Bird Faced Urn"},{"floor":11,"key":"Toy Ornithopter"},{"floor":17,"key":"MawBank"},{"floor":17,"key":"Ornamental Fan"},{"floor":17,"key":"Dead Branch"},{"floor":25,"key":"Frozen Egg 2"},{"floor":27,"key":"Toxic Egg 2"},{"floor":30,"key":"Vajra"}],"event_choices":[],"is_beta":false,"boss_relics":[{"not_picked":["SlaversCollar","Tiny House"],"picked":"Calling Bell"}],"items_purged_floors":[22],"is_endless":false,"potions_floor_spawned":[4,8,10,11,13,15,25,31],"killed_by":"WA_ARCHETYPE_CALM","ascension_level":3}}