{"host":"nwd160me4iqdtr8u","time":1612525044,"event":{"mods":["AchievementEnabler","Act Like it!","BaseMod","Colored Map","DeckTracker","Keyboard Shortcuts","Minty Spire (QoL Compilation)","Quick Restart","Rare Cards Sparkle","Smile Girya","StSLib","SuperFastMode","everything is the same but u backflip on backflip"],"gold_per_floor":[115,115,65,81,92,92,123,138,138,172,186,186,186,205,205,310,310,325,19,39,53,53,53,63,63,63,81,81,96,96,111,111,208,208,228,228,228,228,228,228],"floor_reached":39,"language":"KOR","playtime":1560,"items_purged":["Strike_R"],"score":491,"play_id":"4129f521-e71c-44a5-a8a0-0b2397c50610","local_time":"20210205203724","is_ascension_mode":true,"campfire_choices":[{"data":"Offering","floor":6.0,"key":"SMITH"},{"data":"Searing Blow","floor":13.0,"key":"SMITH"},{"data":"Searing Blow+1","floor":15.0,"key":"SMITH"},{"data":"Searing Blow+2","floor":23.0,"key":"SMITH"},{"data":"Searing Blow+3","floor":25.0,"key":"SMITH"},{"floor":32.0,"key":"REST"}],"circlet_count":0,"master_deck":["Strike_R","Strike_R","Defend_R","Defend_R","Defend_R","Defend_R","Bash","Offering+1","Body Slam","Shrug It Off","Headbutt","Pummel","Searing Blow+4","Battle Trance","Shockwave","Brutality+1","Second Wind","Bloodletting+1","Dark Embrace+1","Necronomicurse","Double Tap","Trip"],"relics":["Burning Blood","PreservedInsect","Meat on the Bone","Frozen Egg 2","Runic Cube","Vajra","Bottled Lightning","Necronomicon","SlaversCollar"],"acts_visited":["Exordium","TheCity","TheBeyond"],"potions_floor_usage":[],"damage_taken":[{"damage":12.0,"enemies":"Small Slimes","floor":1.0,"turns":4.0},{"damage":7.0,"enemies":"Cultist","floor":4.0,"turns":4.0},{"damage":3.0,"enemies":"2 Louse","floor":5.0,"turns":3.0},{"damage":27.0,"enemies":"3 Sentries","floor":7.0,"turns":8.0},{"damage":9.0,"enemies":"Looter","floor":8.0,"turns":2.0},{"damage":22.0,"enemies":"Lagavulin","floor":10.0,"turns":3.0},{"damage":14.0,"enemies":"Blue Slaver","floor":11.0,"turns":3.0},{"damage":18.0,"enemies":"2 Fungi Beasts","floor":14.0,"turns":3.0},{"damage":48.0,"enemies":"Slime Boss","floor":16.0,"turns":10.0},{"damage":21.0,"enemies":"2 Thieves","floor":18.0,"turns":5.0},{"damage":11.0,"enemies":"Chosen","floor":20.0,"turns":5.0},{"damage":10.0,"enemies":"Centurion and Healer","floor":21.0,"turns":4.0},{"damage":12.0,"enemies":"Snake Plant","floor":24.0,"turns":4.0},{"damage":26.0,"enemies":"Shelled Parasite and Fungi","floor":27.0,"turns":4.0},{"damage":22.0,"enemies":"Sentry and Sphere","floor":29.0,"turns":4.0},{"damage":6.0,"enemies":"Centurion and Healer","floor":31.0,"turns":5.0},{"damage":32.0,"enemies":"Collector","floor":33.0,"turns":4.0},{"damage":9.0,"enemies":"Orb Walker","floor":35.0,"turns":2.0},{"damage":49,"enemies":"3 Darklings","floor":39,"turns":9}],"seed_played":"5244629819531437824","potions_obtained":[{"floor":5.0,"key":"SteroidPotion"},{"floor":7.0,"key":"EssenceOfSteel"},{"floor":8.0,"key":"Energy Potion"},{"floor":10.0,"key":"Fire Potion"},{"floor":16.0,"key":"SpeedPotion"},{"floor":21.0,"key":"Dexterity Potion"},{"floor":24.0,"key":"GamblersBrew"},{"floor":31.0,"key":"EssenceOfSteel"}],"is_trial":false,"path_per_floor":["M","?","?","M","M","R","E","M","T","E","M","?","R","M","R","B",null,"M","$","M","M","?","R","M","R","T","M","?","M","?","M","R","B",null,"M","?","?","?","M"],"character_chosen":"IRONCLAD","items_purchased":["Second Wind","Vajra"],"campfire_rested":1,"item_purchase_floors":[19,19],"current_hp_per_floor":[74,79,79,78,81,81,60,57,57,53,57,57,57,57,57,27,71,56,56,51,59,51,51,57,57,57,49,33,29,29,41,66,52,77,74,74,69,69,20,20],"gold":228,"neow_bonus":"ONE_RANDOM_RARE_CARD","is_daily":false,"chose_seed":false,"campfire_upgraded":5,"win_rate":0.0,"timestamp":1612525044,"path_taken":["M","?","?","M","M","R","E","M","T","E","M","?","R","M","R","BOSS","M","$","M","M","?","R","?","R","T","M","?","M","?","M","R","BOSS","M","?","?","?","M"],"items_purchased_type":["Card","Relic"],"build_version":"2020-12-22","purchased_purges":1,"victory":false,"max_hp_per_floor":[80,85,85,85,85,85,85,85,85,85,85,85,85,85,85,85,85,85,85,85,85,85,85,85,85,85,85,85,85,85,85,85,85,85,85,85,85,81,81,81],"card_choices":[{"not_picked":["Clothesline","Feel No Pain"],"picked":"Body Slam","floor":1.0},{"not_picked":["Carnage","True Grit"],"picked":"Shrug It Off","floor":4.0},{"not_picked":["Rage","Sword Boomerang"],"picked":"Headbutt","floor":5.0},{"not_picked":["Body Slam","Headbutt"],"picked":"Pummel","floor":7.0},{"not_picked":["Headbutt","Inflame"],"picked":"Searing Blow","floor":8.0},{"not_picked":["Double Tap","Seeing Red"],"picked":"Battle Trance","floor":10.0},{"not_picked":["Carnage","Wild Strike"],"picked":"Shockwave","floor":11.0},{"not_picked":["Dark Embrace+1","Havoc","Heavy Blade"],"picked":"SKIP","floor":14.0},{"not_picked":["Impervious","Offering"],"picked":"Brutality+1","floor":16.0},{"not_picked":["Iron Wave","Shrug It Off","Wild Strike"],"picked":"SKIP","floor":18.0},{"not_picked":["Rampage","Twin Strike+1"],"picked":"Bloodletting+1","floor":20.0},{"not_picked":["Fire Breathing+1","Havoc"],"picked":"Dark Embrace+1","floor":21.0},{"not_picked":["Iron Wave","Body Slam","Combust+1"],"picked":"SKIP","floor":24.0},{"not_picked":["Thunderclap+1","Warcry"],"picked":"Armaments","floor":27.0},{"not_picked":["Cleave+1","Perfected Strike","Shrug It Off"],"picked":"SKIP","floor":29.0},{"not_picked":["Cleave","Heavy Blade","Carnage+1"],"picked":"SKIP","floor":31.0},{"not_picked":["Feed","Corruption+1"],"picked":"Double Tap","floor":33.0},{"not_picked":["Combust+1","True Grit","Armaments"],"picked":"SKIP","floor":35.0},{"not_picked":["Mind Blast","Jack Of All Trades"],"picked":"Trip","floor":37.0}],"player_experience":400211,"relics_obtained":[{"floor":7.0,"key":"PreservedInsect"},{"floor":9.0,"key":"Meat on the Bone"},{"floor":10.0,"key":"Frozen Egg 2"},{"floor":26.0,"key":"Bottled Lightning"},{"floor":28.0,"key":"Necronomicon"}],"event_choices":[{"damage_healed":0.0,"max_hp_gain":5.0,"max_hp_loss":0.0,"gold_gain":0.0,"event_name":"Big Fish","player_choice":"Donut","floor":2.0,"gold_loss":0.0,"damage_taken":0.0},{"cards_removed":["Strike_R"],"damage_healed":0.0,"max_hp_gain":0.0,"max_hp_loss":0.0,"gold_gain":0.0,"event_name":"The Cleric","player_choice":"Card Removal","floor":3.0,"gold_loss":50.0,"damage_taken":0.0},{"damage_healed":0.0,"max_hp_gain":0.0,"max_hp_loss":0.0,"gold_gain":0.0,"event_name":"Liars Game","player_choice":"Ignored","floor":12.0,"gold_loss":0.0,"damage_taken":0.0},{"damage_healed":0.0,"max_hp_gain":0.0,"max_hp_loss":0.0,"gold_gain":0.0,"event_name":"Wheel of Change","player_choice":"Damaged","floor":22.0,"gold_loss":0.0,"damage_taken":8.0},{"damage_healed":0.0,"max_hp_gain":0.0,"max_hp_loss":0.0,"gold_gain":0.0,"event_name":"Cursed Tome","player_choice":"Obtained Book","floor":28.0,"gold_loss":0.0,"damage_taken":16.0},{"cards_removed":["Strike_R"],"damage_healed":0.0,"max_hp_gain":0.0,"max_hp_loss":0.0,"gold_gain":0.0,"event_name":"Back to Basics","player_choice":"Elegance","floor":30.0,"gold_loss":0.0,"damage_taken":0.0},{"cards_removed":["Armaments"],"damage_healed":0.0,"max_hp_gain":0.0,"max_hp_loss":0.0,"gold_gain":0.0,"event_name":"Falling","player_choice":"Removed Skill","floor":36.0,"gold_loss":0.0,"damage_taken":0.0},{"damage_healed":0.0,"max_hp_gain":0.0,"max_hp_loss":0.0,"gold_gain":0.0,"event_name":"SensoryStone","player_choice":"Memory 2","floor":37.0,"gold_loss":0.0,"damage_taken":5.0},{"damage_healed":0.0,"max_hp_gain":0.0,"max_hp_loss":4.0,"gold_gain":0.0,"event_name":"Winding Halls","player_choice":"Max HP","floor":38.0,"gold_loss":0.0,"damage_taken":0.0}],"is_beta":false,"boss_relics":[{"not_picked":["Sozu","Fusion Hammer"],"picked":"Runic Cube"},{"not_picked":["Black Blood","Tiny House"],"picked":"SlaversCollar"}],"items_purged_floors":[19],"is_endless":false,"potions_floor_spawned":[5,7,8,10,16,21,24,31],"killed_by":"3 Darklings","ascension_level":5}}