{"host":"d61fcf2p3sjwe6yo","time":1612555139,"event":{"mods":["Act Like it!","BaseMod","Colored Map","Hallownest","Minty Spire (QoL Compilation)","StSLib","SuperFastMode","The Bug Knight"],"gold_per_floor":[115,115,68,68,68,68,81,81,81,81,110,110,123,123,123,123,123],"floor_reached":16,"language":"ENG","playtime":394,"items_purged":[],"score":130,"play_id":"bee46a2f-9496-4bf4-a4d8-b083a8e657de","local_time":"20210205225859","is_ascension_mode":true,"campfire_choices":[{"data":"HollowMod:FocusHealStart","floor":6,"key":"SMITH"},{"floor":8,"key":"REST"},{"data":"1","floor":10,"key":"LIFT"},{"floor":15,"key":"REST"}],"circlet_count":0,"master_deck":["HollowMod:FocusHealStart+1","HollowMod:PogoStrike","HollowMod:TaintedHusks","HollowMod:InfectedAttack","HollowMod:InfectedAttack","HollowMod:InfectedAttack","HollowMod:InfectionAssault","HollowMod:MothsMistake","Hallownest:skillSlugHide","Hallownest:skillSlugHide","Hallownest:skillSlugHide","Hallownest:skillSlugHide","Hallownest:skillSlugHide"],"relics":["HollowMod:VesselMask","Hallownest:DreamNailRelic","Girya","HollowMod:MantisClawRelic"],"acts_visited":["Hallownest:Greenpath"],"potions_floor_usage":[],"damage_taken":[{"damage":0,"enemies":"Hallownest:monsterHuskWarrior","floor":1,"turns":6},{"damage":33,"enemies":"Hallownest:2_Baldur","floor":7,"turns":3},{"damage":55,"enemies":"Hallownest:eliteCrystalGuardian","floor":11,"turns":5},{"damage":16,"enemies":"Hallownest:2_Tiktiks_and_1_Crawlid","floor":13,"turns":3},{"damage":17,"enemies":"Hallownest:BossHornet","floor":16,"turns":3}],"seed_played":"-8718703101596035125","potions_obtained":[{"floor":13,"key":"SneckoOil"}],"is_trial":false,"path_per_floor":["M","?","$","?","?","R","M","R","T","R","E","?","M","?","R","B"],"character_chosen":"THE_BUGKNIGHT","items_purchased":["HollowMod:InfectedAttack"],"campfire_rested":2,"item_purchase_floors":[3],"current_hp_per_floor":[82,82,82,82,82,82,49,73,73,73,18,18,8,8,30,23,23],"gold":123,"neow_bonus":"TEN_PERCENT_HP_BONUS","is_daily":false,"chose_seed":false,"campfire_upgraded":1,"win_rate":0.0,"timestamp":1612555139,"path_taken":["M","?","?","?","?","R","?","R","T","R","E","?","M","?","R","BOSS"],"items_purchased_type":["Card"],"build_version":"2020-12-22","purchased_purges":0,"victory":false,"max_hp_per_floor":[82,82,82,82,82,82,82,82,82,82,82,75,75,75,75,75,75],"card_choices":[{"not_picked":["HollowMod:WraithStrike","HollowMod:DescendingDark"],"picked":"HollowMod:TaintedHusks","floor":1},{"not_picked":["HollowMod:SharpenedNail","HollowMod:TaintedHusks","HollowMod:SoulStrike"],"picked":"SKIP","floor":7},{"not_picked":["HollowMod:VengefulVoid","HollowMod:SiblingsSouls"],"picked":"HollowMod:InfectionAssault","floor":11},{"not_picked":["HollowMod:CycloneSlash","HollowMod:NewLittleFool"],"picked":"HollowMod:MothsMistake","floor":13}],"player_experience":253729,"relics_obtained":[{"floor":9,"key":"Girya"},{"floor":11,"key":"HollowMod:MantisClawRelic"}],"event_choices":[],"is_beta":false,"boss_relics":[],"items_purged_floors":[],"is_endless":false,"potions_floor_spawned":[13],"killed_by":"Hallownest:BossHornet","ascension_level":2}}