{"host":"2l3i55whvwk76mom","time":1612499600,"event":{"mods":["BaseMod","Googly Eyes","Hermit","Hubris","Minty Spire (QoL Compilation)","Replay The Spire","StSLib","The Cursed","The Disciple","The Hierophant","The Jungle","The Necromancer"],"gold_per_floor":[111,111,126,51,51,51,79,79,127,127,127,127,155,175,175,272,272,286,296,146,160,177,177,196,196,196],"floor_reached":25,"language":"ENG","playtime":759,"items_purged":["Strike_G","Strike_G"],"score":278,"play_id":"a69b3c85-04c1-49d7-8aa7-cfe6dde5bf54","local_time":"20210204203320","is_ascension_mode":true,"campfire_choices":[{"data":"Escape Plan","floor":6,"key":"SMITH"},{"data":"Bouncing Flask","floor":8,"key":"SMITH"},{"data":"Corpse Explosion","floor":10,"key":"SMITH"},{"floor":12,"key":"REST"},{"data":"Catalyst","floor":15,"key":"SMITH"},{"floor":23,"key":"REST"}],"circlet_count":0,"master_deck":["Strike_G","Strike_G","Strike_G","Defend_G","Defend_G","Defend_G","Defend_G","Defend_G","Survivor","Neutralize","Corpse Explosion+1","Slice","Escape Plan+1","Bouncing Flask+1","Hallucinations","Catalyst+1","Deadly Poison","Corpse Explosion","Backstab+1","Backflip","Deadly Poison","Deadly Poison+1","Deadly Poison","ReplayTheSpireMod:Tripwire+1"],"relics":["Ring of the Snake","Oddly Smooth Stone","Dream Catcher","Ring of Fury","hubris:CrystalStatue","hubris:TerracottaHorce"],"acts_visited":["Exordium","TheCity"],"potions_floor_usage":[7,16,25,25],"damage_taken":[{"damage":0,"enemies":"Cultist","floor":1,"turns":4},{"damage":0,"enemies":"Small Slimes","floor":3,"turns":3},{"damage":16,"enemies":"Gremlin Nob","floor":7,"turns":4},{"damage":6,"enemies":"Lagavulin","floor":13,"turns":3},{"damage":0,"enemies":"2 Louse","floor":14,"turns":1},{"damage":24,"enemies":"Fading Forest","floor":16,"turns":11},{"damage":34,"enemies":"3 Byrds","floor":18,"turns":4},{"damage":0,"enemies":"Chosen","floor":19,"turns":3},{"damage":22,"enemies":"Sentry and Sphere","floor":21,"turns":4},{"damage":8,"enemies":"Snake Plant","floor":22,"turns":2},{"damage":13,"enemies":"Snecko","floor":24,"turns":3},{"damage":18,"enemies":"Gremlin Leader","floor":25,"turns":2}],"seed_played":"-1868203142992101203","potions_obtained":[{"floor":3,"key":"Strength Potion"},{"floor":7,"key":"Weak Potion"},{"floor":21,"key":"CultistPotion"},{"floor":22,"key":"Explosive Potion"}],"is_trial":false,"path_per_floor":["M","$","M","$","?","R","E","R","T","R","?","R","E","M","R","B",null,"M","M","$","M","M","R","M","E"],"character_chosen":"THE_SILENT","items_purchased":["Deadly Poison"],"campfire_rested":2,"item_purchase_floors":[20],"current_hp_per_floor":[70,70,70,70,75,75,59,59,59,59,59,75,69,69,69,45,68,34,34,34,12,4,26,13,0,0],"gold":196,"neow_bonus":"ONE_RANDOM_RARE_CARD","is_daily":false,"chose_seed":true,"campfire_upgraded":4,"win_rate":0.0,"timestamp":1612499600,"path_taken":["M","?","M","$","?","R","E","R","T","R","?","R","E","M","R","BOSS","M","M","$","M","M","R","M","E"],"items_purchased_type":["Card"],"build_version":"2020-12-22","purchased_purges":2,"victory":false,"max_hp_per_floor":[70,70,70,70,75,75,75,75,75,75,75,75,75,75,75,75,75,75,75,75,75,75,75,75,75,75],"card_choices":[{"not_picked":["ReplayTheSpireMod:Shiv Toss","hubris:Sniper"],"picked":"Slice","floor":1},{"not_picked":["ReplayTheSpireMod:Exploit Weakness","Calculated Gamble"],"picked":"Escape Plan","floor":3},{"not_picked":["ReplayTheSpireMod:Scrap Shanks","ReplayTheSpireMod:The Works"],"picked":"Bouncing Flask","floor":7},{"not_picked":["Distraction","hubris:SlightOfHand"],"picked":"Catalyst","floor":12},{"not_picked":["Bane","Flying Knee"],"picked":"Deadly Poison","floor":13},{"not_picked":["Sneak Up","Flying Knee","Underhanded Strike"],"picked":"SKIP","floor":14},{"not_picked":["Grand Finale","ReplayTheSpireMod:From All Sides"],"picked":"Corpse Explosion","floor":16},{"not_picked":["Slice","ReplayTheSpireMod:Scrap Shanks"],"picked":"Backstab+1","floor":18},{"not_picked":["Dagger Throw","Riddle With Holes"],"picked":"Backflip","floor":19},{"not_picked":["Sucker Punch","Flying Knee"],"picked":"Deadly Poison+1","floor":21},{"not_picked":["Well Laid Plans","ReplayTheSpireMod:Shiv Toss"],"picked":"Deadly Poison","floor":22},{"not_picked":["ReplayTheSpireMod:Exploit Weakness","Deflect"],"picked":"ReplayTheSpireMod:Tripwire+1","floor":23},{"not_picked":["Predator","Quick Slash","Doppelganger"],"picked":"SKIP","floor":24}],"player_experience":353647,"relics_obtained":[{"floor":7,"key":"Oddly Smooth Stone"},{"floor":9,"key":"Dream Catcher"},{"floor":11,"key":"Ring of Fury"},{"floor":13,"key":"hubris:CrystalStatue"}],"event_choices":[{"damage_healed":0,"gold_gain":0,"player_choice":"Donut","damage_taken":0,"max_hp_gain":5,"max_hp_loss":0,"event_name":"Big Fish","floor":5,"gold_loss":0}],"is_beta":false,"boss_relics":[{"not_picked":["Replay:Wanted Poster","Cursed Key"],"picked":"hubris:TerracottaHorce"}],"items_purged_floors":[4,20],"is_endless":false,"potions_floor_spawned":[3,7,21,22],"killed_by":"Gremlin Leader","ascension_level":4}}