{"host":"gfxjwtol062e9znw","time":1612530077,"event":{"mods":["BaseMod","Colored Map","Minty Spire (QoL Compilation)","Rare Cards Sparkle"],"gold_per_floor":[118,129,145,164,114,127,127,158,158,173,173,142,165,15,15,113,113,125,50,50,64,77,77,108,108,158,158,191,191,205,219,219,219,219],"floor_reached":33,"language":"ENG","playtime":2085,"items_purged":["Defend_G"],"score":416,"play_id":"bb8580cd-1e4c-4ec5-92d5-70489213acec","local_time":"20210206000117","is_ascension_mode":true,"campfire_choices":[{"floor":7,"key":"REST"},{"floor":11,"key":"REST"},{"floor":15,"key":"REST"},{"floor":23,"key":"REST"},{"floor":25,"key":"REST"},{"data":"Bullet Time","floor":27,"key":"SMITH"},{"floor":32,"key":"REST"}],"circlet_count":0,"master_deck":["Strike_G","Strike_G","Strike_G","Strike_G","Strike_G","Defend_G","Defend_G","Defend_G","Survivor","Neutralize","Dodge and Roll","Backflip","Infinite Blades","PiercingWail","Distraction","Dodge and Roll","Cloak And Dagger","Terror","Dagger Spray","Bullet Time+1","Dodge and Roll","Footwork","Footwork","Escape Plan+1","Backstab","Choke","Accuracy+1"],"relics":["Runic Pyramid","Potion Belt","Orichalcum","Nunchaku","SlaversCollar","PreservedInsect","Bag of Marbles","Singing Bowl"],"acts_visited":["Exordium","TheCity"],"potions_floor_usage":[4,8,10,16,16,28,31,33],"damage_taken":[{"damage":2,"enemies":"2 Louse","floor":1,"turns":3},{"damage":1,"enemies":"Small Slimes","floor":2,"turns":4},{"damage":4,"enemies":"Jaw Worm","floor":3,"turns":5},{"damage":1,"enemies":"Blue Slaver","floor":4,"turns":5},{"damage":25,"enemies":"Exordium Wildlife","floor":6,"turns":8},{"damage":48,"enemies":"Gremlin Nob","floor":8,"turns":6},{"damage":8,"enemies":"Exordium Thugs","floor":10,"turns":7},{"damage":20,"enemies":"The Guardian","floor":16,"turns":13},{"damage":8,"enemies":"Shell Parasite","floor":18,"turns":8},{"damage":18,"enemies":"3 Byrds","floor":21,"turns":7},{"damage":4,"enemies":"Shelled Parasite and Fungi","floor":22,"turns":10},{"damage":15,"enemies":"Book of Stabbing","floor":24,"turns":8},{"damage":30,"enemies":"Slavers","floor":28,"turns":7},{"damage":19,"enemies":"Centurion and Healer","floor":30,"turns":10},{"damage":16,"enemies":"Sentry and Sphere","floor":31,"turns":8},{"damage":46,"enemies":"Champ","floor":33,"turns":11}],"seed_played":"8631686151350876264","potions_obtained":[{"floor":4,"key":"Fruit Juice"},{"floor":6,"key":"AttackPotion"},{"floor":8,"key":"SkillPotion"},{"floor":10,"key":"Regen Potion"},{"floor":24,"key":"Regen Potion"},{"floor":28,"key":"BlessingOfTheForge"},{"floor":31,"key":"Explosive Potion"}],"is_trial":false,"path_per_floor":["M","M","M","M","?","M","R","E","T","M","R","?","T","$","R","B",null,"M","$","?","M","M","R","E","R","T","R","E","?","M","M","R","B"],"character_chosen":"THE_SILENT","items_purchased":["Terror","PowerPotion","Dagger Spray"],"campfire_rested":6,"item_purchase_floors":[14,14,14],"current_hp_per_floor":[61,60,56,60,60,35,57,9,9,1,23,23,23,23,45,40,66,58,58,58,40,36,58,43,65,65,65,50,50,31,15,37,0,0],"gold":219,"neow_bonus":"BOSS_RELIC","is_daily":false,"chose_seed":false,"campfire_upgraded":1,"win_rate":0.0,"timestamp":1612530077,"path_taken":["M","M","M","M","?","M","R","E","T","M","R","?","?","?","R","BOSS","M","$","?","M","M","R","E","R","T","R","E","?","?","M","R","BOSS"],"items_purchased_type":["Card","Potion","Card"],"build_version":"2020-12-22","purchased_purges":1,"victory":false,"max_hp_per_floor":[70,70,70,75,75,75,75,75,75,75,75,75,75,75,75,75,75,75,75,75,75,75,75,75,75,75,75,75,75,75,75,75,75,75],"card_choices":[{"not_picked":["Cloak And Dagger","Slice"],"picked":"Dodge and Roll","floor":1},{"not_picked":["Poisoned Stab","Concentrate"],"picked":"Backflip","floor":2},{"not_picked":["Expertise","Slice"],"picked":"Infinite Blades","floor":3},{"not_picked":["Flying Knee","Deadly Poison"],"picked":"PiercingWail","floor":4},{"not_picked":["Riddle With Holes","Dagger Throw"],"picked":"Distraction","floor":6},{"not_picked":["Poisoned Stab","Infinite Blades"],"picked":"Dodge and Roll","floor":8},{"not_picked":["Deadly Poison","Bane"],"picked":"Cloak And Dagger","floor":10},{"not_picked":["Glass Knife","Venomology"],"picked":"Bullet Time","floor":16},{"not_picked":["Deadly Poison+1","Cloak And Dagger"],"picked":"Dodge and Roll","floor":18},{"not_picked":["Flechettes","PiercingWail+1"],"picked":"Footwork","floor":21},{"not_picked":["Acrobatics","Quick Slash","Poisoned Stab"],"picked":"SKIP","floor":22},{"not_picked":["Envenom","Sucker Punch"],"picked":"Escape Plan+1","floor":24},{"not_picked":["Underhanded Strike","Skewer"],"picked":"Backstab","floor":28},{"not_picked":["Blade Dance+1","Underhanded Strike"],"picked":"Choke","floor":30},{"not_picked":["Poisoned Stab+1","Sucker Punch"],"picked":"Accuracy+1","floor":31}],"player_experience":95039,"relics_obtained":[{"floor":8,"key":"Potion Belt"},{"floor":9,"key":"Orichalcum"},{"floor":13,"key":"Nunchaku"},{"floor":24,"key":"PreservedInsect"},{"floor":26,"key":"Bag of Marbles"},{"floor":28,"key":"Singing Bowl"}],"event_choices":[{"cards_removed":["Defend_G"],"damage_healed":0,"gold_gain":0,"player_choice":"Card Removal","damage_taken":0,"max_hp_gain":0,"max_hp_loss":0,"event_name":"The Cleric","floor":5,"gold_loss":50},{"damage_healed":0,"gold_gain":0,"player_choice":"Left Gold","damage_taken":0,"max_hp_gain":0,"max_hp_loss":0,"event_name":"World of Goop","floor":12,"gold_loss":31},{"damage_healed":0,"gold_gain":0,"player_choice":"Read","damage_taken":0,"max_hp_gain":0,"max_hp_loss":0,"event_name":"The Library","floor":20,"gold_loss":0,"cards_obtained":["Footwork"]},{"damage_healed":0,"gold_gain":0,"player_choice":"Ignored","damage_taken":0,"max_hp_gain":0,"max_hp_loss":0,"event_name":"Ghosts","floor":29,"gold_loss":0}],"is_beta":false,"boss_relics":[{"not_picked":["Coffee Dripper","Ectoplasm"],"picked":"SlaversCollar"}],"items_purged_floors":[19],"is_endless":false,"potions_floor_spawned":[4,6,8,10,24,28,31],"killed_by":"Champ","ascension_level":9}}