{"host":"Ryley","time":1612494326,"event":{"mods":["BaseMod","Downfall","Minty Spire (QoL Compilation)","StSLib"],"gold_per_floor":[213,233,233,198,84,97,97,112,112,287,207,207,250,273,273,396,396,396,336,98,13,13,13,13,13,13,13,13,13,13,13,13,13,13],"floor_reached":33,"language":"ENG","playtime":812,"items_purged":["Defend_B","Doubt"],"score":249,"play_id":"d9b44c32-19db-44a9-b8a6-dbd67f7fdb6a","local_time":"20210204210526","is_ascension_mode":false,"campfire_choices":[{"data":"Zap","floor":7,"key":"SMITH"},{"floor":15,"key":"REST"},{"data":"Echo Form","floor":23,"key":"SMITH"},{"floor":25,"key":"REST"},{"floor":32,"key":"REST"}],"circlet_count":0,"master_deck":["Strike_B","Strike_B","Strike_B","Defend_B","Defend_B+1","Defend_B+1","Zap+1","Dualcast","Conserve Battery","Ball Lightning","Loop","Rebound","Scrape","Injury","Leap","Echo Form+1","Hologram+1","Rip and Tear","Melter"],"relics":["Cracked Core","The Courier","Golden Idol","Du-Vu Doll","Ectoplasm","Unceasing Top","Tiny Chest","Frozen Egg 2","Pen Nib"],"acts_visited":["Exordium","TheCity"],"potions_floor_usage":[14,16,16,28],"damage_taken":[{"damage":5,"enemies":"Jaw Worm","floor":1,"turns":4},{"damage":12,"enemies":"Small Slimes","floor":2,"turns":4},{"damage":0,"enemies":"2 Louse","floor":6,"turns":3},{"damage":3,"enemies":"Looter","floor":8,"turns":3},{"damage":32,"enemies":"3 Sentries","floor":13,"turns":6},{"damage":1,"enemies":"Lots of Slimes","floor":14,"turns":3},{"damage":32,"enemies":"The Guardian","floor":16,"turns":8},{"damage":6,"enemies":"Spheric Guardian","floor":18,"turns":4},{"damage":12,"enemies":"2 Thieves","floor":19,"turns":4},{"damage":21,"enemies":"Snake Plant","floor":24,"turns":4},{"damage":20,"enemies":"Shelled Parasite and Fungi","floor":27,"turns":5},{"damage":0,"enemies":"3 Cultists","floor":28,"turns":1},{"damage":0,"enemies":"Snecko","floor":29,"turns":4},{"damage":20,"enemies":"Shelled Parasite and Fungi","floor":31,"turns":5},{"damage":44,"enemies":"Automaton","floor":33,"turns":6}],"seed_played":"2168490434788919979","potions_obtained":[{"floor":6,"key":"Energy Potion"},{"floor":8,"key":"FocusPotion"},{"floor":13,"key":"hexamod:SoulburnPotion"},{"floor":16,"key":"Swift Potion"},{"floor":24,"key":"AttackPotion"},{"floor":27,"key":"SmokeBomb"}],"is_trial":false,"path_per_floor":["M","M","?","?","$","M","R","M","T","?","$","?","E","M","R","B",null,"M","M","$","?","?","R","M","R","T","M","M","M","T","M","R","B"],"character_chosen":"DEFECT","items_purchased":["Loop","Unceasing Top"],"campfire_rested":3,"item_purchase_floors":[5,20],"current_hp_per_floor":[70,58,43,61,61,61,61,58,58,58,58,58,26,25,47,15,75,69,57,57,57,57,57,36,58,58,38,38,38,38,18,40,0,0],"gold":13,"neow_bonus":"HUNDRED_GOLD","is_daily":false,"chose_seed":false,"campfire_upgraded":2,"win_rate":0.0,"timestamp":1612494326,"path_taken":["M","M","?","?","$","M","R","M","T","?","$","?","E","M","R","BOSS","M","M","$","?","?","R","?","R","T","M","?","M","?","M","R","BOSS"],"items_purchased_type":["Card","Relic"],"build_version":"2020-12-18","purchased_purges":2,"victory":false,"max_hp_per_floor":[75,75,75,75,75,75,75,75,75,75,75,75,75,75,75,75,75,75,75,75,75,75,75,75,75,75,75,75,75,75,75,75,75,75],"card_choices":[{"not_picked":["Chaos","Recycle"],"picked":"Conserve Battery","floor":1},{"not_picked":["Steam Power","Hologram"],"picked":"Ball Lightning","floor":2},{"not_picked":["Self Repair","Cold Snap"],"picked":"Rebound","floor":6},{"not_picked":["Coolheaded","Steam"],"picked":"Scrape","floor":8},{"not_picked":["Cold Snap","Streamline"],"picked":"Leap","floor":13},{"not_picked":["Compile Driver","Capacitor","Rainbow"],"picked":"SKIP","floor":14},{"not_picked":["Multi-Cast","Rainbow"],"picked":"Echo Form","floor":16},{"not_picked":["Redo","Streamline+1"],"picked":"Hologram+1","floor":18},{"not_picked":["Redo","Chill","Thunder Strike"],"picked":"SKIP","floor":19},{"not_picked":["Streamline+1","Recycle","Conserve Battery"],"picked":"SKIP","floor":24},{"not_picked":["Streamline","Leap","Conserve Battery"],"picked":"SKIP","floor":27},{"not_picked":["Doom and Gloom+1","Steam","Turbo"],"picked":"SKIP","floor":29},{"not_picked":["Redo","Rebound"],"picked":"Melter","floor":31}],"player_experience":385178,"relics_obtained":[{"floor":9,"key":"The Courier"},{"floor":13,"key":"Du-Vu Doll"},{"floor":26,"key":"Frozen Egg 2"},{"floor":30,"key":"Pen Nib"}],"event_choices":[{"damage_healed":0,"gold_gain":0,"player_choice":"Entered Light","damage_taken":15,"max_hp_gain":0,"max_hp_loss":0,"event_name":"Shining Light","floor":3,"gold_loss":0,"cards_upgraded":["Defend_B","Defend_B"]},{"damage_healed":18,"gold_gain":0,"player_choice":"Healed","damage_taken":0,"max_hp_gain":0,"max_hp_loss":0,"event_name":"The Cleric","floor":4,"gold_loss":35},{"damage_healed":0,"gold_gain":175,"player_choice":"AGREE","damage_taken":0,"max_hp_gain":0,"max_hp_loss":0,"event_name":"Liars Game","floor":10,"gold_loss":0,"cards_obtained":["Doubt"]},{"damage_healed":0,"gold_gain":0,"player_choice":"Take Wound","damage_taken":0,"relics_obtained":["Golden Idol"],"max_hp_gain":0,"max_hp_loss":0,"event_name":"Golden Idol","floor":12,"gold_loss":0,"cards_obtained":["Injury"]},{"damage_healed":0,"gold_gain":0,"player_choice":"Obtained Relic","damage_taken":0,"relics_obtained":["Tiny Chest"],"max_hp_gain":0,"max_hp_loss":0,"event_name":"Addict","floor":21,"gold_loss":85},{"damage_healed":0,"gold_gain":0,"cards_transformed":["Strike_B"],"player_choice":"Transformed","damage_taken":0,"max_hp_gain":0,"max_hp_loss":0,"event_name":"Transmorgrifier","floor":22,"gold_loss":0,"cards_obtained":["Rip and Tear"]}],"is_beta":true,"boss_relics":[{"not_picked":["Fusion Hammer","Busted Crown"],"picked":"Ectoplasm"}],"items_purged_floors":[5,11],"is_endless":false,"potions_floor_spawned":[6,8,13,16,24,27,28],"killed_by":"Automaton","ascension_level":0}}