{"host":"neeznpvpgo0qgfkd","time":1612547477,"event":{"mods":["AchievementEnabler","BaseMod","BetterRewards","Colored Map","Colored Powertips","Exacting","Minty Spire (QoL Compilation)","Permanent Neow","Quick Restart","Shop Mod"],"gold_per_floor":[128,147,147,147,322,322,374,374,400,475,508,252,270,597,597,710,710,729,745,745,671,683,683,715,715,715,762,762,762],"floor_reached":28,"language":"ENG","playtime":1150,"items_purged":[],"score":407,"play_id":"cfa0f839-3f5c-4a29-ad23-8d4dfdad2204","local_time":"20210205125117","is_ascension_mode":true,"campfire_choices":[{"data":"Storm","floor":6.0,"key":"SMITH"},{"floor":8.0,"key":"REST"},{"floor":15.0,"key":"REST"},{"floor":23,"key":"REST"}],"circlet_count":0,"master_deck":["Strike_B+1","Defend_B","Defend_B","Defend_B","Defend_B","Zap","Dualcast","Storm+1","Gash","Static Discharge+1","Barrage","Doubt","Auto Shields","Panache","Storm","Consume","Sweeping Beam","Creative AI","Echo Form","Biased Cognition+1","Streamline+1","Core Surge+1","White Noise+1","Storm","Necronomicurse","Loop","Conserve Battery","Rebound"],"relics":["Cracked Core","Ancient Tea Set","Ginger","Gambling Chip","Centennial Puzzle","Anchor","Old Coin","Astrolabe","Necronomicon","Boot","White Beast Statue"],"acts_visited":["Exordium","TheCity"],"potions_floor_usage":[22,28],"damage_taken":[{"damage":0.0,"enemies":"2 Louse","floor":1.0,"turns":1.0},{"damage":9.0,"enemies":"Small Slimes","floor":2.0,"turns":3.0},{"damage":10.0,"enemies":"3 Sentries","floor":7.0,"turns":3.0},{"damage":7.0,"enemies":"Gremlin Nob","floor":11.0,"turns":3.0},{"damage":2.0,"enemies":"Jaw Worm","floor":13.0,"turns":3.0},{"damage":14.0,"enemies":"3 Sentries","floor":14.0,"turns":5.0},{"damage":25,"enemies":"Slime Boss","floor":16,"turns":6},{"damage":2,"enemies":"Chosen","floor":18,"turns":3},{"damage":16,"enemies":"Shell Parasite","floor":19,"turns":3},{"damage":14,"enemies":"Snake Plant","floor":22,"turns":2},{"damage":49,"enemies":"Book of Stabbing","floor":24,"turns":4},{"damage":13,"enemies":"Centurion and Healer","floor":27,"turns":2},{"damage":24,"enemies":"Slavers","floor":28,"turns":1}],"seed_played":"8311378941106772919","potions_obtained":[{"floor":1.0,"key":"CultistPotion"},{"floor":2.0,"key":"Fire Potion"},{"floor":13.0,"key":"SkillPotion"},{"floor":19,"key":"Swift Potion"},{"floor":22,"key":"Fruit Juice"},{"floor":27,"key":"Strength Potion"}],"is_trial":false,"path_per_floor":["M","M","?","?","?","R","E","R","T","?","E","$","M","E","R","B",null,"M","M","?","$","M","R","E","?","T","M","E"],"character_chosen":"DEFECT","items_purchased":["Ancient Tea Set","Storm","Gash","Panache","Storm","Loop"],"campfire_rested":3,"item_purchase_floors":[0,0,0,12,12,21],"current_hp_per_floor":[75,66,51,51,51,51,41,63,63,52,45,45,43,29,51,26,75,73,57,41,41,32,56,7,33,33,20,0,0],"gold":762,"neow_bonus":"","is_daily":false,"chose_seed":false,"campfire_upgraded":1,"win_rate":0.0,"timestamp":1612547477,"path_taken":["M","M","?","?","?","R","E","R","T","?","E","$","M","E","R","BOSS","M","M","?","$","M","R","E","?","T","M","E"],"items_purchased_type":["Relic","Card","Card","Card","Card","Card"],"build_version":"2020-12-22","purchased_purges":0,"victory":false,"max_hp_per_floor":[75,75,75,75,75,75,75,75,75,75,75,75,75,75,75,75,75,75,75,75,75,80,80,80,80,80,80,80,80],"card_choices":[{"not_picked":["Beam Cell","Lockon"],"picked":"Static Discharge","floor":1.0},{"not_picked":["Doom and Gloom","Stack"],"picked":"Barrage","floor":2.0},{"not_picked":["Meteor Strike","Compile Driver","Reinforced Body"],"picked":"SKIP","floor":7.0},{"not_picked":["Rebound","Hello World"],"picked":"Auto Shields","floor":11.0},{"not_picked":["Storm","Coolheaded"],"picked":"Consume","floor":13.0},{"not_picked":["Coolheaded","Consume"],"picked":"Sweeping Beam","floor":14.0},{"not_picked":["Biased Cognition","Hyperbeam"],"picked":"Creative AI","floor":16},{"not_picked":["Core Surge","Meteor Strike"],"picked":"Echo Form","floor":16},{"not_picked":["Glacier","Stack+1"],"picked":"White Noise+1","floor":18},{"not_picked":["Hologram","Beam Cell"],"picked":"Storm","floor":19},{"not_picked":["Glacier","Streamline+1"],"picked":"Conserve Battery","floor":22},{"not_picked":["Reprogram+1","Glacier"],"picked":"Rebound","floor":24},{"not_picked":["Skim","Steam Power","Cold Snap"],"picked":"SKIP","floor":27}],"player_experience":1317836,"relics_obtained":[{"floor":7.0,"key":"Centennial Puzzle"},{"floor":11.0,"key":"Anchor"},{"floor":14.0,"key":"Old Coin"},{"floor":20,"key":"Necronomicon"},{"floor":24,"key":"Boot"},{"floor":26,"key":"White Beast Statue"}],"event_choices":[{"damage_healed":0.0,"max_hp_gain":0.0,"max_hp_loss":0.0,"gold_gain":0.0,"event_name":"Shining Light","player_choice":"Entered Light","floor":3.0,"gold_loss":0.0,"damage_taken":15.0,"cards_upgraded":["Strike_B","Static Discharge"]},{"damage_healed":0.0,"max_hp_gain":0.0,"max_hp_loss":0.0,"gold_gain":0.0,"event_name":"The Cleric","player_choice":"Leave","floor":4.0,"gold_loss":0.0,"damage_taken":0.0},{"damage_healed":0.0,"max_hp_gain":0.0,"max_hp_loss":0.0,"gold_gain":175.0,"event_name":"Liars Game","player_choice":"AGREE","floor":5.0,"gold_loss":0.0,"damage_taken":0.0,"cards_obtained":["Doubt"]},{"damage_healed":0.0,"max_hp_gain":0.0,"max_hp_loss":0.0,"gold_gain":75.0,"event_name":"World of Goop","player_choice":"Gather Gold","floor":10.0,"gold_loss":0.0,"damage_taken":11.0},{"damage_healed":0,"gold_gain":0,"player_choice":"Obtained Book","damage_taken":16,"max_hp_gain":0,"max_hp_loss":0,"event_name":"Cursed Tome","floor":20,"gold_loss":0},{"damage_healed":26,"gold_gain":0,"player_choice":"Heal","damage_taken":0,"max_hp_gain":0,"max_hp_loss":0,"event_name":"The Library","floor":25,"gold_loss":0}],"is_beta":false,"boss_relics":[{"not_picked":["Velvet Choker","Runic Dome"],"picked":"Astrolabe"}],"items_purged_floors":[],"is_endless":false,"potions_floor_spawned":[1,2,13,19,22,27],"killed_by":"Slavers","ascension_level":3}}