{"host":"0srjqcvl8k9r4fi9","time":1612558264,"event":{"mods":["AchievementEnabler","BaseMod","Minty Spire (QoL Compilation)"],"gold_per_floor":[115,65,140,415,428,428,460,460,506,506,521,521,143,159,159,159,159],"floor_reached":16,"language":"ENG","playtime":501,"items_purged":["Regret"],"score":132,"play_id":"02f82f33-45da-4c99-b457-811a8b7f4b02","local_time":"20210205145104","is_ascension_mode":true,"campfire_choices":[{"data":"Blood for Blood","floor":6,"key":"SMITH"},{"data":"Bash","floor":8,"key":"SMITH"},{"data":"Fire Breathing","floor":10,"key":"SMITH"},{"data":"Burning Pact","floor":12,"key":"SMITH"},{"data":"Seeing Red","floor":15,"key":"SMITH"}],"circlet_count":0,"master_deck":["Strike_R","Strike_R","Strike_R","Strike_R","Defend_R","Defend_R","Defend_R","Bash+1","Disarm","Burning Pact+1","Blood for Blood+1","Fire Breathing+1","Exhume","Seeing Red+1"],"relics":["Burning Blood","Strawberry","Centennial Puzzle","Membership Card","Omamori"],"acts_visited":["Exordium"],"potions_floor_usage":[7,14,16],"damage_taken":[{"damage":0,"enemies":"Jaw Worm","floor":1,"turns":4},{"damage":4,"enemies":"Small Slimes","floor":5,"turns":4},{"damage":36,"enemies":"3 Sentries","floor":7,"turns":7},{"damage":14,"enemies":"2 Louse","floor":11,"turns":3},{"damage":9,"enemies":"Red Slaver","floor":14,"turns":4},{"damage":14,"enemies":"The Guardian","floor":16,"turns":4}],"seed_played":"-7730290941003705101","potions_obtained":[{"floor":5,"key":"Block Potion"},{"floor":7,"key":"Energy Potion"},{"floor":14,"key":"Fire Potion"}],"is_trial":false,"path_per_floor":["M","?","?","?","M","R","E","R","T","R","M","R","$","M","R","B"],"character_chosen":"IRONCLAD","items_purchased":["Membership Card","Exhume","Omamori"],"campfire_rested":0,"item_purchase_floors":[13,13,13],"current_hp_per_floor":[57,57,46,46,48,48,25,25,25,25,17,17,17,14,14,0,0],"gold":159,"neow_bonus":"TRANSFORM_TWO_CARDS","is_daily":false,"chose_seed":false,"campfire_upgraded":5,"win_rate":0.0,"timestamp":1612558264,"path_taken":["M","?","?","?","M","R","E","R","T","R","?","R","$","M","R","BOSS"],"items_purchased_type":["Relic","Card","Relic"],"build_version":"2020-12-22","purchased_purges":1,"victory":false,"max_hp_per_floor":[80,80,80,80,80,80,87,87,87,87,87,87,87,87,87,87,87],"card_choices":[{"not_picked":["Pommel Strike","Dual Wield"],"picked":"Burning Pact","floor":1},{"not_picked":["Disarm","Heavy Blade"],"picked":"Blood for Blood","floor":5},{"not_picked":["Flex","Heavy Blade"],"picked":"Fire Breathing","floor":7},{"not_picked":["Battle Trance","Sword Boomerang","Heavy Blade"],"picked":"SKIP","floor":11},{"not_picked":["Body Slam","Thunderclap"],"picked":"Seeing Red","floor":14}],"player_experience":341194,"relics_obtained":[{"floor":7,"key":"Strawberry"},{"floor":9,"key":"Centennial Puzzle"}],"event_choices":[{"cards_removed":["Flex"],"damage_healed":0,"gold_gain":0,"player_choice":"Card Removal","damage_taken":0,"max_hp_gain":0,"max_hp_loss":0,"event_name":"The Cleric","floor":2,"gold_loss":50},{"damage_healed":0,"gold_gain":75,"player_choice":"Gather Gold","damage_taken":11,"max_hp_gain":0,"max_hp_loss":0,"event_name":"World of Goop","floor":3,"gold_loss":0},{"damage_healed":0,"gold_gain":275,"player_choice":"Desecrate","damage_taken":0,"max_hp_gain":0,"max_hp_loss":0,"event_name":"Golden Shrine","floor":4,"gold_loss":0,"cards_obtained":["Regret"]}],"is_beta":false,"boss_relics":[],"items_purged_floors":[13],"is_endless":false,"potions_floor_spawned":[5,7,14],"killed_by":"The Guardian","ascension_level":7}}