{"host":"rolltorest","time":1612564293,"event":{"mods":["BaseMod","Minty Spire (QoL Compilation)","Relic Stats","Slay the Relics Exporter","StSLib"],"gold_per_floor":[109,109,109,34,47,82,82,116,116,128,145,172,189,199,199,199,199],"floor_reached":16,"language":"ENG","playtime":607,"items_purged":[],"score":294,"play_id":"bf4c74b9-84f6-493c-81e2-3b2b788b12f2","local_time":"20210205143133","is_ascension_mode":true,"campfire_choices":[{"data":"Eruption","floor":7,"key":"SMITH"},{"data":"Fasting2","floor":15,"key":"SMITH"}],"circlet_count":0,"master_deck":["AscendersBane","Strike_P","Strike_P","Strike_P","Strike_P","Defend_P","Defend_P","Defend_P","Eruption+1","Vigilance","Fasting2+1","FlurryOfBlows","FollowUp","Conclude","Wireheading","ThirdEye","EmptyFist","SashWhip"],"relics":["PureWater","NeowsBlessing","Turnip","Lantern","Bag of Preparation","Kunai","Eternal Feather"],"acts_visited":["Exordium"],"potions_floor_usage":[8,12,16],"damage_taken":[{"damage":0,"enemies":"Jaw Worm","floor":1,"turns":1},{"damage":0,"enemies":"2 Louse","floor":5,"turns":1},{"damage":0,"enemies":"Lagavulin","floor":6,"turns":1},{"damage":22,"enemies":"3 Sentries","floor":8,"turns":6},{"damage":0,"enemies":"Cultist","floor":10,"turns":2},{"damage":0,"enemies":"Red Slaver","floor":11,"turns":1},{"damage":13,"enemies":"Lagavulin","floor":12,"turns":6},{"damage":3,"enemies":"Looter","floor":13,"turns":3},{"damage":0,"enemies":"Lots of Slimes","floor":14,"turns":3},{"damage":17,"enemies":"Hexaghost","floor":16,"turns":9}],"seed_played":"4120987371667586497","potions_obtained":[{"floor":5,"key":"Swift Potion"},{"floor":6,"key":"StancePotion"},{"floor":10,"key":"Dexterity Potion"},{"floor":12,"key":"SmokeBomb"},{"floor":13,"key":"Strength Potion"}],"is_trial":false,"path_per_floor":["M","?","?","?","M","E","R","E","T","M","M","E","M","M","R","B"],"character_chosen":"WATCHER","items_purchased":[],"campfire_rested":0,"item_purchase_floors":[],"current_hp_per_floor":[61,35,57,57,57,57,57,35,35,35,35,22,19,19,28,11,11],"gold":199,"neow_bonus":"THREE_ENEMY_KILL","is_daily":false,"chose_seed":false,"campfire_upgraded":2,"win_rate":0.0,"timestamp":1612564293,"path_taken":["M","?","?","?","M","E","R","E","T","M","M","E","M","M","R","BOSS"],"items_purchased_type":[],"build_version":"2020-12-18","purchased_purges":0,"victory":false,"max_hp_per_floor":[68,68,68,68,68,68,68,68,68,68,68,68,68,68,68,68,68],"relic_stats":{"counters":[10,33],"Eternal Feather":9,"Turnip":[0],"Bag of Preparation":[12],"Kunai":[11],"obtain_stats":[{"Lantern":6,"NeowsBlessing":0,"Eternal Feather":12,"Turnip":2,"Bag of Preparation":8,"Kunai":9,"PureWater":0},{"Lantern":3,"NeowsBlessing":0,"Eternal Feather":7,"Turnip":1,"Bag of Preparation":4,"Kunai":4,"PureWater":0},{"Lantern":3,"NeowsBlessing":0,"Eternal Feather":18,"Turnip":1,"Bag of Preparation":9,"Kunai":9,"PureWater":0}]},"card_choices":[{"not_picked":["CrushJoints","EmptyBody"],"picked":"Fasting2","floor":1},{"not_picked":["Crescendo","DeusExMachina"],"picked":"FlurryOfBlows","floor":5},{"not_picked":["CrushJoints","Swivel"],"picked":"FollowUp","floor":6},{"not_picked":["Wireheading","BattleHymn"],"picked":"Conclude","floor":8},{"not_picked":["Halt","ClearTheMind"],"picked":"Wireheading","floor":10},{"not_picked":["Worship","Collect"],"picked":"ThirdEye","floor":11},{"not_picked":["JustLucky","SignatureMove"],"picked":"EmptyFist","floor":12},{"not_picked":["Evaluate","LikeWater","Ragnarok"],"picked":"SKIP","floor":13},{"not_picked":["EmptyBody","Protect"],"picked":"SashWhip","floor":14}],"player_experience":1874469,"relics_obtained":[{"floor":6,"key":"Lantern"},{"floor":8,"key":"Bag of Preparation"},{"floor":9,"key":"Kunai"},{"floor":12,"key":"Eternal Feather"}],"event_choices":[{"damage_healed":0,"gold_gain":0,"player_choice":"Success","damage_taken":26,"relics_obtained":["Turnip"],"max_hp_gain":0,"max_hp_loss":0,"event_name":"Scrap Ooze","floor":2,"gold_loss":0},{"damage_healed":22,"gold_gain":0,"player_choice":"Banana","damage_taken":0,"max_hp_gain":0,"max_hp_loss":0,"event_name":"Big Fish","floor":3,"gold_loss":0},{"cards_removed":["Defend_P"],"damage_healed":0,"gold_gain":0,"player_choice":"Card Removal","damage_taken":0,"max_hp_gain":0,"max_hp_loss":0,"event_name":"The Cleric","floor":4,"gold_loss":75}],"is_beta":true,"boss_relics":[],"items_purged_floors":[],"is_endless":false,"potions_floor_spawned":[5,6,10,12,13,14],"killed_by":"Hexaghost","ascension_level":20}}