{"host":"j4g6ia6asvpyu2b0","time":1612553980,"event":{"mods":["BaseMod","Colored Map","Downfall","Minty Spire (QoL Compilation)","Permanent Neow","Quick Restart","Relic Stats","StSLib","Unceasing Turn Reminder"],"gold_per_floor":[349,362,362,462,462,473,473,473,473,473,473],"floor_reached":9,"language":"ENG","playtime":185,"items_purged":[],"score":49,"play_id":"2119a148-60e6-4534-ac34-cb426313c7b8","local_time":"20210205123940","is_ascension_mode":false,"campfire_choices":[{"data":"champ:Execute","floor":1,"key":"SMITH"},{"data":"champ:TornadoPunch","floor":8,"key":"SMITH"}],"circlet_count":0,"master_deck":["champ:Strike","champ:Strike","champ:Strike","champ:Strike","champ:Defend","champ:Defend","champ:Defend","champ:Defend","champ:Execute+1","champ:Taunt","champ:TornadoPunch+1","champ:ShieldWall","champ:ArenaPreparation"],"relics":["champ:ChampionCrown","Prayer Wheel","downfall:BrokenWingStatue","Gremlin Horn"],"acts_visited":["Exordium"],"potions_floor_usage":[9],"damage_taken":[{"damage":13,"enemies":"Jaw Worm","floor":2,"turns":4},{"damage":15,"enemies":"Small Slimes","floor":6,"turns":3},{"damage":20,"enemies":"Lagavulin","floor":9,"turns":4}],"seed_played":"-101206100025194703","potions_obtained":[{"floor":2,"key":"ColorlessPotion"}],"is_trial":false,"path_per_floor":["R","M","?","?","?","M","T","R","E"],"character_chosen":"THE_CHAMP","items_purchased":[],"campfire_rested":0,"item_purchase_floors":[],"current_hp_per_floor":[63,60,57,57,57,52,52,52,32,32,32],"gold":473,"neow_bonus":"TWO_FIFTY_GOLD","is_daily":false,"chose_seed":false,"campfire_upgraded":2,"win_rate":0.0,"timestamp":1612553980,"path_taken":["R","M","?","?","?","M","T","R","E"],"items_purchased_type":[],"build_version":"2020-12-22","purchased_purges":0,"victory":false,"max_hp_per_floor":[90,90,90,90,90,90,90,90,90,90,90],"relic_stats":{"Gremlin Horn":[0,0],"counters":[3,11],"Prayer Wheel":1,"obtain_stats":[{"downfall:BrokenWingStatue":5,"Gremlin Horn":7,"champ:ChampionCrown":0,"Prayer Wheel":3},{"downfall:BrokenWingStatue":1,"Gremlin Horn":2,"champ:ChampionCrown":0,"Prayer Wheel":1},{"downfall:BrokenWingStatue":4,"Gremlin Horn":7,"champ:ChampionCrown":0,"Prayer Wheel":4}]},"card_choices":[{"not_picked":["champ:FaceSlap","champ:Backstep"],"picked":"champ:TornadoPunch","floor":2},{"not_picked":["champ:DefensiveShout","champ:FalseCounter"],"picked":"champ:ShieldWall","floor":6},{"not_picked":["champ:Duel","champ:AdrenalArmor"],"picked":"champ:ArenaPreparation","floor":6}],"player_experience":1175322,"relics_obtained":[{"floor":7,"key":"Gremlin Horn"}],"event_choices":[{"damage_healed":0,"gold_gain":0,"player_choice":"Success","damage_taken":3,"relics_obtained":["Prayer Wheel"],"max_hp_gain":0,"max_hp_loss":0,"event_name":"Scrap Ooze","floor":3,"gold_loss":0}],"is_beta":false,"boss_relics":[],"items_purged_floors":[],"is_endless":false,"potions_floor_spawned":[2],"killed_by":"Lagavulin","ascension_level":0}}