{"host":"usru02jcpe2a942d","time":1612520618,"event":{"mods":["ATMod(阿瑾Mod)","Act Like it!","BaseMod","Better Note","Better Vampires","Challenge The Spire","Colored Powertips","Decade(王小明)","Friendly Minions","GifTheSpireLib","Highlight Path","Hubris","Infinite Spire","Jedi Mod","Minty Spire (QoL Compilation)","MostiFishMod","Pale of the Ancients","Quick Restart","Relic Stats","RumiaBox-露米娅的神秘盒子","StSLib","[IsaacMod]以撒尖塔","noobMod","【遗物卡牌】REMEMod","篝火指南"],"gold_per_floor":[111,130,130,130,140,140,168,189,189,205,235,249,271,303,303,407,407,426,336,786,114,129,185,203,233,233,233,268,19,19,36,36,142,142,158,160,162,218,69,69,69,89,89,117,129,207,219,249,104,136],"floor_reached":51,"language":"ZHS","playtime":6217,"items_purged":["Decade_Attack","Decade_Attack","Decade_Defend"],"score":855,"play_id":"2eacd9e3-8ee0-4db6-813c-313df2df88a1","local_time":"20210205182337","is_ascension_mode":false,"campfire_choices":[{"data":"Decade_SpecialSkill","floor":6.0,"key":"SMITH"},{"data":"KamenRide","floor":15.0,"key":"SMITH"},{"data":"Blade_Mach","floor":32.0,"key":"SMITH"},{"data":"AT_FamilyPortrait","floor":41,"key":"SMITH"},{"data":"DenO_Climax","floor":45,"key":"SMITH"}],"circlet_count":0,"master_deck":["Decade_Attack","KamenRide+1","Decade_SpecialSkill+1","Decade_Defend","Decade_Defend","AT_FamilyPortrait+1","Kabuto_ClockUp","Master of Strategy","Blade_Mach+1","RideBooker_Skill_3","DenO_Climax+1","RideBooker_Skill_2+1","AT_FamilyPortrait+1","infinitespire:Oblivion+1","UnarmedAttack3+1","FormRide+1"],"relics":["Decadriver","TOEIDeficitBill","DaveBox","ice","REME_ComplimentaryCards","AT_ATBox","HushsDoor","SynthV","DeathBook","SynthV:TestCard","Pantograph","Toy Ornithopter","Letter Opener","HornCleat","Odd Mushroom","Oddly Smooth Stone","hubris:TerracottaHorce","AT_EbonyIvory","Bronze Scales","AT_ImmortalShieldbow","Blood Vial","AT_SeraphEmbrace","infinitespire:Midas Blood","jedi:archwizardhat","Omamori","Molten Egg 2","AT_TrinityForce","Empty Cage","Matryoshka","Smiling Mask","jedi:shrinkray","Vajra","MawBank","InkBottle","BookOfRevelations"],"acts_visited":["Exordium","TheCity","TheBeyond"],"potions_floor_usage":[],"damage_taken":[{"damage":6.0,"enemies":"Jaw Worm","floor":1.0,"turns":6.0},{"damage":2.0,"enemies":"Small Slimes","floor":2.0,"turns":4.0},{"damage":0.0,"enemies":"Cultist","floor":5.0,"turns":4.0},{"damage":14.0,"enemies":"Gremlin Nob","floor":7.0,"turns":4.0},{"damage":12.0,"enemies":"Lots of Slimes","floor":8.0,"turns":5.0},{"damage":4.0,"enemies":"Blue Slaver","floor":10.0,"turns":4.0},{"damage":25.0,"enemies":"3 Sentries","floor":11.0,"turns":9.0},{"damage":6.0,"enemies":"3 Louse","floor":12.0,"turns":2.0},{"damage":11.0,"enemies":"The Mushroom Lair","floor":13.0,"turns":4.0},{"damage":3.0,"enemies":"Lagavulin","floor":14.0,"turns":4.0},{"damage":33.0,"enemies":"Slime Boss","floor":16.0,"turns":8.0},{"damage":7.0,"enemies":"Shell Parasite","floor":18.0,"turns":5.0},{"damage":0.0,"enemies":"3 Byrds","floor":22.0,"turns":2.0},{"damage":11.0,"enemies":"Slavers","floor":23.0,"turns":7.0},{"damage":8.0,"enemies":"Centurion and Healer","floor":24.0,"turns":3.0},{"damage":5.0,"enemies":"Book of Stabbing","floor":25.0,"turns":2.0},{"damage":3.0,"enemies":"Gremlin Leader","floor":28.0,"turns":5.0},{"damage":0.0,"enemies":"3 Cultists","floor":31.0,"turns":3.0},{"damage":20.0,"enemies":"hubris:MusketHawk","floor":33.0,"turns":7.0},{"damage":0.0,"enemies":"Orb Walker","floor":35.0,"turns":2.0},{"damage":13.0,"enemies":"Hiden Room Battle","floor":38.0,"turns":2.0},{"damage":0,"enemies":"Nightmare","floor":40,"turns":2},{"damage":0,"enemies":"3 Darklings","floor":42,"turns":3},{"damage":0,"enemies":"Transient","floor":44,"turns":5},{"damage":24,"enemies":"Maw","floor":46,"turns":3},{"damage":0,"enemies":"3 Darklings","floor":48,"turns":2},{"damage":18,"enemies":"Donu and Deca","floor":50,"turns":2}],"seed_played":"8213055398758807108","potions_obtained":[{"floor":1.0,"key":"Explosive Potion"},{"floor":7.0,"key":"AttackPotion"},{"floor":10.0,"key":"Fire Potion"},{"floor":16.0,"key":"REME_GoldPotion"},{"floor":22.0,"key":"SkillPotion"},{"floor":23.0,"key":"Strength Potion"},{"floor":28.0,"key":"FearPotion"},{"floor":44,"key":"BlessingOfTheForge"}],"is_trial":false,"path_per_floor":["M","M","?","?","M","R","E","M","T","M","E","M","?","E","R","B",null,"M","?","?","$","M","E","M","E","T","?","E","R","AVR","M","R","B",null,"M","?","?","?","$","NM","R","M","T","M","R","M","?","M","R","B",null],"character_chosen":"Decade","items_purchased":["AT_EbonyIvory","Bronze Scales","Master of Strategy","MirrorWorld","KamenRideRyuki","Omamori","jedi:shrinkray","BookOfRevelations"],"campfire_rested":0,"item_purchase_floors":[21,21,21,21,21,29,39,49],"current_hp_per_floor":[64,69,69,69,69,69,57,46,46,47,26,20,9,6,6,13,56,49,49,3,3,13,34,36,41,41,41,60,60,60,62,62,50,65,67,57,40,29,29,31,31,33,33,35,35,22,22,30,30,41],"gold":148,"neow_bonus":"REMOVE_CARD","is_daily":false,"chose_seed":false,"campfire_upgraded":5,"win_rate":0.0,"timestamp":1612520617,"path_taken":["M","M","?","?","M","R","E","?","T","M","E","?","?","E","R","BOSS","M","?","?","$","M","E","?","E","T","?","E","R","AVR","M","R","BOSS","M","?","?","?","$","NM","?","M","T","M","R","M","?","M","R","BOSS"],"items_purchased_type":["Relic","Relic","Card","Card","Card","Relic","Relic","Relic"],"build_version":"2020-12-22","purchased_purges":3,"victory":true,"max_hp_per_floor":[70,70,70,70,70,70,70,70,70,70,70,70,70,70,70,70,70,70,70,70,70,70,70,70,70,70,70,70,70,70,70,70,70,70,70,70,70,70,70,70,70,70,70,70,70,70,70,70,70,70],"relic_stats":{"Blood Vial":22,"counters":[27,109],"Pantograph":56,"Bronze Scales":[115],"Letter Opener":[842],"Smiling Mask":0,"MawBank":96,"obtain_stats":[{"AT_SeraphEmbrace":48,"AT_ATBox":0,"DaveBox":0,"SynthV":0,"Vajra":40,"Decadriver":0,"ice":0,"jedi:archwizardhat":28,"AT_ArchangelStaff":26,"Empty Cage":34,"Smiling Mask":38,"hubris:TerracottaHorce":17,"jedi:shrinkray":39,"Blood Vial":25,"DeathBook":0,"HornCleat":11,"Matryoshka":38,"Pantograph":3,"AT_TrinityForce":30,"InkBottle":43,"KeepersGift":0,"Oddly Smooth Stone":14,"BookOfRevelations":49,"AT_EbonyIvory":21,"Omamori":29,"TOEIDeficitBill":0,"Letter Opener":9,"Odd Mushroom":13,"MawBank":43,"AT_ImmortalShieldbow":23,"SynthV:TestCard":1,"Bronze Scales":21,"Molten Egg 2":30,"HushsDoor":0,"Toy Ornithopter":7,"REME_ComplimentaryCards":0,"infinitespire:Midas Blood":27},{"AT_SeraphEmbrace":26,"AT_ATBox":0,"DaveBox":0,"SynthV":0,"Vajra":22,"Decadriver":0,"ice":0,"jedi:archwizardhat":17,"AT_ArchangelStaff":16,"Empty Cage":19,"Smiling Mask":21,"hubris:TerracottaHorce":11,"jedi:shrinkray":21,"Blood Vial":16,"DeathBook":0,"HornCleat":7,"Matryoshka":21,"Pantograph":2,"AT_TrinityForce":17,"InkBottle":23,"KeepersGift":0,"Oddly Smooth Stone":10,"BookOfRevelations":26,"AT_EbonyIvory":12,"Omamori":17,"TOEIDeficitBill":0,"Letter Opener":5,"Odd Mushroom":9,"MawBank":23,"AT_ImmortalShieldbow":14,"SynthV:TestCard":1,"Bronze Scales":12,"Molten Egg 2":17,"HushsDoor":0,"Toy Ornithopter":4,"REME_ComplimentaryCards":0,"infinitespire:Midas Blood":16},{"AT_SeraphEmbrace":107,"AT_ATBox":0,"DaveBox":0,"SynthV":0,"Vajra":93,"Decadriver":0,"ice":0,"jedi:archwizardhat":78,"AT_ArchangelStaff":73,"Empty Cage":88,"Smiling Mask":92,"hubris:TerracottaHorce":54,"jedi:shrinkray":92,"Blood Vial":73,"DeathBook":0,"HornCleat":36,"Matryoshka":92,"Pantograph":10,"AT_TrinityForce":78,"InkBottle":97,"KeepersGift":0,"Oddly Smooth Stone":46,"BookOfRevelations":107,"AT_EbonyIvory":59,"Omamori":78,"TOEIDeficitBill":0,"Letter Opener":23,"Odd Mushroom":42,"MawBank":97,"AT_ImmortalShieldbow":68,"SynthV:TestCard":6,"Bronze Scales":59,"Molten Egg 2":78,"HushsDoor":0,"Toy Ornithopter":18,"REME_ComplimentaryCards":0,"infinitespire:Midas Blood":73}],"Toy Ornithopter":20,"InkBottle":[13]},"card_choices":[{"not_picked":["NMDAZYYGL","Kiva_Swallow","UnarmedAttack9","Hibiki_FEVER"],"picked":"Kabuto_ClockUp","floor":16.0},{"not_picked":["DenO_Rod","DenO_Sword","Kiva_Bats","FormRideGaruru"],"picked":"Blade_Mach","floor":24.0},{"not_picked":["Kiva_Eat","Kiva_Frozen","KamenRideFaiz","KamenRideRyuki"],"picked":"RideBooker_Skill_3","floor":25.0},{"not_picked":["NMDAZYYGL","Kabuto_ClockUp","DecadeViolentEmotion","FormRideAxel"],"picked":"DenO_Climax","floor":33.0},{"not_picked":["UnarmedAttack4+1","FormRideStorm","MirrorWorld+1","DenO_Rod+1"],"picked":"RideBooker_Skill_2+1","floor":35.0},{"not_picked":["Good Instincts","REME_FirmDetermination","REME_EyeOfCthun+1","REME_ShortnessOfBreath"],"picked":"AT_FamilyPortrait","floor":36.0},{"not_picked":["infinitespire:DeathsTouch","infinitespire:TheBestDefense"],"picked":"infinitespire:Oblivion","floor":37.0},{"not_picked":["RideBooker","MirrorWorld+1","Dragreder","Decade_Invisible+1"],"picked":"UnarmedAttack3+1","floor":42},{"not_picked":["AttackRide","DragClaw","FormRideGaruru+1","FormRideDogga"],"picked":"FormRide+1","floor":42}],"player_experience":240867,"relics_obtained":[{"floor":1.0,"key":"SynthV:TestCard"},{"floor":3.0,"key":"Pantograph"},{"floor":7.0,"key":"Toy Ornithopter"},{"floor":9.0,"key":"Letter Opener"},{"floor":11.0,"key":"HornCleat"},{"floor":13.0,"key":"Odd Mushroom"},{"floor":14.0,"key":"Oddly Smooth Stone"},{"floor":23.0,"key":"AT_ImmortalShieldbow"},{"floor":25.0,"key":"Blood Vial"},{"floor":26.0,"key":"AT_ArchangelStaff"},{"floor":28.0,"key":"jedi:archwizardhat"},{"floor":38.0,"key":"Matryoshka"},{"floor":38.0,"key":"Smiling Mask"},{"floor":43,"key":"MawBank"},{"floor":43,"key":"InkBottle"}],"event_choices":[{"damage_healed":0.0,"max_hp_gain":0.0,"max_hp_loss":0.0,"gold_gain":0.0,"event_name":"Mushrooms","player_choice":"Fought Mushrooms","floor":13.0,"gold_loss":0.0,"damage_taken":0.0},{"cards_removed":["Decade_s"],"damage_healed":0.0,"max_hp_gain":0.0,"max_hp_loss":0.0,"gold_gain":0.0,"event_name":"Designer","player_choice":"Upgrade and Remove","floor":19.0,"gold_loss":90.0,"damage_taken":0.0,"cards_upgraded":["Decade_Defend"]},{"damage_healed":0.0,"max_hp_gain":0.0,"max_hp_loss":0.0,"gold_gain":450.0,"event_name":"Knowing Skull","player_choice":"GOLD GOLD GOLD GOLD GOLD ","floor":20.0,"potions_obtained":[],"gold_loss":0.0,"damage_taken":46.0,"cards_obtained":[]},{"damage_healed":0.0,"max_hp_gain":0.0,"max_hp_loss":0.0,"gold_gain":0.0,"event_name":"WeMeetAgain","player_choice":"Gave Potion","floor":27.0,"gold_loss":0.0,"damage_taken":0.0,"relics_obtained":["infinitespire:Midas Blood"]},{"damage_healed":0.0,"max_hp_gain":0.0,"max_hp_loss":0.0,"gold_gain":0.0,"event_name":"SensoryStone","player_choice":"Memory 3","floor":36.0,"gold_loss":0.0,"damage_taken":10.0},{"damage_healed":0.0,"max_hp_gain":0.0,"max_hp_loss":0.0,"gold_gain":0.0,"event_name":"HidenRoomEvent","player_choice":"Fight","floor":38.0,"gold_loss":0.0,"damage_taken":0.0},{"damage_healed":0,"gold_gain":0,"player_choice":"Ignored","damage_taken":0,"max_hp_gain":0,"max_hp_loss":0,"event_name":"Tomb of Lord Red Mask","floor":47,"gold_loss":0}],"is_beta":false,"boss_relics":[{"not_picked":["jedi:hotpepper","Fusion Hammer"],"picked":"hubris:TerracottaHorce"},{"not_picked":[]},{"not_picked":["hubris:ScarierMask","Coffee Dripper"],"picked":"Empty Cage"},{"not_picked":[]}],"items_purged_floors":[21,29,30],"is_endless":false,"potions_floor_spawned":[1,7,10,11,16,22,23,28,44,46,48],"ascension_level":0}}