{"host":"tpbmol9dayg75a5s","time":1612563568,"event":{"mods":["BaseMod","Bestiary","Block Reminder","Colored Powertips","Dark Map","Downfall","Minty Spire (QoL Compilation)","Quick Restart","Relic Stats","Reliquary","Spire Arcade","StSLib"],"gold_per_floor":[99,110,110,110,123,139,186,199,99,116,26,107,132,148,164,164,164,164],"floor_reached":16,"language":"ENG","playtime":940,"items_purged":["hexamod:Strike"],"score":161,"play_id":"2bf04de2-1e80-4d4e-b81f-8f475589d6bf","local_time":"20210205191928","is_ascension_mode":true,"campfire_choices":[{"floor":1,"key":"RECALL"},{"data":"hexamod:Float","floor":9,"key":"SMITH"}],"circlet_count":0,"master_deck":["AscendersBane","hexamod:Strike","hexamod:Strike","hexamod:Strike","hexamod:Defend","hexamod:Defend","hexamod:Defend","hexamod:Defend","hexamod:Sear","hexamod:Float+1","hexamod:SuperheatedStrike+1","hexamod:NightmareGuise","hexamod:ThermalTransfer","hexamod:ApocalypticArmor","hexamod:Hexaguard","hexamod:PowerFromBeyond","hexamod:SwordOfDarkness","hexamod:SixthSeal","hexamod:PowerFromBeyond"],"relics":["hexamod:SpiritBrand","Anchor","downfall:HeartBlessingRed","Calipers"],"acts_visited":["Exordium"],"potions_floor_usage":[8,16,16],"damage_taken":[{"damage":8,"enemies":"Small Slimes","floor":2,"turns":4},{"damage":1,"enemies":"Cultist","floor":5,"turns":3},{"damage":0,"enemies":"Jaw Worm","floor":6,"turns":4},{"damage":17,"enemies":"Gremlin Gang","floor":8,"turns":4},{"damage":0,"enemies":"3 Louse","floor":10,"turns":3},{"damage":0,"enemies":"downfall:FleeingMerchant","floor":11,"turns":4},{"damage":13,"enemies":"Gremlin Nob","floor":13,"turns":5},{"damage":0,"enemies":"2 Fungi Beasts","floor":14,"turns":3},{"damage":0,"enemies":"Red Slaver","floor":15,"turns":3},{"damage":38,"enemies":"IC_STATUS_ARCHETYPE","floor":16,"turns":10}],"seed_played":"-7294638481322419547","potions_obtained":[{"floor":6,"key":"LiquidBronze"},{"floor":13,"key":"ColorlessPotion"},{"floor":15,"key":"PowerPotion"}],"is_trial":false,"path_per_floor":["R","M","?","?","M","M","T","M","R","M","$","T","E","M","M","B"],"character_chosen":"THE_SPIRIT","items_purchased":[],"campfire_rested":0,"item_purchase_floors":[],"current_hp_per_floor":[70,62,62,62,61,61,61,44,44,44,44,44,31,31,31,0,0,0],"gold":164,"neow_bonus":"TEN_PERCENT_HP_BONUS","is_daily":false,"chose_seed":false,"campfire_upgraded":1,"win_rate":0.0,"timestamp":1612563568,"path_taken":["R","M","?","?","?","?","T","M","R","M","?","?","E","M","M","BOSS"],"items_purchased_type":[],"build_version":"2020-12-22","purchased_purges":1,"victory":false,"max_hp_per_floor":[77,77,77,77,77,77,77,77,77,77,77,77,77,77,77,77,77,77],"relic_stats":{"counters":[10,43],"obtain_stats":[{"Anchor":7,"Calipers":13,"downfall:HeartBlessingRed":9,"hexamod:SpiritBrand":0},{"Anchor":3,"Calipers":7,"downfall:HeartBlessingRed":4,"hexamod:SpiritBrand":0},{"Anchor":11,"Calipers":27,"downfall:HeartBlessingRed":15,"hexamod:SpiritBrand":0}]},"card_choices":[{"not_picked":["hexamod:ChargedBarrage","hexamod:EtherealExpedition"],"picked":"hexamod:SuperheatedStrike","floor":2},{"not_picked":["hexamod:DynamicBlow","hexamod:HauntingEcho"],"picked":"hexamod:NightmareGuise","floor":5},{"not_picked":["hexamod:HauntingEcho","hexamod:NightmareStrike"],"picked":"hexamod:ThermalTransfer","floor":6},{"not_picked":["hexamod:ExtraCrispy","hexamod:NecessarySacrifice"],"picked":"hexamod:ApocalypticArmor","floor":8},{"not_picked":["hexamod:HauntingEcho","hexamod:SpectralAdrenaline"],"picked":"hexamod:Hexaguard","floor":10},{"not_picked":["hexamod:BurningTouch","hexamod:FastForward"],"picked":"hexamod:PowerFromBeyond","floor":11},{"not_picked":["hexamod:FastForward","hexamod:ThermalTransfer"],"picked":"hexamod:SwordOfDarkness","floor":13},{"not_picked":["hexamod:InspiringFlames","hexamod:Firestarter"],"picked":"hexamod:SixthSeal","floor":14},{"not_picked":["hexamod:Hexaguard","hexamod:ThermalTransfer"],"picked":"hexamod:PowerFromBeyond","floor":15}],"player_experience":1110039,"relics_obtained":[{"floor":7,"key":"Anchor"},{"floor":13,"key":"Calipers"}],"event_choices":[],"is_beta":false,"boss_relics":[],"items_purged_floors":[11],"is_endless":false,"potions_floor_spawned":[6,13,15],"killed_by":"IC_STATUS_ARCHETYPE","ascension_level":11}}