{"host":"w3q5ijqu8eoknil3","time":1612547295,"event":{"mods":["AchievementEnabler","BaseMod","Block Reminder","Colored Map","Colored Powertips","Curses Come First","Dark Map","Minty Spire (QoL Compilation)","Quick Restart","Relic Stats","StSLib","ojb\u0027s Better Paths Mod","ojb\u0027s Info Mod","slay the spire mod where everything is the same but ironclad has a cowboy hat"],"gold_per_floor":[116,126,146,160,180,209,209,227,227,227,227,227],"floor_reached":11,"language":"ENG","playtime":348,"items_purged":[],"score":150,"play_id":"e819d6e9-7dd3-42ba-b54d-081f17d6fd80","local_time":"20210205174815","is_ascension_mode":true,"campfire_choices":[{"floor":7,"key":"REST"}],"circlet_count":0,"master_deck":["AscendersBane","Strike_G","Strike_G","Strike_G","Strike_G","Strike_G","Defend_G","Defend_G","Defend_G","Defend_G","Defend_G","Survivor","Neutralize","Skewer","Sucker Punch","Blade Dance","Dagger Throw","Blade Dance","Eviscerate","Footwork","Decay"],"relics":["Ring of the Snake","NeowsBlessing","Gremlin Horn","Pantograph"],"acts_visited":["Exordium"],"potions_floor_usage":[4,11,11],"damage_taken":[{"damage":0,"enemies":"Small Slimes","floor":1,"turns":1},{"damage":0,"enemies":"Cultist","floor":2,"turns":1},{"damage":0,"enemies":"2 Louse","floor":3,"turns":1},{"damage":31,"enemies":"Gremlin Gang","floor":4,"turns":7},{"damage":1,"enemies":"Looter","floor":5,"turns":3},{"damage":22,"enemies":"3 Sentries","floor":6,"turns":8},{"damage":0,"enemies":"Lots of Slimes","floor":8,"turns":2},{"damage":37,"enemies":"Lagavulin","floor":11,"turns":6}],"seed_played":"-8153516452168700001","potions_obtained":[{"floor":1,"key":"Dexterity Potion"},{"floor":6,"key":"GamblersBrew"},{"floor":8,"key":"BlessingOfTheForge"}],"is_trial":false,"path_per_floor":["M","M","M","M","M","E","R","M","T","?","E"],"character_chosen":"THE_SILENT","items_purchased":[],"campfire_rested":1,"item_purchase_floors":[],"current_hp_per_floor":[59,59,59,28,27,5,24,24,24,24,0,0],"gold":227,"neow_bonus":"THREE_ENEMY_KILL","is_daily":false,"chose_seed":false,"campfire_upgraded":0,"win_rate":0.0,"timestamp":1612547295,"path_taken":["M","M","M","M","M","E","R","M","T","?","E"],"items_purchased_type":[],"build_version":"2020-12-22","purchased_purges":0,"victory":false,"max_hp_per_floor":[66,66,66,66,66,66,66,66,66,66,66,66],"relic_stats":{"Gremlin Horn":[4,4],"counters":[8,29],"Pantograph":0,"obtain_stats":[{"NeowsBlessing":0,"Gremlin Horn":6,"Pantograph":9,"Ring of the Snake":0},{"NeowsBlessing":0,"Gremlin Horn":6,"Pantograph":7,"Ring of the Snake":0},{"NeowsBlessing":0,"Gremlin Horn":21,"Pantograph":23,"Ring of the Snake":0}],"Ring of the Snake":[16]},"card_choices":[{"not_picked":["Slice","Deflect"],"picked":"Skewer","floor":1},{"not_picked":["Prepared","Blur"],"picked":"Sucker Punch","floor":2},{"not_picked":["Eviscerate","Outmaneuver"],"picked":"Blade Dance","floor":3},{"not_picked":["Backflip","Caltrops"],"picked":"Dagger Throw","floor":4},{"not_picked":["Flying Knee","Underhanded Strike"],"picked":"Blade Dance","floor":5},{"not_picked":["Prepared","Blur"],"picked":"Eviscerate","floor":6},{"not_picked":["Expertise","Quick Slash"],"picked":"Footwork","floor":8}],"player_experience":1034572,"relics_obtained":[{"floor":6,"key":"Gremlin Horn"},{"floor":9,"key":"Pantograph"}],"event_choices":[{"damage_healed":0,"gold_gain":0,"player_choice":"Cursed","damage_taken":0,"max_hp_gain":0,"max_hp_loss":0,"event_name":"Wheel of Change","floor":10,"gold_loss":0,"cards_obtained":["Decay"]}],"is_beta":false,"boss_relics":[],"items_purged_floors":[],"is_endless":false,"potions_floor_spawned":[1,6,8],"killed_by":"Lagavulin","ascension_level":19}}