{"host":"f9ntswufr8mq3t4y","time":1612553332,"event":{"mods":["AchievementEnabler","BaseMod","Best Route Mod","Block Reminder","Colored Map","Colored Powertips","Curses Come First","DeckTracker","Displayed Cursed Tome","Highlight Path","Minty Spire (QoL Compilation)","Permanent Neow","Quick Restart","Slay-I","StSLib"],"gold_per_floor":[361,374,393,407,368,368,387,387,387],"floor_reached":8,"language":"ENG","playtime":531,"items_purged":[],"score":68,"play_id":"d3ecf06a-2f35-4810-ac05-5064bd621f2e","local_time":"20210205222852","is_ascension_mode":true,"campfire_choices":[{"floor":6,"key":"REST"}],"circlet_count":0,"master_deck":["Strike_G","Strike_G","Strike_G","Strike_G","Strike_G","Defend_G","Defend_G","Defend_G","Defend_G","Defend_G","Survivor","Neutralize","Sucker Punch","Poisoned Stab","Poisoned Stab","Footwork","Tools of the Trade"],"relics":["Ring of the Snake"],"acts_visited":["Exordium"],"potions_floor_usage":[8,8],"damage_taken":[{"damage":2,"enemies":"Cultist","floor":1,"turns":4},{"damage":0,"enemies":"Small Slimes","floor":2,"turns":3},{"damage":2,"enemies":"Jaw Worm","floor":3,"turns":5},{"damage":1,"enemies":"Blue Slaver","floor":4,"turns":4},{"damage":16,"enemies":"3 Louse","floor":7,"turns":6},{"damage":25,"enemies":"Gremlin Nob","floor":8,"turns":6}],"seed_played":"-7485077190840251096","potions_obtained":[{"floor":2,"key":"ColorlessPotion"},{"floor":4,"key":"Dexterity Potion"},{"floor":7,"key":"SteroidPotion"}],"is_trial":false,"path_per_floor":["M","M","M","M","$","R","M","E"],"character_chosen":"THE_SILENT","items_purchased":["Footwork"],"campfire_rested":1,"item_purchase_floors":[5],"current_hp_per_floor":[43,43,41,40,40,61,45,20,20],"gold":387,"neow_bonus":"TWO_FIFTY_GOLD","is_daily":false,"chose_seed":false,"campfire_upgraded":0,"win_rate":0.0,"timestamp":1612553332,"path_taken":["M","M","M","M","$","R","M","E"],"items_purchased_type":["Card"],"build_version":"2020-12-22","purchased_purges":0,"victory":false,"max_hp_per_floor":[70,70,70,70,70,70,70,70,70],"card_choices":[{"not_picked":["Dodge and Roll","Blade Dance"],"picked":"Sucker Punch","floor":1},{"not_picked":["Bouncing Flask","Dagger Spray"],"picked":"Poisoned Stab","floor":2},{"not_picked":["Outmaneuver","Deadly Poison","Backflip"],"picked":"SKIP","floor":3},{"not_picked":["Backflip","Slice"],"picked":"Poisoned Stab","floor":4},{"not_picked":["Outmaneuver","Slice"],"picked":"Tools of the Trade","floor":7}],"player_experience":402131,"relics_obtained":[],"event_choices":[],"is_beta":false,"boss_relics":[],"items_purged_floors":[],"is_endless":false,"potions_floor_spawned":[2,4,7],"killed_by":"Gremlin Nob","ascension_level":7}}