{"host":"27wa8ufp4ryspt1p","time":1612483347,"event":{"mods":["2.2 Compatiblity","A Penny For Your Troubles","Abigail Mod","Act Like it!","Aspiration","BaseMod","Better Altar","Better Match","Better Note","Better Skull","Better Third Choice","Colored Map","Conspire","Curses Come First","Dota2Spire","Downfall-Rebalance","Elementarium","Energized Spire","Fox Events","Friendly Minions","Gensokyo","GifTheSpireLib","Gold Saver","Halation","Hallownest","HololiveMod","Hubris","Humility","Infinite Spire","Keyboard Shortcuts","Menagerie","Mimic Mod","Minty Spire (QoL Compilation)","Pale of the Ancients","Poor People Problems","Quarter Circle Forward PUNCH!","Reimu??????","Relic Filter Mod","Relic Sorter","Relic Stats","Reliquary","Replay The Spire","Reworked Bosses","Shop Mod","Spicy Shops","Spikes Relics","Spire Arcade","StSLib","Stuff the Spire","SuperFastMode","The Cursed","The Exalted","The Judge","The Necromancer","Trackpad","Waifu the Spire","Wandering Minibosses","[IsaacMod]????","??????REMEMod","????"],"gold_per_floor":[684,294,327,392,355,398,398,444,492,492,537,558,573,441,441,524,524,540,540,540,415,434,434,451,451,486,505,543,561,594,185,185,267,267,278,188,198,212,212,200,212,212,212,127,166,198,26,36,70,70,66,82,82],"floor_reached":52,"language":"SPA","playtime":2299,"items_purged":["Writhe"],"score":1842,"play_id":"36d0e4e9-5783-4a5b-a18f-49fa5a05e6a1","local_time":"20210204180227","daily_mods":["SealedDeck","Colorless Cards","Heirloom","Elite Swarm","Lethality"],"is_ascension_mode":true,"campfire_choices":[{"data":"AbbyMod:ConsumeFlesh","floor":7.0,"key":"SMITH"},{"data":"AbbyMod:ConsumeFlesh","floor":10.0,"key":"SMITH"},{"data":"DoctorFetus","floor":15.0,"key":"SMITH"},{"data":"Echo Form","floor":23.0,"key":"SMITH"},{"floor":25.0,"key":"RECALL"},{"data":"AbbyMod:Dabigail","floor":32.0,"key":"SMITH"}],"circlet_count":0,"master_deck":["AscendersBane","DoctorFetus+1","AbbyMod:AttoSecond","StuffTheSpire:FreeRealEstate","AbbyMod:Dabigail","AbbyMod:PapaProtection","AbbyMod:TeddyBear","AbbyMod:AttoSecond","AbbyMod:LargeTentacle","expansioncontent:BronzeBeam","AbbyMod:FamiliarShield","AbbyMod:ConsumeFlesh+1","Echo Form+1","REME_Flogging+1","AbbyMod:PapaProtection","AbbyMod:ConsumeFlesh+1","AbbyMod:EyesOfMadness+1","AbbyMod:AbsoluteCorruption","expansioncontent:Collect","Poisoned Strike","AbbyMod:FarAwayFriend","Poisoned Strike","Specialist+1","expansioncontent:GuardianWhirl","AbbyMod:TentacleSwarm+1","AbbyMod:Hitomi+1","Reforge+1","EpicFetus+1","AbbyMod:Dabigail+1","AbbyMod:VoidWhispers+1","Gensokyo:CustomPotion","AbbyMod:PrayerOfFaith+1","AbbyMod:EyesOfMadness","Gensokyo:MysteriousEgg","ReplayTheSpireMod:Brewmster+1","Gensokyo:SummonJeweledCobra"],"relics":["AbbyMod:Salem_Diary","HushsDoor","REME_ComplimentaryCards","SatanicBible","MerchantsRug","wanderingMiniBosses:Inkheart","aspiration:Legacy_Headhunter","hubris:Reverence","Blue Doll","reliquary:Craggleroot","hubris:Icosahedron","energizedSpire:OgreHead","REME_PuzzleBoxRelic","StuffTheSpire:Experiment12","halation:BottledLove","qcfpunch:Fighting_Gloves","Coffee Dripper","Bromod:ArcaneAegis","aspiration:Lifesprig","trackpad:BottledTsunami","StuffTheSpire:Saxophone"],"acts_visited":["Hallownest:Greenpath","TheCity","Gensokyo:Gensokyoest"],"potions_floor_usage":[],"damage_taken":[{"damage":0.0,"enemies":"Hallownest:2_MossCreeps","floor":3.0,"turns":8.0},{"damage":23.0,"enemies":"Hallownest:eliteVengeflyKing","floor":6.0,"turns":6.0},{"damage":18.0,"enemies":"Hallownest:eliteCrystalGuardian","floor":8.0,"turns":5.0},{"damage":4.0,"enemies":"2_ Uuma","floor":9.0,"turns":8.0},{"damage":0.0,"enemies":"Hallownest:eliteMossKnight","floor":11.0,"turns":6.0},{"damage":2.0,"enemies":"2_ Uuma","floor":12.0,"turns":3.0},{"damage":1.0,"enemies":"Hallownest:2_Baldur","floor":13.0,"turns":2.0},{"damage":2.0,"enemies":"Hallownest:BossHornet","floor":16.0,"turns":5.0},{"damage":2.0,"enemies":"Spheric Guardian","floor":18.0,"turns":3.0},{"damage":3.0,"enemies":"Shell Parasite","floor":22.0,"turns":1.0},{"damage":0.0,"enemies":"Sentry and Sphere","floor":24.0,"turns":1.0},{"damage":0.0,"enemies":"Cultist and Chosen","floor":26.0,"turns":3.0},{"damage":0.0,"enemies":"Cultist and Chosen","floor":27.0,"turns":2.0},{"damage":16.0,"enemies":"Book of Stabbing","floor":28.0,"turns":3.0},{"damage":0.0,"enemies":"Snake Plant","floor":29.0,"turns":2.0},{"damage":0.0,"enemies":"conspire:Head Lice","floor":30.0,"turns":2.0},{"damage":0.0,"enemies":"bossMod:newCollector","floor":33.0,"turns":3.0},{"damage":0.0,"enemies":"Gensokyo:3_Boulders","floor":35.0,"turns":3.0},{"damage":0,"enemies":"Gensokyo:3_Bats","floor":37,"turns":1},{"damage":0,"enemies":"Gensokyo:Dusk_and_Dawn","floor":38,"turns":2},{"damage":0,"enemies":"Gensokyo:Sharpion","floor":41,"turns":2},{"damage":0,"enemies":"Gensokyo:4_Bats","floor":45,"turns":5},{"damage":0,"enemies":"Gensokyo:Kasen","floor":46,"turns":3},{"damage":0,"enemies":"Gensokyo:4_Bats","floor":48,"turns":2},{"damage":0,"enemies":"Gensokyo:Marisa","floor":49,"turns":3},{"damage":0,"enemies":"Gensokyo:Shinki","floor":52,"turns":7}],"seed_played":"1260916554745481761","potions_obtained":[{"floor":3.0,"key":"ColorlessPotion"},{"floor":4.0,"key":"sneckomod:MuddlingPotion"},{"floor":4.0,"key":"REME_GoldPotion"},{"floor":6.0,"key":"Dota2Spire:HealingSalve"},{"floor":11.0,"key":"PowerPotion"},{"floor":12.0,"key":"BlessingOfTheForge"},{"floor":13.0,"key":"DistilledChaos"},{"floor":18.0,"key":"Guardian:BlockOnCardUsePotion"},{"floor":27.0,"key":"ColorlessPotion"},{"floor":35.0,"key":"Ancient Potion"},{"floor":46,"key":"Energy Potion"},{"floor":48,"key":"EssenceOfSteel"}],"is_trial":true,"path_per_floor":["?","$","M","?","$","E","R","E","MIM","R","E","M","M","$","R","B",null,"M","?","AVR","?","M","R","M","R","MIM","M","E","M","E","$","R","B",null,"M","?","M","M","?","R","M","PTL","PTL","R","MIM","E","COS","M","E","?","R","B"],"character_chosen":"Ab_Foreigner","items_purchased":["MerchantsRug","REME_Flogging","AbbyMod:PapaProtection","AbbyMod:EyesOfMadness","Blue Doll","qcfpunch:Fighting_Gloves","Guide Book","AbbyMod:Dabigail","AbbyMod:PrayerOfFaith","AbbyMod:EyesOfMadness","StuffTheSpire:Saxophone"],"campfire_rested":0,"item_purchase_floors":[2,2,2,5,14,31,31,31,40,44,51],"current_hp_per_floor":[47,47,53,36,36,26,26,36,45,45,59,68,71,71,71,73,76,76,76,76,76,73,73,79,79,83,83,85,91,93,93,93,107,107,109,109,111,115,115,115,119,119,119,119,121,123,123,127,131,131,131,131,131],"gold":82,"neow_bonus":"","is_daily":false,"chose_seed":false,"campfire_upgraded":5,"win_rate":0.0,"timestamp":1612483347,"path_taken":["?","$","M","?","?","E","R","E","MIM","R","E","M","?","$","R","BOSS","M","?","AVR","?","M","R","?","R","MIM","M","E","?","E","$","R","BOSS","M","?","M","M","?","R","?","PTL","PTL","R","MIM","E","COS","M","E","?","R","BOSS"],"items_purchased_type":["Relic","Card","Card","Card","Relic","Relic","Relic","Card","Card","Card","Relic"],"build_version":"2020-12-22","purchased_purges":1,"victory":false,"max_hp_per_floor":[52,52,53,53,53,56,56,58,61,61,65,69,73,73,73,77,77,79,79,79,79,79,79,79,79,83,83,91,97,99,99,99,107,107,109,109,111,115,115,115,119,119,119,119,121,123,123,127,131,131,131,131,131],"relic_stats":{"counters":[26,91],"obtain_stats":[{"aspiration:Lifesprig":46,"Blue Doll":14,"Bromod:ArcaneAegis":45,"SatanicBible":0,"StuffTheSpire:Experiment12":28,"hubris:Icosahedron":19,"hubris:AstralHammer":0,"Pantograph":26,"aspiration:Legacy_Headhunter":6,"KeepersGift":0,"MerchantsRug":2,"halation:BottledLove":30,"Guide Book":31,"StuffTheSpire:Saxophone":51,"energizedSpire:OgreHead":20,"Replay:Kaleidoscope":8,"AbbyMod:Salem_Diary":0,"qcfpunch:Broken_Tusk":4,"reliquary:Craggleroot":17,"qcfpunch:Fighting_Gloves":31,"Coffee Dripper":34,"REME_PuzzleBoxRelic":20,"HushsDoor":0,"trackpad:BottledTsunami":49,"wanderingMiniBosses:Inkheart":3,"REME_ComplimentaryCards":0,"hubris:Reverence":11},{"aspiration:Lifesprig":23,"Blue Doll":7,"Bromod:ArcaneAegis":22,"SatanicBible":0,"StuffTheSpire:Experiment12":14,"hubris:Icosahedron":9,"hubris:AstralHammer":0,"Pantograph":12,"aspiration:Legacy_Headhunter":2,"KeepersGift":0,"MerchantsRug":0,"halation:BottledLove":16,"Guide Book":16,"StuffTheSpire:Saxophone":25,"energizedSpire:OgreHead":9,"Replay:Kaleidoscope":3,"AbbyMod:Salem_Diary":0,"qcfpunch:Broken_Tusk":1,"reliquary:Craggleroot":8,"qcfpunch:Fighting_Gloves":16,"Coffee Dripper":17,"REME_PuzzleBoxRelic":9,"HushsDoor":0,"trackpad:BottledTsunami":25,"wanderingMiniBosses:Inkheart":1,"REME_ComplimentaryCards":0,"hubris:Reverence":5},{"aspiration:Lifesprig":79,"Blue Doll":38,"Bromod:ArcaneAegis":76,"SatanicBible":0,"StuffTheSpire:Experiment12":56,"hubris:Icosahedron":46,"hubris:AstralHammer":0,"Pantograph":51,"aspiration:Legacy_Headhunter":14,"KeepersGift":0,"MerchantsRug":0,"halation:BottledLove":60,"Guide Book":60,"StuffTheSpire:Saxophone":84,"energizedSpire:OgreHead":46,"Replay:Kaleidoscope":19,"AbbyMod:Salem_Diary":0,"qcfpunch:Broken_Tusk":8,"reliquary:Craggleroot":43,"qcfpunch:Fighting_Gloves":60,"Coffee Dripper":63,"REME_PuzzleBoxRelic":46,"HushsDoor":0,"trackpad:BottledTsunami":84,"wanderingMiniBosses:Inkheart":8,"REME_ComplimentaryCards":0,"hubris:Reverence":33}]},"card_choices":[{"not_picked":[],"picked":"DoctorFetus","floor":0.0},{"not_picked":["AbbyMod:PowerGamer","expansioncontent:TimeRipple","AbbyMod:SuperMuscular"],"picked":"SKIP","floor":3.0},{"not_picked":["AbbyMod:TeddyBear","AbbyMod:LargeTentacle"],"picked":"AbbyMod:ConsumeFlesh","floor":4.0},{"not_picked":["expansioncontent:QuickStudy","Master of Strategy"],"picked":"AbbyMod:AbsoluteCorruption","floor":6.0},{"not_picked":["DoctorFetus","AbbyMod:Ab_OldOneTrigger","AbbyMod:MindCleanse"],"picked":"SKIP","floor":8.0},{"not_picked":["expansioncontent:DecasProtection","AbbyMod:Memocide"],"picked":"expansioncontent:Collect","floor":9.0},{"not_picked":["REME_PuzzleBox","expansioncontent:StudyTheSpire"],"picked":"Poisoned Strike","floor":11.0},{"not_picked":["expansioncontent:Hexaburn","expansioncontent:DecasProtection"],"picked":"AbbyMod:FarAwayFriend","floor":12.0},{"not_picked":["AbbyMod:SanityCheck","AbbyMod:Keyblade","AbbyMod:ConsumeFlesh"],"picked":"SKIP","floor":13.0},{"not_picked":["Battery","StuffTheSpire:Recharge"],"picked":"Poisoned Strike","floor":16.0},{"not_picked":["AbbyMod:PowerGamer","AbbyMod:TeddyBear"],"picked":"Specialist","floor":18.0},{"not_picked":["AbbyMod:AttoSecond","AbbyMod:FamiliarShield"],"picked":"expansioncontent:GuardianWhirl","floor":22.0},{"not_picked":["AbbyMod:PowerGamer","AbbyMod:ConsumeFlesh","Degenerate"],"picked":"SKIP","floor":24.0},{"not_picked":["AbbyMod:BadGirl","AbbyMod:CloneArmy"],"picked":"AbbyMod:TentacleSwarm+1","floor":26.0},{"not_picked":["AbbyMod:ChocoKey","PanicButton"],"picked":"AbbyMod:Hitomi+1","floor":27.0},{"not_picked":["Midas Touch","AbbyMod:BlackKey"],"picked":"Reforge","floor":28.0},{"not_picked":["Degenerate","AbbyMod:ExposeNavel+1","AbbyMod:Kuroboshi"],"picked":"SKIP","floor":29.0},{"not_picked":["Violence","REME_BodyOfCthun"],"picked":"EpicFetus","floor":30.0},{"not_picked":["AbbyMod:PantyShot","Secret Technique"],"picked":"AbbyMod:VoidWhispers","floor":33.0},{"not_picked":["AbbyMod:LifeSentence","Blind","AbbyMod:Keyblade"],"picked":"SKIP","floor":35.0},{"not_picked":["AbbyMod:TentacleSwarm","Blind","AbbyMod:SanityCheck+1"],"picked":"SKIP","floor":37},{"not_picked":["AbbyMod:SuperMuscular+1","AbbyMod:WitchTrial","AbbyMod:HeroCreationA+1"],"picked":"SKIP","floor":38},{"not_picked":["AbbyMod:AttoSecond+1","AbbyMod:Meteo","AbbyMod:LargeTentacle"],"picked":"SKIP","floor":41},{"not_picked":["StuffTheSpire:Recharge","Master of Strategy"],"picked":"ChaosCard","floor":46},{"not_picked":["AbbyMod:Kinoko","AbbyMod:PapaProtection","AbbyMod:LargeTentacle"],"picked":"SKIP","floor":48},{"not_picked":["Master of Strategy","expansioncontent:StudyTheSpire"],"picked":"ReplayTheSpireMod:Brewmster","floor":49}],"player_experience":3989609,"relics_obtained":[{"floor":3.0,"key":"wanderingMiniBosses:Inkheart"},{"floor":4.0,"key":"qcfpunch:Broken_Tusk"},{"floor":6.0,"key":"aspiration:Legacy_Headhunter"},{"floor":8.0,"key":"Replay:Kaleidoscope"},{"floor":11.0,"key":"hubris:Reverence"},{"floor":26.0,"key":"Pantograph"},{"floor":28.0,"key":"StuffTheSpire:Experiment12"},{"floor":30.0,"key":"halation:BottledLove"},{"floor":45,"key":"Bromod:ArcaneAegis"},{"floor":46,"key":"aspiration:Lifesprig"},{"floor":49,"key":"trackpad:BottledTsunami"}],"event_choices":[{"damage_healed":0.0,"max_hp_gain":0.0,"max_hp_loss":0.0,"gold_gain":0.0,"event_name":"betterMatch:BetterMatch","player_choice":"2","floor":21.0,"gold_loss":0.0,"damage_taken":0.0,"cards_obtained":["betterMatch:ColorlessUncommonCard"]}],"is_beta":false,"boss_relics":[{"not_picked":["energizedSpire:SpiderWeb","Replay:Ancient Bell"],"picked":"reliquary:Craggleroot"},{"not_picked":[]},{"not_picked":["hubris:RunicObelisk","infinitespire:Cupcake"],"picked":"Coffee Dripper"},{"not_picked":[]}],"items_purged_floors":[31],"is_endless":false,"potions_floor_spawned":[3,6,11,12,13,18,27,29,35,46,48],"killed_by":"Gensokyo:Shinki","ascension_level":20,"is_humility":true}}