{"host":"qksa0nge77ubun9a","time":1612485186,"event":{"mods":["AchievementEnabler","BaseMod","Colored Map","Colored Powertips","Googly Eyes","Highlight Path","Minty Spire (QoL Compilation)","Quick Restart","StSLib"],"gold_per_floor":[119,219,22,34,46,46,60,100,123,166,166,194,194,378,378,487,487,412,337,212,212,212,212,212,212],"floor_reached":24,"language":"ENG","playtime":1373,"items_purged":["Defend_R"],"score":296,"play_id":"30c49f1e-f97a-44dc-8f19-60c92df65d39","local_time":"20210204163306","is_ascension_mode":true,"campfire_choices":[{"data":"Dark Embrace","floor":6.0,"key":"SMITH"},{"floor":11.0,"key":"REST"},{"data":"Barricade","floor":13.0,"key":"SMITH"},{"floor":15.0,"key":"REST"},{"floor":23.0,"key":"REST"}],"circlet_count":0,"master_deck":["Strike_R","Strike_R","Strike_R","Strike_R","Defend_R","Defend_R","Defend_R","Bash","Havoc","Rampage","Dark Embrace+1","Bandage Up","Burning Pact","Fire Breathing","Armaments","Feel No Pain","Barricade+1","True Grit","Juggernaut","Shrug It Off","Warcry"],"relics":["Burning Blood","CeramicFish","MealTicket","Potion Belt","Ectoplasm"],"acts_visited":["Exordium","TheCity"],"potions_floor_usage":[24,24],"damage_taken":[{"damage":12.0,"enemies":"Jaw Worm","floor":1.0,"turns":6.0},{"damage":1.0,"enemies":"Cultist","floor":4.0,"turns":3.0},{"damage":16.0,"enemies":"Small Slimes","floor":5.0,"turns":4.0},{"damage":34.0,"enemies":"3 Louse","floor":7.0,"turns":4.0},{"damage":44.0,"enemies":"Gremlin Nob","floor":8.0,"turns":5.0},{"damage":16.0,"enemies":"3 Sentries","floor":10.0,"turns":5.0},{"damage":3.0,"enemies":"Looter","floor":12.0,"turns":4.0},{"damage":38.0,"enemies":"Slime Boss","floor":16.0,"turns":10.0},{"damage":50.0,"enemies":"2 Thieves","floor":18.0,"turns":5.0},{"damage":45.0,"enemies":"Shell Parasite","floor":21.0,"turns":8.0},{"damage":62,"enemies":"Book of Stabbing","floor":24,"turns":6}],"seed_played":"-5395267118397365861","potions_obtained":[{"floor":5.0,"key":"AttackPotion"},{"floor":8.0,"key":"Weak Potion"},{"floor":10.0,"key":"BlessingOfTheForge"},{"floor":21.0,"key":"Swift Potion"}],"is_trial":false,"path_per_floor":["M","?","$","M","M","R","M","E","T","E","R","M","R","?","R","B",null,"M","?","$","M","?","R","E"],"character_chosen":"IRONCLAD","items_purchased":["Dark Embrace","Bandage Up","Regen Potion","Shrug It Off"],"campfire_rested":3,"item_purchase_floors":[3,3,20,20],"current_hp_per_floor":[66,66,66,75,69,69,45,11,11,7,31,38,38,38,62,34,69,29,29,44,11,11,35,0,0],"gold":212,"neow_bonus":"TRANSFORM_CARD","is_daily":false,"chose_seed":false,"campfire_upgraded":2,"win_rate":0.0,"timestamp":1612485186,"path_taken":["M","?","$","M","?","R","M","E","T","E","R","M","R","?","R","BOSS","M","?","$","M","?","R","E"],"items_purchased_type":["Card","Card","Potion","Card"],"build_version":"2020-12-22","purchased_purges":1,"victory":false,"max_hp_per_floor":[80,80,80,80,80,80,80,80,80,80,80,80,80,80,80,80,80,80,80,80,80,80,80,80,80],"card_choices":[{"not_picked":["Clothesline","Bloodletting"],"picked":"Rampage","floor":1.0},{"not_picked":["Flex","Sword Boomerang"],"picked":"Burning Pact","floor":4.0},{"not_picked":["Dual Wield","Hemokinesis"],"picked":"Fire Breathing","floor":5.0},{"not_picked":["Perfected Strike","Clash"],"picked":"Armaments","floor":7.0},{"not_picked":["Shrug It Off","Combust"],"picked":"Feel No Pain","floor":8.0},{"not_picked":["Iron Wave","Power Through"],"picked":"Barricade","floor":10.0},{"not_picked":["Havoc","Ghostly Armor"],"picked":"True Grit","floor":12.0},{"not_picked":["Berserk","Double Tap"],"picked":"Juggernaut","floor":16.0},{"not_picked":["Pommel Strike","Cleave","Thunderclap"],"picked":"SKIP","floor":18.0},{"not_picked":["Burning Pact","Anger"],"picked":"Warcry","floor":21.0}],"player_experience":1329811,"relics_obtained":[{"floor":8.0,"key":"CeramicFish"},{"floor":9.0,"key":"MealTicket"},{"floor":10.0,"key":"Potion Belt"}],"event_choices":[{"damage_healed":0.0,"max_hp_gain":0.0,"max_hp_loss":0.0,"gold_gain":100.0,"event_name":"Wheel of Change","player_choice":"Gold","floor":2.0,"gold_loss":0.0,"damage_taken":0.0},{"damage_healed":0.0,"max_hp_gain":0.0,"max_hp_loss":0.0,"gold_gain":175.0,"event_name":"Liars Game","player_choice":"AGREE","floor":14.0,"gold_loss":0.0,"damage_taken":0.0,"cards_obtained":["Doubt"]},{"cards_removed":["Doubt"],"damage_healed":0.0,"max_hp_gain":0.0,"max_hp_loss":0.0,"gold_gain":0.0,"event_name":"Beggar","player_choice":"Gave Gold","floor":19.0,"gold_loss":75.0,"damage_taken":0.0},{"damage_healed":0.0,"max_hp_gain":0.0,"max_hp_loss":0.0,"gold_gain":0.0,"event_name":"Cursed Tome","player_choice":"Ignored","floor":22.0,"gold_loss":0.0,"damage_taken":0.0}],"is_beta":false,"boss_relics":[{"not_picked":["Pandora\u0027s Box","Philosopher\u0027s Stone"],"picked":"Ectoplasm"}],"items_purged_floors":[3],"is_endless":false,"potions_floor_spawned":[5,8,10,21],"killed_by":"Book of Stabbing","ascension_level":9}}