{"host":"pke0xxyzw0teju56","time":1612563667,"event":{"mods":["BaseMod","Bestiary","Colored Powertips","Highlight Path","Minty Spire (QoL Compilation)","Relic Stats","Slay the Relics Exporter","StSLib","ojb\u0027s Info Mod"],"gold_per_floor":[110,129,145,110,62,62,92,92,118,118,118,147,147,162,162,239,239,255,274,10,30,30,30,30,46,73,108,108,140,154,167,167,244,244,263,64,89,100,153,181,181,31,55,65,65,65,65,94,94,94,94,94,94,26,60,60],"floor_reached":57,"language":"ENG","playtime":6338,"items_purged":["Strike_B"],"score":2766,"play_id":"1bc31d51-f310-4904-9de0-8dd800314cbe","local_time":"20210205172107","is_ascension_mode":true,"campfire_choices":[{"data":"Streamline","floor":6,"key":"SMITH"},{"data":"Darkness","floor":8,"key":"SMITH"},{"floor":10,"key":"REST"},{"data":"Go for the Eyes","floor":13,"key":"SMITH"},{"data":"Seek","floor":15,"key":"SMITH"},{"floor":24,"key":"REST"},{"data":"Apotheosis","floor":28,"key":"SMITH"},{"floor":32,"key":"RECALL"},{"floor":41,"key":"REST"},{"floor":46,"key":"REST"},{"data":"Strike_B","floor":49,"key":"PURGE"},{"data":"Strike_B","floor":53,"key":"PURGE"}],"circlet_count":0,"master_deck":["AscendersBane","Strike_B","Defend_B","Defend_B","Defend_B","Defend_B","Zap","Dualcast","Go for the Eyes+1","Auto Shields","Darkness+1","Sweeping Beam","Seek+1","Echo Form","Cold Snap","Undo","Apotheosis+1","Glacier","Echo Form","Conserve Battery+1","Multi-Cast","Turbo","Capacitor","Glacier","Fusion+1","Defragment+1","Hologram","Double Energy+1"],"relics":["Cracked Core","Pocketwatch","Anchor","Regal Pillow","Bronze Scales","Vajra","Nuclear Battery","PreservedInsect","Centennial Puzzle","Runic Pyramid","Turnip","Peace Pipe","The Courier","ClockworkSouvenir","Omamori","Emotion Chip","Blue Candle"],"acts_visited":["Exordium","TheCity","TheBeyond","TheEnding"],"potions_floor_usage":[7,16,27,33,40,51,56,56],"damage_taken":[{"damage":7,"enemies":"Jaw Worm","floor":1,"turns":3},{"damage":3,"enemies":"Small Slimes","floor":2,"turns":2},{"damage":0,"enemies":"2 Louse","floor":3,"turns":3},{"damage":17,"enemies":"Exordium Thugs","floor":5,"turns":5},{"damage":6,"enemies":"Gremlin Nob","floor":7,"turns":3},{"damage":0,"enemies":"Lagavulin","floor":12,"turns":5},{"damage":10,"enemies":"Gremlin Gang","floor":14,"turns":3},{"damage":6,"enemies":"The Guardian","floor":16,"turns":7},{"damage":0,"enemies":"Chosen","floor":18,"turns":3},{"damage":2,"enemies":"Shell Parasite","floor":19,"turns":5},{"damage":5,"enemies":"3 Cultists","floor":21,"turns":4},{"damage":0,"enemies":"Chosen and Byrds","floor":25,"turns":4},{"damage":9,"enemies":"Book of Stabbing","floor":27,"turns":5},{"damage":0,"enemies":"Gremlin Leader","floor":29,"turns":5},{"damage":8,"enemies":"Centurion and Healer","floor":30,"turns":4},{"damage":10,"enemies":"Cultist and Chosen","floor":31,"turns":5},{"damage":20,"enemies":"Collector","floor":33,"turns":11},{"damage":0,"enemies":"3 Shapes","floor":35,"turns":4},{"damage":0,"enemies":"Mind Bloom Boss Battle","floor":37,"turns":4},{"damage":6,"enemies":"Orb Walker","floor":38,"turns":5},{"damage":22,"enemies":"2 Orb Walkers","floor":39,"turns":3},{"damage":13,"enemies":"Reptomancer","floor":40,"turns":11},{"damage":29,"enemies":"Transient","floor":44,"turns":6},{"damage":3,"enemies":"Giant Head","floor":48,"turns":6},{"damage":46,"enemies":"Time Eater","floor":50,"turns":15},{"damage":3,"enemies":"Awakened One","floor":51,"turns":12},{"damage":23,"enemies":"Shield and Spear","floor":55,"turns":5},{"damage":7,"enemies":"The Heart","floor":56,"turns":11}],"seed_played":"-8172662348736501646","potions_obtained":[{"floor":1,"key":"LiquidMemories"},{"floor":5,"key":"SpeedPotion"},{"floor":7,"key":"Weak Potion"},{"floor":12,"key":"PowerPotion"},{"floor":14,"key":"PowerPotion"},{"floor":18,"key":"GamblersBrew"},{"floor":25,"key":"FocusPotion"},{"floor":29,"key":"DuplicationPotion"},{"floor":40,"key":"Dexterity Potion"}],"is_trial":false,"path_per_floor":["M","M","M","?","M","R","E","R","T","R","T","E","R","M","R","B",null,"M","M","$","M","?","?","R","M","T","E","R","E","M","M","R","B",null,"M","$","?","M","?","E","R","$","T","M","?","R","?","E","R","B","B",null,"R","$","E","B",null],"character_chosen":"DEFECT","items_purchased":["Apotheosis","Turbo","FocusPotion","Capacitor","ClockworkSouvenir","Hologram","DuplicationPotion"],"campfire_rested":4,"item_purchase_floors":[20,36,36,36,42,42,54],"current_hp_per_floor":[39,36,36,53,36,36,30,30,30,66,66,66,66,56,56,50,66,66,64,64,59,59,39,76,76,76,67,67,67,59,49,49,29,64,64,64,64,58,36,23,60,60,60,31,31,68,76,73,73,27,24,63,63,63,40,33],"gold":60,"neow_bonus":"ONE_RARE_RELIC","is_daily":false,"chose_seed":false,"campfire_upgraded":5,"win_rate":0.0,"timestamp":1612563667,"path_taken":["M","M","M","?","M","R","E","R","T","R","?","E","R","M","R","BOSS","M","M","$","M","?","?","R","M","T","E","R","E","M","M","R","BOSS","M","$","?","M","?","E","R","$","T","?","?","R","?","E","R","BOSS","BOSS","R","$","E","BOSS"],"items_purchased_type":["Card","Card","Potion","Card","Relic","Card","Potion"],"build_version":"2020-12-22","purchased_purges":1,"victory":true,"max_hp_per_floor":[71,71,71,71,71,71,71,71,71,71,71,71,71,71,71,71,71,71,71,71,71,71,76,76,76,76,76,76,76,76,76,76,76,76,76,76,76,76,76,76,76,76,76,76,76,76,76,76,76,76,76,76,76,76,76,76],"relic_stats":{"Peace Pipe":3,"Regal Pillow":60,"Centennial Puzzle":[36],"Emotion Chip":[60,6,37,11,6],"counters":[28,159],"Bronze Scales":[573],"Blue Candle":[0],"PreservedInsect":315,"Turnip":[5],"obtain_stats":[{"Regal Pillow":9,"Blue Candle":55,"Vajra":12,"PreservedInsect":27,"The Courier":40,"Omamori":43,"Nuclear Battery":17,"ClockworkSouvenir":42,"Peace Pipe":39,"Anchor":7,"Centennial Puzzle":29,"Emotion Chip":48,"Bronze Scales":11,"Turnip":37,"Cracked Core":0,"Pocketwatch":0,"Runic Pyramid":34},{"Regal Pillow":5,"Blue Candle":27,"Vajra":6,"PreservedInsect":13,"The Courier":22,"Omamori":22,"Nuclear Battery":8,"ClockworkSouvenir":22,"Peace Pipe":21,"Anchor":5,"Centennial Puzzle":14,"Emotion Chip":24,"Bronze Scales":5,"Turnip":19,"Cracked Core":0,"Pocketwatch":0,"Runic Pyramid":17},{"Regal Pillow":16,"Blue Candle":148,"Vajra":21,"PreservedInsect":52,"The Courier":104,"Omamori":104,"Nuclear Battery":31,"ClockworkSouvenir":104,"Peace Pipe":93,"Anchor":16,"Centennial Puzzle":57,"Emotion Chip":116,"Bronze Scales":16,"Turnip":85,"Cracked Core":0,"Pocketwatch":0,"Runic Pyramid":77}],"Pocketwatch":[106]},"card_choices":[{"not_picked":["BootSequence","Gash"],"picked":"Streamline","floor":1},{"not_picked":["Gash","Heatsinks"],"picked":"Go for the Eyes","floor":2},{"not_picked":["Skim","Rip and Tear"],"picked":"Auto Shields","floor":3},{"not_picked":["Force Field","Compile Driver","Conserve Battery"],"picked":"SKIP","floor":5},{"not_picked":["Recycle","Barrage"],"picked":"Darkness","floor":7},{"not_picked":["Go for the Eyes","Turbo"],"picked":"Sweeping Beam","floor":12},{"not_picked":["Static Discharge","Redo"],"picked":"Seek","floor":14},{"not_picked":["All For One","Core Surge"],"picked":"Echo Form","floor":16},{"not_picked":["Steam","Beam Cell"],"picked":"Cold Snap","floor":18},{"not_picked":["Ball Lightning","Rebound"],"picked":"Undo","floor":19},{"not_picked":["Sweeping Beam","Static Discharge"],"picked":"Glacier","floor":21},{"not_picked":["Chaos","Rebound","Beam Cell+1"],"picked":"SKIP","floor":25},{"not_picked":["Sunder+1","Chill"],"picked":"Echo Form","floor":27},{"not_picked":["Redo","Fusion","Static Discharge"],"picked":"SKIP","floor":29},{"not_picked":["Rebound+1","Go for the Eyes"],"picked":"Conserve Battery+1","floor":30},{"not_picked":["Leap","Static Discharge","Go for the Eyes"],"picked":"SKIP","floor":31},{"not_picked":["Thunder Strike","Machine Learning"],"picked":"Multi-Cast","floor":33},{"not_picked":["Stack","Coolheaded+1","Barrage+1"],"picked":"SKIP","floor":35},{"not_picked":["Sweeping Beam","Redo+1"],"picked":"Glacier","floor":37},{"not_picked":["Rebound","BootSequence"],"picked":"Fusion+1","floor":38},{"not_picked":["Buffer","Turbo+1"],"picked":"Defragment+1","floor":39},{"not_picked":["Steam","Tempest","Melter"],"picked":"SKIP","floor":40},{"not_picked":["Aggregate","Rip and Tear"],"picked":"Double Energy+1","floor":44},{"not_picked":["Redo+1","Go for the Eyes+1","Rip and Tear"],"picked":"SKIP","floor":48},{"not_picked":["Barrage","Double Energy+1","Redo"],"picked":"SKIP","floor":55}],"player_experience":5306749,"relics_obtained":[{"floor":7,"key":"Anchor"},{"floor":9,"key":"Regal Pillow"},{"floor":11,"key":"Bronze Scales"},{"floor":12,"key":"Vajra"},{"floor":27,"key":"PreservedInsect"},{"floor":29,"key":"Centennial Puzzle"},{"floor":37,"key":"Turnip"},{"floor":39,"key":"Peace Pipe"},{"floor":40,"key":"The Courier"},{"floor":43,"key":"Omamori"},{"floor":48,"key":"Emotion Chip"},{"floor":55,"key":"Blue Candle"}],"event_choices":[{"damage_healed":17,"gold_gain":0,"player_choice":"Healed","damage_taken":0,"max_hp_gain":0,"max_hp_loss":0,"event_name":"The Cleric","floor":4,"gold_loss":35},{"damage_healed":0,"gold_gain":0,"player_choice":"Ignored","damage_taken":0,"max_hp_gain":0,"max_hp_loss":0,"event_name":"Ghosts","floor":22,"gold_loss":0},{"damage_healed":0,"gold_gain":0,"player_choice":"Shed Blood","damage_taken":25,"max_hp_gain":5,"max_hp_loss":0,"event_name":"Forgotten Altar","floor":23,"gold_loss":0},{"damage_healed":0,"gold_gain":0,"player_choice":"Fight","damage_taken":0,"max_hp_gain":0,"max_hp_loss":0,"event_name":"MindBloom","floor":37,"gold_loss":0},{"damage_healed":0,"gold_gain":0,"player_choice":"Fight","damage_taken":0,"max_hp_gain":0,"max_hp_loss":0,"event_name":"Mysterious Sphere","floor":39,"gold_loss":0},{"cards_removed":["Streamline"],"damage_healed":0,"gold_gain":0,"player_choice":"Removed Attack","damage_taken":0,"max_hp_gain":0,"max_hp_loss":0,"event_name":"Falling","floor":45,"gold_loss":0},{"damage_healed":15,"gold_gain":0,"player_choice":"Writhe","damage_taken":0,"max_hp_gain":0,"max_hp_loss":0,"event_name":"Winding Halls","floor":47,"gold_loss":0,"cards_obtained":["Writhe"]}],"is_beta":false,"boss_relics":[{"not_picked":["Black Star","SlaversCollar"],"picked":"Nuclear Battery"},{"not_picked":["Sozu","Inserter"],"picked":"Runic Pyramid"}],"items_purged_floors":[20],"is_endless":false,"potions_floor_spawned":[1,5,7,12,14,18,25,29,30,38,39,40,44],"ascension_level":20}}