{"host":"t0r9wuv4zaiwets7","time":1612564368,"event":{"mods":["AchievementEnabler","BaseMod","Bestiary","Colored Map","Colored Powertips","Downfall","Highlight Path","Minty Spire (QoL Compilation)","StSLib"],"gold_per_floor":[99,113,130,160,5,33,79,79,97,128,154,183,201,201,221,317,317,317,327,340,353,368,384,384,484,502,517,517,517,527,546,557,658,658,658,678,692,703,364,376,376,134,134,67,67,86,86,114,132,132],"floor_reached":51,"language":"ENG","playtime":3554,"items_purged":[],"score":930,"play_id":"846dea41-94fe-4d23-a8bc-02b0380ff457","local_time":"20210205143248","is_ascension_mode":true,"campfire_choices":[{"data":"Slimebound:Split","floor":1.0,"key":"SMITH"},{"data":"Slimebound:OneTwoCombo","floor":8.0,"key":"SMITH"},{"data":"Slimebound:MassRepurpose","floor":18.0,"key":"SMITH"},{"data":"Slimebound:LeadByExample","floor":28.0,"key":"SMITH"},{"data":"Slimebound:SplitSpecialist","floor":35.0,"key":"SMITH"},{"data":"expansioncontent:StudyTheSpire","floor":43.0,"key":"SMITH"},{"data":"Mind Blast","floor":45.0,"key":"SMITH"}],"circlet_count":0,"master_deck":["Slimebound:Strike_Slimebound","Slimebound:Strike_Slimebound","Slimebound:Strike_Slimebound","Slimebound:Tackle","Slimebound:Defend_Slimebound","Slimebound:Defend_Slimebound","Slimebound:Defend_Slimebound","Slimebound:Defend_Slimebound","Slimebound:Split+1","Slimebound:CorrosiveSpit","Slimebound:SplitSpecialist+1","Slimebound:Schlurp","Slimebound:Prepare","Slimebound:LeechingTouch","expansioncontent:InvincibleStrength","Slimebound:OneTwoCombo+1","Slimebound:GoopSpray","Slimebound:Teamwork","Slimebound:LeechLife","Slimebound:HauntingLick","Slimebound:MassRepurpose+1","Slimebound:Replication","Slimebound:Prepare+1","Slimebound:SplitLeeching+1","Slimebound:LeadByExample+1","Slimebound:GoopSpray+1","Slimebound:GoopSpray+1","Slimebound:MassRepurpose+1","Slimebound:Replication+1","Slimebound:ItLooksTasty+1","Slimebound:Prepare+1","Slimebound:DouseInSlime+1","Slimebound:SlimeSpikes+1","Slimebound:Prepare+1","Slimebound:GoopTackle","Slimebound:SpikyOuterGoop+1","Slimebound:SplitMire+1","Slimebound:SamplingLick+1","Slimebound:PressTheAttack+1","Slimebound:HauntingLick+1","Slimebound:SplitLeeching+1","Mind Blast+1","expansioncontent:StudyTheSpire+1","Slimebound:OneTwoCombo+1","Slimebound:FormOfPuddle+1","Slimebound:SpikyOuterGoop+1","Slimebound:SplitLeeching+1","Slimebound:RollThrough+1"],"relics":["Slimebound:AbsorbEndCombat","Singing Bowl","Ornamental Fan","Regal Pillow","Sundial","Vajra","Pen Nib","bronze:MakeshiftBattery","Toxic Egg 2","Philosopher\u0027s Stone","Bottled Flame","FossilizedHelix","DollysMirror","Strawberry"],"acts_visited":["Exordium","TheCity","TheBeyond"],"potions_floor_usage":[50,50,50,50],"damage_taken":[{"damage":15.0,"enemies":"Jaw Worm","floor":2.0,"turns":2.0},{"damage":0.0,"enemies":"2 Louse","floor":3.0,"turns":2.0},{"damage":1.0,"enemies":"downfall:FleeingMerchant","floor":5.0,"turns":4.0},{"damage":10.0,"enemies":"Gremlin Nob","floor":6.0,"turns":5.0},{"damage":3.0,"enemies":"Cultist","floor":9.0,"turns":3.0},{"damage":12.0,"enemies":"3 Sentries","floor":10.0,"turns":8.0},{"damage":15.0,"enemies":"Lagavulin","floor":12.0,"turns":7.0},{"damage":17.0,"enemies":"Lots of Slimes","floor":13.0,"turns":3.0},{"damage":0.0,"enemies":"Large Slime","floor":15.0,"turns":4.0},{"damage":29.0,"enemies":"IC_STATUS_ARCHETYPE","floor":16.0,"turns":9.0},{"damage":15.0,"enemies":"3 Byrds","floor":19.0,"turns":6.0},{"damage":6.0,"enemies":"Sentry and Sphere","floor":20.0,"turns":4.0},{"damage":30.0,"enemies":"Snake Plant","floor":21.0,"turns":5.0},{"damage":0.0,"enemies":"Snecko","floor":22.0,"turns":4.0},{"damage":13.0,"enemies":"Cultist and Chosen","floor":23.0,"turns":6.0},{"damage":5.0,"enemies":"Snake Plant","floor":26.0,"turns":4.0},{"damage":2.0,"enemies":"3 Cultists","floor":27.0,"turns":6.0},{"damage":4.0,"enemies":"Centurion and Healer","floor":30.0,"turns":6.0},{"damage":6.0,"enemies":"Snake Plant","floor":31.0,"turns":4.0},{"damage":9.0,"enemies":"Shelled Parasite and Fungi","floor":32.0,"turns":6.0},{"damage":20.0,"enemies":"SI_MIRROR_ARCHETYPE","floor":33.0,"turns":11.0},{"damage":6.0,"enemies":"3 Darklings","floor":36.0,"turns":6.0},{"damage":7.0,"enemies":"Orb Walker","floor":37.0,"turns":4.0},{"damage":10.0,"enemies":"Spire Growth","floor":38.0,"turns":4.0},{"damage":0.0,"enemies":"downfall:FleeingMerchant","floor":39.0,"turns":4.0},{"damage":10.0,"enemies":"Sphere and 2 Shapes","floor":40.0,"turns":4.0},{"damage":5.0,"enemies":"downfall:FleeingMerchant","floor":42.0,"turns":4.0},{"damage":0.0,"enemies":"4 Shapes","floor":46.0,"turns":4.0},{"damage":0.0,"enemies":"Reptomancer","floor":48.0,"turns":4.0},{"damage":12,"enemies":"Jaw Worm Horde","floor":49,"turns":5},{"damage":0,"enemies":"DF_ARCHETYPE_ORBS","floor":50,"turns":7}],"seed_played":"-5076390502356787624","potions_obtained":[{"floor":2.0,"key":"PowerPotion"},{"floor":6.0,"key":"Strength Potion"},{"floor":10.0,"key":"Guardian:BlockOnCardUsePotion"},{"floor":23.0,"key":"DuplicationPotion"},{"floor":32.0,"key":"Regen Potion"},{"floor":36.0,"key":"sneckomod:MuddlingPotion"},{"floor":46.0,"key":"Slimebound:SlimedPotion"}],"is_trial":false,"path_per_floor":["R","M","M","?","$","E","T","R","M","E","T","E","M","?","M","B",null,"R","M","M","M","M","M","T","?","M","M","R","?","M","M","M","B",null,"R","M","M","M","$","M","T","$","R","$","R","M","?","E","M","B",null],"character_chosen":"SLIMEBOUND","items_purchased":["Slimebound:LeechingTouch","expansioncontent:InvincibleStrength","Slimebound:SplitMire+1","Slimebound:SamplingLick+1","Bottled Flame","Slimebound:SplitLeeching+1","Mind Blast","EntropicBrew","expansioncontent:StudyTheSpire","DollysMirror","Slimebound:FormOfPuddle+1"],"campfire_rested":0,"item_purchase_floors":[5,5,39,39,39,42,42,42,42,42,44],"current_hp_per_floor":[71,58,60,60,63,59,59,59,60,56,56,49,34,57,73,58,73,73,65,68,40,48,43,43,43,42,52,52,52,68,68,71,72,73,73,71,68,67,73,63,63,66,66,66,66,73,73,80,72,80],"gold":132,"neow_bonus":"TEN_PERCENT_HP_BONUS","is_daily":false,"chose_seed":false,"campfire_upgraded":7,"win_rate":0.0,"timestamp":1612564368,"path_taken":["R","M","M","?","$","E","T","R","M","E","?","E","M","?","M","BOSS","R","M","M","M","M","M","T","?","?","?","R","?","M","M","M","BOSS","R","M","?","M","$","M","T","$","R","$","R","M","?","E","M","BOSS"],"items_purchased_type":["Card","Card","Card","Card","Relic","Card","Card","Potion","Card","Relic","Card"],"build_version":"2020-12-22","purchased_purges":0,"victory":true,"max_hp_per_floor":[71,71,71,71,71,71,71,71,71,71,71,71,71,71,73,73,73,73,73,73,73,73,73,73,73,73,73,73,73,73,73,73,73,73,73,73,73,73,73,73,73,73,73,73,73,73,73,80,80,80],"card_choices":[{"not_picked":["Slimebound:SamplingLick","Slimebound:FlameTackle"],"picked":"Slimebound:SplitSpecialist","floor":2.0},{"not_picked":["Slimebound:GrowthPunch","Slimebound:GoopTackle"],"picked":"Slimebound:Schlurp","floor":3.0},{"not_picked":["Slimebound:SplitLeeching","Slimebound:RainOfGoop"],"picked":"Slimebound:Prepare","floor":5.0},{"not_picked":["Slimebound:ItLooksTasty","Slimebound:LeechEnergy"],"picked":"Slimebound:OneTwoCombo","floor":6.0},{"not_picked":["Slimebound:TongueLash","Slimebound:SamplingLick"],"picked":"Slimebound:GoopSpray","floor":9.0},{"not_picked":["Slimebound:GoopSpray","Slimebound:LeechingTouch"],"picked":"Slimebound:Teamwork","floor":10.0},{"not_picked":["Slimebound:FinishingTackle","Slimebound:Replication"],"picked":"Slimebound:LeechLife","floor":12.0},{"not_picked":["Slimebound:SlimeBarrage","Slimebound:SlimeBrawl"],"picked":"Slimebound:HauntingLick","floor":13.0},{"not_picked":["Slimebound:PressTheAttack","Slimebound:SlimeSpikes","Slimebound:LivingWall"],"picked":"Singing Bowl","floor":15.0},{"not_picked":["Slimebound:MassFeed","Slimebound:RallyTheTroops"],"picked":"Slimebound:MassRepurpose","floor":16.0},{"not_picked":["Slimebound:SamplingLick","Slimebound:RollThrough"],"picked":"Slimebound:Replication","floor":19.0},{"not_picked":["Slimebound:RollThrough","Slimebound:TongueLash+1"],"picked":"Slimebound:Repurpose","floor":20.0},{"not_picked":["Slimebound:PressTheAttack","Slimebound:TongueLash+1"],"picked":"Slimebound:Prepare+1","floor":21.0},{"not_picked":["Slimebound:AcidTongue","Slimebound:HauntingLick"],"picked":"Slimebound:SplitLeeching+1","floor":22.0},{"not_picked":["Slimebound:Equalize","Slimebound:ViciousTackle"],"picked":"Slimebound:LeadByExample","floor":23.0},{"not_picked":["Slimebound:LeechEnergy","Slimebound:ComboTackle"],"picked":"Slimebound:GoopSpray+1","floor":26.0},{"not_picked":["Slimebound:PressTheAttack","Slimebound:HauntingLick+1"],"picked":"Slimebound:GoopSpray+1","floor":27.0},{"not_picked":["Slimebound:OneTwoCombo","Slimebound:HungryTackle"],"picked":"Slimebound:Replication+1","floor":30.0},{"not_picked":["Slimebound:LevelUp","Slimebound:PressTheAttack+1"],"picked":"Slimebound:ItLooksTasty+1","floor":31.0},{"not_picked":["Slimebound:LeechingTouch","Slimebound:ForwardTackle+1"],"picked":"Slimebound:Prepare+1","floor":32.0},{"not_picked":["Slimebound:MassFeed","Slimebound:RallyTheTroops"],"picked":"Slimebound:DouseInSlime+1","floor":33.0},{"not_picked":["Slimebound:FinishingTackle","Slimebound:BestDefense"],"picked":"Slimebound:SlimeSpikes+1","floor":36.0},{"not_picked":["Slimebound:SlimeTap+1","Slimebound:SlimeSpikes+1"],"picked":"Slimebound:Prepare+1","floor":37.0},{"not_picked":["Slimebound:Schlurp+1","Slimebound:ItLooksTasty"],"picked":"Slimebound:GoopTackle","floor":38.0},{"not_picked":["Slimebound:PressTheAttack+1","Slimebound:GrowthPunch"],"picked":"Slimebound:SpikyOuterGoop+1","floor":39.0},{"not_picked":["Slimebound:HauntingLick+1","Slimebound:LeadByExample+1"],"picked":"Slimebound:PressTheAttack+1","floor":40.0},{"not_picked":["Slimebound:GrowthPunch+1","Slimebound:LivingWall+1"],"picked":"Slimebound:HauntingLick+1","floor":42.0},{"not_picked":["Slimebound:RollThrough+1","Slimebound:Chomp"],"picked":"Slimebound:SpikyOuterGoop+1","floor":46.0},{"not_picked":["Slimebound:ItLooksTasty","Slimebound:FinishingTackle+1"],"picked":"Slimebound:SplitLeeching+1","floor":48},{"not_picked":["Slimebound:Chomp","Slimebound:SpikyOuterGoop+1"],"picked":"Slimebound:RollThrough+1","floor":49}],"player_experience":189296,"relics_obtained":[{"floor":6.0,"key":"Ornamental Fan"},{"floor":7.0,"key":"Regal Pillow"},{"floor":10.0,"key":"Sundial"},{"floor":11.0,"key":"Vajra"},{"floor":12.0,"key":"Pen Nib"},{"floor":24.0,"key":"Toxic Egg 2"},{"floor":41.0,"key":"FossilizedHelix"},{"floor":48,"key":"Strawberry"}],"event_choices":[{"damage_healed":23.0,"max_hp_gain":0.0,"max_hp_loss":0.0,"gold_gain":0.0,"event_name":"Big Fish","player_choice":"Banana","floor":14.0,"gold_loss":0.0,"damage_taken":0.0}],"is_beta":false,"boss_relics":[{"not_picked":["Cursed Key","Busted Crown"],"picked":"bronze:MakeshiftBattery"},{"not_picked":["Slimebound:TarBlob","Snecko Eye"],"picked":"Philosopher\u0027s Stone"}],"items_purged_floors":[],"is_endless":false,"potions_floor_spawned":[2,6,10,12,15,21,23,27,30,32,36,40,46,49],"ascension_level":2}}