{"host":"tj6tjcyqgbd0xj5u","time":1612492192,"event":{"mods":["Aspiration","BaseMod","Better Match","BetterRewards","Challenge The Spire","Conspire","Defuse TimeMaze Blight","Downfall","Energized Spire","Evolution","GifTheSpireLib","Halation","Hubris","Infinite Spire","Minty Spire (QoL Compilation)","Replay The Spire","Reworked Bosses","Spikes Relics","StS++","StSLib","Stuff the Spire"],"gold_per_floor":[99,109,284,59,121,151,174,186,202,216,216,228,228,238,256,359,359,359,7,22,22,22,40,40,40,40,40,55,15,15,15,26,26,26,26],"floor_reached":33,"language":"ENG","playtime":1524,"items_purged":[],"score":272,"play_id":"0b9f9e09-a989-4496-836d-f3f07ef7495d","local_time":"20210204222952","is_ascension_mode":false,"campfire_choices":[{"data":"bronze:Replicate","floor":1,"key":"SMITH"},{"floor":13,"key":"REST"},{"data":"bronze:Overload","floor":18,"key":"SMITH"},{"data":"expansioncontent:StudyTheSpire","floor":25,"key":"SMITH"},{"floor":30,"key":"REST"}],"circlet_count":0,"master_deck":["bronze:Strike","bronze:Strike","bronze:Strike","bronze:Strike","bronze:Defend","bronze:Defend","bronze:Defend","bronze:Defend","bronze:Replicate+1","bronze:Goto","bronze:Shell","Doubt","bronze:BugBarrage","expansioncontent:DashGenerateEvil","bronze:CutThrough","bronze:Branch","bronze:Fortify","bronze:WildBeam","bronze:GetLatest","bronze:WhirlingStrike+1","bronze:Overload+1","bronze:WhirlingStrike+1","bronze:HyperBeam","bronze:OilSpill+1","expansioncontent:StudyTheSpire+1","downfall:Bewildered","bronze:CloningBeam+1","StuffTheSpire:CelestialWarden","bronze:WhirlingStrike+1","Pain","bronze:BuggyMess"],"relics":["bronze:BronzeCore","EVO:Axolotl","Strawberry","bronze:ProtectiveGoggles","ReplayTheSpireMod:TigerMarble","Sozu","Lee\u0027s Waffle","sneckomod:BabySnecko","Replay:Bottled Eggs","Potion Belt","Happy Flower"],"acts_visited":["Exordium","TheCity"],"potions_floor_usage":[10,14,16,16,16],"damage_taken":[{"damage":1,"enemies":"Jaw Worm","floor":2,"turns":2},{"damage":10,"enemies":"downfall:FleeingMerchant","floor":4,"turns":4},{"damage":32,"enemies":"Lagavulin","floor":6,"turns":9},{"damage":1,"enemies":"Small Slimes","floor":8,"turns":3},{"damage":5,"enemies":"2 Louse","floor":9,"turns":2},{"damage":8,"enemies":"Red Slaver","floor":10,"turns":3},{"damage":0,"enemies":"Lots of Slimes","floor":12,"turns":1},{"damage":1,"enemies":"Exordium Wildlife","floor":14,"turns":2},{"damage":0,"enemies":"Large Slime","floor":15,"turns":3},{"damage":24,"enemies":"SI_SHIV_ARCHETYPE","floor":16,"turns":7},{"damage":2,"enemies":"downfall:FleeingMerchant","floor":19,"turns":4},{"damage":0,"enemies":"Chosen","floor":20,"turns":2},{"damage":0,"enemies":"conspire:FuzzyDice","floor":23,"turns":4},{"damage":36,"enemies":"Centurion and Healer","floor":28,"turns":5},{"damage":20,"enemies":"downfall:FleeingMerchant","floor":29,"turns":4},{"damage":12,"enemies":"Shelled Parasite and Fungi","floor":32,"turns":3},{"damage":34,"enemies":"IC_MUSHROOM_ARCHETYPE","floor":33,"turns":4}],"seed_played":"5858030967642124528","potions_obtained":[{"floor":5,"key":"Reflective Coating"},{"floor":6,"key":"BlessingOfTheForge"},{"floor":8,"key":"Weak Potion"},{"floor":9,"key":"ColorlessPotion"},{"floor":11,"key":"DistilledChaos"},{"floor":11,"key":"bronze:CleanCodePotion"},{"floor":11,"key":"DistilledChaos"},{"floor":15,"key":"LiquidBronze"}],"is_trial":false,"path_per_floor":["R","M","?","$","?","E","T","M","M","M","?","M","R","M","M","B",null,"R","$","M","?","T","M","T","R","?","?","M","$","R","?","M","B"],"character_chosen":"THE_AUTOMATON","items_purchased":["expansioncontent:DashGenerateEvil","bronze:CutThrough","expansioncontent:StudyTheSpire","Lee\u0027s Waffle","bronze:WhirlingStrike"],"campfire_rested":2,"item_purchase_floors":[4,4,19,19,29],"current_hp_per_floor":[77,76,76,66,73,41,41,40,35,27,27,27,52,51,51,27,84,84,91,91,91,91,91,91,91,91,69,33,13,40,40,28,0,0,0],"gold":26,"neow_bonus":"TEN_PERCENT_HP_BONUS","is_daily":false,"chose_seed":false,"campfire_upgraded":3,"win_rate":0.0,"timestamp":1612492192,"path_taken":["R","M","?","$","?","E","T","M","M","M","?","M","R","?","M","BOSS","R","?","M","?","?","M","T","R","?","?","M","$","R","?","M","BOSS"],"items_purchased_type":["Card","Card","Card","Relic","Card"],"build_version":"2020-12-22","purchased_purges":0,"victory":false,"max_hp_per_floor":[77,77,77,77,84,84,84,84,84,84,84,84,84,84,84,84,84,84,91,91,91,91,91,91,91,91,91,91,91,91,91,91,91,91,91],"card_choices":[{"not_picked":["bronze:Optimize","bronze:FineTuning"],"picked":"bronze:Shell","floor":2},{"not_picked":["bronze:MaxOutput","bronze:DelayedGuard"],"picked":"bronze:BugBarrage","floor":4},{"not_picked":["bronze:Overload","bronze:Boost"],"picked":"bronze:Branch","floor":5},{"not_picked":["bronze:WildBeam","bronze:Overheat"],"picked":"bronze:Fortify","floor":5},{"not_picked":["bronze:HardenedForm","bronze:SpaghettiCode"],"picked":"bronze:WildBeam","floor":6},{"not_picked":["bronze:Shield","bronze:BugBarrage"],"picked":"bronze:GetLatest","floor":8},{"not_picked":["bronze:Invalidate","bronze:Frontload"],"picked":"bronze:WhirlingStrike","floor":9},{"not_picked":["bronze:Backtrace","bronze:ClassDefault"],"picked":"bronze:Overload","floor":10},{"not_picked":["bronze:BronzeArmor","bronze:Branch","bronze:Shield"],"picked":"SKIP","floor":12},{"not_picked":["bronze:Branch","bronze:ChosenStrike","bronze:Turbo"],"picked":"SKIP","floor":14},{"not_picked":["bronze:FollowUp","bronze:Backtrace"],"picked":"bronze:WhirlingStrike","floor":15},{"not_picked":["bronze:CleanCode","bronze:BurnOut"],"picked":"bronze:HyperBeam","floor":16},{"not_picked":["bronze:BitShift+1","bronze:BugBarrage+1"],"picked":"bronze:OilSpill+1","floor":19},{"not_picked":["bronze:ClassDefault","bronze:NullPointer","bronze:Shield"],"picked":"SKIP","floor":20},{"not_picked":["bronze:Allocate","bronze:Flail"],"picked":"bronze:CloningBeam+1","floor":23},{"not_picked":["bronze:Branch+1","bronze:MaxOutput+1","bronze:OilSpill"],"picked":"SKIP","floor":28},{"not_picked":["bronze:ItsAFeature","bronze:Overheat","bronze:BurnOut"],"picked":"SKIP","floor":29},{"not_picked":["bronze:Repulsor","bronze:Shell"],"picked":"bronze:BuggyMess","floor":32}],"player_experience":107422,"relics_obtained":[{"floor":5,"key":"Strawberry"},{"floor":6,"key":"bronze:ProtectiveGoggles"},{"floor":7,"key":"ReplayTheSpireMod:TigerMarble"},{"floor":22,"key":"Replay:Bottled Eggs"},{"floor":24,"key":"Potion Belt"}],"event_choices":[{"damage_healed":0,"gold_gain":0,"player_choice":"Got Potions","damage_taken":0,"max_hp_gain":0,"max_hp_loss":0,"event_name":"Lab","floor":11,"gold_loss":0},{"damage_healed":0,"gold_gain":0,"player_choice":"Ignored","damage_taken":0,"max_hp_gain":0,"max_hp_loss":0,"event_name":"Vampires","floor":26,"gold_loss":0}],"is_beta":false,"boss_relics":[{"not_picked":["StSpp:FireArrow","conspire:SeveredTorchhead"],"picked":"Sozu"}],"items_purged_floors":[],"is_endless":false,"potions_floor_spawned":[6,8,9,12,15,20,32],"killed_by":"IC_MUSHROOM_ARCHETYPE","ascension_level":0}}