{"host":"rolltorest","time":1612568488,"event":{"mods":["BaseMod","Minty Spire (QoL Compilation)","Relic Stats","Slay the Relics Exporter","StSLib"],"gold_per_floor":[110,185,21,21,21,47,47,79,128,128,151,151,190,209,209,295,295,322,367,393,393,402,438,438,42,69,95,132,149,180,203,203,203,203],"floor_reached":33,"language":"ENG","playtime":1118,"items_purged":["Bite"],"score":767,"play_id":"0ee0c889-f48c-41cf-a559-ad6b95867245","local_time":"20210205154128","is_ascension_mode":true,"campfire_choices":[{"data":"Immolate","floor":7,"key":"SMITH"},{"data":"Clothesline","floor":10,"key":"SMITH"},{"data":"Bash","floor":15,"key":"SMITH"},{"data":"Feed","floor":24,"key":"SMITH"},{"data":"Burning Pact","floor":32,"key":"SMITH"}],"circlet_count":0,"master_deck":["AscendersBane","Defend_R+1","Defend_R","Defend_R","Defend_R+1","Bash+1","Clothesline+1","Immolate+1","Feel No Pain","Burning Pact+1","Feel No Pain+1","Headbutt","Feed+1","Metallicize+1","Bite","Bite","Bite","Bite","Ghostly Armor+1","Pain","Spot Weakness","Juggernaut+1","Mayhem+1","Rupture+1","Offering","Shrug It Off"],"relics":["Burning Blood","NeowsBlessing","Dream Catcher","Meat on the Bone","CeramicFish","Frozen Egg 2","Orichalcum","Runic Cube","Enchiridion","WarpedTongs","Du-Vu Doll","PreservedInsect","Omamori","Mercury Hourglass"],"acts_visited":["Exordium","TheCity"],"potions_floor_usage":[13,16,16,23],"damage_taken":[{"damage":0,"enemies":"2 Louse","floor":1,"turns":1},{"damage":0,"enemies":"Lagavulin","floor":6,"turns":1},{"damage":0,"enemies":"Gremlin Nob","floor":8,"turns":1},{"damage":1,"enemies":"Jaw Worm","floor":11,"turns":2},{"damage":39,"enemies":"Lagavulin","floor":13,"turns":9},{"damage":4,"enemies":"Cultist","floor":14,"turns":4},{"damage":49,"enemies":"The Guardian","floor":16,"turns":14},{"damage":5,"enemies":"Chosen","floor":18,"turns":7},{"damage":23,"enemies":"2 Thieves","floor":20,"turns":5},{"damage":16,"enemies":"Slavers","floor":23,"turns":4},{"damage":40,"enemies":"Snake Plant","floor":27,"turns":6},{"damage":40,"enemies":"Book of Stabbing","floor":28,"turns":5},{"damage":10,"enemies":"Snecko","floor":29,"turns":5},{"damage":44,"enemies":"Slavers","floor":30,"turns":7},{"damage":5,"enemies":"Centurion and Healer","floor":31,"turns":6},{"damage":89,"enemies":"Collector","floor":33,"turns":8}],"seed_played":"-3501361956051928904","potions_obtained":[{"floor":6,"key":"EssenceOfSteel"},{"floor":11,"key":"AttackPotion"},{"floor":13,"key":"Explosive Potion"},{"floor":18,"key":"Strength Potion"},{"floor":20,"key":"PowerPotion"},{"floor":29,"key":"FearPotion"}],"is_trial":false,"path_per_floor":["M","?","$","?","?","E","R","E","T","R","M","T","E","M","R","B",null,"M","?","M","?","?","E","R","$","T","M","E","M","E","M","R","B"],"character_chosen":"IRONCLAD","items_purchased":["Immolate","Juggernaut+1","Mayhem+1"],"campfire_rested":0,"item_purchase_floors":[3,25,25],"current_hp_per_floor":[74,63,63,40,45,51,51,57,57,57,62,62,41,55,55,24,66,67,56,48,27,27,39,39,39,39,37,27,41,31,48,48,0,0],"gold":203,"neow_bonus":"THREE_ENEMY_KILL","is_daily":false,"chose_seed":false,"campfire_upgraded":5,"win_rate":0.0,"timestamp":1612568488,"path_taken":["M","?","$","?","?","E","R","E","T","R","M","?","E","M","R","BOSS","M","?","M","?","?","E","R","$","T","M","E","M","E","M","R","BOSS"],"items_purchased_type":["Card","Card","Card"],"build_version":"2020-12-18","purchased_purges":1,"victory":false,"max_hp_per_floor":[75,75,75,75,80,80,80,80,80,80,80,80,80,80,80,80,80,80,56,59,59,59,62,62,62,62,62,66,66,66,70,70,70,70],"relic_stats":{"Dream Catcher":0,"counters":[16,85],"CeramicFish":162,"PreservedInsect":83,"Orichalcum":[198],"obtain_stats":[{"NeowsBlessing":0,"CeramicFish":9,"Enchiridion":21,"PreservedInsect":26,"Omamori":28,"Frozen Egg 2":12,"Orichalcum":13,"Burning Blood":0,"WarpedTongs":22,"Mercury Hourglass":30,"Du-Vu Doll":23,"Dream Catcher":6,"Meat on the Bone":8,"Runic Cube":17},{"NeowsBlessing":0,"CeramicFish":3,"Enchiridion":9,"PreservedInsect":10,"Omamori":12,"Frozen Egg 2":4,"Orichalcum":5,"Burning Blood":0,"WarpedTongs":9,"Mercury Hourglass":14,"Du-Vu Doll":10,"Dream Catcher":2,"Meat on the Bone":3,"Runic Cube":7},{"NeowsBlessing":0,"CeramicFish":3,"Enchiridion":44,"PreservedInsect":48,"Omamori":59,"Frozen Egg 2":5,"Orichalcum":14,"Burning Blood":0,"WarpedTongs":44,"Mercury Hourglass":71,"Du-Vu Doll":48,"Dream Catcher":2,"Meat on the Bone":3,"Runic Cube":32}],"Burning Blood":90,"Meat on the Bone":96,"Runic Cube":[66],"WarpedTongs":[38],"Mercury Hourglass":[69]},"card_choices":[{"not_picked":["Dropkick","Battle Trance"],"picked":"Clothesline","floor":1},{"not_picked":["Pommel Strike","Burning Pact"],"picked":"Feel No Pain","floor":6},{"not_picked":["Iron Wave","Clash","Intimidate"],"picked":"SKIP","floor":8},{"not_picked":["Rampage","Inflame"],"picked":"Burning Pact","floor":11},{"not_picked":["Pommel Strike","Cleave"],"picked":"Feel No Pain+1","floor":13},{"not_picked":["Clothesline","Clash"],"picked":"Headbutt","floor":14},{"not_picked":["Impervious","Brutality+1"],"picked":"Feed","floor":16},{"not_picked":["Dual Wield","Havoc"],"picked":"Metallicize+1","floor":18},{"not_picked":["Havoc","Thunderclap+1"],"picked":"Ghostly Armor+1","floor":20},{"not_picked":["Perfected Strike","Uppercut"],"picked":"Spot Weakness","floor":23},{"not_picked":["Anger","Wild Strike"],"picked":"Rupture+1","floor":27},{"not_picked":["Sword Boomerang","Clash"],"picked":"Offering","floor":28},{"not_picked":["Anger+1","Cleave","Pommel Strike"],"picked":"SKIP","floor":29},{"not_picked":["Headbutt","Rage","Pommel Strike"],"picked":"SKIP","floor":30},{"not_picked":["Clash+1","Pummel"],"picked":"Shrug It Off","floor":31}],"player_experience":1878100,"relics_obtained":[{"floor":6,"key":"Dream Catcher"},{"floor":8,"key":"Meat on the Bone"},{"floor":9,"key":"CeramicFish"},{"floor":12,"key":"Frozen Egg 2"},{"floor":13,"key":"Orichalcum"},{"floor":21,"key":"Enchiridion"},{"floor":23,"key":"Du-Vu Doll"},{"floor":26,"key":"PreservedInsect"},{"floor":28,"key":"Omamori"},{"floor":30,"key":"Mercury Hourglass"}],"event_choices":[{"damage_healed":0,"gold_gain":75,"player_choice":"Gather Gold","damage_taken":11,"max_hp_gain":0,"max_hp_loss":0,"event_name":"World of Goop","floor":2,"gold_loss":0},{"damage_healed":0,"gold_gain":0,"player_choice":"Entered Light","damage_taken":23,"max_hp_gain":0,"max_hp_loss":0,"event_name":"Shining Light","floor":4,"gold_loss":0,"cards_upgraded":["Defend_R","Defend_R"]},{"damage_healed":0,"gold_gain":0,"player_choice":"Donut","damage_taken":0,"max_hp_gain":5,"max_hp_loss":0,"event_name":"Big Fish","floor":5,"gold_loss":0},{"damage_healed":0,"gold_gain":0,"player_choice":"Became a vampire","damage_taken":0,"max_hp_gain":0,"max_hp_loss":24,"event_name":"Vampires","floor":19,"gold_loss":0,"cards_obtained":["Bite","Bite","Bite","Bite","Bite"]},{"damage_healed":0,"gold_gain":0,"player_choice":"Obtained Book","damage_taken":21,"max_hp_gain":0,"max_hp_loss":0,"event_name":"Cursed Tome","floor":21,"gold_loss":0},{"damage_healed":0,"gold_gain":0,"player_choice":"Rummage","damage_taken":0,"relics_obtained":["WarpedTongs"],"max_hp_gain":0,"max_hp_loss":0,"event_name":"Accursed Blacksmith","floor":22,"gold_loss":0,"cards_obtained":["Pain"]}],"is_beta":true,"boss_relics":[{"not_picked":["Calling Bell","Sozu"],"picked":"Runic Cube"}],"items_purged_floors":[25],"is_endless":false,"potions_floor_spawned":[6,11,13,18,20,29,30],"killed_by":"Collector","ascension_level":20}}