{"host":"rolltorest","time":1612561200,"event":{"mods":["BaseMod","Minty Spire (QoL Compilation)","Relic Stats","Slay the Relics Exporter","StSLib"],"gold_per_floor":[111,111,131,56,56,86,86,118,118,149,149,162,162,29,29,103,103,116,30,48,58,58,58,71,105,105,105,29,43,43,43,43],"floor_reached":31,"language":"ENG","playtime":714,"items_purged":["Strike_R"],"score":592,"play_id":"8dd82a96-1f16-41e5-b1b5-2c25f294e181","local_time":"20210205134000","is_ascension_mode":true,"campfire_choices":[{"data":"Blood for Blood","floor":7,"key":"SMITH"},{"data":"Immolate","floor":11,"key":"SMITH"},{"data":"Metallicize","floor":15,"key":"SMITH"},{"floor":23,"key":"REST"},{"floor":27,"key":"REST"},{"floor":30,"key":"REST"}],"circlet_count":0,"master_deck":["AscendersBane","Strike_R","Strike_R","Strike_R","Defend_R+1","Defend_R","Defend_R","Defend_R","Bash","Armaments+1","Blood for Blood+1","Immolate+1","Clothesline","Metallicize+1","Double Tap","Inflame","Feel No Pain","Evolve","Headbutt+1","Dark Embrace"],"relics":["Burning Blood","NeowsBlessing","Smiling Mask","WingedGreaves","MealTicket","Matryoshka","Blood Vial","Letter Opener","Black Star","Boot","Singing Bowl","Red Skull","Bottled Tornado"],"acts_visited":["Exordium","TheCity"],"potions_floor_usage":[16,16,24,25,25],"damage_taken":[{"damage":0,"enemies":"Small Slimes","floor":1,"turns":1},{"damage":0,"enemies":"2 Louse","floor":3,"turns":1},{"damage":0,"enemies":"Gremlin Nob","floor":6,"turns":1},{"damage":30,"enemies":"Lagavulin","floor":8,"turns":6},{"damage":20,"enemies":"3 Sentries","floor":10,"turns":4},{"damage":4,"enemies":"Jaw Worm","floor":12,"turns":6},{"damage":24,"enemies":"The Guardian","floor":16,"turns":15},{"damage":20,"enemies":"Chosen","floor":18,"turns":7},{"damage":11,"enemies":"Spheric Guardian","floor":20,"turns":4},{"damage":34,"enemies":"Snake Plant","floor":21,"turns":6},{"damage":30,"enemies":"3 Cultists","floor":24,"turns":4},{"damage":25,"enemies":"Slavers","floor":25,"turns":2},{"damage":39,"enemies":"Shelled Parasite and Fungi","floor":29,"turns":6},{"damage":46,"enemies":"Book of Stabbing","floor":31,"turns":5}],"seed_played":"-7455006649515965480","potions_obtained":[{"floor":3,"key":"DistilledChaos"},{"floor":10,"key":"Strength Potion"},{"floor":16,"key":"PowerPotion"},{"floor":20,"key":"SpeedPotion"},{"floor":21,"key":"Regen Potion"},{"floor":24,"key":"AttackPotion"}],"is_trial":false,"path_per_floor":["M","?","M","?","T","E","R","E","T","E","R","M","?","$","R","B",null,"M","$","M","M","?","R","M","E","T","R","$","M","R","E"],"character_chosen":"IRONCLAD","items_purchased":["Metallicize","Inflame","Dark Embrace"],"campfire_rested":3,"item_purchase_floors":[14,19,28],"current_hp_per_floor":[74,56,62,62,62,68,68,44,44,32,32,36,13,28,28,12,59,47,62,59,33,27,49,27,17,17,40,55,26,49,5,5],"gold":43,"neow_bonus":"THREE_ENEMY_KILL","is_daily":false,"chose_seed":false,"campfire_upgraded":3,"win_rate":0.0,"timestamp":1612561200,"path_taken":["M","?","M","?","?","E","R","E","T","E","R","?","?","?","R","BOSS","M","$","M","M","?","R","M","E","T","R","$","?","R","E"],"items_purchased_type":["Card","Card","Card"],"build_version":"2020-12-18","purchased_purges":1,"victory":false,"max_hp_per_floor":[75,75,75,75,75,75,75,75,75,75,75,75,75,75,75,75,75,75,75,75,75,75,75,75,77,77,77,77,79,79,79,79],"relic_stats":{"Blood Vial":20,"Singing Bowl":4,"counters":[14,68],"MealTicket":45,"Black Star":1,"Letter Opener":[10],"Smiling Mask":25,"Boot":[2],"obtain_stats":[{"NeowsBlessing":0,"Singing Bowl":25,"Letter Opener":10,"Bottled Tornado":26,"Smiling Mask":2,"Boot":25,"Burning Blood":0,"Blood Vial":9,"Matryoshka":8,"MealTicket":6,"WingedGreaves":5,"Black Star":17,"Red Skull":26},{"NeowsBlessing":0,"Singing Bowl":12,"Letter Opener":5,"Bottled Tornado":12,"Smiling Mask":1,"Boot":12,"Burning Blood":0,"Blood Vial":4,"Matryoshka":4,"MealTicket":3,"WingedGreaves":2,"Black Star":7,"Red Skull":12},{"NeowsBlessing":0,"Singing Bowl":57,"Letter Opener":13,"Bottled Tornado":57,"Smiling Mask":1,"Boot":57,"Burning Blood":0,"Blood Vial":9,"Matryoshka":9,"MealTicket":3,"WingedGreaves":2,"Black Star":34,"Red Skull":57}],"Burning Blood":78},"card_choices":[{"not_picked":["Clash","True Grit"],"picked":"Armaments","floor":1},{"not_picked":["Body Slam","Flex","Entrench"],"picked":"SKIP","floor":3},{"not_picked":["Wild Strike","Warcry"],"picked":"Blood for Blood","floor":6},{"not_picked":["Iron Wave","Evolve"],"picked":"Immolate","floor":8},{"not_picked":["Rage","Havoc"],"picked":"Clothesline","floor":10},{"not_picked":["Anger","Pommel Strike","True Grit"],"picked":"SKIP","floor":12},{"not_picked":["Exhume","Brutality"],"picked":"Double Tap","floor":16},{"not_picked":["Warcry+1","Armaments+1","Heavy Blade"],"picked":"SKIP","floor":18},{"not_picked":["Intimidate","Spot Weakness"],"picked":"Feel No Pain","floor":20},{"not_picked":["Havoc","Sword Boomerang"],"picked":"Evolve","floor":21},{"not_picked":["Flex","Armaments"],"picked":"Headbutt+1","floor":24},{"not_picked":["Combust","Bloodletting","Intimidate"],"picked":"Singing Bowl","floor":25},{"not_picked":["Pommel Strike+1","Iron Wave","Wild Strike"],"picked":"Singing Bowl","floor":29}],"player_experience":1871299,"relics_obtained":[{"floor":5,"key":"WingedGreaves"},{"floor":6,"key":"MealTicket"},{"floor":8,"key":"Matryoshka"},{"floor":9,"key":"Blood Vial"},{"floor":10,"key":"Letter Opener"},{"floor":25,"key":"Boot"},{"floor":25,"key":"Singing Bowl"},{"floor":26,"key":"Red Skull"},{"floor":26,"key":"Bottled Tornado"}],"event_choices":[{"damage_healed":0,"gold_gain":0,"player_choice":"Success","damage_taken":18,"relics_obtained":["Smiling Mask"],"max_hp_gain":0,"max_hp_loss":0,"event_name":"Scrap Ooze","floor":2,"gold_loss":0},{"cards_removed":["Strike_R"],"damage_healed":0,"gold_gain":0,"player_choice":"Card Removal","damage_taken":0,"max_hp_gain":0,"max_hp_loss":0,"event_name":"The Cleric","floor":4,"gold_loss":75},{"damage_healed":0,"gold_gain":0,"player_choice":"Entered Light","damage_taken":23,"max_hp_gain":0,"max_hp_loss":0,"event_name":"Shining Light","floor":13,"gold_loss":0,"cards_upgraded":["Defend_R","Armaments"]},{"damage_healed":0,"gold_gain":0,"player_choice":"","damage_taken":6,"max_hp_gain":0,"max_hp_loss":0,"event_name":"Knowing Skull","floor":22,"potions_obtained":[],"gold_loss":0,"cards_obtained":[]}],"is_beta":true,"boss_relics":[{"not_picked":["Empty Cage","Fusion Hammer"],"picked":"Black Star"}],"items_purged_floors":[14],"is_endless":false,"potions_floor_spawned":[3,10,16,20,21,24],"killed_by":"Book of Stabbing","ascension_level":20}}