{"host":"gknpnudn4hog7rzv","time":1612500074,"event":{"mods":["BaseMod","BetterRewards","Downfall","Hermit","Minty Spire (QoL Compilation)","Robot Space Explorer","StSLib","The Bladedancer","The Bug Knight","The Necromancer"],"gold_per_floor":[109,120,120,145,95,95,128,128,155,175,175,26,40,60,60,60,60],"floor_reached":16,"language":"ENG","playtime":430,"items_purged":[],"score":102,"play_id":"dfd7af66-87d1-48ac-bbbf-6447b07c2790","local_time":"20210204214114","is_ascension_mode":false,"campfire_choices":[{"data":"RobotSpaceExplorer:MiniLasers","floor":6,"key":"SMITH"},{"data":"RobotSpaceExplorer:ShovelStrike","floor":8,"key":"SMITH"},{"floor":11,"key":"REST"},{"floor":15,"key":"REST"}],"circlet_count":0,"master_deck":["RobotSpaceExplorer:Strike","RobotSpaceExplorer:Strike","RobotSpaceExplorer:Strike","RobotSpaceExplorer:Strike","RobotSpaceExplorer:Defend","RobotSpaceExplorer:Defend","RobotSpaceExplorer:Defend","RobotSpaceExplorer:Defend","RobotSpaceExplorer:Scan","RobotSpaceExplorer:MiniLasers+1","RobotSpaceExplorer:Counterblock","RobotSpaceExplorer:ScrapMissile","RobotSpaceExplorer:ScrapMissile","RobotSpaceExplorer:ShovelStrike+1","RobotSpaceExplorer:LaserBurst"],"relics":["RobotSpaceExplorer:RoboCore","Sozu","Shovel","Golden Idol","Art of War","Regal Pillow","OrangePellets"],"acts_visited":["Exordium"],"potions_floor_usage":[],"damage_taken":[{"damage":0,"enemies":"Cultist","floor":1,"turns":4},{"damage":0,"enemies":"2 Louse","floor":2,"turns":3},{"damage":1,"enemies":"Jaw Worm","floor":4,"turns":4},{"damage":27,"enemies":"Gremlin Nob","floor":7,"turns":5},{"damage":12,"enemies":"Exordium Wildlife","floor":10,"turns":2},{"damage":10,"enemies":"Gremlin Gang","floor":13,"turns":4},{"damage":4,"enemies":"2 Fungi Beasts","floor":14,"turns":3},{"damage":77,"enemies":"Hexaghost","floor":16,"turns":13}],"seed_played":"487653414228644718","potions_obtained":[],"is_trial":false,"path_per_floor":["M","M","?","M","?","R","E","R","T","M","R","$","M","M","R","B"],"character_chosen":"RobotSpaceExplorer","items_purchased":["RobotSpaceExplorer:BigMissile","OrangePellets"],"campfire_rested":2,"item_purchase_floors":[0,12],"current_hp_per_floor":[75,75,75,74,74,74,47,47,47,35,72,72,62,58,75,0,0],"gold":60,"neow_bonus":"","is_daily":false,"chose_seed":false,"campfire_upgraded":2,"win_rate":0.0,"timestamp":1612500074,"path_taken":["M","?","?","M","?","R","E","R","T","M","R","?","?","M","R","BOSS"],"items_purchased_type":["Card","Relic"],"build_version":"2020-12-22","purchased_purges":0,"victory":false,"max_hp_per_floor":[75,75,75,75,75,75,75,75,75,75,75,75,75,75,75,75,75],"card_choices":[{"not_picked":["RobotSpaceExplorer:MiniBoosters","RobotSpaceExplorer:GlueShot"],"picked":"RobotSpaceExplorer:ScrapMissile","floor":1},{"not_picked":["RobotSpaceExplorer:SwiftStep","RobotSpaceExplorer:PlasmaMissile"],"picked":"RobotSpaceExplorer:ScrapMissile","floor":2},{"not_picked":["RobotSpaceExplorer:Pulsar","RobotSpaceExplorer:SlimeMissile"],"picked":"RobotSpaceExplorer:ShovelStrike","floor":4},{"not_picked":["RobotSpaceExplorer:ShockKick","RobotSpaceExplorer:SwiftStep","RobotSpaceExplorer:ShovelStrike"],"picked":"SKIP","floor":7},{"not_picked":["RobotSpaceExplorer:Fix","RobotSpaceExplorer:Electroshield"],"picked":"RobotSpaceExplorer:LaserBurst","floor":10},{"not_picked":["RobotSpaceExplorer:StarLightning","RobotSpaceExplorer:Counterblock","RobotSpaceExplorer:Probe"],"picked":"SKIP","floor":13},{"not_picked":["RobotSpaceExplorer:Blitz","RobotSpaceExplorer:GlueShot","RobotSpaceExplorer:Scanner"],"picked":"SKIP","floor":14}],"player_experience":368431,"relics_obtained":[{"floor":7,"key":"Art of War"},{"floor":9,"key":"Regal Pillow"}],"event_choices":[{"damage_healed":0,"gold_gain":0,"player_choice":"Take Wound","damage_taken":0,"relics_obtained":["Golden Idol"],"max_hp_gain":0,"max_hp_loss":0,"event_name":"Golden Idol","floor":3,"gold_loss":0,"cards_obtained":["Injury"]},{"cards_removed":["Injury"],"damage_healed":0,"gold_gain":0,"player_choice":"Card Removal","damage_taken":0,"max_hp_gain":0,"max_hp_loss":0,"event_name":"The Cleric","floor":5,"gold_loss":50}],"is_beta":false,"boss_relics":[],"items_purged_floors":[],"is_endless":false,"potions_floor_spawned":[1,4,7,14],"killed_by":"Hexaghost","ascension_level":0}}