{"host":"0r2yuz9akuqaukjg","time":1612516061,"event":{"mods":["2.2 Compatiblity","AchievementEnabler","BaseMod","Downfall","Hermit","Infinite Spire","Jorbs\u0027s Wanderer Trilogy","Minty Spire (QoL Compilation)","Reliquary","Replay The Spire","Spicy Shops","StSLib","The Construct","The Cursed","The Disciple","The Hierophant","The Jungle","The Marked","The Mystic","The Runesmith","The Servant 0.9.4"],"gold_per_floor":[116,47,67,137,137,163,163,173,219,219,232,248,51,63,63,163,163,176,196,196,196,206,206,220,234,234,262,277,277,277,291,291,389,389,400,400,416,416,618,618,637,637,637,637,691,691,707,707,787,787,787,787],"floor_reached":53,"language":"ENG","playtime":4327,"items_purged":[],"score":529,"play_id":"0493c218-bb0e-4f4f-b333-f4fb0c908119","local_time":"20210205030741","daily_mods":["Draft"],"is_ascension_mode":false,"campfire_choices":[{"data":"mysticmod:PowerAttack","floor":7.0,"key":"SMITH"},{"data":"mysticmod:Grease","floor":15,"key":"SMITH"},{"data":"mysticmod:Fireball","floor":23,"key":"SMITH"},{"floor":29,"key":"REST"},{"floor":32,"key":"DIG"},{"floor":40,"key":"REST"},{"floor":44,"key":"REST"},{"floor":46,"key":"REST"},{"floor":48,"key":"REST"},{"floor":51,"key":"REST"}],"circlet_count":0,"master_deck":["mysticmod:FloatingDisk","mysticmod:PowerSlash","mysticmod:Daze+1","mysticmod:Riposte","mysticmod:Probe","mysticmod:SuddenClarity","mysticmod:Alacrity","mysticmod:Riposte","mysticmod:PureInstinct","mysticmod:MagicMissile","mysticmod:IllusionOfCalm","mysticmod:Disengage","mysticmod:Disengage","mysticmod:LightningBolt","mysticmod:PureInstinct","mysticmod:PowerSlash","mysticmod:Fireball+1","mysticmod:SuddenClarity","mysticmod:PowerAttack+1","mysticmod:SuddenClarity","mysticmod:PowerSlash","mysticmod:PunishingArmor","mysticmod:Grease+1","mysticmod:PureInstinct","mysticmod:LightningBolt","mysticmod:EnchantedMoulinet","mysticmod:Fly+1","mysticmod:Daze","mysticmod:CureLightWounds+1","infinitespire:Gouge","mysticmod:MirrorEntity","infinitespire:Collect","mysticmod:CureLightWounds+1"],"relics":["mysticmod:SpellBook","reliquary:TuningFork","mysticmod:TrainingManual","sneckomod:SneckoTalon","Pen Nib","mysticmod:RabbitsFoot","construct:BoolHorns","infinitespire:ShieldingShard","Fusion Hammer","Gambling Chip","Blue Candle","Anchor","StrikeDummy"],"acts_visited":["TheCity","TheBeyond"],"potions_floor_usage":[16,22,31,41,52,52,52],"damage_taken":[{"damage":0.0,"enemies":"Jaw Worm","floor":1.0,"turns":4.0},{"damage":0.0,"enemies":"2 Louse","floor":3.0,"turns":1.0},{"damage":0.0,"enemies":"Replay:BlueRogue","floor":6.0,"turns":4.0},{"damage":0,"enemies":"Small Slimes","floor":8,"turns":4},{"damage":0,"enemies":"Looter","floor":11,"turns":2},{"damage":0,"enemies":"3 Louse","floor":12,"turns":2},{"damage":0,"enemies":"2 Fungi Beasts","floor":14,"turns":2},{"damage":13,"enemies":"Slime Boss","floor":16,"turns":9},{"damage":0,"enemies":"2 Thieves","floor":18,"turns":3},{"damage":0,"enemies":"Shell Parasite","floor":19,"turns":4},{"damage":19,"enemies":"Sentry and Sphere","floor":22,"turns":4},{"damage":0,"enemies":"Snake Plant","floor":24,"turns":5},{"damage":0,"enemies":"Centurion and Healer","floor":25,"turns":5},{"damage":6,"enemies":"Book of Stabbing","floor":27,"turns":6},{"damage":4,"enemies":"Snecko","floor":28,"turns":6},{"damage":8,"enemies":"Cultist and Chosen","floor":31,"turns":6},{"damage":2,"enemies":"Automaton","floor":33,"turns":10},{"damage":0,"enemies":"Orb Walker","floor":35,"turns":3},{"damage":0,"enemies":"3 Shapes","floor":37,"turns":2},{"damage":37,"enemies":"Transient","floor":41,"turns":5},{"damage":0,"enemies":"Sphere and 2 Shapes","floor":47,"turns":3},{"damage":18,"enemies":"Replay:Hell Engine","floor":52,"turns":13}],"seed_played":"-1063509252550167389","potions_obtained":[{"floor":1.0,"key":"EntropicBrew"},{"floor":8,"key":"Milkshake"},{"floor":16,"key":"AttackPotion"},{"floor":21,"key":"PowerPotion"},{"floor":22,"key":"DistilledChaos"},{"floor":35,"key":"FearPotion"},{"floor":47,"key":"CultistPotion"}],"is_trial":true,"path_per_floor":["M","$","M","?","?","E","R","M","T","?","M","M","$","M","R","B",null,"M","M","?","?","M","R","M","M","T","E","M","R","?","M","R","B",null,"M","AVR","M","?","?","R","M","PTL","PTL","R","T","R","M","R","T","?","R","B",null],"character_chosen":"MYSTIC_CLASS","items_purchased":["mysticmod:Fireball","mysticmod:Grease","mysticmod:PureInstinct"],"campfire_rested":6,"item_purchase_floors":[2,13,13],"current_hp_per_floor":[77,77,77,77,77,77,77,77,77,82,82,82,82,82,82,69,82,82,82,82,82,63,63,63,63,63,57,53,77,58,56,56,60,82,82,82,82,77,45,69,43,43,43,67,67,82,82,82,82,78,78,72],"gold":787,"neow_bonus":"","is_daily":false,"chose_seed":false,"campfire_upgraded":3,"win_rate":0.0,"timestamp":1612516061,"path_taken":["M","$","M","?","?","E","R","M","T","?","M","M","$","M","R","BOSS","M","M","?","?","?","R","M","?","T","E","M","R","?","M","R","BOSS","M","AVR","M","?","?","R","M","PTL","PTL","R","T","R","?","R","?","?","R","BOSS"],"items_purchased_type":["Card","Card","Card"],"build_version":"2020-12-22","purchased_purges":0,"victory":true,"max_hp_per_floor":[77,77,77,77,77,77,77,77,77,82,82,82,82,82,82,82,82,82,82,82,82,82,82,82,82,82,82,82,82,82,82,82,82,82,82,82,82,82,82,82,82,82,82,82,82,82,82,82,82,78,78,78],"card_choices":[{"not_picked":["mysticmod:EbbAndFlow","mysticmod:BulkUp"],"picked":"mysticmod:FloatingDisk","floor":0.0},{"not_picked":["mysticmod:Snowball","mysticmod:LightningBolt"],"picked":"mysticmod:PowerSlash","floor":0.0},{"not_picked":["mysticmod:Sideswipe","mysticmod:Snowball"],"picked":"mysticmod:Daze","floor":0.0},{"not_picked":["mysticmod:Stoneskin","mysticmod:DiviningBlow"],"picked":"mysticmod:Riposte","floor":0.0},{"not_picked":["mysticmod:ComponentsPouch","mysticmod:DiviningBlow"],"picked":"mysticmod:Probe","floor":0.0},{"not_picked":["mysticmod:ComboCaster","mysticmod:CorrosiveTouch"],"picked":"mysticmod:SuddenClarity","floor":0.0},{"not_picked":["mysticmod:Snowball","mysticmod:Daze"],"picked":"mysticmod:Alacrity","floor":0.0},{"not_picked":["mysticmod:DiviningBlow","mysticmod:ComponentsPouch"],"picked":"mysticmod:Riposte","floor":0.0},{"not_picked":["mysticmod:DiviningBlow","mysticmod:Dedication"],"picked":"mysticmod:PureInstinct","floor":0.0},{"not_picked":["mysticmod:ComboCaster","mysticmod:ArcaneAccuracy"],"picked":"mysticmod:MagicMissile","floor":0.0},{"not_picked":["mysticmod:Stoneskin","mysticmod:DiviningBlow"],"picked":"mysticmod:IllusionOfCalm","floor":0.0},{"not_picked":["mysticmod:Stoneskin","mysticmod:TomeOfSpells"],"picked":"mysticmod:Disengage","floor":0.0},{"not_picked":["mysticmod:Probe","mysticmod:VorpalThrust"],"picked":"mysticmod:Disengage","floor":0.0},{"not_picked":["mysticmod:EbbAndFlow","mysticmod:MagicMissile"],"picked":"mysticmod:LightningBolt","floor":0.0},{"not_picked":["mysticmod:ChargedParry","mysticmod:FiveFootStep"],"picked":"mysticmod:PureInstinct","floor":0.0},{"not_picked":["mysticmod:EbbAndFlow","mysticmod:CorrosiveTouch"],"picked":"mysticmod:PowerSlash","floor":1.0},{"not_picked":["mysticmod:HeavyStrike","mysticmod:ComponentsPouch"],"picked":"mysticmod:SuddenClarity","floor":3.0},{"not_picked":["mysticmod:MirrorStrike","mysticmod:ArcaneAccuracy"],"picked":"mysticmod:PowerAttack","floor":6.0},{"not_picked":["mysticmod:PureInstinct","mysticmod:Disengage"],"picked":"mysticmod:SuddenClarity","floor":8},{"not_picked":["mysticmod:HeavyStrike","mysticmod:BladeMaster"],"picked":"mysticmod:PowerSlash","floor":11},{"not_picked":["mysticmod:Dedication","mysticmod:ClosingBarrage"],"picked":"mysticmod:PunishingArmor","floor":12},{"not_picked":["mysticmod:Snowball","mysticmod:VorpalThrust"],"picked":"mysticmod:LightningBolt","floor":14},{"not_picked":["mysticmod:Lunge","mysticmod:Haste"],"picked":"mysticmod:EnchantedMoulinet","floor":16},{"not_picked":["mysticmod:StyleChange","mysticmod:SuddenClarity"],"picked":"mysticmod:Fly+1","floor":18},{"not_picked":["mysticmod:SuddenClarity","mysticmod:TomeOfSpells"],"picked":"mysticmod:Daze","floor":19},{"not_picked":["mysticmod:SuddenClarity","mysticmod:HunkerDown","mysticmod:Disengage+1"],"picked":"SKIP","floor":22},{"not_picked":["mysticmod:DiviningBlow","mysticmod:Haste","mysticmod:Alacrity"],"picked":"SKIP","floor":24},{"not_picked":["mysticmod:Shield+1","mysticmod:MirrorStrike+1","mysticmod:FiveFootStep"],"picked":"SKIP","floor":25},{"not_picked":["mysticmod:Shield","mysticmod:EbbAndFlow+1"],"picked":"mysticmod:CureLightWounds+1","floor":27},{"not_picked":["mysticmod:Shield","mysticmod:Probe","mysticmod:StyleChange"],"picked":"SKIP","floor":28},{"not_picked":["ReplayTheSpireMod:??????????????????????","ReplayTheSpireMod:Haul"],"picked":"infinitespire:Gouge","floor":30},{"not_picked":["mysticmod:Snowball","mysticmod:Fireball","mysticmod:DiviningBlow"],"picked":"SKIP","floor":31},{"not_picked":["mysticmod:Discipline","mysticmod:Natural20"],"picked":"mysticmod:MirrorEntity","floor":33},{"not_picked":["mysticmod:Disengage+1","mysticmod:BulkUp","mysticmod:HeavyStrike+1"],"picked":"SKIP","floor":35},{"not_picked":["mysticmod:MightyMagic","mysticmod:SuddenClarity+1","mysticmod:PreparedCaster"],"picked":"SKIP","floor":37},{"not_picked":["mysticmod:Disengage+1","mysticmod:CorrosiveTouch"],"picked":"mysticmod:CureLightWounds+1","floor":39},{"not_picked":["mysticmod:Alacrity","mysticmod:HunkerDown+1","mysticmod:Grapple+1"],"picked":"SKIP","floor":41},{"not_picked":["mysticmod:Fly","mysticmod:MirrorStrike+1","mysticmod:Stoneskin+1"],"picked":"SKIP","floor":47}],"player_experience":29541,"relics_obtained":[{"floor":6.0,"key":"reliquary:TuningFork"},{"floor":9,"key":"mysticmod:TrainingManual"},{"floor":26,"key":"mysticmod:RabbitsFoot"},{"floor":27,"key":"construct:BoolHorns"},{"floor":32,"key":"infinitespire:ShieldingShard"},{"floor":45,"key":"Anchor"},{"floor":49,"key":"StrikeDummy"}],"event_choices":[{"damage_healed":0.0,"max_hp_gain":0.0,"max_hp_loss":0.0,"gold_gain":70.0,"event_name":"Golden Wing","player_choice":"Gained Gold","floor":4.0,"gold_loss":0.0,"damage_taken":0.0},{"damage_healed":0,"gold_gain":0,"player_choice":"Donut","damage_taken":0,"max_hp_gain":5,"max_hp_loss":0,"event_name":"Big Fish","floor":10,"gold_loss":0},{"damage_healed":0,"gold_gain":0,"player_choice":"Opened","damage_taken":0,"relics_obtained":["Pen Nib"],"max_hp_gain":0,"max_hp_loss":0,"event_name":"The Mausoleum","floor":20,"gold_loss":0},{"damage_healed":0,"gold_gain":0,"player_choice":"Got Potions","damage_taken":0,"max_hp_gain":0,"max_hp_loss":0,"event_name":"Lab","floor":21,"gold_loss":0},{"damage_healed":0,"gold_gain":0,"player_choice":"Max HP","damage_taken":0,"max_hp_gain":0,"max_hp_loss":4,"event_name":"Winding Halls","floor":50,"gold_loss":0}],"is_beta":false,"boss_relics":[{"not_picked":["Replay:Grab Bag","Calling Bell"],"picked":"sneckomod:SneckoTalon"},{"not_picked":["Runic Dome","construct:WeddingRing"],"picked":"Fusion Hammer"}],"items_purged_floors":[],"is_endless":false,"potions_floor_spawned":[1,8,14,16,22,25,27,28,35,47],"ascension_level":0}}