{"host":"9bcvatsnbq1a3xq4","time":1612555340,"event":{"mods":["BaseMod","Bestiary","Block Reminder","Highlight Path","Minty Spire (QoL Compilation)","Relic Stats"],"gold_per_floor":[111,48,60,60,60,60,70,70,70,70,109,74,96,131,131,218,218,247,271,186,186,205,205,245,295,295,322,322,322,322],"floor_reached":29,"language":"ENG","playtime":1723,"items_purged":[],"score":498,"play_id":"14c1b115-6633-4bc9-8bb2-dfbb7e18ae07","local_time":"20210205210220","is_ascension_mode":true,"campfire_choices":[{"data":"Go for the Eyes","floor":6,"key":"SMITH"},{"data":"Sweeping Beam","floor":8,"key":"SMITH"},{"floor":15,"key":"REST"},{"data":"Self Repair","floor":23,"key":"SMITH"},{"data":"Biased Cognition","floor":28,"key":"SMITH"}],"circlet_count":0,"master_deck":["AscendersBane","Strike_B+1","Strike_B+1","Strike_B+1","Strike_B+1","Defend_B+1","Defend_B+1","Defend_B+1","Defend_B+1","Zap","Dualcast","Go for the Eyes+1","Hello World+1","Sweeping Beam+1","Glacier","Conserve Battery","Gash","Biased Cognition+1","Self Repair+1","Consume+1","Recycle+1","Tempest+1","Ghostly","Ghostly","Ghostly"],"relics":["Cracked Core","Gremlin Horn","Nunchaku","CeramicFish","Pear","Coffee Dripper","Centennial Puzzle","Omamori"],"acts_visited":["Exordium","TheCity"],"potions_floor_usage":[16,19,24],"damage_taken":[{"damage":0,"enemies":"2 Louse","floor":1,"turns":2},{"damage":1,"enemies":"Cultist","floor":3,"turns":3},{"damage":7,"enemies":"Jaw Worm","floor":7,"turns":3},{"damage":30,"enemies":"Gremlin Nob","floor":11,"turns":6},{"damage":12,"enemies":"Large Slime","floor":13,"turns":6},{"damage":8,"enemies":"Lagavulin","floor":14,"turns":8},{"damage":26,"enemies":"Slime Boss","floor":16,"turns":8},{"damage":14,"enemies":"Spheric Guardian","floor":18,"turns":4},{"damage":20,"enemies":"2 Thieves","floor":19,"turns":5},{"damage":12,"enemies":"Cultist and Chosen","floor":22,"turns":6},{"damage":31,"enemies":"Book of Stabbing","floor":24,"turns":8},{"damage":49,"enemies":"Gremlin Leader","floor":29,"turns":6}],"seed_played":"-3731612742610516705","potions_obtained":[{"floor":11,"key":"Fire Potion"},{"floor":14,"key":"Dexterity Potion"},{"floor":16,"key":"Weak Potion"},{"floor":18,"key":"PowerPotion"},{"floor":19,"key":"FairyPotion"}],"is_trial":false,"path_per_floor":["M","?","M","$","?","R","M","R","T","?","E","?","M","E","R","B",null,"M","M","?","?","M","R","E","?","T","?","R","E"],"character_chosen":"DEFECT","items_purchased":[],"campfire_rested":1,"item_purchase_floors":[],"current_hp_per_floor":[71,71,70,70,75,75,68,68,68,43,13,33,21,23,50,24,76,62,49,49,49,44,44,13,13,13,13,13,0,0],"gold":322,"neow_bonus":"TEN_PERCENT_HP_BONUS","is_daily":false,"chose_seed":false,"campfire_upgraded":4,"win_rate":0.0,"timestamp":1612555340,"path_taken":["M","?","?","?","?","R","M","R","T","?","E","?","?","E","R","BOSS","M","M","?","?","M","R","E","?","T","?","R","E"],"items_purchased_type":[],"build_version":"2020-12-22","purchased_purges":0,"victory":false,"max_hp_per_floor":[78,78,78,78,83,83,83,83,83,83,83,83,83,93,93,93,93,93,93,93,93,93,93,93,93,93,46,46,46,46],"relic_stats":{"Nunchaku":[12],"Centennial Puzzle":[9],"Gremlin Horn":[9,9],"counters":[12,65],"CeramicFish":99,"obtain_stats":[{"Nunchaku":9,"Centennial Puzzle":20,"Pear":14,"Gremlin Horn":2,"CeramicFish":11,"Coffee Dripper":17,"Omamori":24,"Cracked Core":0},{"Nunchaku":3,"Centennial Puzzle":9,"Pear":6,"Gremlin Horn":1,"CeramicFish":4,"Coffee Dripper":7,"Omamori":11,"Cracked Core":0},{"Nunchaku":8,"Centennial Puzzle":45,"Pear":28,"Gremlin Horn":2,"CeramicFish":14,"Coffee Dripper":36,"Omamori":59,"Cracked Core":0}]},"card_choices":[{"not_picked":["Rebound","Hologram"],"picked":"Go for the Eyes","floor":1},{"not_picked":["Recycle","Reprogram"],"picked":"Hello World","floor":3},{"not_picked":["Steam","Turbo"],"picked":"Sweeping Beam","floor":7},{"not_picked":["Cold Snap","Compile Driver"],"picked":"Glacier","floor":11},{"not_picked":["Storm","Skim"],"picked":"Conserve Battery","floor":13},{"not_picked":["Go for the Eyes","Leap"],"picked":"Gash","floor":14},{"not_picked":["Fission","Creative AI"],"picked":"Biased Cognition","floor":16},{"not_picked":["Conserve Battery","Coolheaded"],"picked":"Self Repair","floor":18},{"not_picked":["Beam Cell","Redo"],"picked":"Consume+1","floor":19},{"not_picked":["Sweeping Beam","Static Discharge"],"picked":"Recycle+1","floor":22},{"not_picked":["Cold Snap","Stack"],"picked":"Tempest+1","floor":24}],"player_experience":779238,"relics_obtained":[{"floor":9,"key":"Nunchaku"},{"floor":11,"key":"CeramicFish"},{"floor":14,"key":"Pear"},{"floor":24,"key":"Omamori"}],"event_choices":[{"damage_healed":0,"gold_gain":0,"player_choice":"Paid Gold","damage_taken":0,"relics_obtained":["Gremlin Horn"],"max_hp_gain":0,"max_hp_loss":0,"event_name":"WeMeetAgain","floor":2,"gold_loss":63},{"damage_healed":0,"gold_gain":0,"player_choice":"Donut","damage_taken":0,"max_hp_gain":5,"max_hp_loss":0,"event_name":"Big Fish","floor":5,"gold_loss":0},{"damage_healed":0,"gold_gain":0,"player_choice":"Entered Light","damage_taken":25,"max_hp_gain":0,"max_hp_loss":0,"event_name":"Shining Light","floor":10,"gold_loss":0,"cards_upgraded":["Hello World","Strike_B"]},{"damage_healed":20,"gold_gain":0,"player_choice":"Healed","damage_taken":0,"max_hp_gain":0,"max_hp_loss":0,"event_name":"The Cleric","floor":12,"gold_loss":35},{"damage_healed":0,"gold_gain":0,"player_choice":"Obtained Relic","damage_taken":0,"relics_obtained":["Centennial Puzzle"],"max_hp_gain":0,"max_hp_loss":0,"event_name":"Addict","floor":20,"gold_loss":85},{"damage_healed":0,"gold_gain":0,"player_choice":"Simplicity","damage_taken":0,"max_hp_gain":0,"max_hp_loss":0,"event_name":"Back to Basics","floor":21,"gold_loss":0,"cards_upgraded":["Strike_B","Strike_B","Strike_B","Defend_B","Defend_B","Defend_B","Defend_B"]},{"damage_healed":0,"gold_gain":50,"player_choice":"Stole From Cult","damage_taken":0,"max_hp_gain":0,"max_hp_loss":0,"event_name":"Nest","floor":25,"gold_loss":0},{"damage_healed":0,"gold_gain":0,"player_choice":"Became a Ghost","damage_taken":0,"max_hp_gain":0,"max_hp_loss":47,"event_name":"Ghosts","floor":27,"gold_loss":0,"cards_obtained":["Ghostly","Ghostly","Ghostly"]}],"is_beta":false,"boss_relics":[{"not_picked":["Busted Crown","Black Star"],"picked":"Coffee Dripper"}],"items_purged_floors":[],"is_endless":false,"potions_floor_spawned":[11,14,16,18,19,22],"killed_by":"Gremlin Leader","ascension_level":20}}