{"host":"0kk91h4bq4kgfj0u","time":1612491133,"event":{"mods":["BaseMod","Minty Spire (QoL Compilation)","StSLib"],"gold_per_floor":[112,112,125,225,240,240,274,291,343,343,120,138,138,138,138,233,233,245,245,294,108,124,124,136,136,160,176,203,203,217,230,230,230,230],"floor_reached":33,"language":"ENG","playtime":839,"items_purged":[],"score":334,"play_id":"38d0f071-fd3e-4d79-9ac8-ef2fcad959bc","local_time":"20210204211213","is_ascension_mode":true,"campfire_choices":[{"floor":6,"key":"REST"},{"floor":13,"key":"REST"},{"floor":15,"key":"REST"},{"data":"Creative AI","floor":23,"key":"SMITH"},{"floor":25,"key":"REST"},{"floor":29,"key":"REST"},{"floor":32,"key":"REST"}],"circlet_count":0,"master_deck":["Strike_B","Strike_B","Strike_B","Strike_B","Defend_B","Defend_B","Defend_B","Defend_B","Zap+1","Dualcast","Blind","Lockon","Static Discharge","Auto Shields","Static Discharge","Ball Lightning","Hello World","Leap","Creative AI+1","FTL+1","Skim","Cold Snap+1","Turbo+1","Blizzard+1","Compile Driver+1","Leap","Defragment"],"relics":["Cracked Core","Symbiotic Virus","Bronze Scales","Anchor","Nuclear Battery","MutagenicStrength","Vajra","PreservedInsect","Centennial Puzzle","Pen Nib"],"acts_visited":["Exordium","TheCity"],"potions_floor_usage":[28,33,33,33],"damage_taken":[{"damage":8,"enemies":"Small Slimes","floor":1,"turns":3},{"damage":9,"enemies":"Jaw Worm","floor":3,"turns":3},{"damage":0,"enemies":"Cultist","floor":5,"turns":2},{"damage":32,"enemies":"Gremlin Nob","floor":7,"turns":4},{"damage":17,"enemies":"Large Slime","floor":8,"turns":4},{"damage":6,"enemies":"Blue Slaver","floor":12,"turns":2},{"damage":10,"enemies":"Slime Boss","floor":16,"turns":7},{"damage":18,"enemies":"Shell Parasite","floor":18,"turns":5},{"damage":7,"enemies":"2 Thieves","floor":22,"turns":3},{"damage":7,"enemies":"Snake Plant","floor":24,"turns":3},{"damage":19,"enemies":"Shelled Parasite and Fungi","floor":27,"turns":3},{"damage":34,"enemies":"Slavers","floor":28,"turns":4},{"damage":3,"enemies":"Chosen and Byrds","floor":30,"turns":4},{"damage":0,"enemies":"Centurion and Healer","floor":31,"turns":4},{"damage":77,"enemies":"Collector","floor":33,"turns":7}],"seed_played":"9215912544190009111","potions_obtained":[{"floor":1,"key":"BlessingOfTheForge"},{"floor":5,"key":"Dexterity Potion"},{"floor":7,"key":"FearPotion"},{"floor":30,"key":"SteroidPotion"}],"is_trial":false,"path_per_floor":["M","?","M","?","M","R","E","M","T","?","$","M","R","?","R","B",null,"M","?","T","$","M","R","M","R","T","M","E","R","M","M","R","B"],"character_chosen":"DEFECT","items_purchased":["Anchor","Hello World","PreservedInsect","Skim"],"campfire_rested":6,"item_purchase_floors":[11,11,21,21],"current_hp_per_floor":[67,67,58,58,58,75,43,26,26,26,26,20,42,47,71,61,75,57,57,57,57,50,50,43,67,67,48,14,38,35,35,59,0,0],"gold":230,"neow_bonus":"RANDOM_COLORLESS","is_daily":false,"chose_seed":false,"campfire_upgraded":1,"win_rate":0.0,"timestamp":1612491133,"path_taken":["M","?","M","?","?","R","E","M","T","?","$","M","R","?","R","BOSS","M","?","?","$","M","R","M","R","T","M","E","R","M","M","R","BOSS"],"items_purchased_type":["Relic","Card","Relic","Card"],"build_version":"2020-12-22","purchased_purges":0,"victory":false,"max_hp_per_floor":[75,75,75,75,75,75,75,75,75,75,75,75,75,80,80,80,80,80,80,80,80,80,80,80,80,80,80,80,80,80,80,80,80,80],"card_choices":[{"not_picked":["Trip","Panacea"],"picked":"Blind","floor":0},{"not_picked":["Barrage","Doom and Gloom"],"picked":"Lockon","floor":1},{"not_picked":["Chill","Beam Cell"],"picked":"Static Discharge","floor":3},{"not_picked":["Reinforced Body","Rebound"],"picked":"Auto Shields","floor":5},{"not_picked":["Rainbow","Tempest"],"picked":"Static Discharge","floor":7},{"not_picked":["Gash","Compile Driver"],"picked":"Ball Lightning","floor":8},{"not_picked":["Stack","Reprogram"],"picked":"Leap","floor":12},{"not_picked":["Hyperbeam","Amplify"],"picked":"Creative AI","floor":16},{"not_picked":["Compile Driver","Barrage"],"picked":"FTL+1","floor":18},{"not_picked":["Blizzard+1","Compile Driver"],"picked":"Cold Snap+1","floor":22},{"not_picked":["Coolheaded","Lockon+1"],"picked":"Turbo+1","floor":24},{"not_picked":["Steam Power","Undo"],"picked":"Blizzard+1","floor":27},{"not_picked":["Tempest","Scrape"],"picked":"Compile Driver+1","floor":28},{"not_picked":["FTL","Chaos+1"],"picked":"Leap","floor":30},{"not_picked":["Storm+1","Sweeping Beam+1"],"picked":"Defragment","floor":31}],"player_experience":847745,"relics_obtained":[{"floor":7,"key":"Symbiotic Virus"},{"floor":9,"key":"Bronze Scales"},{"floor":20,"key":"Vajra"},{"floor":26,"key":"Centennial Puzzle"},{"floor":28,"key":"Pen Nib"}],"event_choices":[{"damage_healed":0,"gold_gain":0,"player_choice":"Grow","damage_taken":0,"max_hp_gain":0,"max_hp_loss":0,"event_name":"Living Wall","floor":2,"gold_loss":0,"cards_upgraded":["Zap"]},{"damage_healed":0,"gold_gain":100,"player_choice":"Pray","damage_taken":0,"max_hp_gain":0,"max_hp_loss":0,"event_name":"Golden Shrine","floor":4,"gold_loss":0},{"damage_healed":0,"gold_gain":0,"player_choice":"Ignored","damage_taken":0,"max_hp_gain":0,"max_hp_loss":0,"event_name":"Shining Light","floor":10,"gold_loss":0},{"damage_healed":0,"gold_gain":0,"player_choice":"Donut","damage_taken":0,"max_hp_gain":5,"max_hp_loss":0,"event_name":"Big Fish","floor":14,"gold_loss":0},{"damage_healed":0,"gold_gain":0,"player_choice":"Inject Mutagens","damage_taken":0,"relics_obtained":["MutagenicStrength"],"max_hp_gain":0,"max_hp_loss":0,"event_name":"Drug Dealer","floor":19,"gold_loss":0}],"is_beta":false,"boss_relics":[{"not_picked":["Velvet Choker","Runic Pyramid"],"picked":"Nuclear Battery"}],"items_purged_floors":[],"is_endless":false,"potions_floor_spawned":[1,5,7,24,27,30],"killed_by":"Collector","ascension_level":5}}