{"host":"mr1ctipv0dcr6y8g","time":1612567942,"event":{"mods":["BaseMod","Beaked The Cultist","DeckTracker","Energized Spire","Minty Spire (QoL Compilation)","Shop Mod","StSLib","The Construct"],"gold_per_floor":[115,131,56,131,144,144,155,155,155,175,189,139,169,230,230,329,329,345,373,225,225,240,272,292,321,321,321,348,348,365,381,381,479,479,498,498,512,523,398,423,223,257,305,336,161,190,220,234,234,234,234,234,39,73,73],"floor_reached":56,"language":"ENG","playtime":2064,"items_purged":["Force Field","Defragment+1","Go for the Eyes","Steam","Steam","Go for the Eyes"],"score":1855,"play_id":"b43d8f32-0f47-4dfe-8fe2-de24388c65d3","local_time":"20210205163222","daily_mods":["Draft","Colorless Cards","Heirloom","Time Dilation","Flight"],"is_ascension_mode":false,"campfire_choices":[{"data":"Defragment","floor":6,"key":"SMITH"},{"data":"1","floor":8,"key":"LIFT"},{"data":"2","floor":15,"key":"LIFT"},{"data":"3","floor":29,"key":"LIFT"},{"data":"Apotheosis","floor":32,"key":"SMITH"},{"floor":49,"key":"RECALL"},{"data":"BootSequence","floor":52,"key":"SMITH"}],"circlet_count":0,"master_deck":["Beam Cell","Beam Cell","Beam Cell","Good Instincts","BootSequence+1","Gash","Panacea","Gash","Gash","Gash","Apotheosis+1","Gash","Good Instincts+1","Go for the Eyes","Gash+1","Blind+1","Gash"],"relics":["Unceasing Top","Girya","DataDisk","InkBottle","Ancient Tea Set","Empty Cage","Red Mask","MutagenicStrength","Bag of Marbles","Tiny Chest","White Beast Statue","Centennial Puzzle","energizedSpire:NeverEndingSparkler","Torii","Bag of Preparation","Darkstone Periapt","Smiling Mask","Eternal Feather","Vajra","StrikeDummy"],"acts_visited":["Exordium","TheCity","TheBeyond","TheEnding"],"potions_floor_usage":[19,55,55,55],"damage_taken":[{"damage":0,"enemies":"Jaw Worm","floor":1,"turns":1},{"damage":1,"enemies":"Cultist","floor":2,"turns":3},{"damage":0,"enemies":"Small Slimes","floor":5,"turns":2},{"damage":0,"enemies":"Exordium Wildlife","floor":7,"turns":2},{"damage":0,"enemies":"Blue Slaver","floor":10,"turns":1},{"damage":0,"enemies":"Exordium Thugs","floor":11,"turns":1},{"damage":0,"enemies":"Lagavulin","floor":13,"turns":4},{"damage":0,"enemies":"Lagavulin Event","floor":14,"turns":2},{"damage":0,"enemies":"The Guardian","floor":16,"turns":1},{"damage":0,"enemies":"3 Byrds","floor":18,"turns":1},{"damage":0,"enemies":"Masked Bandits","floor":19,"turns":1},{"damage":0,"enemies":"Spheric Guardian","floor":22,"turns":1},{"damage":0,"enemies":"Book of Stabbing","floor":23,"turns":1},{"damage":0,"enemies":"Snecko","floor":24,"turns":1},{"damage":0,"enemies":"Slavers","floor":25,"turns":1},{"damage":0,"enemies":"Book of Stabbing","floor":28,"turns":1},{"damage":0,"enemies":"Centurion and Healer","floor":30,"turns":1},{"damage":0,"enemies":"Cultist and Chosen","floor":31,"turns":1},{"damage":0,"enemies":"Automaton","floor":33,"turns":1},{"damage":0,"enemies":"3 Shapes","floor":35,"turns":1},{"damage":0,"enemies":"3 Darklings","floor":37,"turns":1},{"damage":0,"enemies":"4 Shapes","floor":38,"turns":1},{"damage":0,"enemies":"Reptomancer","floor":40,"turns":1},{"damage":0,"enemies":"Nemesis","floor":42,"turns":1},{"damage":0,"enemies":"Reptomancer","floor":44,"turns":1},{"damage":0,"enemies":"Giant Head","floor":46,"turns":2},{"damage":0,"enemies":"Nemesis","floor":47,"turns":1},{"damage":0,"enemies":"Transient","floor":48,"turns":1},{"damage":0,"enemies":"Awakened One","floor":50,"turns":2},{"damage":0,"enemies":"Shield and Spear","floor":54,"turns":1},{"damage":37,"enemies":"The Heart","floor":55,"turns":3}],"seed_played":"5670644929886504245","potions_obtained":[{"floor":1,"key":"Weak Potion"},{"floor":7,"key":"EssenceOfSteel"},{"floor":11,"key":"Energy Potion"},{"floor":16,"key":"Strength Potion"},{"floor":19,"key":"Fruit Juice"},{"floor":28,"key":"LiquidBronze"},{"floor":38,"key":"LiquidBronze"}],"is_trial":true,"path_per_floor":["M","M","$","?","M","R","M","R","T","M","M","?","E","?","R","B",null,"M","?","$","?","M","E","M","E","T","?","E","R","M","M","R","B",null,"M","?","M","M","$","E","$","E","T","E","$","E","E","M","R","B",null,"R","$","E","B",null],"character_chosen":"DEFECT","items_purchased":["Gash","Gash","Vajra"],"campfire_rested":0,"item_purchase_floors":[20,41,53],"current_hp_per_floor":[75,74,74,67,67,67,67,67,67,67,67,67,67,67,67,67,75,75,80,80,80,80,80,80,80,80,80,80,80,80,80,80,80,80,80,80,80,80,80,80,80,80,80,80,80,80,80,80,80,80,80,80,80,80,43],"gold":73,"neow_bonus":"","is_daily":false,"chose_seed":false,"campfire_upgraded":3,"win_rate":0.0,"timestamp":1612567942,"path_taken":["M","M","$","?","M","R","?","R","T","M","M","?","E","?","R","BOSS","M","?","$","?","?","E","M","E","T","?","E","R","M","M","R","BOSS","M","?","M","M","$","E","$","E","T","E","$","E","E","?","R","BOSS","R","$","E","BOSS"],"items_purchased_type":["Card","Card","Relic"],"build_version":"2020-12-22","purchased_purges":6,"victory":true,"max_hp_per_floor":[75,75,75,75,75,75,75,75,75,75,75,75,75,75,75,75,75,75,80,80,80,80,80,80,80,80,80,80,80,80,80,80,80,80,80,80,80,80,80,80,80,80,80,80,80,80,80,80,80,80,80,80,80,80,80],"card_choices":[{"not_picked":["Purity","Compile Driver"],"picked":"Streamline","floor":0},{"not_picked":["Cold Snap","Chill"],"picked":"Beam Cell","floor":0},{"not_picked":["Scrape","Cold Snap"],"picked":"Defragment","floor":0},{"not_picked":["Conserve Battery","Melter"],"picked":"Steam","floor":0},{"not_picked":["Coolheaded","Double Energy"],"picked":"Beam Cell","floor":0},{"not_picked":["Turbo","Compile Driver"],"picked":"Beam Cell","floor":0},{"not_picked":["Fusion","Scrape"],"picked":"Go for the Eyes","floor":0},{"not_picked":["Rebound","Barrage"],"picked":"Cold Snap","floor":0},{"not_picked":["Beam Cell","Chaos"],"picked":"Good Instincts","floor":0},{"not_picked":["Stack","Redo"],"picked":"Force Field","floor":0},{"not_picked":["Turbo","Heatsinks"],"picked":"BootSequence","floor":0},{"not_picked":["Coolheaded","Compile Driver"],"picked":"Steam","floor":0},{"not_picked":["Hologram","Jack Of All Trades"],"picked":"Deep Breath","floor":0},{"not_picked":["Compile Driver","Defragment"],"picked":"Gash","floor":0},{"not_picked":["Steam","Blizzard"],"picked":"Panacea","floor":0},{"not_picked":["Compile Driver","Ball Lightning","Hello World"],"picked":"SKIP","floor":1},{"not_picked":["Genetic Algorithm","Doom and Gloom"],"picked":"Gash","floor":2},{"not_picked":["Turbo","Undo"],"picked":"Go for the Eyes","floor":5},{"not_picked":["Hologram","Meteor Strike"],"picked":"Defragment","floor":7},{"not_picked":["Fusion","Impatience","Barrage"],"picked":"SKIP","floor":10},{"not_picked":["Redo","Hologram"],"picked":"Gash","floor":11},{"not_picked":["Stack","Forethought","Secret Technique"],"picked":"SKIP","floor":13},{"not_picked":["Coolheaded","Hologram"],"picked":"Gash","floor":14},{"not_picked":["Secret Technique","Core Surge"],"picked":"Apotheosis","floor":16},{"not_picked":["Jack Of All Trades","Ball Lightning+1","FTL"],"picked":"SKIP","floor":18},{"not_picked":["Panacea","Cold Snap+1","Redo+1"],"picked":"SKIP","floor":22},{"not_picked":["Redo","Fusion"],"picked":"Good Instincts+1","floor":23},{"not_picked":["Flash of Steel","FTL"],"picked":"Go for the Eyes","floor":24},{"not_picked":["Streamline","Steam","Sweeping Beam"],"picked":"SKIP","floor":25},{"not_picked":["Swift Strike","White Noise","Electrodynamics"],"picked":"SKIP","floor":28},{"not_picked":["Trip","Go for the Eyes","Consume+1"],"picked":"SKIP","floor":30},{"not_picked":["Loop+1","Coolheaded","Hologram"],"picked":"SKIP","floor":31},{"not_picked":["Fusion","Rebound+1","Stack"],"picked":"SKIP","floor":35},{"not_picked":["Beam Cell+1","Go for the Eyes+1","PanicButton"],"picked":"SKIP","floor":37},{"not_picked":["Go for the Eyes+1","Hello World"],"picked":"Gash+1","floor":38},{"not_picked":["Seek","Hello World"],"picked":"Blind+1","floor":40},{"not_picked":["Streamline+1","Genetic Algorithm","Sunder"],"picked":"SKIP","floor":42},{"not_picked":["Reinforced Body+1","Go for the Eyes+1","Blind+1"],"picked":"SKIP","floor":44},{"not_picked":["Cold Snap","Enlightenment","Turbo+1"],"picked":"SKIP","floor":46},{"not_picked":["Cold Snap+1","Transmutation","Stack"],"picked":"SKIP","floor":47},{"not_picked":["Go for the Eyes+1","Ball Lightning+1","Cold Snap"],"picked":"SKIP","floor":48},{"not_picked":["Static Discharge+1","Go for the Eyes+1","Coolheaded+1"],"picked":"SKIP","floor":54}],"player_experience":1568662,"relics_obtained":[{"floor":9,"key":"DataDisk"},{"floor":13,"key":"InkBottle"},{"floor":14,"key":"Ancient Tea Set"},{"floor":19,"key":"Red Mask"},{"floor":23,"key":"Bag of Marbles"},{"floor":25,"key":"Tiny Chest"},{"floor":26,"key":"White Beast Statue"},{"floor":28,"key":"Centennial Puzzle"},{"floor":40,"key":"Torii"},{"floor":42,"key":"Bag of Preparation"},{"floor":44,"key":"Darkstone Periapt"},{"floor":46,"key":"Smiling Mask"},{"floor":47,"key":"Eternal Feather"},{"floor":54,"key":"StrikeDummy"}],"event_choices":[{"damage_healed":0,"gold_gain":75,"player_choice":"Touch","damage_taken":7,"max_hp_gain":0,"max_hp_loss":0,"event_name":"FaceTrader","floor":4,"gold_loss":0},{"cards_removed":["Cold Snap"],"damage_healed":0,"gold_gain":0,"player_choice":"Card Removal","damage_taken":0,"max_hp_gain":0,"max_hp_loss":0,"event_name":"The Cleric","floor":12,"gold_loss":50},{"damage_healed":0,"gold_gain":30,"player_choice":"Searched \u00273\u0027 times","damage_taken":0,"max_hp_gain":0,"max_hp_loss":0,"event_name":"Dead Adventurer","floor":14,"gold_loss":0},{"damage_healed":0,"gold_gain":0,"player_choice":"Fought Bandits","damage_taken":0,"max_hp_gain":0,"max_hp_loss":0,"event_name":"Masked Bandits","floor":19,"gold_loss":0},{"damage_healed":0,"gold_gain":0,"player_choice":"Inject Mutagens","damage_taken":0,"relics_obtained":["MutagenicStrength"],"max_hp_gain":0,"max_hp_loss":0,"event_name":"Drug Dealer","floor":21,"gold_loss":0},{"damage_healed":0,"gold_gain":0,"player_choice":"Ignored","damage_taken":0,"max_hp_gain":0,"max_hp_loss":0,"event_name":"Ghosts","floor":27,"gold_loss":0},{"cards_removed":["Deep Breath"],"damage_healed":0,"gold_gain":0,"player_choice":"Purged","damage_taken":0,"max_hp_gain":0,"max_hp_loss":0,"event_name":"Purifier","floor":36,"gold_loss":0}],"is_beta":false,"boss_relics":[{"not_picked":["beaked:SacredDeck","Snecko Eye"],"picked":"Empty Cage"},{"not_picked":["construct:WeddingRing","Cursed Key"],"picked":"energizedSpire:NeverEndingSparkler"}],"items_purged_floors":[3,20,39,41,45,53],"is_endless":false,"potions_floor_spawned":[1,7,11,14,16,18,19,28,30,31,33,35,37,38,40,42,44,46,47,48,54],"ascension_level":0}}