{"host":"og21o26alpnbwmz8","time":1612546061,"event":{"mods":["Act Like it!","Aspiration","BaseMod","Conspire","Downfall","Halation","Hallownest","Hubris","Jedi Mod","Mimic Mod","Minty Spire (QoL Compilation)","Pale of the Ancients","Reliquary","Replay The Spire","Shop Mod","Spikes Relics","StSLib","The Alterego","The Blackbeard","The Blue Laboratory","The Death Knight","The Runesmith","Waifu the Spire"],"gold_per_floor":[99,99,119,134,145,145,145,158,186,198,198,215,247,247,247,163,180,281,281,181,209,225,225,63,79,127,112,12,12,27,27,57,104,115,214,214,114,124,109,119,134,144,171,74,85,85,104,123,123,123,134,134,134,166,9,9,9,9],"floor_reached":59,"language":"ENG","playtime":3271,"items_purged":[],"score":1275,"play_id":"81af1340-c427-4168-a229-27a075c60e1c","local_time":"20210205122741","is_ascension_mode":false,"campfire_choices":[{"data":"Guardian:TwinSlam","floor":1,"key":"SMITH"},{"data":"Guardian:ChargeUp","floor":20,"key":"SMITH"},{"data":"Guardian:ShieldCharger","floor":28,"key":"SMITH"},{"floor":31,"key":"RECALL"},{"floor":37,"key":"REST"},{"floor":46,"key":"REST"},{"floor":49,"key":"REST"},{"floor":56,"key":"REST"}],"circlet_count":0,"master_deck":["Guardian:Defend_Guardian","Guardian:Defend_Guardian","Guardian:Defend_Guardian","Guardian:CurlUp","Guardian:TwinSlam+1","Finisher","aspiration:Lunge","Skewer","Guardian:WalkerClaw+1","Guardian:Orbwalk","Guardian:Clone","Guardian:ChargeUp+1","Guardian:Clone","Guardian:ShieldCharger+1","Guardian:SphericShield","Guardian:ExploitGems","Guardian:WalkerClaw+1","Guardian:BaubleBeam","Guardian:Orbwalk","Pot Of Greed","hubris:DuctTapeCard","Guardian:Orbwalk+1"],"relics":["Guardian:ModeShifter","Hallownest:DreamNailRelic","Du-Vu Doll","Orichalcum","halation:WeightlessCrab","Runic Dome","downfall:HeartBlessingGreen","Blue Candle","Grinning Jar","downfall:HeartBlessingBlue","Iron Hammer","MiniBlackHole","Fusion Hammer","downfall:HeartBlessingRed","jedi:crownofsimplicity","BicycleWheel","hubris:DuctTape","HandDrill"],"acts_visited":["Exordium","Hallownest:Greenpath","Hallownest:CityofTears","TheEnding"],"potions_floor_usage":[18,18,18,58,58],"damage_taken":[{"damage":1,"enemies":"Hallownest:monsterHuskWarrior","floor":3,"turns":4},{"damage":1,"enemies":"2_ Uuma","floor":4,"turns":2},{"damage":4,"enemies":"Hallownest:2_Baldur","floor":5,"turns":2},{"damage":20,"enemies":"Hallownest:1_Ooma_and_2_Uuma","floor":8,"turns":7},{"damage":20,"enemies":"Hallownest:eliteVengeflyKing","floor":9,"turns":7},{"damage":8,"enemies":"Hallownest:1_Baldur_1_Crawlid_1_Warrior","floor":10,"turns":4},{"damage":1,"enemies":"Hallownest:monsterAspidMother","floor":11,"turns":3},{"damage":6,"enemies":"Hallownest:2_Tiktiks_1_Baldur_1_Crawlid","floor":12,"turns":2},{"damage":0,"enemies":"Hallownest:eliteMossKnight","floor":13,"turns":6},{"damage":4,"enemies":"downfall:FleeingMerchant","floor":16,"turns":4},{"damage":0,"enemies":"Hallownest:monsterFoolEater","floor":17,"turns":4},{"damage":2,"enemies":"IC_STATUS_ARCHETYPE","floor":18,"turns":8},{"damage":9,"enemies":"conspire:MimicChest","floor":21,"turns":5},{"damage":0,"enemies":"Hallownest:3_Youths","floor":22,"turns":7},{"damage":5,"enemies":"downfall:FleeingMerchant","floor":24,"turns":4},{"damage":9,"enemies":"Hallownest:Guard_and_Sentry","floor":25,"turns":4},{"damage":5,"enemies":"downfall:FleeingMerchant","floor":27,"turns":4},{"damage":0,"enemies":"Hallownest:3_Mistakes","floor":30,"turns":5},{"damage":6,"enemies":"Hallownest:eliteSoulWarrior","floor":32,"turns":4},{"damage":0,"enemies":"Hallownest:Glutton_and_Coward","floor":33,"turns":4},{"damage":8,"enemies":"Hallownest:2_Husk_Sentries","floor":34,"turns":5},{"damage":21,"enemies":"DF_ARCHETYPE_CLAW","floor":35,"turns":6},{"damage":5,"enemies":"Hallownest:Shield_Heavy","floor":38,"turns":4},{"damage":0,"enemies":"downfall:FleeingMerchant","floor":39,"turns":4},{"damage":0,"enemies":"Hallownest:2_Littles","floor":40,"turns":4},{"damage":2,"enemies":"Hallownest:Shield_Sturdy","floor":41,"turns":5},{"damage":1,"enemies":"Hallownest:2_Great","floor":42,"turns":4},{"damage":0,"enemies":"downfall:FleeingMerchant","floor":44,"turns":1},{"damage":0,"enemies":"Hallownest:2_Soldiers_and_1_Guardian","floor":45,"turns":4},{"damage":0,"enemies":"Hallownest:Slobbering_and_Violent","floor":47,"turns":5},{"damage":0,"enemies":"Hallownest:2_Wing_and_1_Kings","floor":48,"turns":5},{"damage":4,"enemies":"Hallownest:Shield_Sturdy","floor":51,"turns":4},{"damage":20,"enemies":"SI_POISON_ARCHETYPE","floor":52,"turns":6},{"damage":48,"enemies":"downfall:CharBossMerchant","floor":54,"turns":7},{"damage":4,"enemies":"downfall:NeowBoss","floor":57,"turns":9},{"damage":29,"enemies":"downfall:NeowBossFinal","floor":58,"turns":8}],"seed_played":"-7475520290055285852","potions_obtained":[{"floor":3,"key":"sneckomod:MuddlingPotion"},{"floor":8,"key":"Energy Potion"},{"floor":9,"key":"GamblersBrew"},{"floor":17,"key":"Cursed Concoction"},{"floor":21,"key":"Dexterity Potion"},{"floor":25,"key":"PowerPotion"}],"is_trial":false,"path_per_floor":["R","?","M","M","M","?","T","M","E","M","M","M","E","PTL","PTL","$","M","B",null,"R","?","M","?","$","M","T","$","R","?","M","R","E","M","M","B",null,"R","M","$","M","M","M","T","$","M","R","M","M","R","?","M","B",null,"E","$","R","B","B",null],"character_chosen":"GUARDIAN","items_purchased":["Guardian:SphericShield","Grinning Jar","Guardian:Orbwalk","Guardian:Gem_White","BicycleWheel","HandDrill"],"campfire_rested":4,"item_purchase_floors":[16,24,44,44,44,55],"current_hp_per_floor":[72,72,71,70,66,66,66,46,26,18,17,11,11,11,11,7,7,5,72,72,63,63,63,58,49,49,44,54,54,54,54,48,48,40,19,82,82,77,77,77,75,74,74,74,74,82,82,82,82,77,73,53,77,29,29,52,48,19],"gold":9,"neow_bonus":"REMOVE_TWO","is_daily":false,"chose_seed":false,"campfire_upgraded":3,"win_rate":0.0,"timestamp":1612546061,"path_taken":["R","?","M","M","?","?","T","M","E","M","M","?","E","PTL","PTL","$","M","BOSS","R","?","M","?","$","?","T","$","R","?","M","R","E","M","M","BOSS","R","M","$","?","M","M","T","$","M","R","M","M","R","?","M","BOSS","E","$","R","BOSS","BOSS"],"items_purchased_type":["Card","Relic","Card","Card","Relic","Relic"],"build_version":"2020-12-22","purchased_purges":0,"victory":true,"max_hp_per_floor":[72,72,72,72,72,72,72,72,72,72,72,72,72,72,72,72,72,72,72,72,72,72,72,72,72,72,72,82,82,82,82,82,82,82,82,82,82,82,82,82,82,82,82,82,82,82,82,82,82,77,77,77,77,77,77,77,77,77],"card_choices":[{"not_picked":["Guardian:PrimingBeam","Guardian:Planning"],"picked":"Guardian:WalkerClaw","floor":3},{"not_picked":["Guardian:ChargeCore","Guardian:TimeCapacitor"],"picked":"Guardian:Orbwalk","floor":4},{"not_picked":["Guardian:VentSteam","Guardian:Gem_Lightblue"],"picked":"Guardian:Gem_Red","floor":5},{"not_picked":["Guardian:SentryBeam","Guardian:Reroute"],"picked":"Guardian:Clone","floor":8},{"not_picked":["Guardian:ShieldCharger","Guardian:EvasiveProtocol"],"picked":"Guardian:ChargeUp","floor":9},{"not_picked":["Guardian:Recover","Guardian:CrystalBeam","Guardian:WalkerClaw"],"picked":"SKIP","floor":10},{"not_picked":["Guardian:Recover","Guardian:DonusPower"],"picked":"Guardian:Clone","floor":11},{"not_picked":["Guardian:ExploitGems","Guardian:CrystalBeam","Guardian:EvasiveProtocol"],"picked":"SKIP","floor":12},{"not_picked":["Guardian:Suspension","Guardian:MultiBeam"],"picked":"Guardian:Gem_Red","floor":13},{"not_picked":["Guardian:TimeBomb","Guardian:PrimingBeam"],"picked":"Guardian:ShieldCharger","floor":16},{"not_picked":["Guardian:FuturePlans","Guardian:Reroute","Guardian:Gem_Green"],"picked":"SKIP","floor":17},{"not_picked":["Guardian:StasisStrike","Guardian:FierceBash"],"picked":"Guardian:ExploitGems","floor":18},{"not_picked":["Guardian:ShieldCharger","Guardian:TemporalShield"],"picked":"Guardian:Gem_Green","floor":21},{"not_picked":["Guardian:TimeCapacitor","Guardian:Repulse"],"picked":"Guardian:Gem_Cyan","floor":22},{"not_picked":["Guardian:ArmoredProtocol","Guardian:VentSteam"],"picked":"Guardian:WalkerClaw+1","floor":24},{"not_picked":["Guardian:ShieldCharger+1","Guardian:Gem_Lightblue"],"picked":"Guardian:Gem_Purple","floor":25},{"not_picked":["Guardian:Gem_Red","Guardian:PiercingHide","Guardian:Reroute"],"picked":"SKIP","floor":27},{"not_picked":["Guardian:CrystalBeam","Guardian:TemporalShield","Guardian:VentSteam"],"picked":"SKIP","floor":30},{"not_picked":["Guardian:Gem_Green","Guardian:FloatingOrbs","Guardian:RevengeProtocol"],"picked":"SKIP","floor":32},{"not_picked":["Guardian:PiercingHide+1","Guardian:ShieldCharger","Guardian:Gem_Green"],"picked":"SKIP","floor":33},{"not_picked":["Guardian:Incinerate","Guardian:Suspension","Guardian:Gem_Green"],"picked":"SKIP","floor":34},{"not_picked":["Guardian:HyperBeam_Guardian","Guardian:SphericShield"],"picked":"Guardian:BaubleBeam","floor":35},{"not_picked":["Guardian:Suspension+1","Guardian:BronzeOrb","Guardian:TemporalStrike+1"],"picked":"SKIP","floor":38},{"not_picked":["Guardian:PolyBeam","Guardian:PrimingBeam+1","Guardian:TemporalShield"],"picked":"SKIP","floor":39},{"not_picked":["Guardian:Suspension","Guardian:PrismaticBeam+1","Guardian:VentSteam+1"],"picked":"SKIP","floor":40},{"not_picked":["Guardian:ShieldSpikes","Guardian:ArmoredProtocol","Guardian:TemporalStrike+1"],"picked":"SKIP","floor":41},{"not_picked":["Guardian:VentSteam","Guardian:BronzeOrb+1","Guardian:Incinerate+1"],"picked":"SKIP","floor":42},{"not_picked":["Guardian:PiercingHide+1","Guardian:DonusPower+1","Guardian:BronzeOrb"],"picked":"SKIP","floor":44},{"not_picked":["Guardian:WalkerClaw","Guardian:BodySlam+1","Guardian:DonusPower"],"picked":"SKIP","floor":45},{"not_picked":["Guardian:TemporalShield+1","Guardian:SpikerProtocol+1","Guardian:PrismaticBarrier+1"],"picked":"SKIP","floor":47},{"not_picked":["Guardian:Emergency+1","Guardian:BodySlam"],"picked":"Guardian:Gem_Fragmented","floor":48},{"not_picked":["Guardian:WalkerClaw","Guardian:PrismaticBeam"],"picked":"Guardian:Gem_Fragmented","floor":51},{"not_picked":["Guardian:PrismaticBeam+1","Guardian:Gem_Lightblue"],"picked":"Guardian:Orbwalk+1","floor":54}],"player_experience":231931,"relics_obtained":[{"floor":7,"key":"Du-Vu Doll"},{"floor":9,"key":"Orichalcum"},{"floor":13,"key":"halation:WeightlessCrab"},{"floor":21,"key":"Blue Candle"},{"floor":32,"key":"MiniBlackHole"},{"floor":43,"key":"jedi:crownofsimplicity"},{"floor":54,"key":"hubris:DuctTape"}],"event_choices":[],"is_beta":false,"boss_relics":[{"not_picked":["halation:CatFaceCupcake","hubris:ScarierMask"],"picked":"Runic Dome"},{"not_picked":["reliquary:KinkedSpring","Black Star"],"picked":"Fusion Hammer"}],"items_purged_floors":[],"is_endless":false,"potions_floor_spawned":[3,8,9,17,21,25,32,35,40,42],"ascension_level":0}}