{"host":"52lujqhsyicpcskq","time":1612528409,"event":{"mods":["BaseMod","Colored Map","Minty Spire (QoL Compilation)","Permanent Neow","StSLib","SuperFastMode","everything is the same but u backflip on backflip"],"gold_per_floor":[20,30,46,60,74,74,91,91,91,102,102,117,117,128,128,204,204,217,142,241,241,261,261,289,306,306,306,221,236,248,278,278,278,278],"floor_reached":33,"language":"KOR","playtime":1531,"items_purged":[],"score":467,"play_id":"be9ee319-6e9b-4b68-924e-d12533bb5e90","local_time":"20210205213329","is_ascension_mode":true,"campfire_choices":[{"data":"Neutralize","floor":6.0,"key":"SMITH"},{"floor":8.0,"key":"REST"},{"data":"Backflip","floor":11.0,"key":"SMITH"},{"data":"Endless Agony","floor":15.0,"key":"SMITH"},{"floor":23,"key":"REST"},{"floor":27,"key":"REST"},{"floor":32,"key":"REST"}],"circlet_count":0,"master_deck":["AscendersBane","Strike_G","Strike_G","Strike_G","Defend_G","Defend_G","Defend_G","Defend_G","Survivor","Neutralize+1","Die Die Die","Backflip+1","Sucker Punch","PiercingWail","Poisoned Stab","Finisher","Quick Slash","Dagger Throw","Tools of the Trade","Endless Agony+1","Venomology","Flying Knee","Concentrate","Sucker Punch","Backstab","Poisoned Stab+1","PiercingWail","Terror","Backflip","Backstab"],"relics":["Ring of the Snake","Bag of Marbles","Fusion Hammer","Tingsha","Regal Pillow","Anchor","Darkstone Periapt"],"acts_visited":["Exordium","TheCity"],"potions_floor_usage":[24,24,25,29,29,31,33,33,33],"damage_taken":[{"damage":1.0,"enemies":"Cultist","floor":1.0,"turns":4.0},{"damage":3.0,"enemies":"Jaw Worm","floor":2.0,"turns":5.0},{"damage":9.0,"enemies":"Small Slimes","floor":3.0,"turns":5.0},{"damage":8.0,"enemies":"Looter","floor":4.0,"turns":3.0},{"damage":0.0,"enemies":"2 Fungi Beasts","floor":5.0,"turns":2.0},{"damage":5.0,"enemies":"Blue Slaver","floor":7.0,"turns":4.0},{"damage":0.0,"enemies":"Large Slime","floor":10.0,"turns":5.0},{"damage":0.0,"enemies":"Lots of Slimes","floor":12.0,"turns":1.0},{"damage":0.0,"enemies":"2 Fungi Beasts","floor":14.0,"turns":1.0},{"damage":13.0,"enemies":"Hexaghost","floor":16.0,"turns":11.0},{"damage":8,"enemies":"Chosen","floor":18,"turns":6},{"damage":11,"enemies":"2 Thieves","floor":22,"turns":4},{"damage":40,"enemies":"Book of Stabbing","floor":24,"turns":6},{"damage":1,"enemies":"Centurion and Healer","floor":25,"turns":4},{"damage":1,"enemies":"Shelled Parasite and Fungi","floor":29,"turns":2},{"damage":15,"enemies":"Snake Plant","floor":30,"turns":3},{"damage":19,"enemies":"Slavers","floor":31,"turns":4},{"damage":53,"enemies":"Champ","floor":33,"turns":9}],"seed_played":"-7816462106465164493","potions_obtained":[{"floor":2.0,"key":"ColorlessPotion"},{"floor":3.0,"key":"LiquidBronze"},{"floor":7.0,"key":"Fire Potion"},{"floor":10.0,"key":"Explosive Potion"},{"floor":12.0,"key":"ColorlessPotion"},{"floor":13.0,"key":"GhostInAJar"},{"floor":24,"key":"Regen Potion"},{"floor":29,"key":"Ancient Potion"},{"floor":31,"key":"Block Potion"}],"is_trial":false,"path_per_floor":["M","M","M","M","M","R","M","R","T","M","R","M","?","M","R","B",null,"M","?","?","?","M","R","E","M","T","R","?","M","M","E","R","B"],"character_chosen":"THE_SILENT","items_purchased":[],"campfire_rested":4,"item_purchase_floors":[],"current_hp_per_floor":[62,59,50,42,42,42,37,58,58,58,58,58,58,58,58,45,64,56,56,56,56,45,66,26,37,37,70,70,69,54,35,70,17,17],"gold":278,"neow_bonus":"THREE_RARE_CARDS","is_daily":false,"chose_seed":false,"campfire_upgraded":3,"win_rate":0.0,"timestamp":1612528409,"path_taken":["M","M","?","M","M","R","M","R","T","M","R","M","?","M","R","BOSS","M","?","?","?","M","R","E","M","T","R","?","M","M","E","R","BOSS"],"items_purchased_type":[],"build_version":"2020-12-22","purchased_purges":0,"victory":false,"max_hp_per_floor":[70,70,70,70,70,70,70,70,70,70,70,70,70,70,70,70,70,70,70,70,70,70,70,70,70,70,70,70,70,70,70,70,70,70],"card_choices":[{"not_picked":["Phantasmal Killer","Malaise"],"picked":"Die Die Die","floor":0.0},{"not_picked":["Well Laid Plans","Noxious Fumes"],"picked":"Backflip","floor":1.0},{"not_picked":["Underhanded Strike","Slice"],"picked":"Sucker Punch","floor":2.0},{"not_picked":["Prepared","Backflip"],"picked":"PiercingWail","floor":3.0},{"not_picked":["Sucker Punch","Underhanded Strike"],"picked":"Poisoned Stab","floor":4.0},{"not_picked":["Poisoned Stab","Sucker Punch"],"picked":"Finisher","floor":5.0},{"not_picked":["Blur","Dagger Throw"],"picked":"Quick Slash","floor":7.0},{"not_picked":["Eviscerate","Bane"],"picked":"Dagger Throw","floor":10.0},{"not_picked":["Acrobatics","Tactician"],"picked":"Tools of the Trade","floor":12.0},{"not_picked":["Deflect","Slice"],"picked":"Endless Agony","floor":14.0},{"not_picked":["A Thousand Cuts","Unload"],"picked":"Venomology","floor":16.0},{"not_picked":["Poisoned Stab","Caltrops"],"picked":"Flying Knee","floor":18},{"not_picked":["Dagger Spray","Skewer"],"picked":"Backstab","floor":22},{"not_picked":["Backflip","Choke"],"picked":"Poisoned Stab+1","floor":24},{"not_picked":["Deadly Poison","Calculated Gamble"],"picked":"PiercingWail","floor":25},{"not_picked":["Heel Hook","Flying Knee"],"picked":"Terror","floor":29},{"not_picked":["Bane","Masterful Stab"],"picked":"Backflip","floor":30},{"not_picked":["Blade Dance","Bane"],"picked":"Backstab","floor":31}],"player_experience":754836,"relics_obtained":[{"floor":9.0,"key":"Bag of Marbles"},{"floor":24,"key":"Tingsha"},{"floor":26,"key":"Regal Pillow"},{"floor":31,"key":"Darkstone Periapt"}],"event_choices":[{"damage_healed":0.0,"max_hp_gain":0.0,"max_hp_loss":0.0,"gold_gain":0.0,"event_name":"Lab","player_choice":"Got Potions","floor":13.0,"gold_loss":0.0,"damage_taken":0.0},{"cards_removed":["Strike_G"],"damage_healed":0,"gold_gain":0,"player_choice":"Gave Gold","damage_taken":0,"max_hp_gain":0,"max_hp_loss":0,"event_name":"Beggar","floor":19,"gold_loss":75},{"damage_healed":0,"gold_gain":99,"player_choice":"Stole From Cult","damage_taken":0,"max_hp_gain":0,"max_hp_loss":0,"event_name":"Nest","floor":20,"gold_loss":0},{"damage_healed":0,"gold_gain":0,"cards_transformed":["Defend_G","Strike_G"],"player_choice":"Became Test Subject","damage_taken":0,"max_hp_gain":0,"max_hp_loss":0,"event_name":"Drug Dealer","floor":21,"gold_loss":0,"cards_obtained":["Concentrate","Sucker Punch"]},{"damage_healed":0,"gold_gain":0,"player_choice":"Obtained Relic","damage_taken":0,"relics_obtained":["Anchor"],"max_hp_gain":0,"max_hp_loss":0,"event_name":"Addict","floor":28,"gold_loss":85}],"is_beta":false,"boss_relics":[{"not_picked":["Calling Bell","Philosopher\u0027s Stone"],"picked":"Fusion Hammer"}],"items_purged_floors":[],"is_endless":false,"potions_floor_spawned":[2,3,7,10,12,22,24,29,31],"killed_by":"Champ","ascension_level":13}}