{"host":"l8n3qytufxtuz5eu","time":1612490783,"event":{"mods":["BaseMod","Colored Map","Minty Spire (QoL Compilation)","Relic Stats"],"gold_per_floor":[118,137,6,16,28,55,55,65,118,151,166,200,210,229,229,324,324,337,337,412,424,458,487,44,44,44],"floor_reached":25,"language":"ENG","playtime":1529,"items_purged":["Strike_G"],"score":405,"play_id":"38a40d86-090b-4fda-b09d-8399a9195ce8","local_time":"20210204180623","is_ascension_mode":true,"campfire_choices":[{"data":"Accuracy","floor":7.0,"key":"SMITH"},{"data":"Cloak And Dagger","floor":15.0,"key":"SMITH"}],"circlet_count":0,"master_deck":["AscendersBane","Strike_G","Strike_G","Strike_G","Strike_G","Defend_G","Defend_G","Defend_G","Defend_G","Defend_G","Survivor","Neutralize","Burst","Bouncing Flask","Quick Slash","Accuracy+1","Cloak And Dagger","Blade Dance","Finisher","Acrobatics","Cloak And Dagger+1","Accuracy","Blur","Malaise","Dagger Throw","Footwork","Cloak And Dagger+1","Prepared+1","Footwork"],"relics":["Ring of the Snake","Nunchaku","Centennial Puzzle","Shuriken","Snake Skull","HoveringKite","Red Mask","Bottled Lightning","Chemical X","Juzu Bracelet"],"acts_visited":["Exordium","TheCity"],"potions_floor_usage":[22,22,23,25],"damage_taken":[{"damage":4.0,"enemies":"Cultist","floor":1.0,"turns":5.0},{"damage":0.0,"enemies":"2 Louse","floor":2.0,"turns":2.0},{"damage":0.0,"enemies":"Small Slimes","floor":4.0,"turns":4.0},{"damage":0.0,"enemies":"Looter","floor":5.0,"turns":3.0},{"damage":20.0,"enemies":"3 Sentries","floor":6.0,"turns":7.0},{"damage":3.0,"enemies":"Large Slime","floor":8.0,"turns":3.0},{"damage":0.0,"enemies":"Gremlin Nob","floor":10.0,"turns":2.0},{"damage":0.0,"enemies":"3 Louse","floor":11.0,"turns":3.0},{"damage":17.0,"enemies":"Lagavulin","floor":12.0,"turns":6.0},{"damage":0.0,"enemies":"Exordium Thugs","floor":13.0,"turns":3.0},{"damage":5.0,"enemies":"Gremlin Gang","floor":14.0,"turns":4.0},{"damage":4.0,"enemies":"The Guardian","floor":16.0,"turns":5.0},{"damage":0.0,"enemies":"3 Byrds","floor":18.0,"turns":6.0},{"damage":10,"enemies":"Shell Parasite","floor":21,"turns":4},{"damage":0,"enemies":"Masked Bandits","floor":22,"turns":2},{"damage":22,"enemies":"Slavers","floor":23,"turns":8},{"damage":18,"enemies":"Book of Stabbing","floor":25,"turns":3}],"seed_played":"-1575932377963218576","potions_obtained":[{"floor":1.0,"key":"DuplicationPotion"},{"floor":2.0,"key":"Fire Potion"},{"floor":5.0,"key":"Dexterity Potion"},{"floor":6.0,"key":"EntropicBrew"},{"floor":11.0,"key":"Explosive Potion"},{"floor":22,"key":"Block Potion"},{"floor":23,"key":"CunningPotion"}],"is_trial":false,"path_per_floor":["M","M","$","M","M","E","R","M","T","E","M","E","M","M","R","B",null,"M","?","?","M","?","E","$","E"],"character_chosen":"THE_SILENT","items_purchased":["Accuracy","Cloak And Dagger","Footwork","Chemical X","Juzu Bracelet"],"campfire_rested":0,"item_purchase_floors":[3,3,24,24,24],"current_hp_per_floor":[59,59,59,59,59,39,39,36,36,36,36,19,19,14,14,10,50,50,50,44,34,34,12,12,0,0],"gold":44,"neow_bonus":"THREE_RARE_CARDS","is_daily":false,"chose_seed":false,"campfire_upgraded":2,"win_rate":0.0,"timestamp":1612490783,"path_taken":["M","M","$","M","M","E","R","M","T","E","M","E","?","M","R","BOSS","M","?","?","?","?","E","$","E"],"items_purchased_type":["Card","Card","Card","Relic","Relic"],"build_version":"2020-12-22","purchased_purges":1,"victory":false,"max_hp_per_floor":[63,63,63,63,63,63,63,63,63,63,63,63,63,63,63,63,63,63,63,63,63,63,63,63,63,63],"relic_stats":{"Nunchaku":[14],"Centennial Puzzle":[18],"counters":[17,70],"Shuriken":[30],"HoveringKite":[13],"Snake Skull":[9],"Juzu Bracelet":0,"Chemical X":[1],"obtain_stats":[{"Nunchaku":6,"Centennial Puzzle":9,"Shuriken":10,"HoveringKite":17,"Snake Skull":12,"Red Mask":22,"Juzu Bracelet":24,"Bottled Lightning":23,"Chemical X":24,"Ring of the Snake":0},{"Nunchaku":5,"Centennial Puzzle":6,"Shuriken":7,"HoveringKite":12,"Snake Skull":9,"Red Mask":15,"Juzu Bracelet":16,"Bottled Lightning":16,"Chemical X":16,"Ring of the Snake":0},{"Nunchaku":21,"Centennial Puzzle":24,"Shuriken":26,"HoveringKite":47,"Snake Skull":35,"Red Mask":59,"Juzu Bracelet":67,"Bottled Lightning":67,"Chemical X":67,"Ring of the Snake":0}],"Ring of the Snake":[34]},"card_choices":[{"not_picked":["Venomology","Phantasmal Killer"],"picked":"Burst","floor":0.0},{"not_picked":["All Out Attack","Dash"],"picked":"Bouncing Flask","floor":1.0},{"not_picked":["Terror","Deflect"],"picked":"Quick Slash","floor":2.0},{"not_picked":["Flying Knee","Bane"],"picked":"Blade Dance","floor":4.0},{"not_picked":["Setup","Infinite Blades"],"picked":"Finisher","floor":5.0},{"not_picked":["Crippling Poison","Infinite Blades"],"picked":"Acrobatics","floor":6.0},{"not_picked":["Grand Finale","Expertise"],"picked":"Cloak And Dagger","floor":8.0},{"not_picked":["Acrobatics","Flying Knee"],"picked":"Accuracy","floor":10.0},{"not_picked":["Leg Sweep","Noxious Fumes"],"picked":"Blur","floor":11.0},{"not_picked":["Underhanded Strike","Bane","Dash"],"picked":"SKIP","floor":12.0},{"not_picked":["Doppelganger","Dodge and Roll","Bane"],"picked":"SKIP","floor":13.0},{"not_picked":["Backflip","Tactician","Sucker Punch"],"picked":"SKIP","floor":14.0},{"not_picked":["Venomology","Phantasmal Killer"],"picked":"Malaise","floor":16.0},{"not_picked":["Dagger Spray","Endless Agony"],"picked":"Dagger Throw","floor":18.0},{"not_picked":["Prepared","Burst"],"picked":"Cloak And Dagger+1","floor":21},{"not_picked":["Bane","Slice"],"picked":"Prepared+1","floor":23}],"player_experience":1468735,"relics_obtained":[{"floor":6.0,"key":"Nunchaku"},{"floor":9.0,"key":"Centennial Puzzle"},{"floor":10.0,"key":"Shuriken"},{"floor":12.0,"key":"Snake Skull"},{"floor":22,"key":"Red Mask"},{"floor":23,"key":"Bottled Lightning"}],"event_choices":[{"damage_healed":0.0,"max_hp_gain":0.0,"max_hp_loss":0.0,"gold_gain":0.0,"event_name":"The Library","player_choice":"Read","floor":19.0,"gold_loss":0.0,"damage_taken":0.0,"cards_obtained":["Footwork"]},{"damage_healed":0,"gold_gain":75,"player_choice":"Touch","damage_taken":6,"max_hp_gain":0,"max_hp_loss":0,"event_name":"FaceTrader","floor":20,"gold_loss":0},{"damage_healed":0,"gold_gain":0,"player_choice":"Fought Bandits","damage_taken":0,"max_hp_gain":0,"max_hp_loss":0,"event_name":"Masked Bandits","floor":22,"gold_loss":0}],"is_beta":false,"boss_relics":[{"not_picked":["Astrolabe","Busted Crown"],"picked":"HoveringKite"}],"items_purged_floors":[24],"is_endless":false,"potions_floor_spawned":[1,2,5,6,11,22,23],"killed_by":"Book of Stabbing","ascension_level":10}}