{"host":"n605f8gctjc87d7h","time":1612552123,"event":{"mods":["Aspiration","Bard","BaseMod","Better Match","Better Note","Better Skull","Better Third Choice","Conspire","Downfall","Halation","Hermit","Infinite Spire","Minty Spire (QoL Compilation)","Replay The Spire","Retaliation","Shade Mod","Spicy Shops","StSLib","The IronCluck","The Jungle"],"gold_per_floor":[115,115,128,144,157,157,157,6,30,63,63,81,81,93,93,171,171,185,202,202,252,252,279,279,292,292,309,309,309,328,347,347,421,421,437,456,469,194,214,242,242,262,262,289,289,309,327,327,327,327],"floor_reached":51,"language":"ENG","playtime":3540,"items_purged":["Strike_B","Strike_B","Defend_B"],"score":1289,"play_id":"4714ec17-9020-4f5c-a2b5-389030090081","local_time":"20210205110843","is_ascension_mode":true,"campfire_choices":[{"data":"Zap","floor":7,"key":"SMITH"},{"data":"Dualcast","floor":11,"key":"SMITH"},{"data":"Gash","floor":13,"key":"SMITH"},{"floor":15,"key":"REST"},{"floor":24,"key":"REST"},{"data":"infinitespire:Collect","floor":29,"key":"SMITH"},{"data":"Inflame","floor":32,"key":"SMITH"},{"data":"Flex","floor":41,"key":"SMITH"},{"data":"All For One","floor":45,"key":"SMITH"},{"data":"Beam Cell","floor":49,"key":"SMITH"}],"circlet_count":0,"master_deck":["AscendersBane","Strike_B","Defend_B","Defend_B+1","Defend_B","Zap+1","Dualcast+1","Impatience+1","Beam Cell+1","Go for the Eyes","Steam","BootSequence","Gash+1","All For One+1","Rip and Tear+1","infinitespire:Collect+1","FTL+1","Self Repair","Armaments+1","Inflame+1","Spot Weakness+1","Gash+1","Flex+1"],"relics":["Cracked Core","FaceOfCleric","War Paint","Centennial Puzzle","Replay:Accelerometer","aspiration:IroncladSkillbook","halation:BottledLove","aspiration:HummingbirdHeart","Bag of Preparation","Replay:Bottled Eggs","aspiration:PoetsPen_weak","DollysMirror","infinitespire:CursedDice","Potion Belt","conspire:DeflatedDodgeball","Akabeko"],"acts_visited":["Exordium","TheCity","TheBeyond"],"potions_floor_usage":[10,16,28,31,33,40,50,50,50,50],"damage_taken":[{"damage":1,"enemies":"conspire:RoseBush","floor":1,"turns":3},{"damage":0,"enemies":"Cultist","floor":3,"turns":3},{"damage":2,"enemies":"Jaw Worm","floor":4,"turns":2},{"damage":6,"enemies":"Exordium Thugs","floor":5,"turns":4},{"damage":5,"enemies":"Gremlin Nob","floor":10,"turns":3},{"damage":0,"enemies":"Blue Slaver","floor":12,"turns":3},{"damage":5,"enemies":"Exordium Wildlife","floor":14,"turns":5},{"damage":77,"enemies":"Fading Forest","floor":16,"turns":12},{"damage":1,"enemies":"3 Byrds","floor":18,"turns":3},{"damage":16,"enemies":"conspire:FuzzyDice","floor":19,"turns":3},{"damage":15,"enemies":"Gremlin Leader","floor":23,"turns":5},{"damage":0,"enemies":"Centurion and Healer","floor":25,"turns":5},{"damage":1,"enemies":"3 Cultists","floor":27,"turns":4},{"damage":0,"enemies":"Shelled Parasite and Fungi","floor":30,"turns":2},{"damage":4,"enemies":"conspire:HollyBat","floor":31,"turns":6},{"damage":26,"enemies":"Automaton","floor":33,"turns":8},{"damage":0,"enemies":"Orb Walker","floor":35,"turns":2},{"damage":6,"enemies":"3 Shapes","floor":36,"turns":3},{"damage":3,"enemies":"3 Darklings","floor":37,"turns":3},{"damage":12,"enemies":"Sphere and 2 Shapes","floor":39,"turns":3},{"damage":2,"enemies":"R_Hoarder","floor":40,"turns":5},{"damage":0,"enemies":"Transient","floor":42,"turns":5},{"damage":1,"enemies":"Giant Head","floor":44,"turns":3},{"damage":0,"enemies":"Maw","floor":46,"turns":2},{"damage":0,"enemies":"Writhing Mass","floor":47,"turns":2},{"damage":130,"enemies":"conspire:OrnateMirror","floor":50,"turns":6}],"seed_played":"-1824681406797482436","potions_obtained":[{"floor":3,"key":"champ:CounterPotion"},{"floor":4,"key":"Venom Potion"},{"floor":5,"key":"Weak Potion"},{"floor":23,"key":"LiquidBronze"},{"floor":28,"key":"Fruit Juice"},{"floor":28,"key":"SkillPotion"},{"floor":30,"key":"LifebloodPotion"},{"floor":31,"key":"DDmod:CleansePotion"},{"floor":35,"key":"DistilledChaos"},{"floor":37,"key":"Weak Potion"},{"floor":42,"key":"Energy Potion"},{"floor":47,"key":"PotionOfCapacity"}],"is_trial":false,"path_per_floor":["M","?","M","M","M","?","R","$","T","E","R","M","R","M","R","B",null,"M","M","AVR","?","?","E","R","M","T","M","?","R","M","M","R","B",null,"M","M","M","$","M","E","R","M","T","E","R","M","M","AVR","R","B",null],"character_chosen":"DEFECT","items_purchased":["War Paint","DollysMirror","Flex"],"campfire_rested":2,"item_purchase_floors":[8,38,38],"current_hp_per_floor":[63,63,64,63,58,58,58,58,58,54,54,55,55,51,74,3,59,63,52,52,52,52,42,66,71,71,82,87,87,89,90,90,76,87,92,93,94,94,94,96,96,97,97,98,98,99,100,100,100,51],"gold":327,"neow_bonus":"RANDOM_COLORLESS","is_daily":false,"chose_seed":false,"campfire_upgraded":8,"win_rate":0.0,"timestamp":1612552123,"path_taken":["M","?","M","M","?","?","R","?","T","E","R","M","R","?","R","BOSS","M","M","AVR","?","?","E","R","M","T","M","?","R","M","M","R","BOSS","M","?","M","$","M","E","R","M","T","E","R","M","M","AVR","R","BOSS"],"items_purchased_type":["Relic","Relic","Card"],"build_version":"2020-12-22","purchased_purges":3,"victory":true,"max_hp_per_floor":[71,71,72,73,74,74,74,74,74,75,75,76,76,77,77,78,78,79,80,80,80,80,81,81,82,82,83,88,88,89,90,90,91,91,92,93,94,94,95,96,96,97,97,98,98,99,100,100,100,101],"card_choices":[{"not_picked":["Swift Strike","DDmod:MulticlassingSkill"],"picked":"Impatience","floor":0},{"not_picked":["Stack","ReplayTheSpireMod:Reroute Power"],"picked":"Beam Cell","floor":1},{"not_picked":["Streamline","ReplayRNGCard"],"picked":"Go for the Eyes","floor":3},{"not_picked":["Redo","Barrage"],"picked":"Steam","floor":4},{"not_picked":["Steam","Rip and Tear"],"picked":"BootSequence","floor":5},{"not_picked":["BasicCrystalCard","Sweeping Beam","Leap"],"picked":"SKIP","floor":10},{"not_picked":["Stack","Steam"],"picked":"Gash","floor":12},{"not_picked":["Steam","Hello World","Compile Driver"],"picked":"SKIP","floor":14},{"not_picked":["Buffer","ReplayRNGCard"],"picked":"All For One","floor":16},{"not_picked":["Hemokinesis","Warcry","Aggregate","Carnage"],"picked":"SKIP","floor":18},{"not_picked":["Armaments","Massacre","Storm"],"picked":"Rip and Tear+1","floor":19},{"not_picked":["Carnage","Twin Strike","DDmod:SpikeMailSkill"],"picked":"FTL","floor":23},{"not_picked":["Iron Wave","Replay:Undeath\u0027s Touch","Seeing Red"],"picked":"Self Repair","floor":25},{"not_picked":["Mirror Shield","Perfected Strike","Panic Button"],"picked":"Armaments+1","floor":27},{"not_picked":["Defy Death","Clash","Warcry","Creative AI"],"picked":"SKIP","floor":30},{"not_picked":["Pommel Strike","Conserve Battery","Iron Wave"],"picked":"Inflame","floor":31},{"not_picked":["Sweeping Beam","Dark Embrace","DDmod:CallousedSkill","Beam Cell"],"picked":"SKIP","floor":35},{"not_picked":["Barrage","ReplayTheSpireMod:Repulse","Massacre+1","Dark Embrace"],"picked":"SKIP","floor":36},{"not_picked":["Iron Wave","Leap","Thunder Strike"],"picked":"Spot Weakness+1","floor":37},{"not_picked":["ReplayTheSpireMod:Limb From Limb","Conserve Battery","Defragment","Clash"],"picked":"SKIP","floor":39},{"not_picked":["Pommel Strike","Go for the Eyes","Twin Strike","Abandon"],"picked":"SKIP","floor":40},{"not_picked":["BasicCrystalCard","ReplayTheSpireMod:LeadingStrike","Sunder","Redo"],"picked":"SKIP","floor":42},{"not_picked":["Second Wind","Berserk","Beam Cell","Power Through"],"picked":"SKIP","floor":44},{"not_picked":["Shockwave","Disarm+1","Rebound+1","Chaos+1"],"picked":"SKIP","floor":46},{"not_picked":["Burning Pact","Bloodletting+1","True Grit+1","Turbo+1"],"picked":"SKIP","floor":47},{"not_picked":["Burning Pact","Bloodletting+1","True Grit+1","Turbo+1"],"picked":"SKIP","floor":47}],"player_experience":818893,"relics_obtained":[{"floor":9,"key":"Centennial Puzzle"},{"floor":10,"key":"Replay:Accelerometer"},{"floor":23,"key":"Bag of Preparation"},{"floor":26,"key":"Replay:Bottled Eggs"},{"floor":40,"key":"infinitespire:CursedDice"},{"floor":43,"key":"Potion Belt"},{"floor":44,"key":"conspire:DeflatedDodgeball"}],"event_choices":[{"damage_healed":0,"gold_gain":0,"player_choice":"Trade","damage_taken":0,"relics_obtained":["FaceOfCleric"],"max_hp_gain":0,"max_hp_loss":0,"event_name":"FaceTrader","floor":2,"gold_loss":0},{"cards_removed":["Strike_B"],"damage_healed":0,"gold_gain":0,"player_choice":"Purged","damage_taken":0,"max_hp_gain":0,"max_hp_loss":0,"event_name":"Purifier","floor":6,"gold_loss":0},{"damage_healed":0,"gold_gain":50,"player_choice":"Steal","damage_taken":0,"max_hp_gain":0,"max_hp_loss":0,"event_name":"betterThird:BetterNest","floor":21,"gold_loss":0},{"damage_healed":0,"gold_gain":0,"player_choice":"Got Potions","damage_taken":0,"max_hp_gain":0,"max_hp_loss":0,"event_name":"Lab","floor":28,"gold_loss":0}],"is_beta":false,"boss_relics":[{"not_picked":["Runic Dome","conspire:RoyalGoblet"],"picked":"aspiration:IroncladSkillbook"},{"not_picked":["ReplayTheSpireMod:SealedPack","aspiration:SecretTechniqueScroll"],"picked":"aspiration:PoetsPen_weak"}],"items_purged_floors":[20,38,48],"is_endless":false,"potions_floor_spawned":[3,4,5,23,30,31,35,37,42,47],"ascension_level":15}}