{"host":"ipy8buq3e4d47khg","time":1612550973,"event":{"mods":["BaseMod","Colored Map","Colored Powertips","Minty Spire (QoL Compilation)","Quick Restart","Replay The Spire","Shop Mod","Spicy Shops","StSLib"],"gold_per_floor":[109,34,48,67,79,112,122,122,147,179,179,197,208,235,235,330,330,350,361,151,169,119,147,147,173,253,253,23,52,52,78,78,192,192,219,159,177,27,44,44,84,99,122,122,122,143,161,161,161,177],"floor_reached":51,"language":"ENG","playtime":6631,"items_purged":["Defend_P","Strike_P","Strike_P","Strike_P+1"],"score":748,"play_id":"9d6018e6-e220-4ce0-9f82-aca5641b4817","local_time":"20210205104933","is_ascension_mode":false,"campfire_choices":[{"data":"SignatureMove","floor":8.0,"key":"SMITH"},{"floor":11.0,"key":"REST"},{"floor":15.0,"key":"REST"},{"floor":24.0,"key":"REST"},{"floor":27.0,"key":"REST"},{"floor":30.0,"key":"REST"},{"data":"Judgement","floor":32.0,"key":"SMITH"},{"data":"Vigilance","floor":32.0,"key":"SMITH"},{"data":"Conclude","floor":40.0,"key":"SMITH"},{"data":"Sanctity","floor":40.0,"key":"SMITH"},{"floor":45,"key":"REST"},{"data":"Eruption","floor":49,"key":"SMITH"},{"data":"DeusExMachina","floor":49,"key":"SMITH"}],"circlet_count":0,"master_deck":["Defend_P","Defend_P+1","Defend_P","Eruption+1","Vigilance+1","Wireheading+1","SignatureMove+1","DeusExMachina+1","Judgement+1","Replay:ManipulateFuture+1","BattleHymn","Replay:ManipulateFuture+1","Devotion","Replay:AtTheReady+1","Sanctity+1","ThirdEye+1","Prostrate+1","Replay:AtTheReady","Consecrate"],"relics":["PureWater","NeowsBlessing","Anchor","Omamori","Gremlin Food","Calling Bell","Vajra","Singing Bowl","Replay:Arrowhead","Replay:Bandana","Bottled Flame","ReplayTheSpireMod:CursedCoin","Bottled Tornado","Honey Jar","Nunchaku"],"acts_visited":["Exordium","TheCity","TheBeyond"],"potions_floor_usage":[50,50,50,50],"damage_taken":[{"damage":0.0,"enemies":"Cultist","floor":1.0,"turns":1.0},{"damage":0.0,"enemies":"Small Slimes","floor":3.0,"turns":1.0},{"damage":0.0,"enemies":"2 Louse","floor":4.0,"turns":1.0},{"damage":3.0,"enemies":"Red Slaver","floor":5.0,"turns":3.0},{"damage":7.0,"enemies":"Replay:BlueRogue","floor":6.0,"turns":6.0},{"damage":0.0,"enemies":"Blue Slaver","floor":7.0,"turns":2.0},{"damage":23.0,"enemies":"Lagavulin","floor":10.0,"turns":10.0},{"damage":12.0,"enemies":"2 Fungi Beasts","floor":12.0,"turns":4.0},{"damage":8.0,"enemies":"Exordium Wildlife","floor":13.0,"turns":5.0},{"damage":8.0,"enemies":"Gremlin Nob","floor":14.0,"turns":3.0},{"damage":32.0,"enemies":"Hexaghost","floor":16.0,"turns":7.0},{"damage":11.0,"enemies":"2 Thieves","floor":18.0,"turns":4.0},{"damage":0.0,"enemies":"3 Byrds","floor":19.0,"turns":3.0},{"damage":19.0,"enemies":"Snake Plant","floor":21.0,"turns":4.0},{"damage":32.0,"enemies":"Slavers","floor":23.0,"turns":6.0},{"damage":3.0,"enemies":"Centurion and Healer","floor":25.0,"turns":3.0},{"damage":4.0,"enemies":"3 Cultists","floor":29.0,"turns":3.0},{"damage":3.0,"enemies":"Snake Plant","floor":31.0,"turns":2.0},{"damage":44.0,"enemies":"Champ","floor":33.0,"turns":8.0},{"damage":6.0,"enemies":"3 Darklings","floor":35.0,"turns":4.0},{"damage":0.0,"enemies":"Orb Walker","floor":37.0,"turns":1.0},{"damage":12.0,"enemies":"Spire Growth","floor":39.0,"turns":4.0},{"damage":13,"enemies":"Nemesis","floor":41,"turns":7},{"damage":5,"enemies":"Jaw Worm Horde","floor":42,"turns":5},{"damage":2,"enemies":"Transient","floor":46,"turns":5},{"damage":0,"enemies":"Sphere and 2 Shapes","floor":47,"turns":3},{"damage":53,"enemies":"Awakened One","floor":50,"turns":12}],"seed_played":"-2368716473890292277","potions_obtained":[{"floor":5.0,"key":"DuplicationPotion"},{"floor":6.0,"key":"SkillPotion"},{"floor":7.0,"key":"Toxic Potion"},{"floor":10.0,"key":"Elixir"},{"floor":16.0,"key":"Milkshake"},{"floor":23.0,"key":"BlessingOfTheForge"},{"floor":25.0,"key":"Energy Potion"},{"floor":35.0,"key":"AttackPotion"},{"floor":41,"key":"PowerPotion"},{"floor":42,"key":"Block Potion"}],"is_trial":false,"path_per_floor":["M","$","M","M","M","E","M","R","T","E","R","M","M","E","R","B",null,"M","M","$","M","?","E","R","M","T","R","$","M","R","M","R","B",null,"M","?","M","$","M","R","E","M","T","?","R","M","M","?","R","B",null],"character_chosen":"WATCHER","items_purchased":["BattleHymn","ReplayTheSpireMod:CursedCoin","Bottled Tornado"],"campfire_rested":6,"item_purchase_floors":[20,28,28],"current_hp_per_floor":[72,72,72,72,69,62,62,62,62,39,60,48,40,32,53,21,72,63,63,63,44,44,14,36,35,35,58,58,56,80,79,79,35,82,78,78,80,80,68,68,57,52,52,52,78,78,80,80,80,27],"gold":177,"neow_bonus":"THREE_ENEMY_KILL","is_daily":false,"chose_seed":false,"campfire_upgraded":7,"win_rate":0.0,"timestamp":1612550973,"path_taken":["M","?","?","?","M","E","M","R","T","E","R","M","M","E","R","BOSS","M","?","$","M","?","E","R","M","T","R","$","M","R","?","R","BOSS","M","?","M","$","M","R","E","?","T","?","R","M","M","?","R","BOSS"],"items_purchased_type":["Card","Relic","Relic"],"build_version":"2020-12-22","purchased_purges":4,"victory":true,"max_hp_per_floor":[72,72,72,72,72,72,72,72,72,72,72,72,72,72,72,72,72,74,74,74,74,74,76,76,78,78,78,78,80,80,82,82,82,82,84,84,86,86,86,86,88,88,88,88,88,90,92,92,92,92],"card_choices":[{"not_picked":["SashWhip","ThirdEye","JustLucky"],"picked":"SKIP","floor":1.0},{"not_picked":["Tantrum","Conclude"],"picked":"Wireheading","floor":3.0},{"not_picked":["CutThroughFate","FlurryOfBlows","ForeignInfluence"],"picked":"SKIP","floor":4.0},{"not_picked":["Swivel","WindmillStrike"],"picked":"SignatureMove","floor":5.0},{"not_picked":["FearNoEvil","Crescendo","Indignation"],"picked":"SKIP","floor":6.0},{"not_picked":["Vengeance","SashWhip","MentalFortress"],"picked":"SKIP","floor":7.0},{"not_picked":["CutThroughFate","ClearTheMind","FlurryOfBlows"],"picked":"SKIP","floor":10.0},{"not_picked":["CrushJoints","Consecrate","Halt"],"picked":"SKIP","floor":12.0},{"not_picked":["Protect","WheelKick","Crescendo"],"picked":"SKIP","floor":13.0},{"not_picked":["Evaluate","Fasting2"],"picked":"DeusExMachina","floor":14.0},{"not_picked":["SpiritShield","Wish"],"picked":"Judgement","floor":16.0},{"not_picked":["SashWhip","Evaluate","BowlingBash"],"picked":"Singing Bowl","floor":18.0},{"not_picked":["Nirvana+1","CutThroughFate"],"picked":"Replay:ManipulateFuture+1","floor":19.0},{"not_picked":["FlurryOfBlows+1","Sanctity"],"picked":"Replay:ManipulateFuture","floor":21.0},{"not_picked":["EmptyBody","Worship+1","PathToVictory"],"picked":"Singing Bowl","floor":23.0},{"not_picked":["LessonLearned","Weave","SashWhip"],"picked":"Singing Bowl","floor":25.0},{"not_picked":["Replay:DivineShield","Protect+1","LikeWater"],"picked":"Singing Bowl","floor":29.0},{"not_picked":["InnerPeace","ThirdEye","Crescendo"],"picked":"Singing Bowl","floor":31.0},{"not_picked":["Replay:AllIn","Ragnarok"],"picked":"Devotion","floor":33.0},{"not_picked":["Replay:AtTheReady+1","EmptyBody","TalkToTheHand+1","ThirdEye+1"],"picked":"Singing Bowl","floor":35.0},{"not_picked":["WindmillStrike+1","Wallop+1","Sanctity","PathToVictory+1"],"picked":"Singing Bowl","floor":37.0},{"not_picked":["Replay:BluntJabs+1","ClearTheMind+1","Consecrate"],"picked":"Conclude","floor":39.0},{"not_picked":["ThirdEye+1","ClearTheMind+1","Replay:AtTheReady","Replay:Vibes+1"],"picked":"Singing Bowl","floor":41},{"not_picked":["Adaptation+1","EmptyBody+1","Replay:AtTheReady"],"picked":"Prostrate+1","floor":42},{"not_picked":["Crescendo+1","FlurryOfBlows+1","EmptyFist+1","Replay:AtTheReady"],"picked":"Singing Bowl","floor":46},{"not_picked":["Consecrate","ForeignInfluence","ThirdEye","Evaluate"],"picked":"Singing Bowl","floor":47}],"player_experience":233879,"relics_obtained":[{"floor":6.0,"key":"Anchor"},{"floor":9.0,"key":"Omamori"},{"floor":14.0,"key":"Gremlin Food"},{"floor":17.0,"key":"Vajra"},{"floor":17.0,"key":"Singing Bowl"},{"floor":17.0,"key":"Replay:Arrowhead"},{"floor":23.0,"key":"Replay:Bandana"},{"floor":26.0,"key":"Bottled Flame"},{"floor":41,"key":"Nunchaku"}],"event_choices":[{"damage_healed":0.0,"max_hp_gain":0.0,"max_hp_loss":0.0,"gold_gain":0.0,"event_name":"The Joust","player_choice":"Bet on Murderer","floor":22.0,"gold_loss":50.0,"damage_taken":0.0},{"cards_removed":["Strike_P"],"damage_healed":0.0,"max_hp_gain":0.0,"max_hp_loss":0.0,"gold_gain":0.0,"event_name":"Designer","player_choice":"Single Remove","floor":36.0,"gold_loss":60.0,"damage_taken":0.0},{"damage_healed":0,"gold_gain":0,"player_choice":"Ignored","damage_taken":0,"max_hp_gain":0,"max_hp_loss":0,"event_name":"Tomb of Lord Red Mask","floor":44,"gold_loss":0},{"cards_removed":["Conclude"],"damage_healed":0,"gold_gain":0,"player_choice":"Removed Attack","damage_taken":0,"max_hp_gain":0,"max_hp_loss":0,"event_name":"Falling","floor":48,"gold_loss":0}],"is_beta":false,"boss_relics":[{"not_picked":["ChewingGum","Astrolabe"],"picked":"Calling Bell"},{"not_picked":["Coffee Dripper","HolyWater"],"picked":"Honey Jar"}],"items_purged_floors":[2,20,28,38],"is_endless":false,"potions_floor_spawned":[5,6,7,10,14,16,23,25,29,35,41,42],"ascension_level":0}}