{"host":"rvofswtrkybk7ok8","time":1612523779,"event":{"mods":["ATMod(°¢èªMod)","BaseMod","Card Filter","Colored Map","Minty Spire (QoL Compilation)","Quick Restart","StSLib"],"gold_per_floor":[110,90,105,123,143,143,177,189,266,266,293,45,45,63,63,135,135,151,232,63,113,131,163,180,212,263,263,290,290,290,10,10,87,87,107,0,19,30,75,75,87,420,502,502,502,522,555,572,572,572,572,572,87,116,116],"floor_reached":56,"language":"ZHS","playtime":3162,"items_purged":["Decay","Decay"],"score":2231,"play_id":"9639d889-905d-4566-8a2e-8a452bd1c64f","local_time":"20210205191619","is_ascension_mode":true,"campfire_choices":[{"data":"AT_Dispersion","floor":6.0,"key":"SMITH"},{"data":"Backflip","floor":10.0,"key":"SMITH"},{"data":"Blade Dance","floor":13.0,"key":"SMITH"},{"data":"Prepared","floor":15.0,"key":"SMITH"},{"data":"Storm of Steel","floor":27.0,"key":"SMITH"},{"data":"AT_ArcaneSupremacy","floor":32.0,"key":"SMITH"},{"data":"AT_FocusSwordFire","floor":40.0,"key":"SMITH"},{"data":"Concentrate","floor":44.0,"key":"SMITH"},{"floor":49.0,"key":"RECALL"},{"data":"AT_BreakingExtremeWeapon","floor":52.0,"key":"SMITH"}],"circlet_count":0,"master_deck":["AscendersBane","Strike_G","Strike_G","Strike_G","Strike_G","Defend_G","Defend_G","Survivor","Neutralize","Finisher","Backflip+1","AT_Dispersion+1","Blade Dance+1","Acrobatics","After Image","Prepared+1","Storm of Steel+1","AT_FocusSwordFire+1","AT_BreakingExtremeWeapon+1","Footwork+1","AT_ArcaneSupremacy+1","Footwork","AT_WindFlip+1","CurseOfTheBell","Concentrate+1","Die Die Die+1","Caltrops+1","AT_ArcaneSupremacy","AT_BreakingExtremeWeapon","Enlightenment"],"relics":["Ring of the Snake","AT_ATBox","Matryoshka","Potion Belt","Bronze Scales","Molten Egg 2","Runic Pyramid","AT_RedTearstoneRing","StrikeDummy","Bag of Preparation","Singing Bowl","Toy Ornithopter","Mummified Hand","Lee\u0027s Waffle","Calling Bell","AT_ChloranthyRing","Ornamental Fan","Ginger","Red Mask","Torii","Old Coin","Meat on the Bone","Strawberry","Pantograph"],"acts_visited":["Exordium","TheCity","TheBeyond","TheEnding"],"potions_floor_usage":[55,55,55,55],"damage_taken":[{"damage":0.0,"enemies":"Small Slimes","floor":1.0,"turns":5.0},{"damage":4.0,"enemies":"Cultist","floor":3.0,"turns":4.0},{"damage":0.0,"enemies":"2 Louse","floor":4.0,"turns":4.0},{"damage":6.0,"enemies":"Lots of Slimes","floor":5.0,"turns":4.0},{"damage":7.0,"enemies":"Lagavulin","floor":7.0,"turns":6.0},{"damage":3.0,"enemies":"Looter","floor":8.0,"turns":3.0},{"damage":3.0,"enemies":"3 Sentries","floor":11.0,"turns":5.0},{"damage":0.0,"enemies":"Large Slime","floor":14.0,"turns":6.0},{"damage":11.0,"enemies":"Slime Boss","floor":16.0,"turns":10.0},{"damage":4.0,"enemies":"Chosen","floor":18.0,"turns":6.0},{"damage":14.0,"enemies":"2 Thieves","floor":22.0,"turns":3.0},{"damage":7.0,"enemies":"Book of Stabbing","floor":23.0,"turns":4.0},{"damage":0.0,"enemies":"3 Cultists","floor":24.0,"turns":4.0},{"damage":0.0,"enemies":"Gremlin Leader","floor":25.0,"turns":6.0},{"damage":20.0,"enemies":"Slavers","floor":28.0,"turns":2.0},{"damage":18.0,"enemies":"Collector","floor":33.0,"turns":5.0},{"damage":0.0,"enemies":"Orb Walker","floor":35.0,"turns":3.0},{"damage":24.0,"enemies":"3 Darklings","floor":37.0,"turns":4.0},{"damage":9.0,"enemies":"Transient","floor":38.0,"turns":5.0},{"damage":13.0,"enemies":"2 Orb Walkers","floor":39.0,"turns":3.0},{"damage":2.0,"enemies":"Writhing Mass","floor":41.0,"turns":6.0},{"damage":0.0,"enemies":"Reptomancer","floor":42.0,"turns":4.0},{"damage":0.0,"enemies":"Maw","floor":46.0,"turns":2.0},{"damage":0.0,"enemies":"Nemesis","floor":47.0,"turns":1.0},{"damage":0.0,"enemies":"3 Darklings","floor":48.0,"turns":3.0},{"damage":10.0,"enemies":"Awakened One","floor":50.0,"turns":6.0},{"damage":0.0,"enemies":"Shield and Spear","floor":54.0,"turns":3.0},{"damage":53,"enemies":"The Heart","floor":55,"turns":6}],"seed_played":"-6582303055479002258","potions_obtained":[{"floor":2.0,"key":"Energy Potion"},{"floor":3.0,"key":"DuplicationPotion"},{"floor":16.0,"key":"GamblersBrew"},{"floor":25.0,"key":"Dexterity Potion"},{"floor":33.0,"key":"ColorlessPotion"},{"floor":35.0,"key":"EssenceOfSteel"},{"floor":37.0,"key":"AttackPotion"},{"floor":41.0,"key":"LiquidBronze"},{"floor":42.0,"key":"SkillPotion"}],"is_trial":false,"path_per_floor":["M","?","M","M","M","R","E","M","T","R","E","$","R","M","R","B",null,"M","T","$","?","M","E","M","E","T","R","E","?","?","$","R","B",null,"M","?","M","M","?","R","M","E","T","R","?","M","E","M","R","B",null,"R","$","E","B",null],"character_chosen":"THE_SILENT","items_purchased":["Molten Egg 2","AT_BreakingExtremeWeapon","Lee\u0027s Waffle","AT_WindFlip+1","AT_ArcaneSupremacy","AT_BreakingExtremeWeapon","Enlightenment","FearPotion"],"campfire_rested":0,"item_purchase_floors":[12,20,31,31,53,53,53,53],"current_hp_per_floor":[44,44,40,40,34,34,27,24,24,24,21,21,21,21,21,10,52,48,48,48,42,28,21,21,23,23,23,5,5,5,77,77,61,75,77,77,55,48,42,42,47,47,47,47,47,49,56,61,61,51,86,86,86,88,54],"gold":116,"neow_bonus":"TRANSFORM_TWO_CARDS","is_daily":false,"chose_seed":false,"campfire_upgraded":9,"win_rate":0.0,"timestamp":1612523779,"path_taken":["M","?","?","M","M","R","E","M","T","R","E","$","R","M","R","BOSS","M","?","$","?","?","E","M","E","T","R","E","?","?","$","R","BOSS","M","?","M","M","?","R","M","E","T","R","?","M","E","M","R","BOSS","R","$","E","BOSS"],"items_purchased_type":["Relic","Card","Relic","Card","Card","Card","Card","Potion"],"build_version":"2020-12-22","purchased_purges":2,"victory":true,"max_hp_per_floor":[66,66,66,66,66,66,66,66,66,66,66,66,66,66,66,66,66,66,66,66,66,66,66,66,68,68,68,70,70,70,77,77,79,79,81,81,83,85,87,87,89,89,89,89,89,91,98,98,98,98,98,98,98,100,100],"card_choices":[{"not_picked":["Dagger Spray","Outmaneuver","Dodge and Roll"],"picked":"SKIP","floor":1.0},{"not_picked":["Sucker Punch","Dodge and Roll","Riddle With Holes"],"picked":"SKIP","floor":3.0},{"not_picked":["Deflect","Infinite Blades","Dagger Spray"],"picked":"SKIP","floor":4.0},{"not_picked":["AT_FocusSwordFire","Calculated Gamble"],"picked":"Blade Dance","floor":5.0},{"not_picked":["Slice","Deadly Poison"],"picked":"Acrobatics","floor":7.0},{"not_picked":["Flying Knee","Bane"],"picked":"After Image","floor":8.0},{"not_picked":["Riddle With Holes","Cloak And Dagger","Backstab"],"picked":"SKIP","floor":11.0},{"not_picked":["Backstab+1","Dodge and Roll"],"picked":"Prepared","floor":14.0},{"not_picked":["Grand Finale+1","After Image"],"picked":"Storm of Steel","floor":16.0},{"not_picked":["Blade Dance","Dagger Spray+1"],"picked":"AT_FocusSwordFire","floor":18.0},{"not_picked":["Poisoned Stab+1","Noxious Fumes","Bane+1"],"picked":"SKIP","floor":22.0},{"not_picked":["Dagger Throw+1","All Out Attack+1"],"picked":"Footwork+1","floor":23.0},{"not_picked":["Dagger Spray+1","Quick Slash+1","AT_WindRun+1"],"picked":"SKIP","floor":24.0},{"not_picked":["Dodge and Roll","Bane+1","PiercingWail"],"picked":"Singing Bowl","floor":25.0},{"not_picked":["Bane+1","PiercingWail","AT_ThistleTea"],"picked":"Singing Bowl","floor":28.0},{"not_picked":["Storm of Steel","Corpse Explosion","Unload+1"],"picked":"Singing Bowl","floor":33.0},{"not_picked":["Blade Dance","Sucker Punch+1","AT_WindFlip+1"],"picked":"Singing Bowl","floor":35.0},{"not_picked":["Prepared","Expertise+1","Blade Dance"],"picked":"Singing Bowl","floor":37.0},{"not_picked":["Endless Agony+1","Leg Sweep+1","Caltrops"],"picked":"Singing Bowl","floor":38.0},{"not_picked":["AT_WindFlip+1","Reflex","Blade Dance"],"picked":"Singing Bowl","floor":39.0},{"not_picked":["Slice+1","AT_MyraUnstableElement","Dagger Spray+1"],"picked":"Singing Bowl","floor":41.0},{"not_picked":["Dagger Throw+1","Caltrops"],"picked":"Concentrate","floor":42.0},{"not_picked":["Slice+1","Acrobatics+1","Dagger Throw+1"],"picked":"Singing Bowl","floor":46.0},{"not_picked":["Backflip","Quick Slash+1"],"picked":"Die Die Die+1","floor":47.0},{"not_picked":["AT_WindFlip+1","Cloak And Dagger+1"],"picked":"Caltrops+1","floor":48.0},{"not_picked":["Deflect+1","Flying Knee+1","Predator+1"],"picked":"Singing Bowl","floor":54.0}],"player_experience":619660,"relics_obtained":[{"floor":7.0,"key":"Matryoshka"},{"floor":9.0,"key":"Potion Belt"},{"floor":11.0,"key":"Bronze Scales"},{"floor":19.0,"key":"AT_RedTearstoneRing"},{"floor":19.0,"key":"StrikeDummy"},{"floor":23.0,"key":"Bag of Preparation"},{"floor":25.0,"key":"Singing Bowl"},{"floor":26.0,"key":"Toy Ornithopter"},{"floor":28.0,"key":"Mummified Hand"},{"floor":34.0,"key":"AT_ChloranthyRing"},{"floor":34.0,"key":"Ornamental Fan"},{"floor":34.0,"key":"Ginger"},{"floor":39.0,"key":"Torii"},{"floor":42.0,"key":"Old Coin"},{"floor":43.0,"key":"Meat on the Bone"},{"floor":47.0,"key":"Strawberry"},{"floor":54.0,"key":"Pantograph"}],"event_choices":[{"damage_healed":0.0,"max_hp_gain":0.0,"max_hp_loss":0.0,"gold_gain":0.0,"event_name":"The Woman in Blue","player_choice":"Bought 1 Potion","floor":2.0,"gold_loss":0.0,"damage_taken":0.0},{"damage_healed":0.0,"max_hp_gain":0.0,"max_hp_loss":0.0,"gold_gain":50.0,"event_name":"FaceTrader","player_choice":"Touch","floor":21.0,"gold_loss":0.0,"damage_taken":6.0},{"damage_healed":0.0,"max_hp_gain":0.0,"max_hp_loss":0.0,"gold_gain":0.0,"cards_transformed":["Defend_G","Defend_G"],"event_name":"Drug Dealer","player_choice":"Became Test Subject","floor":29.0,"gold_loss":0.0,"damage_taken":0.0,"cards_obtained":["AT_ArcaneSupremacy","Footwork"]},{"damage_healed":0.0,"max_hp_gain":0.0,"max_hp_loss":0.0,"gold_gain":0.0,"event_name":"Forgotten Altar","player_choice":"Smashed Altar","floor":30.0,"gold_loss":0.0,"damage_taken":0.0,"cards_obtained":["Decay"]},{"damage_healed":0.0,"max_hp_gain":0.0,"max_hp_loss":0.0,"gold_gain":0.0,"event_name":"Tomb of Lord Red Mask","player_choice":"Paid","floor":36.0,"gold_loss":107.0,"damage_taken":0.0,"relics_obtained":["Red Mask"]},{"damage_healed":0.0,"max_hp_gain":0.0,"max_hp_loss":0.0,"gold_gain":0.0,"event_name":"Mysterious Sphere","player_choice":"Fight","floor":39.0,"gold_loss":0.0,"damage_taken":0.0},{"damage_healed":0.0,"max_hp_gain":0.0,"max_hp_loss":0.0,"gold_gain":0.0,"event_name":"Wheel of Change","player_choice":"Cursed","floor":45.0,"gold_loss":0.0,"damage_taken":0.0,"cards_obtained":["Decay"]}],"is_beta":false,"boss_relics":[{"not_picked":["Runic Dome","Ectoplasm"],"picked":"Runic Pyramid"},{"not_picked":["AT_TrinityForce","Cursed Key"],"picked":"Calling Bell"}],"items_purged_floors":[31,53],"is_endless":false,"potions_floor_spawned":[3,5,16,25,33,35,37,41,42],"ascension_level":15}}