{"host":"jr9txmeil0uubrvm","time":1612537481,"event":{"mods":["10 clothes from DAL","ATMod(阿瑾Mod)","Arknights","BaseMod","Colored Powertips","Custom Start","Dota2Spire","Library of Ruina","Library of Ruina Extra","Minty Spire (QoL Compilation)","Quick Restart","Rare Cards Sparkle","StSLib","The Blackbeard","The Servant 0.9.4","TheWitcher","Warlord Emblem","【功能Mod】Neow奖励","【功能Mod】强力的原版药水","【功能Mod】精心准备","【遗物Mod】简单游戏","【遗物卡牌】REMEMod","没有小屋子和绿帽子啦"],"gold_per_floor":[115,134,134,153,193,225,225,73,73,106,124,142,63,92,92,187,187,202,234,251,101,101,101,200,234,234,234,262,262,295,311,311,409,409,421,421,421,421,439,474,474,493,493,523,537,550,576,65,65,65,65],"floor_reached":52,"language":"ZHS","playtime":1402,"items_purged":["Strike_S","Strike_S","Defend_S"],"score":1066,"play_id":"b24e48fe-1cc5-406c-b6ea-9dbca43bdee6","local_time":"20210205230441","is_ascension_mode":true,"campfire_choices":[{"data":"SilverBlades","floor":15,"key":"SMITH"},{"data":"Orbit","floor":23,"key":"SMITH"},{"data":"SurpressingFire","floor":27,"key":"SMITH"},{"data":"KillingDoll","floor":32,"key":"SMITH"},{"data":"SoulSculpture","floor":41,"key":"SMITH"},{"data":"SilverBlades","floor":49,"key":"SMITH"}],"circlet_count":0,"master_deck":["Strike_S+1","Strike_S","Defend_S","Defend_S","Defend_S","KidneyShot","Exchange","AT_FamilyPortrait+1","Strike_S","Orbit+1","SurpressingFire+1","SilverBlades+1","KillingDoll+1","Starlight+1","DancingSilver+1","Ricochet+1","Rearm","Moonlight","SoulSculpture+1","SilverBlades+1","Luminosity+1","SilverBlades+1"],"relics":["EasyRelic","REME_ComplimentaryCards","AT_ATBox","SplendidAttire","MealTicket","Ancient Tea Set","PageOfScarecrow","Dota2Spire:BattleFury","Sozu","Red Mask","MutagenicStrength","AT_SunfireAegis","Tiny Chest","Unceasing Top","Whetstone","PageOfBlackSwan","Happy Flower","Anchor","PageOfSingingMachine","PageOfLittleHelper","WarlordEmblem:OldTorch","Orichalcum","Chemical X"],"acts_visited":["Exordium","TheCity","TheBeyond"],"potions_floor_usage":[5,5,10,14,33,51,51],"damage_taken":[{"damage":0,"enemies":"2 Louse","floor":1,"turns":1},{"damage":0,"enemies":"Cultist","floor":2,"turns":2},{"damage":0,"enemies":"Jaw Worm","floor":4,"turns":2},{"damage":0,"enemies":"Large Slime","floor":5,"turns":2},{"damage":6,"enemies":"Gremlin Nob","floor":6,"turns":3},{"damage":0,"enemies":"3 Sentries","floor":10,"turns":3},{"damage":5,"enemies":"Blue Slaver","floor":11,"turns":2},{"damage":4,"enemies":"Looter","floor":12,"turns":2},{"damage":4,"enemies":"Lagavulin","floor":14,"turns":3},{"damage":18,"enemies":"Hexaghost","floor":16,"turns":4},{"damage":0,"enemies":"2 Thieves","floor":18,"turns":1},{"damage":0,"enemies":"Masked Bandits","floor":19,"turns":1},{"damage":0,"enemies":"Shell Parasite","floor":20,"turns":2},{"damage":0,"enemies":"Book of Stabbing","floor":25,"turns":2},{"damage":0,"enemies":"REME_1_Revenger","floor":28,"turns":2},{"damage":0,"enemies":"Book of Stabbing","floor":30,"turns":3},{"damage":0,"enemies":"3 Cultists","floor":31,"turns":1},{"damage":0,"enemies":"Automaton","floor":33,"turns":2},{"damage":0,"enemies":"3 Shapes","floor":35,"turns":1},{"damage":0,"enemies":"3 Darklings","floor":39,"turns":1},{"damage":1,"enemies":"Giant Head","floor":40,"turns":5},{"damage":0,"enemies":"Maw","floor":42,"turns":1},{"damage":0,"enemies":"Reptomancer","floor":44,"turns":1},{"damage":0,"enemies":"Sphere and 2 Shapes","floor":45,"turns":1},{"damage":0,"enemies":"Jaw Worm Horde","floor":46,"turns":1},{"damage":0,"enemies":"Nemesis","floor":47,"turns":3},{"damage":5,"enemies":"Time Eater","floor":50,"turns":4},{"damage":36,"enemies":"Time Eater","floor":51,"turns":8}],"seed_played":"-6615299641175326616","potions_obtained":[{"floor":2,"key":"EntropicBrew"},{"floor":5,"key":"Explosive Potion"},{"floor":11,"key":"PowerPotion"},{"floor":16,"key":"ColorlessPotion"}],"is_trial":false,"path_per_floor":["M","M","?","M","M","E","?","$","T","E","M","M","$","E","R","B",null,"M","?","M","$","?","R","?","E","T","R","E","?","E","M","R","B",null,"M","?","?","T","M","E","R","M","T","E","M","M","E","$","R","B",null,null],"character_chosen":"THE_SERVANT","items_purchased":["SurpressingFire","SilverBlades","Ricochet","SilverBlades","Orichalcum","Chemical X"],"campfire_rested":0,"item_purchase_floors":[8,13,21,48,48,48],"current_hp_per_floor":[71,71,71,71,71,65,65,71,71,71,66,62,71,67,67,49,71,71,71,71,71,71,71,71,71,71,71,71,71,71,71,71,71,71,71,67,67,67,67,66,66,66,66,66,66,66,66,67,67,62,26],"gold":65,"neow_bonus":"TEN_PERCENT_HP_BONUS","is_daily":false,"chose_seed":false,"campfire_upgraded":6,"win_rate":0.0,"timestamp":1612537481,"path_taken":["M","M","?","M","?","E","?","?","T","E","M","M","$","E","R","BOSS","M","?","M","$","?","R","?","E","T","R","E","?","E","M","R","BOSS","M","?","?","?","M","E","R","M","T","E","M","?","E","$","R","BOSS"],"items_purchased_type":["Card","Card","Card","Card","Relic","Relic"],"build_version":"2020-12-22","purchased_purges":3,"victory":true,"max_hp_per_floor":[71,71,71,71,71,71,71,71,71,71,71,71,71,71,71,71,71,71,71,71,71,71,71,71,71,71,71,71,71,71,71,71,71,71,71,67,67,67,67,67,67,67,67,67,67,67,67,67,67,67,67],"card_choices":[{"not_picked":["ReturningBlade","Advance","Replace"],"picked":"SKIP","floor":1},{"not_picked":["FanOfKnives","Revamp","Potential"],"picked":"SKIP","floor":2},{"not_picked":["Moonlight","ShatteredReality"],"picked":"Orbit","floor":4},{"not_picked":["Unruled","Potential","Replace"],"picked":"SKIP","floor":5},{"not_picked":["BottledTime","DoubleEdge","Read"],"picked":"SKIP","floor":6},{"not_picked":["Unruled","FastForward","Defy"],"picked":"SKIP","floor":10},{"not_picked":["LightFlow","Alleviate","Gouge"],"picked":"SKIP","floor":11},{"not_picked":["WasteNot","Revamp","Shuttle"],"picked":"SKIP","floor":12},{"not_picked":["Duplication","TimeWarp"],"picked":"KillingDoll","floor":14},{"not_picked":["Defy+1","Rewind"],"picked":"Starlight+1","floor":18},{"not_picked":["DoubleEdge","TimeWarp"],"picked":"DancingSilver+1","floor":20},{"not_picked":["Ricochet","BottledTime"],"picked":"Rearm","floor":25},{"not_picked":["Defy","FastForward","DualDimension"],"picked":"SKIP","floor":28},{"not_picked":["BottledTime+1","Starlight+1"],"picked":"Moonlight","floor":30},{"not_picked":["Gouge","FlawlessForm","FastForward"],"picked":"SKIP","floor":31},{"not_picked":["MurderousAura","PendulumOfEternity"],"picked":"SoulSculpture","floor":33},{"not_picked":["TimeWarp+1","Manipulate","MoonPhase+1"],"picked":"SKIP","floor":35},{"not_picked":["DoubleEdge+1","FanOfKnives"],"picked":"SilverBlades+1","floor":39},{"not_picked":["Spin","StarChef+1","Revamp+1"],"picked":"SKIP","floor":40},{"not_picked":["TimeWarp","Rewind+1","Moonlight+1"],"picked":"SKIP","floor":42},{"not_picked":["Manipulate+1","Duplication","Spin"],"picked":"SKIP","floor":44},{"not_picked":["Manipulate+1","Duplication","Spin"],"picked":"SKIP","floor":44},{"not_picked":["Moondial+1","Rewind+1","BottledTime+1"],"picked":"SKIP","floor":45},{"not_picked":["DoubleEdge","FastForward","Rewind+1"],"picked":"SKIP","floor":46},{"not_picked":["Gouge+1","Rearm+1"],"picked":"Luminosity+1","floor":47}],"player_experience":432462,"relics_obtained":[{"floor":6,"key":"MealTicket"},{"floor":9,"key":"Ancient Tea Set"},{"floor":10,"key":"PageOfScarecrow"},{"floor":14,"key":"Dota2Spire:BattleFury"},{"floor":19,"key":"Red Mask"},{"floor":25,"key":"AT_SunfireAegis"},{"floor":26,"key":"Tiny Chest"},{"floor":28,"key":"Unceasing Top"},{"floor":30,"key":"Whetstone"},{"floor":38,"key":"Happy Flower"},{"floor":40,"key":"Anchor"},{"floor":43,"key":"PageOfSingingMachine"},{"floor":44,"key":"PageOfLittleHelper"},{"floor":47,"key":"WarlordEmblem:OldTorch"}],"event_choices":[{"damage_healed":0,"gold_gain":0,"player_choice":"Grow","damage_taken":0,"max_hp_gain":0,"max_hp_loss":0,"event_name":"Living Wall","floor":7,"gold_loss":0,"cards_upgraded":["AT_FamilyPortrait"]},{"damage_healed":0,"gold_gain":0,"player_choice":"Fought Bandits","damage_taken":0,"max_hp_gain":0,"max_hp_loss":0,"event_name":"Masked Bandits","floor":19,"gold_loss":0},{"damage_healed":0,"gold_gain":0,"player_choice":"Inject Mutagens","damage_taken":0,"relics_obtained":["MutagenicStrength"],"max_hp_gain":0,"max_hp_loss":0,"event_name":"Drug Dealer","floor":22,"gold_loss":0},{"damage_healed":0,"gold_gain":99,"player_choice":"Stole From Cult","damage_taken":0,"max_hp_gain":0,"max_hp_loss":0,"event_name":"Nest","floor":24,"gold_loss":0},{"damage_healed":0,"gold_gain":0,"player_choice":"Ignored","damage_taken":0,"max_hp_gain":0,"max_hp_loss":0,"event_name":"blackbeard:ShipwreckEvent","floor":29,"gold_loss":0},{"damage_healed":0,"gold_gain":0,"player_choice":"Max HP","damage_taken":0,"max_hp_gain":0,"max_hp_loss":4,"event_name":"Winding Halls","floor":36,"gold_loss":0},{"damage_healed":0,"gold_gain":0,"player_choice":"Ignored","damage_taken":0,"max_hp_gain":0,"max_hp_loss":0,"event_name":"SecretPortal","floor":37,"gold_loss":0}],"is_beta":false,"boss_relics":[{"not_picked":["REME_DemonsWealth","Calling Bell"],"picked":"Sozu"},{"not_picked":["SplendidAttire","Snecko Eye"],"picked":"PageOfBlackSwan"}],"items_purged_floors":[8,21,48],"is_endless":false,"potions_floor_spawned":[2,5,6,11,16,19,20,31,40,42,47],"ascension_level":1}}