{"host":"x205naxbihvu3p76","time":1612535633,"event":{"mods":["AchievementEnabler","BaseMod","Minty Spire (QoL Compilation)","StSLib","SuperFastMode"],"gold_per_floor":[109,10,10,10,20,20,53,53,76,90,109,123,139,156,156,231,231,245,255,255,67,87,87,121,121,121,150,161,161,189,206,206,280,280,297,315,315,315],"floor_reached":37,"language":"KOR","playtime":714,"items_purged":["Defend_R"],"score":870,"play_id":"ad2c2d29-0d87-4801-9e72-72dd0c1d387e","local_time":"20210205233353","is_ascension_mode":true,"campfire_choices":[{"data":"Bash","floor":6,"key":"SMITH"},{"floor":8,"key":"REST"},{"floor":15,"key":"RECALL"},{"data":"Bloodletting","floor":23,"key":"SMITH"},{"floor":25,"key":"REST"},{"data":"Offering","floor":29,"key":"SMITH"},{"floor":32,"key":"REST"}],"circlet_count":0,"master_deck":["AscendersBane","Strike_R","Strike_R","Strike_R","Strike_R+1","Strike_R+1","Defend_R","Defend_R","Defend_R","Bash+1","Sword Boomerang+1","Perfected Strike+1","Ghostly Armor","Twin Strike+1","Pommel Strike+1","Shrug It Off","Fiend Fire+1","Twin Strike+1","Twin Strike+1","Bloodletting+1","Offering+1","Heavy Blade+1","Sentinel+1","Pummel+1","Dark Embrace"],"relics":["Burning Blood","NeowsBlessing","Molten Egg 2","Ornamental Fan","Smiling Mask","Snecko Eye","Du-Vu Doll","Gremlin Horn","Thread and Needle","InkBottle","Astrolabe"],"acts_visited":["Exordium","TheCity","TheBeyond"],"potions_floor_usage":[16,30,33],"damage_taken":[{"damage":0,"enemies":"2 Louse","floor":1,"turns":1},{"damage":0,"enemies":"Cultist","floor":5,"turns":1},{"damage":0,"enemies":"3 Sentries","floor":7,"turns":2},{"damage":4,"enemies":"Jaw Worm","floor":10,"turns":3},{"damage":8,"enemies":"Blue Slaver","floor":11,"turns":3},{"damage":8,"enemies":"Lots of Slimes","floor":12,"turns":5},{"damage":4,"enemies":"Red Slaver","floor":13,"turns":3},{"damage":0,"enemies":"Exordium Wildlife","floor":14,"turns":2},{"damage":45,"enemies":"The Guardian","floor":16,"turns":10},{"damage":0,"enemies":"Spheric Guardian","floor":18,"turns":1},{"damage":2,"enemies":"Shell Parasite","floor":19,"turns":2},{"damage":14,"enemies":"Centurion and Healer","floor":22,"turns":3},{"damage":39,"enemies":"Gremlin Leader","floor":24,"turns":6},{"damage":10,"enemies":"Slavers","floor":27,"turns":3},{"damage":0,"enemies":"Cultist and Chosen","floor":28,"turns":3},{"damage":6,"enemies":"Book of Stabbing","floor":30,"turns":3},{"damage":28,"enemies":"Shelled Parasite and Fungi","floor":31,"turns":3},{"damage":34,"enemies":"Automaton","floor":33,"turns":5},{"damage":49,"enemies":"3 Darklings","floor":35,"turns":3},{"damage":6,"enemies":"Orb Walker","floor":36,"turns":1},{"damage":34,"enemies":"Transient","floor":37,"turns":6}],"seed_played":"-7272989352192532678","potions_obtained":[{"floor":7,"key":"Fire Potion"},{"floor":10,"key":"SpeedPotion"},{"floor":11,"key":"Block Potion"},{"floor":18,"key":"Strength Potion"},{"floor":20,"key":"Ancient Potion"},{"floor":20,"key":"ElixirPotion"},{"floor":27,"key":"Block Potion"},{"floor":30,"key":"SkillPotion"},{"floor":33,"key":"SkillPotion"}],"is_trial":false,"path_per_floor":["M","?","$","?","M","R","E","R","T","M","M","M","M","M","R","B",null,"M","M","?","$","M","R","E","R","T","E","M","R","E","M","R","B",null,"M","M","M"],"character_chosen":"IRONCLAD","items_purchased":["Twin Strike+1","Bloodletting"],"campfire_rested":3,"item_purchase_floors":[21,21],"current_hp_per_floor":[74,74,74,51,57,57,63,75,75,75,73,71,73,75,75,36,65,71,75,75,75,67,67,34,56,56,52,58,58,58,36,58,30,64,21,21,0,0],"gold":315,"neow_bonus":"THREE_ENEMY_KILL","is_daily":false,"chose_seed":false,"campfire_upgraded":3,"win_rate":0.0,"timestamp":1612535633,"path_taken":["M","?","?","?","M","R","E","R","T","M","M","M","M","M","R","BOSS","M","M","?","$","M","R","E","R","T","E","M","R","E","?","R","BOSS","M","M","M"],"items_purchased_type":["Card","Card"],"build_version":"2020-12-22","purchased_purges":1,"victory":false,"max_hp_per_floor":[75,75,75,75,75,75,75,75,75,75,75,75,75,75,75,75,75,75,75,75,75,75,75,75,75,75,75,75,75,75,75,75,75,75,75,75,75,75],"card_choices":[{"not_picked":["True Grit","Havoc","Infernal Blade"],"picked":"SKIP","floor":1},{"not_picked":["Clash+1","Bloodletting","Rupture"],"picked":"SKIP","floor":5},{"not_picked":["Limit Break","Heavy Blade+1"],"picked":"Sword Boomerang+1","floor":7},{"not_picked":["Second Wind","Clash+1"],"picked":"Perfected Strike+1","floor":10},{"not_picked":["True Grit","Seeing Red"],"picked":"Ghostly Armor","floor":11},{"not_picked":["Power Through","Anger+1"],"picked":"Twin Strike+1","floor":12},{"not_picked":["Rage","Havoc"],"picked":"Pommel Strike+1","floor":13},{"not_picked":["Seeing Red","Cleave+1"],"picked":"Shrug It Off","floor":14},{"not_picked":["Reaper+1","Exhume"],"picked":"Fiend Fire+1","floor":16},{"not_picked":["Body Slam+1","Flame Barrier"],"picked":"Twin Strike+1","floor":18},{"not_picked":["Heavy Blade+1","Thunderclap+1"],"picked":"Carnage+1","floor":19},{"not_picked":["Rampage+1","Whirlwind+1","Thunderclap+1"],"picked":"SKIP","floor":22},{"not_picked":["Havoc","Infernal Blade"],"picked":"Offering","floor":24},{"not_picked":["Pummel+1","Iron Wave+1"],"picked":"Inflame","floor":27},{"not_picked":["True Grit","Clash+1","Iron Wave+1"],"picked":"SKIP","floor":28},{"not_picked":["Clothesline+1","Dropkick+1","Clash+1"],"picked":"SKIP","floor":30},{"not_picked":["Second Wind","Body Slam+1","Clash+1"],"picked":"SKIP","floor":31},{"not_picked":["Demon Form","Brutality"],"picked":"Exhume","floor":33},{"not_picked":["Wild Strike+1","Havoc","Metallicize"],"picked":"SKIP","floor":35},{"not_picked":["Shrug It Off","Heavy Blade+1"],"picked":"Dark Embrace","floor":36}],"player_experience":1028077,"relics_obtained":[{"floor":7,"key":"Ornamental Fan"},{"floor":9,"key":"Smiling Mask"},{"floor":24,"key":"Du-Vu Doll"},{"floor":26,"key":"Gremlin Horn"},{"floor":27,"key":"Thread and Needle"},{"floor":30,"key":"InkBottle"}],"event_choices":[{"damage_healed":0,"gold_gain":0,"player_choice":"Paid Gold","damage_taken":0,"relics_obtained":["Molten Egg 2"],"max_hp_gain":0,"max_hp_loss":0,"event_name":"WeMeetAgain","floor":2,"gold_loss":99},{"damage_healed":0,"gold_gain":0,"player_choice":"Entered Light","damage_taken":23,"max_hp_gain":0,"max_hp_loss":0,"event_name":"Shining Light","floor":4,"gold_loss":0,"cards_upgraded":["Strike_R","Strike_R"]},{"damage_healed":0,"gold_gain":0,"player_choice":"Got Potions","damage_taken":0,"max_hp_gain":0,"max_hp_loss":0,"event_name":"Lab","floor":20,"gold_loss":0}],"is_beta":false,"boss_relics":[{"not_picked":["Runic Pyramid","Tiny House"],"picked":"Snecko Eye"},{"not_picked":["Empty Cage","Coffee Dripper"],"picked":"Astrolabe"}],"items_purged_floors":[21],"is_endless":false,"potions_floor_spawned":[7,10,11,12,18,27,28,30,33,35],"killed_by":"Transient","ascension_level":18}}