{"host":"1ooxfz79hmpvpehx","time":1612493131,"event":{"mods":["BaseMod","Minty Spire (QoL Compilation)","Quick Restart","Replay The Spire","StSLib","SuperFastMode"],"gold_per_floor":[113,113,38,38,53,88,100,130,142,169,214,226,288,300,312,427,439,466,678,701,741,349,349,374,374,374,374,399,274,308,308,308,411,411,429,444,444,461,461,461,683,683,706,413,413,413,426,457,457,457],"floor_reached":51,"language":"ENG","playtime":2832,"items_purged":["Defend_G","Defend_G","Defend_G","Defend_G"],"score":660,"play_id":"72490120-b4d0-4718-b2bf-793ce4c2ce9e","local_time":"20210204234531","is_ascension_mode":false,"campfire_choices":[{"data":"Quick Slash","floor":7,"key":"SMITH"},{"data":"Neutralize","floor":12,"key":"SMITH"},{"data":"Strike_G","floor":15,"key":"SMITH"},{"data":"Envenom","floor":23,"key":"SMITH"},{"data":"After Image","floor":25,"key":"SMITH"},{"data":"Pot Of Greed","floor":32,"key":"SMITH"},{"data":"Pot Of Greed","floor":40,"key":"SMITH"},{"data":"Phantasmal Killer","floor":42,"key":"SMITH"},{"data":"Madness","floor":45,"key":"SMITH"},{"data":"Blade Dance","floor":49,"key":"SMITH"}],"circlet_count":0,"master_deck":["Strike_G+1","Strike_G","Strike_G","Strike_G","Strike_G","Survivor","Neutralize+1","Quick Slash+1","Envenom+1","Slice+1","After Image+1","Pot Of Greed+1","Pot Of Greed+1","Phantasmal Killer+1","Dramatic Entrance","Terror+1","Madness+1","Madness+1","Blade Dance+1"],"relics":["Ring of the Snake","NeowsBlessing","Matryoshka","MawBank","ReplayTheSpireMod:Ninjato","Garlic","Eternal Feather","MealTicket","Sozu","Red Mask","Ancient Tea Set","TheAbacus","Snake Skull","Darkstone Periapt","Grinning Jar","Tough Bandages","Replay:Accelerometer","Replay:Bronze Core","Replay:Wax Seal","Sling","PreservedInsect"],"acts_visited":["Exordium","TheCity","TheBeyond"],"potions_floor_usage":[16,16,16],"damage_taken":[{"damage":0,"enemies":"Jaw Worm","floor":1,"turns":1},{"damage":0,"enemies":"Cultist","floor":5,"turns":1},{"damage":0,"enemies":"3 Sentries","floor":6,"turns":1},{"damage":0,"enemies":"Small Slimes","floor":8,"turns":2},{"damage":13,"enemies":"Red Slaver","floor":10,"turns":3},{"damage":31,"enemies":"Gremlin Nob","floor":11,"turns":5},{"damage":35,"enemies":"Hexaghost","floor":16,"turns":6},{"damage":2,"enemies":"Chosen","floor":18,"turns":3},{"damage":0,"enemies":"3 Byrds","floor":20,"turns":5},{"damage":11,"enemies":"Masked Bandits","floor":21,"turns":5},{"damage":5,"enemies":"Book of Stabbing","floor":24,"turns":4},{"damage":3,"enemies":"Slavers","floor":28,"turns":5},{"damage":8,"enemies":"Gremlin Leader","floor":30,"turns":4},{"damage":42,"enemies":"Automaton","floor":33,"turns":7},{"damage":6,"enemies":"3 Shapes","floor":35,"turns":2},{"damage":0,"enemies":"3 Darklings","floor":36,"turns":3},{"damage":2,"enemies":"Writhing Mass","floor":38,"turns":4},{"damage":0,"enemies":"Jaw Worm Horde","floor":47,"turns":2},{"damage":8,"enemies":"Nemesis","floor":48,"turns":3},{"damage":0,"enemies":"Donu and Deca","floor":50,"turns":3}],"seed_played":"1544009460151546966","potions_obtained":[{"floor":1,"key":"Energy Potion"},{"floor":5,"key":"CultistPotion"},{"floor":10,"key":"PowerPotion"},{"floor":11,"key":"AttackPotion"}],"is_trial":false,"path_per_floor":["M","?","$","?","M","E","R","M","T","M","E","R","T","?","R","B",null,"M","?","M","?","$","R","E","R","T","?","E","$","E","T","R","B",null,"M","M","?","M","?","R","?","R","T","$","R","?","M","E","R","B",null],"character_chosen":"THE_SILENT","items_purchased":["Ancient Tea Set","TheAbacus","Sling"],"campfire_rested":0,"item_purchase_floors":[22,22,44],"current_hp_per_floor":[70,70,70,70,70,70,70,70,70,57,26,32,32,70,70,35,70,68,68,68,57,70,70,65,70,70,57,54,69,61,61,67,25,75,69,69,69,67,58,67,67,75,75,75,75,75,75,67,75,75],"gold":457,"neow_bonus":"THREE_ENEMY_KILL","is_daily":false,"chose_seed":false,"campfire_upgraded":10,"win_rate":0.0,"timestamp":1612493131,"path_taken":["M","?","$","?","M","E","R","M","T","?","E","R","?","?","R","BOSS","M","?","?","?","$","R","E","R","T","?","E","$","E","?","R","BOSS","M","M","?","M","?","R","?","R","T","$","R","?","?","E","R","BOSS"],"items_purchased_type":["Relic","Relic","Relic"],"build_version":"2020-12-22","purchased_purges":4,"victory":true,"max_hp_per_floor":[70,70,70,70,70,70,70,70,70,70,70,70,70,70,70,70,70,70,70,70,70,70,70,70,70,70,75,75,75,75,75,75,75,75,75,75,75,75,75,75,75,75,75,75,75,75,75,75,75,75],"card_choices":[{"not_picked":["Draining Mist","Slice"],"picked":"Quick Slash","floor":1},{"not_picked":["Dodge and Roll","Footwork","Escape Plan"],"picked":"SKIP","floor":5},{"not_picked":["ReplayTheSpireMod:From All Sides","Deadly Poison","Deflect"],"picked":"SKIP","floor":6},{"not_picked":["PiercingWail","Slice","Dodge and Roll"],"picked":"SKIP","floor":8},{"not_picked":["Calculated Gamble","Expertise","Outmaneuver"],"picked":"SKIP","floor":10},{"not_picked":["All Out Attack","Calculated Gamble","ReplayTheSpireMod:Tripwire"],"picked":"SKIP","floor":11},{"not_picked":["Phantasmal Killer","Burst"],"picked":"Envenom","floor":16},{"not_picked":["Sucker Punch","Outmaneuver"],"picked":"Slice+1","floor":18},{"not_picked":["Poison Darts","Wraith Form v2"],"picked":"After Image","floor":19},{"not_picked":["Deadly Poison","Prepared","Dagger Spray"],"picked":"SKIP","floor":20},{"not_picked":["Skewer","Deadly Poison","Footwork"],"picked":"SKIP","floor":24},{"not_picked":["Night Terror","Quick Slash","Atom Bomb"],"picked":"SKIP","floor":28},{"not_picked":["Deadly Poison","Sucker Punch","Malaise"],"picked":"SKIP","floor":30},{"not_picked":["Doppelganger","Night Terror"],"picked":"Phantasmal Killer","floor":33},{"not_picked":["Outmaneuver","Dagger Throw","Deadly Poison"],"picked":"SKIP","floor":35},{"not_picked":["Blade Dance+1","PiercingWail","Footwork+1"],"picked":"SKIP","floor":36},{"not_picked":["Mind Blast","Replay:Sssssssssstrike"],"picked":"Dramatic Entrance","floor":37},{"not_picked":["Burst","Choke+1"],"picked":"Terror+1","floor":38},{"not_picked":["Dodge and Roll","PiercingWail+1","Terror"],"picked":"SKIP","floor":47},{"not_picked":["Dagger Spray","Escape Plan+1"],"picked":"Blade Dance","floor":48}],"player_experience":6496,"relics_obtained":[{"floor":6,"key":"MawBank"},{"floor":9,"key":"ReplayTheSpireMod:Ninjato"},{"floor":9,"key":"Garlic"},{"floor":11,"key":"Eternal Feather"},{"floor":13,"key":"Pet Ghost"},{"floor":13,"key":"MealTicket"},{"floor":21,"key":"Red Mask"},{"floor":24,"key":"Snake Skull"},{"floor":26,"key":"Darkstone Periapt"},{"floor":28,"key":"Grinning Jar"},{"floor":30,"key":"Tough Bandages"},{"floor":31,"key":"Replay:Accelerometer"},{"floor":43,"key":"Replay:Wax Seal"},{"floor":48,"key":"PreservedInsect"}],"event_choices":[{"cards_removed":["Defend_G"],"damage_healed":0,"gold_gain":0,"player_choice":"Forget","damage_taken":0,"max_hp_gain":0,"max_hp_loss":0,"event_name":"Living Wall","floor":2,"gold_loss":0},{"damage_healed":0,"gold_gain":0,"player_choice":"Gave Potion","damage_taken":0,"relics_obtained":["Matryoshka"],"max_hp_gain":0,"max_hp_loss":0,"event_name":"WeMeetAgain","floor":4,"gold_loss":0},{"damage_healed":38,"gold_gain":0,"player_choice":"Full Heal","damage_taken":0,"max_hp_gain":0,"max_hp_loss":0,"event_name":"Wheel of Change","floor":14,"gold_loss":0},{"damage_healed":0,"gold_gain":0,"player_choice":"Fought Bandits","damage_taken":0,"max_hp_gain":0,"max_hp_loss":0,"event_name":"Masked Bandits","floor":21,"gold_loss":0},{"damage_healed":0,"gold_gain":0,"player_choice":"Shed Blood","damage_taken":18,"max_hp_gain":5,"max_hp_loss":0,"event_name":"Forgotten Altar","floor":27,"gold_loss":0},{"damage_healed":0,"gold_gain":0,"player_choice":"Memory 1","damage_taken":0,"max_hp_gain":0,"max_hp_loss":0,"event_name":"SensoryStone","floor":37,"gold_loss":0},{"damage_healed":0,"gold_gain":0,"player_choice":"Embrace Madness","damage_taken":9,"max_hp_gain":0,"max_hp_loss":0,"event_name":"Winding Halls","floor":39,"gold_loss":0,"cards_obtained":["Madness","Madness"]},{"damage_healed":0,"gold_gain":222,"player_choice":"Wore Mask","damage_taken":0,"max_hp_gain":0,"max_hp_loss":0,"event_name":"Tomb of Lord Red Mask","floor":41,"gold_loss":0},{"damage_healed":0,"gold_gain":0,"player_choice":"Upgraded","damage_taken":0,"max_hp_gain":0,"max_hp_loss":0,"event_name":"Upgrade Shrine","floor":46,"gold_loss":0,"cards_upgraded":["Madness"]}],"is_beta":false,"boss_relics":[{"not_picked":["SacredBark","Cursed Key"],"picked":"Sozu"},{"not_picked":["Runic Pyramid","Snecko Scales"],"picked":"Replay:Bronze Core"}],"items_purged_floors":[3,22,29,44],"is_endless":false,"potions_floor_spawned":[1,5,10,11,18,20,24,33,38,47],"ascension_level":0}}