{"host":"mnpd8gh7cwxsn5kh","time":1612539390,"event":{"mods":["BaseMod","Bestiary","Block Reminder","Colored Map","Colored Powertips","Highlight Path","Minty Spire (QoL Compilation)","Relic Sorter","Relic Stats"],"gold_per_floor":[115,7,82,82,82,82,82],"floor_reached":6,"language":"ENG","playtime":401,"items_purged":[],"score":46,"play_id":"9aacb11a-ee63-4332-8e85-6ddea17724d4","local_time":"20210205163630","is_ascension_mode":true,"campfire_choices":[],"circlet_count":0,"master_deck":["Strike_G","Strike_G","Strike_G","Strike_G","Defend_G","Defend_G","Defend_G","Defend_G","Defend_G","Survivor","Neutralize","Backflip","Well Laid Plans","Dash","Night Terror"],"relics":["Velvet Choker","Singing Bowl"],"acts_visited":["Exordium"],"potions_floor_usage":[],"damage_taken":[{"damage":2,"enemies":"Jaw Worm","floor":1,"turns":5},{"damage":38,"enemies":"Gremlin Nob","floor":6,"turns":5}],"seed_played":"-6084043425275139268","potions_obtained":[],"is_trial":false,"path_per_floor":["M","$","?","?","?","E"],"character_chosen":"THE_SILENT","items_purchased":["Well Laid Plans","Dash"],"campfire_rested":0,"item_purchase_floors":[2,2],"current_hp_per_floor":[61,61,50,50,25,0,0],"gold":82,"neow_bonus":"BOSS_RELIC","is_daily":false,"chose_seed":false,"campfire_upgraded":0,"win_rate":0.0,"timestamp":1612539390,"path_taken":["M","$","?","?","?","E"],"items_purchased_type":["Card","Card"],"build_version":"2020-12-22","purchased_purges":0,"victory":false,"max_hp_per_floor":[70,70,70,70,70,70,70],"relic_stats":{"Singing Bowl":0,"counters":[2,10],"obtain_stats":[{"Singing Bowl":5,"Velvet Choker":0,"Ring of the Snake":0},{"Singing Bowl":1,"Velvet Choker":0,"Ring of the Snake":0},{"Singing Bowl":5,"Velvet Choker":0,"Ring of the Snake":0}]},"card_choices":[{"not_picked":["Slice","Bane"],"picked":"Backflip","floor":1}],"player_experience":310865,"relics_obtained":[],"event_choices":[{"damage_healed":0,"gold_gain":75,"player_choice":"Gather Gold","damage_taken":11,"max_hp_gain":0,"max_hp_loss":0,"event_name":"World of Goop","floor":3,"gold_loss":0},{"damage_healed":0,"gold_gain":0,"cards_transformed":["Strike_G"],"player_choice":"Change","damage_taken":0,"max_hp_gain":0,"max_hp_loss":0,"event_name":"Living Wall","floor":4,"gold_loss":0,"cards_obtained":["Night Terror"]},{"damage_healed":0,"gold_gain":0,"player_choice":"Success","damage_taken":25,"relics_obtained":["Singing Bowl"],"max_hp_gain":0,"max_hp_loss":0,"event_name":"Scrap Ooze","floor":5,"gold_loss":0}],"is_beta":false,"boss_relics":[],"items_purged_floors":[],"is_endless":false,"potions_floor_spawned":[],"killed_by":"Gremlin Nob","ascension_level":9}}