{"host":"3j2m8n0ywf988fwb","time":1612562681,"event":{"mods":["2.2 Compatiblity","AchievementEnabler","Act Like it!","Aspiration","Astrologer","BaseMod","Better Altar","Better Match","Better Note","Better Sensory Stone","Better Skull","Better Third Choice","CCEM2","ChefMod","Colored Map","Colored Powertips","Conspire","Dark Map","Energized Spire","GifTheSpireLib","Halation","Hallownest","Highlight Path","Hubris","Infinite Spire","Jedi Mod","Marisa????????","Marked Mod","Mimic Mod","Minty Spire (QoL Compilation)","Monster B Gone","Random Character Button","Relic Filter Mod","Relic Stats","Reliquary","Replay The Spire","Robot Space Explorer","Shade Mod","Shop Mod","Somnambulant","StS++","StSLib","Stuff the Spire","The Bug Knight","The Elementalist","The Hierophant","The Runesmith","TheBandit","TheFirefly","Unceasing Turn Reminder","Weighted Paths","everything is the same but u backflip on backflip"],"gold_per_floor":[119,119,119,119,132,132,166,181,218,235,269,269,269,169,169,294,294,338,338,338,338,338],"floor_reached":21,"language":"ENG","playtime":1061,"items_purged":[],"score":305,"play_id":"fb9172d1-5cca-41d2-90d4-219f6a70e945","local_time":"20210205160441","is_ascension_mode":true,"campfire_choices":[{"data":"Masterful Stab","floor":6,"key":"SMITH"},{"data":"StuffTheSpire:Incantation","floor":12,"key":"SMITH"},{"floor":15,"key":"REST"}],"circlet_count":0,"master_deck":["AscendersBane","Strike_G","Strike_G+1","Strike_G+1","Strike_G","Strike_G","Defend_G","Defend_G","Defend_G","Defend_G","Defend_G","Survivor","Neutralize","Crippling Poison","Masterful Stab+1","StuffTheSpire:Incantation+1","Poisoned Stab","StuffTheSpire:Python","Crow Ritual+1","Deflect","StSpp:Panic+1","Doubt","conspire:SpireCoStock","conspire:SpireCoStock","jedi:forcepull+1","Tools of the Trade","Prepared","Shame"],"relics":["Ring of the Snake","NeowsBlessing","Hallownest:DreamNailRelic","White Beast Statue","CCEMRelics:FestiveHat","InkBottle","WristBlade","aspiration:RitualStick"],"acts_visited":["Exordium","TheCity"],"potions_floor_usage":[9,10,16,18],"damage_taken":[{"damage":0,"enemies":"Hallownest:monsterHuskWarrior","floor":1,"turns":1},{"damage":0,"enemies":"Hallownest:2_Tiktiks_and_1_Crawlid","floor":5,"turns":1},{"damage":0,"enemies":"Hallownest:eliteVengeflyKing","floor":7,"turns":1},{"damage":0,"enemies":"Hallownest:2_MossCreeps","floor":8,"turns":4},{"damage":0,"enemies":"Hallownest:2_Tiktiks_1_Baldur_1_Crawlid","floor":9,"turns":8},{"damage":11,"enemies":"Hallownest:2_Tiktiks_1_Baldur_1_Crawlid","floor":10,"turns":3},{"damage":16,"enemies":"Hallownest:eliteMossKnight","floor":11,"turns":10},{"damage":54,"enemies":"Hallownest:BossFalseKnight","floor":16,"turns":18},{"damage":19,"enemies":"Chosen","floor":18,"turns":6},{"damage":25,"enemies":"Snake Plant","floor":21,"turns":3}],"seed_played":"3382232120528988082","potions_obtained":[{"floor":1,"key":"ColorlessPotion"},{"floor":8,"key":"AttackPotion"},{"floor":9,"key":"Swift Potion"},{"floor":10,"key":"Reflective Coating"},{"floor":11,"key":"CunningPotion"},{"floor":16,"key":"LiquidMemories"},{"floor":18,"key":"Block Potion"}],"is_trial":false,"path_per_floor":["M","?","?","?","M","R","E","M","MIM","M","E","R","?","?","R_BF","B",null,"M","?","?","M"],"character_chosen":"THE_SILENT","items_purchased":[],"campfire_rested":1,"item_purchase_floors":[],"current_hp_per_floor":[63,63,63,63,63,63,63,63,63,52,36,36,36,36,57,3,53,34,34,20,0,0],"gold":338,"neow_bonus":"THREE_ENEMY_KILL","is_daily":false,"chose_seed":false,"campfire_upgraded":2,"win_rate":0.0,"timestamp":1612562681,"path_taken":["M","?","?","?","?","R","E","M","MIM","?","E","R","?","?","R_BF","BOSS","M","?","?","M"],"items_purchased_type":[],"build_version":"2020-12-22","purchased_purges":0,"victory":false,"max_hp_per_floor":[70,70,70,70,70,70,70,70,70,70,70,70,70,70,70,70,70,70,70,70,70,70],"relic_stats":{"counters":[10,55],"obtain_stats":[{"NeowsBlessing":0,"CCEMRelics:FestiveHat":9,"WristBlade":17,"Hallownest:DreamNailRelic":4,"White Beast Statue":7,"InkBottle":11,"aspiration:RitualStick":20,"Ring of the Snake":0},{"NeowsBlessing":0,"CCEMRelics:FestiveHat":5,"WristBlade":8,"Hallownest:DreamNailRelic":1,"White Beast Statue":3,"InkBottle":7,"aspiration:RitualStick":9,"Ring of the Snake":0},{"NeowsBlessing":0,"CCEMRelics:FestiveHat":15,"WristBlade":46,"Hallownest:DreamNailRelic":1,"White Beast Statue":3,"InkBottle":28,"aspiration:RitualStick":52,"Ring of the Snake":0}],"InkBottle":[13],"aspiration:RitualStick":[0],"Ring of the Snake":[20]},"card_choices":[{"not_picked":["Sucker Punch","Acrobatics"],"picked":"Crippling Poison","floor":1},{"not_picked":["PiercingWail","Sneak Up"],"picked":"Masterful Stab","floor":5},{"not_picked":["Quick Slash","Hidden Blade"],"picked":"StuffTheSpire:Incantation","floor":7},{"not_picked":["StuffTheSpire:ClusterCrunch","Hidden Blade"],"picked":"Poisoned Stab","floor":8},{"not_picked":["hubris:SlightOfHand","Hidden Blade"],"picked":"StuffTheSpire:Python","floor":9},{"not_picked":["StSpp:MindBarrier+1","Panache+1"],"picked":"Crow Ritual+1","floor":10},{"not_picked":["Slice","Dagger Spray"],"picked":"Deflect","floor":10},{"not_picked":["Mayhem+1","StSpp:Resilience+1"],"picked":"StSpp:Panic+1","floor":11},{"not_picked":["Dodge and Roll","ReplayTheSpireMod:Scrap Shanks","ReplayTheSpireMod:The Works"],"picked":"SKIP","floor":11},{"not_picked":["Replay:Parry+1","Replay:Sssssssssstrike+1"],"picked":"jedi:forcepull+1","floor":16},{"not_picked":["Venomology","Replay:Bag of Tricks"],"picked":"Tools of the Trade","floor":16},{"not_picked":["Noxious Fumes","Dagger Spray+1"],"picked":"Prepared","floor":18}],"player_experience":1067335,"relics_obtained":[{"floor":7,"key":"White Beast Statue"},{"floor":9,"key":"CCEMRelics:FestiveHat"},{"floor":11,"key":"InkBottle"}],"event_choices":[{"damage_healed":0,"gold_gain":0,"player_choice":"Invest 2","damage_taken":0,"max_hp_gain":0,"max_hp_loss":0,"event_name":"conspire:Investor","floor":14,"gold_loss":0}],"is_beta":false,"boss_relics":[{"not_picked":["halation:HeavySnake","halation:SmartPhone"],"picked":"WristBlade"}],"items_purged_floors":[],"is_endless":false,"potions_floor_spawned":[1,8,9,10,11,16,18],"killed_by":"Snake Plant","ascension_level":10}}