{"host":"89iuq2p5kwriuwfq","time":1612525363,"event":{"mods":["BaseMod","Curses Come First","Minty Spire (QoL Compilation)","Permanent Neow","StSLib"],"gold_per_floor":[113,126,126,126,146,146,186,186,186,146,179,194,194,194,194],"floor_reached":14,"language":"ENG","playtime":705,"items_purged":[],"score":147,"play_id":"929a1ca8-bb87-4666-ae4a-1b36cee64754","local_time":"20210205114243","is_ascension_mode":true,"campfire_choices":[{"data":"Iron Wave","floor":6,"key":"SMITH"},{"data":"Flame Barrier","floor":8,"key":"SMITH"}],"circlet_count":0,"master_deck":["AscendersBane","Strike_R","Strike_R","Strike_R","Defend_R","Defend_R","Defend_R","Bash","Twin Strike","Iron Wave+1","Sword Boomerang","Flame Barrier+1","Flex","Brutality"],"relics":["Burning Blood","Golden Idol","Incense Burner","Ginger","StrikeDummy"],"acts_visited":["Exordium"],"potions_floor_usage":[7,11,11,11,14],"damage_taken":[{"damage":5,"enemies":"Cultist","floor":1,"turns":5},{"damage":2,"enemies":"2 Louse","floor":2,"turns":4},{"damage":0,"enemies":"Small Slimes","floor":5,"turns":3},{"damage":20,"enemies":"3 Sentries","floor":7,"turns":9},{"damage":17,"enemies":"Lagavulin","floor":11,"turns":9},{"damage":9,"enemies":"Gremlin Gang","floor":12,"turns":3},{"damage":28,"enemies":"3 Sentries","floor":14,"turns":5}],"seed_played":"754192072384442491","potions_obtained":[{"floor":1,"key":"LiquidMemories"},{"floor":10,"key":"Fire Potion"},{"floor":10,"key":"GamblersBrew"},{"floor":10,"key":"Weak Potion"},{"floor":12,"key":"Energy Potion"}],"is_trial":false,"path_per_floor":["M","M","?","?","M","R","E","R","T","?","E","M","?","E"],"character_chosen":"IRONCLAD","items_purchased":[],"campfire_rested":0,"item_purchase_floors":[],"current_hp_per_floor":[73,77,57,50,56,56,42,42,42,42,31,28,28,0,0],"gold":194,"neow_bonus":"REMOVE_CARD","is_daily":false,"chose_seed":false,"campfire_upgraded":2,"win_rate":0.0,"timestamp":1612525363,"path_taken":["M","?","?","?","M","R","E","R","T","?","E","?","?","E"],"items_purchased_type":[],"build_version":"2020-12-22","purchased_purges":0,"victory":false,"max_hp_per_floor":[80,80,80,80,80,80,80,80,80,80,80,80,80,80,80],"card_choices":[{"not_picked":["Blood for Blood","Sword Boomerang"],"picked":"Twin Strike","floor":1},{"not_picked":["Dropkick","Heavy Blade"],"picked":"Iron Wave","floor":2},{"not_picked":["Body Slam","Heavy Blade"],"picked":"Sword Boomerang","floor":5},{"not_picked":["Clash","Exhume"],"picked":"Flame Barrier","floor":7},{"not_picked":["Entrench","Infernal Blade","Combust"],"picked":"SKIP","floor":11},{"not_picked":["Dark Embrace","Intimidate"],"picked":"Flex","floor":12}],"player_experience":633578,"relics_obtained":[{"floor":7,"key":"Incense Burner"},{"floor":9,"key":"Ginger"},{"floor":11,"key":"StrikeDummy"}],"event_choices":[{"damage_healed":0,"gold_gain":0,"player_choice":"Take Damage","damage_taken":20,"relics_obtained":["Golden Idol"],"max_hp_gain":0,"max_hp_loss":0,"event_name":"Golden Idol","floor":3,"gold_loss":0},{"cards_removed":["Defend_R"],"damage_healed":0,"gold_gain":0,"player_choice":"Card Removal","damage_taken":7,"max_hp_gain":0,"max_hp_loss":0,"event_name":"Golden Wing","floor":4,"gold_loss":0},{"damage_healed":0,"gold_gain":0,"player_choice":"Bought 3 Potions","damage_taken":0,"max_hp_gain":0,"max_hp_loss":0,"event_name":"The Woman in Blue","floor":10,"gold_loss":0},{"damage_healed":0,"gold_gain":0,"cards_transformed":["Strike_R"],"player_choice":"Transformed","damage_taken":0,"max_hp_gain":0,"max_hp_loss":0,"event_name":"Transmorgrifier","floor":13,"gold_loss":0,"cards_obtained":["Brutality"]}],"is_beta":false,"boss_relics":[],"items_purged_floors":[],"is_endless":false,"potions_floor_spawned":[1,12],"killed_by":"3 Sentries","ascension_level":10}}