{"host":"tr12w2fixbnujl15","time":1612563631,"event":{"mods":["100% Spire Juice","2.2 Compatiblity","A Penny For Your Troubles","Arknights","BaseMod","Better Skull","Better Vampires","BetterRewards","CapriCore","Clockwork Mod","Colored Powertips","Evolution","Gremlin Skip","Hermit","Hubris","Infinite Spire","JesterMod","Kalas","KinomotoSakuraMod(????)","Koishi","Mad Scientist","Magitek Elite","Mathematician","Minty Spire (QoL Compilation)","Permanent Neow","Quick Restart","Reimu??????","Relic Filter","Remilia_Scarlet Moed?????·?????3.3.5","Replay The Spire","Shop Mod","StSLib","SuperFastMode","The Accelerator","The Bug Knight","The Construct","The Cursed","The Hayseed","The Hierophant","The Immortal","The Mystic","The Necromancer","The Runesmith","The Sage","The Senshi","The Servant 0.9.4","The Spell Scribe","The Vixen","TheFirefly","TheSwordswoman","TheVelvet","Transform Curses","WarShipGirlsR/????R mod","Yakumo Yukari mod","[IsaacMod]????"],"gold_per_floor":[109,109,185,202,252,277,288,298,380,380,393,49,68,83,83,188,188,207,87,87],"floor_reached":19,"language":"ENG","playtime":1059,"items_purged":["hubris:Despair"],"score":196,"play_id":"a6313c11-6d62-401a-8985-f2511caeabbc","local_time":"20210205172031","is_ascension_mode":false,"campfire_choices":[{"floor":10,"key":"REST"},{"floor":15,"key":"REST"}],"circlet_count":0,"master_deck":["Kalas:VintageCoins","Kalas:ThePeachBoy","Kalas:ShortSword","Kalas:ShortSword","Kalas:SmallKnife","Kalas:DimensionBlade","Kalas:Buckler","Kalas:Buckler","Kalas:LeatherJacket","Kalas:LeatherJacket","Kalas:PowerHelmet","Kalas:BlueStorm","Specialist+1","Kalas:FlashExplosion","Kalas:FlameSword","Kalas:ChronosArmor","Kalas:WindGodBlade","Kalas:AirSlash","Kalas:ApocalypseSword","Kalas:GreenTea","Kalas:EfreetiSuit","Kalas:LordOfTheWind","Kalas:DuelSword","hubris:Greed","Kalas:TheChariot","Kalas:TempestShield"],"relics":["Kalas:BrokenOceanMirror","EVO:Axolotl","HushsDoor","MoneyPower","infinitespire:Lucky Rock","Ring of Greed","ReplayTheSpireMod:Ring of Exchange","Membership Card","Replay:Wax Seal","Matryoshka","MerchantsRug","MealTicket","jesterMod:MirrorMask"],"acts_visited":["Exordium","TheCity"],"potions_floor_usage":[6,8,8,14,18,18],"damage_taken":[{"damage":0,"enemies":"Cultist","floor":1,"turns":2},{"damage":11,"enemies":"Jaw Worm","floor":4,"turns":2},{"damage":36,"enemies":"Lagavulin","floor":6,"turns":6},{"damage":6,"enemies":"Small Slimes","floor":7,"turns":3},{"damage":0,"enemies":"2 Fungi Beasts","floor":8,"turns":2},{"damage":0,"enemies":"Blue Slaver","floor":11,"turns":3},{"damage":0,"enemies":"Lots of Slimes","floor":13,"turns":1},{"damage":13,"enemies":"Large Slime","floor":14,"turns":3},{"damage":29,"enemies":"Fading Forest","floor":16,"turns":8},{"damage":5,"enemies":"3 Byrds","floor":18,"turns":2},{"damage":64,"enemies":"Hiden Room Battle","floor":19,"turns":2}],"seed_played":"6847481923015098931","potions_obtained":[{"floor":3,"key":"Explosive Potion"},{"floor":3,"key":"EssenceOfSteel"},{"floor":6,"key":"Flashbang"},{"floor":7,"key":"Fire Potion"},{"floor":8,"key":"LiquidMemories"},{"floor":16,"key":"FearPotion"}],"is_trial":false,"path_per_floor":["M","?","?","M","?","E","M","M","T","R","M","$","M","M","R","B",null,"M","?"],"character_chosen":"KALAS","items_purchased":["MerchantsRug","MealTicket","Kalas:ApocalypseSword","Kalas:GreenTea","Kalas:EfreetiSuit","Kalas:LordOfTheWind"],"campfire_rested":2,"item_purchase_floors":[12,12,12,12,12,12],"current_hp_per_floor":[76,76,57,49,49,16,13,13,13,35,35,35,37,24,46,29,76,71,0,0],"gold":87,"neow_bonus":"RANDOM_COLORLESS","is_daily":false,"chose_seed":false,"campfire_upgraded":0,"win_rate":0.0,"timestamp":1612563631,"path_taken":["M","?","?","M","?","E","M","M","T","R","M","$","M","M","R","BOSS","M","?"],"items_purchased_type":["Relic","Relic","Card","Card","Card","Card"],"build_version":"2020-12-22","purchased_purges":1,"victory":false,"max_hp_per_floor":[76,76,76,76,76,76,76,76,76,76,76,76,76,76,76,76,76,76,76,76],"card_choices":[{"not_picked":[],"picked":"ChaosCard","floor":0},{"not_picked":["Replay:Bootleg Shield Generator","Purity"],"picked":"Specialist","floor":0},{"not_picked":["Kalas:DeluxePickles","Kalas:ApocalypseSword"],"picked":"Kalas:Peach","floor":1},{"not_picked":["Kalas:ClockShield","Kalas:CalmHelmet"],"picked":"Kalas:ChumpChange","floor":3},{"not_picked":["Kalas:EnergyWave","Kalas:WildStrawberry"],"picked":"Kalas:FlashExplosion","floor":4},{"not_picked":["Kalas:FlashExplosion","Kalas:EnergyWave"],"picked":"Kalas:FlameSword","floor":6},{"not_picked":["Kalas:CedarTreeSap","Kalas:WaterBlade"],"picked":"Kalas:ChronosArmor","floor":7},{"not_picked":["Kalas:Explosives","Kalas:TempestShield"],"picked":"Kalas:WindGodBlade","floor":8},{"not_picked":["Kalas:Gladius","Kalas:WindGodBlade"],"picked":"Kalas:AirSlash","floor":11},{"not_picked":["Kalas:RoundShield","Kalas:Erbschaft"],"picked":"Kalas:DuelSword","floor":13},{"not_picked":["Kalas:FlameHelmet","Kalas:ClockShield"],"picked":"Bomb","floor":14},{"not_picked":["Kalas:ApocalypseSword","Kalas:EfreetiSuit"],"picked":"Kalas:TheChariot","floor":16},{"not_picked":["Kalas:RoundShield","Kalas:DimensionBlade"],"picked":"Kalas:TempestShield","floor":18}],"player_experience":95092,"relics_obtained":[{"floor":3,"key":"infinitespire:Lucky Rock"},{"floor":5,"key":"Ring of Greed"},{"floor":5,"key":"ReplayTheSpireMod:Ring of Exchange"},{"floor":5,"key":"Membership Card"},{"floor":5,"key":"Replay:Wax Seal"},{"floor":6,"key":"Replay:Bottled Flurry"},{"floor":9,"key":"Matryoshka"}],"event_choices":[{"damage_healed":0,"gold_gain":0,"player_choice":"Fight","damage_taken":0,"max_hp_gain":0,"max_hp_loss":0,"event_name":"HidenRoomEvent","floor":19,"gold_loss":0}],"is_beta":false,"boss_relics":[{"not_picked":["Ring of Chaos","RedLine:ReiMu"],"picked":"jesterMod:MirrorMask"},{"not_picked":[]}],"items_purged_floors":[12],"is_endless":false,"potions_floor_spawned":[6,7,8,16],"killed_by":"Hiden Room Battle","ascension_level":0}}