{"host":"yfdtuf6ojcxn06xg","time":1612483818,"event":{"mods":["2.2 Compatiblity","AchievementEnabler","BaseMod","Colored Map","Colored Powertips","Curses Come First","Hermit","JesterMod","Jorbs\u0027s Wanderer Trilogy","Minty Spire (QoL Compilation)","Quick Restart","Rare Cards Sparkle","Relic Stats","Replay The Spire","StSLib","The Cursed","The Disciple","The Hierophant","The Jungle","The Marked","The Necromancer","The Servant 0.9.4"],"gold_per_floor":[119,119,119,135,151,183,183,30,30,30,61,71,71,45,45,144,144,160,179,119,44,64,64,78,96,96,96,96,11,41,55,55,155,155,171,171,3,22,42,68,68,96,96,96,116,116,116],"floor_reached":46,"language":"ENG","playtime":3192,"items_purged":["Defend_S","Strike_S"],"score":608,"play_id":"2c817b3d-cf9d-431e-80d0-d52f0cf32e17","local_time":"20210204191018","is_ascension_mode":false,"campfire_choices":[{"floor":7,"key":"REST"},{"data":"KidneyShot","floor":10,"key":"SMITH"},{"data":"Luminosity","floor":13,"key":"SMITH"},{"data":"Luminosity","floor":13,"key":"SMITH"},{"floor":23,"key":"REST"},{"data":"SilverBlades","floor":28,"key":"SMITH"},{"data":"Ricochet","floor":28,"key":"SMITH"},{"data":"SurpressingFire","floor":32,"key":"SMITH"},{"data":"FlawlessForm","floor":32,"key":"SMITH"},{"data":"Luminosity","floor":41,"key":"SMITH"},{"data":"FanOfKnives","floor":41,"key":"SMITH"},{"floor":44,"key":"REST"}],"circlet_count":0,"master_deck":["Defend_S","Defend_S","KidneyShot+1","Exchange+1","Starlight+1","Luminosity+1","Defy+1","Ricochet+1","Solidify+1","Luminosity+1","Rearm+1","FlawlessForm+1","SilverBlades+1","SurpressingFire+1","Sunlight","DualDimension+1","FanOfKnives+1","Luminosity+1"],"relics":["Uniform","Toxic Egg 2","Singing Bowl","Replay:Arrowhead","Empty Cage","Meat on the Bone","Kunai","Boot","SlaversCollar","Pear","Gremlin Food","Golden Egg"],"acts_visited":["Exordium","TheCity","TheBeyond"],"potions_floor_usage":[5,30,30,30,33,40,45],"damage_taken":[{"damage":0,"enemies":"2 Louse","floor":1,"turns":3},{"damage":0,"enemies":"Jaw Worm","floor":4,"turns":5},{"damage":1,"enemies":"Small Slimes","floor":5,"turns":2},{"damage":36,"enemies":"3 Sentries","floor":6,"turns":15},{"damage":21,"enemies":"Replay:BlueRogue","floor":11,"turns":8},{"damage":0,"enemies":"3 Louse","floor":12,"turns":3},{"damage":5,"enemies":"Fading Forest","floor":16,"turns":11},{"damage":12,"enemies":"Chosen","floor":18,"turns":6},{"damage":3,"enemies":"3 Byrds","floor":19,"turns":4},{"damage":16,"enemies":"Snecko","floor":22,"turns":8},{"damage":2,"enemies":"3 Cultists","floor":24,"turns":4},{"damage":14,"enemies":"Centurion and Healer","floor":25,"turns":7},{"damage":24,"enemies":"Gremlin Leader","floor":30,"turns":6},{"damage":3,"enemies":"Sentry and Sphere","floor":31,"turns":7},{"damage":10,"enemies":"Automaton","floor":33,"turns":10},{"damage":28,"enemies":"3 Darklings","floor":35,"turns":3},{"damage":31,"enemies":"3 Shapes","floor":38,"turns":3},{"damage":5,"enemies":"Transient","floor":39,"turns":5},{"damage":0,"enemies":"Reptomancer","floor":40,"turns":5},{"damage":0,"enemies":"Giant Head","floor":42,"turns":9},{"damage":72,"enemies":"4 Shapes","floor":45,"turns":5},{"damage":23,"enemies":"2 Orb Walkers","floor":46,"turns":3}],"seed_played":"3218756489239634305","potions_obtained":[{"floor":1,"key":"Explosive Potion"},{"floor":11,"key":"SpeedPotion"},{"floor":22,"key":"Reflective Coating"},{"floor":25,"key":"SkillPotion"},{"floor":31,"key":"EssenceOfSteel"},{"floor":33,"key":"Toxic Potion"},{"floor":39,"key":"Fire Potion"},{"floor":40,"key":"SpeedPotion"}],"is_trial":false,"path_per_floor":["M","?","?","M","M","E","R","$","T","R","E","M","R","$","R_BF","B",null,"M","M","?","$","M","R","M","M","T","?","R","?","E","M","R","B",null,"M","?","$","M","M","E","R","E","T","R","M","?"],"character_chosen":"THE_SERVANT","items_purchased":["Solidify+1","Rearm+1","DualDimension+1"],"campfire_rested":3,"item_purchase_floors":[8,14,37],"current_hp_per_floor":[65,65,58,58,57,21,40,40,40,40,21,21,21,21,41,44,67,57,56,56,56,42,63,61,49,49,49,49,49,37,48,48,50,77,51,51,51,34,41,51,51,53,53,80,22,0,0],"gold":116,"neow_bonus":"REMOVE_CARD","is_daily":false,"chose_seed":false,"campfire_upgraded":9,"win_rate":0.0,"timestamp":1612483818,"path_taken":["M","?","?","M","M","E","R","$","T","R","E","?","R","$","R_BF","BOSS","M","M","?","?","M","R","?","M","T","?","R","?","E","M","R","BOSS","M","?","$","M","M","E","R","E","T","R","?","?"],"items_purchased_type":["Card","Card","Card"],"build_version":"2020-12-22","purchased_purges":2,"victory":false,"max_hp_per_floor":[65,65,65,65,65,65,65,65,65,65,67,67,67,67,67,67,67,69,71,71,71,73,73,73,75,75,75,75,75,75,77,77,77,77,79,79,79,81,81,91,91,93,93,93,95,95,95],"relic_stats":{"Singing Bowl":20,"counters":[22,132],"Kunai":[10],"Boot":[5],"obtain_stats":[{"Gremlin Food":42,"SlaversCollar":34,"Golden Egg":43,"Pear":40,"Singing Bowl":9,"Uniform":0,"Kunai":29,"Toxic Egg 2":6,"Empty Cage":17,"Boot":30,"Replay:Arrowhead":11,"Meat on the Bone":26},{"Gremlin Food":20,"SlaversCollar":15,"Golden Egg":20,"Pear":19,"Singing Bowl":4,"Uniform":0,"Kunai":12,"Toxic Egg 2":4,"Empty Cage":7,"Boot":13,"Replay:Arrowhead":5,"Meat on the Bone":12},{"Gremlin Food":124,"SlaversCollar":99,"Golden Egg":124,"Pear":115,"Singing Bowl":25,"Uniform":0,"Kunai":76,"Toxic Egg 2":25,"Empty Cage":47,"Boot":82,"Replay:Arrowhead":33,"Meat on the Bone":76}],"Meat on the Bone":72},"card_choices":[{"not_picked":["DualDimension","Collapse"],"picked":"Starlight","floor":1},{"not_picked":["Shuttle","Foresight"],"picked":"Luminosity","floor":4},{"not_picked":["Revamp","Shuttle"],"picked":"Defy","floor":5},{"not_picked":["Unruled","FastForward+1"],"picked":"Ricochet","floor":6},{"not_picked":["WasteNot","StarChef","Sunlight"],"picked":"Singing Bowl","floor":11},{"not_picked":["Rewind+1","TimeWarp"],"picked":"Luminosity","floor":12},{"not_picked":["ForgedInTime+1","TheWorld+1"],"picked":"FlawlessForm","floor":16},{"not_picked":["Ricochet","Revamp+1","TimeWarp"],"picked":"Singing Bowl","floor":18},{"not_picked":["Collapse","Potential+1","Spin"],"picked":"Singing Bowl","floor":19},{"not_picked":["Replace+1","DoubleEdge+1","Potential"],"picked":"Singing Bowl","floor":22},{"not_picked":["Starlight","Unruled"],"picked":"SilverBlades","floor":24},{"not_picked":["Read+1","ShatteredReality+1","Replace+1"],"picked":"Singing Bowl","floor":25},{"not_picked":["Sabotage+1","Unruled"],"picked":"SurpressingFire","floor":30},{"not_picked":["Comet","Potential","Defy+1"],"picked":"Singing Bowl","floor":31},{"not_picked":["LightFlow","SoulSculpture"],"picked":"Sunlight","floor":33},{"not_picked":["ShatteredReality","Potential","SpecialFormula+1"],"picked":"Singing Bowl","floor":35},{"not_picked":["Spin","Starlight+1","TimeWarp+1"],"picked":"Singing Bowl","floor":38},{"not_picked":["Defy+1","Reset+1"],"picked":"FanOfKnives","floor":39},{"not_picked":["Revamp+1","ShiftingGears+1"],"picked":"Luminosity","floor":40},{"not_picked":["Comet+1","Sunlight","Misdirection+1"],"picked":"Singing Bowl","floor":42},{"not_picked":["DoubleEdge","SpecialFormula+1","TimeWarp"],"picked":"Singing Bowl","floor":45}],"player_experience":250221,"relics_obtained":[{"floor":6,"key":"Toxic Egg 2"},{"floor":9,"key":"Singing Bowl"},{"floor":11,"key":"Replay:Arrowhead"},{"floor":26,"key":"Meat on the Bone"},{"floor":30,"key":"Boot"},{"floor":40,"key":"Pear"},{"floor":42,"key":"Gremlin Food"},{"floor":43,"key":"Golden Egg"}],"event_choices":[{"cards_removed":["Strike_S"],"damage_healed":0,"gold_gain":0,"player_choice":"Card Removal","damage_taken":7,"max_hp_gain":0,"max_hp_loss":0,"event_name":"Golden Wing","floor":3,"gold_loss":0},{"damage_healed":0,"gold_gain":0,"player_choice":"Ignored","damage_taken":0,"max_hp_gain":0,"max_hp_loss":0,"event_name":"Vampires","floor":27,"gold_loss":0},{"damage_healed":0,"gold_gain":0,"player_choice":"Obtained Relic","damage_taken":0,"relics_obtained":["Kunai"],"max_hp_gain":0,"max_hp_loss":0,"event_name":"Addict","floor":29,"gold_loss":85},{"damage_healed":0,"gold_gain":0,"player_choice":"Ignored","damage_taken":0,"max_hp_gain":0,"max_hp_loss":0,"event_name":"NoteForYourself","floor":36,"gold_loss":0},{"damage_healed":0,"gold_gain":0,"player_choice":"Fight","damage_taken":0,"max_hp_gain":0,"max_hp_loss":0,"event_name":"Mysterious Sphere","floor":46,"gold_loss":0}],"is_beta":false,"boss_relics":[{"not_picked":["Kintsugi","Replay:Drink Me"],"picked":"Empty Cage"},{"not_picked":["Replay:Bronze Core","Ring of Chaos"],"picked":"SlaversCollar"}],"items_purged_floors":[21,37],"is_endless":false,"potions_floor_spawned":[1,11,22,25,31,33,39,40],"killed_by":"2 Orb Walkers","ascension_level":0}}