{"host":"ga4s3hj9m6nkn6gp","time":1612540073,"event":{"mods":["AchievementEnabler","BaseMod","Bestiary","Colored Powertips","Highlight Path","Minty Spire (QoL Compilation)","Relic Stats","everything is the same but u backflip on backflip"],"gold_per_floor":[218,237,257,257,267,267,293,99,122,156,156,172,186,213,213,290,290,308,42,56,74,74,86,86,286,286,297,311,311,311],"floor_reached":29,"language":"ENG","playtime":2099,"items_purged":[],"score":598,"play_id":"91618185-daad-4709-8298-30791d1ee702","local_time":"20210205164753","is_ascension_mode":true,"campfire_choices":[{"data":"Sucker Punch","floor":6.0,"key":"SMITH"},{"data":"Sadistic Nature","floor":11,"key":"SMITH"},{"floor":15,"key":"REST"},{"data":"Apotheosis","floor":24,"key":"SMITH"}],"circlet_count":0,"master_deck":["AscendersBane","Strike_G","Strike_G","Strike_G","Strike_G","Strike_G","Defend_G","Defend_G","Defend_G","Defend_G","Defend_G","Survivor","Neutralize","Sucker Punch+1","Poisoned Stab","Dagger Spray","Backstab","Sadistic Nature+1","Footwork","Catalyst","Venomology","Apotheosis+1","Leg Sweep","Calculated Gamble","Terror"],"relics":["Ring of the Snake","Ancient Tea Set","Centennial Puzzle","Oddly Smooth Stone","The Specimen","Nunchaku","Runic Pyramid","Anchor"],"acts_visited":["Exordium","TheCity"],"potions_floor_usage":[10,12,14,16,21,27,27,28,29],"damage_taken":[{"damage":1.0,"enemies":"2 Louse","floor":1.0,"turns":4.0},{"damage":5.0,"enemies":"Small Slimes","floor":2.0,"turns":4.0},{"damage":1.0,"enemies":"Jaw Worm","floor":3.0,"turns":4.0},{"damage":1.0,"enemies":"Red Slaver","floor":5.0,"turns":5.0},{"damage":26.0,"enemies":"Lagavulin","floor":7.0,"turns":6.0},{"damage":6,"enemies":"Gremlin Nob","floor":10,"turns":3},{"damage":0,"enemies":"Lots of Slimes","floor":12,"turns":1},{"damage":1,"enemies":"3 Louse","floor":13,"turns":3},{"damage":6,"enemies":"3 Sentries","floor":14,"turns":10},{"damage":0,"enemies":"Slime Boss","floor":16,"turns":6},{"damage":11,"enemies":"2 Thieves","floor":18,"turns":4},{"damage":0,"enemies":"Chosen","floor":20,"turns":5},{"damage":9,"enemies":"Snake Plant","floor":21,"turns":5},{"damage":2,"enemies":"Centurion and Healer","floor":23,"turns":7},{"damage":14,"enemies":"3 Cultists","floor":27,"turns":5},{"damage":8,"enemies":"Snake Plant","floor":28,"turns":4},{"damage":31,"enemies":"Gremlin Leader","floor":29,"turns":5}],"seed_played":"2612473390244260939","potions_obtained":[{"floor":2.0,"key":"Poison Potion"},{"floor":3.0,"key":"SteroidPotion"},{"floor":7.0,"key":"LiquidMemories"},{"floor":10,"key":"BlessingOfTheForge"},{"floor":14,"key":"SkillPotion"},{"floor":16,"key":"Regen Potion"},{"floor":27,"key":"Explosive Potion"}],"is_trial":false,"path_per_floor":["M","M","M","?","M","R","E","$","T","E","R","M","M","E","R","B",null,"M","$","M","M","?","M","R","?","T","M","M","E"],"character_chosen":"THE_SILENT","items_purchased":["Sadistic Nature","Apotheosis","Leg Sweep"],"campfire_rested":1,"item_purchase_floors":[8,19,19],"current_hp_per_floor":[58,53,52,41,40,40,14,14,14,8,8,8,7,1,20,20,55,44,44,44,49,49,47,47,47,47,33,25,0,0],"gold":311,"neow_bonus":"HUNDRED_GOLD","is_daily":false,"chose_seed":false,"campfire_upgraded":3,"win_rate":0.0,"timestamp":1612540073,"path_taken":["M","M","M","?","M","R","E","$","T","E","R","M","M","E","R","BOSS","M","$","M","M","?","M","R","?","T","?","?","E"],"items_purchased_type":["Card","Card","Card"],"build_version":"2020-12-22","purchased_purges":0,"victory":false,"max_hp_per_floor":[66,66,66,66,66,66,66,66,66,66,66,66,66,66,66,66,66,66,66,66,66,66,66,66,66,66,66,66,66,66],"relic_stats":{"Centennial Puzzle":[27],"Nunchaku":[7],"counters":[17,81],"obtain_stats":[{"Centennial Puzzle":7,"Nunchaku":14,"Anchor":26,"The Specimen":10,"Oddly Smooth Stone":9,"Ancient Tea Set":4,"Ring of the Snake":0,"Runic Pyramid":17},{"Centennial Puzzle":5,"Nunchaku":9,"Anchor":14,"The Specimen":6,"Oddly Smooth Stone":5,"Ancient Tea Set":3,"Ring of the Snake":0,"Runic Pyramid":10},{"Centennial Puzzle":23,"Nunchaku":40,"Anchor":67,"The Specimen":26,"Oddly Smooth Stone":23,"Ancient Tea Set":12,"Ring of the Snake":0,"Runic Pyramid":46}],"Ring of the Snake":[34]},"card_choices":[{"not_picked":["Dodge and Roll","Calculated Gamble"],"picked":"Sucker Punch","floor":1.0},{"not_picked":["Distraction","Backflip"],"picked":"Poisoned Stab","floor":2.0},{"not_picked":["Finisher","Noxious Fumes"],"picked":"Dagger Spray","floor":3.0},{"not_picked":["Cloak And Dagger","Escape Plan"],"picked":"Backstab","floor":5.0},{"not_picked":["Acrobatics","Underhanded Strike","Bullet Time"],"picked":"SKIP","floor":7.0},{"not_picked":["Dagger Throw","Deflect","Acrobatics"],"picked":"SKIP","floor":10},{"not_picked":["Quick Slash","Caltrops","Concentrate"],"picked":"SKIP","floor":12},{"not_picked":["Escape Plan","Flying Knee"],"picked":"Footwork","floor":13},{"not_picked":["Dagger Spray","Phantasmal Killer"],"picked":"Catalyst","floor":14},{"not_picked":["Phantasmal Killer","Storm of Steel"],"picked":"Venomology","floor":16},{"not_picked":["Blade Dance","Dagger Spray","Expertise"],"picked":"SKIP","floor":18},{"not_picked":["Bane","Blade Dance"],"picked":"Calculated Gamble","floor":20},{"not_picked":["Eviscerate","Bane","Outmaneuver"],"picked":"SKIP","floor":21},{"not_picked":["Heel Hook","Quick Slash","Endless Agony+1"],"picked":"SKIP","floor":23},{"not_picked":["Bane","Slice+1","Riddle With Holes"],"picked":"SKIP","floor":27},{"not_picked":["Slice+1","Well Laid Plans"],"picked":"Terror","floor":28}],"player_experience":731486,"relics_obtained":[{"floor":7.0,"key":"Centennial Puzzle"},{"floor":9.0,"key":"Oddly Smooth Stone"},{"floor":10,"key":"The Specimen"},{"floor":14,"key":"Nunchaku"},{"floor":26,"key":"Anchor"}],"event_choices":[{"damage_healed":0.0,"max_hp_gain":0.0,"max_hp_loss":0.0,"gold_gain":0.0,"event_name":"Scrap Ooze","player_choice":"Success","floor":4.0,"gold_loss":0.0,"damage_taken":11.0,"relics_obtained":["Ancient Tea Set"]},{"damage_healed":0,"gold_gain":200,"player_choice":"Gold","damage_taken":0,"max_hp_gain":0,"max_hp_loss":0,"event_name":"Wheel of Change","floor":25,"gold_loss":0}],"is_beta":false,"boss_relics":[{"not_picked":["Astrolabe","SacredBark"],"picked":"Runic Pyramid"}],"items_purged_floors":[],"is_endless":false,"potions_floor_spawned":[2,3,7,10,14,16,18,23,27,28],"killed_by":"Gremlin Leader","ascension_level":20}}