{"host":"2kfsro7skzomnm41","time":1612565906,"event":{"mods":["AchievementEnabler","BaseMod","Googly Eyes","Highlight Path","Minty Spire (QoL Compilation)","StSLib"],"gold_per_floor":[111,121,139,89,107,107,124,159,159,184,184,200,200,220,220,324,324,336,336,435,27,41,69,69,104,128,128,153,68,85,95,95,191,191,206,206,223,79,94,94,128,139,139,158,187,202,234,234,234,234,234,234,12,45,45],"floor_reached":56,"language":"ENG","playtime":5020,"items_purged":["Strike_G","The Bomb"],"score":1989,"play_id":"da713bc4-5ab2-42a8-8a55-c31b969ba027","local_time":"20210205175826","is_ascension_mode":true,"campfire_choices":[{"data":"Bane","floor":6.0,"key":"SMITH"},{"data":"Wraith Form v2","floor":11.0,"key":"SMITH"},{"data":"Footwork","floor":13.0,"key":"SMITH"},{"data":"Backflip","floor":15.0,"key":"SMITH"},{"data":"Poisoned Stab","floor":27,"key":"SMITH"},{"data":"Poisoned Stab","floor":32,"key":"SMITH"},{"data":"Night Terror","floor":40,"key":"SMITH"},{"floor":49,"key":"RECALL"},{"data":"Catalyst","floor":52,"key":"SMITH"}],"circlet_count":0,"master_deck":["AscendersBane","Defend_G","Defend_G","Defend_G","Defend_G","Survivor","Neutralize","Venomology+1","Adrenaline+1","Deadly Poison+1","Bane+1","Poisoned Stab+1","Footwork+1","Wraith Form v2+1","Leg Sweep","Well Laid Plans","Backflip+1","Caltrops","Die Die Die","Leg Sweep","Poisoned Stab+1","Predator","Terror","Footwork+1","Escape Plan","Night Terror+1","Acrobatics","Secret Technique","Footwork+1","Catalyst+1","Prepared+1","Calculated Gamble+1","Backflip+1","Backflip"],"relics":["Astrolabe","Bag of Preparation","Lantern","Akabeko","SlaversCollar","CaptainsWheel","Shuriken","Bottled Flame","Oddly Smooth Stone","Tiny Chest","Calipers","Philosopher\u0027s Stone","OrangePellets","HornCleat","Ninja Scroll","InkBottle","Letter Opener","Sundial"],"acts_visited":["Exordium","TheCity","TheBeyond","TheEnding"],"potions_floor_usage":[23,28,28,30,31,33,33,33,33,35,35,35,37,37,37,41,42,44,45,46,50,50,54,55,55,55,55,55,55,55],"damage_taken":[{"damage":0.0,"enemies":"Cultist","floor":1.0,"turns":4.0},{"damage":1.0,"enemies":"2 Louse","floor":2.0,"turns":3.0},{"damage":8.0,"enemies":"Small Slimes","floor":3.0,"turns":2.0},{"damage":0.0,"enemies":"2 Fungi Beasts","floor":5.0,"turns":4.0},{"damage":0.0,"enemies":"Blue Slaver","floor":7.0,"turns":3.0},{"damage":4.0,"enemies":"3 Sentries","floor":8.0,"turns":10.0},{"damage":0.0,"enemies":"Gremlin Nob","floor":10.0,"turns":3.0},{"damage":1.0,"enemies":"Lots of Slimes","floor":12.0,"turns":5.0},{"damage":0.0,"enemies":"Red Slaver","floor":14.0,"turns":2.0},{"damage":9.0,"enemies":"Slime Boss","floor":16.0,"turns":12.0},{"damage":2,"enemies":"Spheric Guardian","floor":18,"turns":4},{"damage":0,"enemies":"Chosen","floor":22,"turns":6},{"damage":0,"enemies":"Slavers","floor":23,"turns":6},{"damage":7,"enemies":"Book of Stabbing","floor":25,"turns":6},{"damage":1,"enemies":"Slavers","floor":28,"turns":7},{"damage":1,"enemies":"Centurion and Healer","floor":30,"turns":4},{"damage":2,"enemies":"3 Cultists","floor":31,"turns":5},{"damage":0,"enemies":"Collector","floor":33,"turns":8},{"damage":2,"enemies":"3 Shapes","floor":35,"turns":2},{"damage":1,"enemies":"3 Darklings","floor":37,"turns":5},{"damage":10,"enemies":"4 Shapes","floor":39,"turns":4},{"damage":3,"enemies":"Reptomancer","floor":41,"turns":7},{"damage":0,"enemies":"Writhing Mass","floor":42,"turns":4},{"damage":0,"enemies":"Transient","floor":44,"turns":5},{"damage":2,"enemies":"Giant Head","floor":45,"turns":8},{"damage":0,"enemies":"4 Shapes","floor":46,"turns":5},{"damage":0,"enemies":"Nemesis","floor":47,"turns":5},{"damage":2,"enemies":"Donu and Deca","floor":50,"turns":10},{"damage":0,"enemies":"Shield and Spear","floor":54,"turns":6},{"damage":21,"enemies":"The Heart","floor":55,"turns":4}],"seed_played":"8418310755836618930","potions_obtained":[{"floor":2.0,"key":"DuplicationPotion"},{"floor":8.0,"key":"GamblersBrew"},{"floor":10.0,"key":"Energy Potion"},{"floor":12.0,"key":"Swift Potion"},{"floor":23,"key":"SteroidPotion"},{"floor":25,"key":"CunningPotion"},{"floor":31,"key":"DuplicationPotion"},{"floor":39,"key":"Regen Potion"},{"floor":42,"key":"ColorlessPotion"},{"floor":47,"key":"PowerPotion"}],"is_trial":false,"path_per_floor":["M","M","M","?","M","R","M","E","T","E","R","M","R","M","R","B",null,"M","?","?","$","M","E","?","E","T","R","E","?","M","M","R","B",null,"M","?","M","$","M","R","E","M","T","M","E","M","E","T","R","B",null,"R","$","E","B",null],"character_chosen":"THE_SILENT","items_purchased":["CaptainsWheel","Leg Sweep","OrangePellets","Backflip","Ancient Potion"],"campfire_rested":0,"item_purchase_floors":[21,21,38,53,53],"current_hp_per_floor":[63,62,54,54,54,54,54,50,50,50,50,49,49,49,49,40,63,61,48,48,48,48,48,48,41,41,41,40,40,39,37,37,37,66,64,54,53,53,43,43,55,55,55,55,53,53,53,53,53,51,69,69,69,69,48],"gold":45,"neow_bonus":"BOSS_RELIC","is_daily":false,"chose_seed":false,"campfire_upgraded":8,"win_rate":0.0,"timestamp":1612565906,"path_taken":["M","M","M","?","M","R","M","E","T","E","R","M","R","M","R","BOSS","M","?","?","$","M","E","?","E","T","R","E","?","?","M","R","BOSS","M","?","M","$","M","R","E","M","T","M","E","M","E","?","R","BOSS","R","$","E","BOSS"],"items_purchased_type":["Relic","Card","Relic","Card","Potion"],"build_version":"2020-12-22","purchased_purges":2,"victory":true,"max_hp_per_floor":[70,70,70,70,70,70,70,70,70,70,70,70,70,70,70,70,70,70,75,75,75,75,75,75,75,75,75,75,75,75,75,75,75,75,75,75,75,75,75,75,75,75,75,75,75,75,75,75,75,75,75,75,75,75,75],"card_choices":[{"not_picked":["Underhanded Strike","Outmaneuver"],"picked":"Bane","floor":1.0},{"not_picked":["Blade Dance","Sucker Punch"],"picked":"Poisoned Stab","floor":2.0},{"not_picked":["Dagger Throw","Slice"],"picked":"Footwork","floor":3.0},{"not_picked":["Slice","Dagger Throw","Bane"],"picked":"SKIP","floor":5.0},{"not_picked":["Well Laid Plans","Dash"],"picked":"Wraith Form v2","floor":7.0},{"not_picked":["Choke","Poisoned Stab"],"picked":"Leg Sweep","floor":8.0},{"not_picked":["Poisoned Stab","Backstab"],"picked":"Well Laid Plans","floor":10.0},{"not_picked":["Dagger Spray","All Out Attack"],"picked":"Backflip","floor":12.0},{"not_picked":["Blade Dance","Finisher"],"picked":"Caltrops","floor":14.0},{"not_picked":["Envenom","Malaise"],"picked":"Die Die Die","floor":16.0},{"not_picked":["Dagger Spray","Quick Slash","Outmaneuver"],"picked":"SKIP","floor":18},{"not_picked":["Quick Slash","Slice"],"picked":"Poisoned Stab","floor":22},{"not_picked":["Distraction+1","Blade Dance+1"],"picked":"Predator","floor":23},{"not_picked":["Underhanded Strike","PiercingWail"],"picked":"Terror","floor":25},{"not_picked":["Malaise","Prepared"],"picked":"Footwork+1","floor":28},{"not_picked":["Prepared","Slice","Choke+1"],"picked":"SKIP","floor":30},{"not_picked":["Flechettes","PiercingWail"],"picked":"Escape Plan","floor":31},{"not_picked":["Wraith Form v2","Envenom"],"picked":"Night Terror","floor":33},{"not_picked":["Blade Dance+1","Choke+1"],"picked":"Acrobatics","floor":35},{"not_picked":["PanicButton","Jack Of All Trades"],"picked":"Secret Technique","floor":36},{"not_picked":["Good Instincts","Flash of Steel"],"picked":"The Bomb","floor":36},{"not_picked":["Choke","Reflex+1"],"picked":"Footwork+1","floor":37},{"not_picked":["Heel Hook+1","Dash"],"picked":"Catalyst","floor":39},{"not_picked":["Riddle With Holes+1","Finisher+1","Flying Knee"],"picked":"SKIP","floor":41},{"not_picked":["Dash+1","Dagger Spray+1","Riddle With Holes+1"],"picked":"SKIP","floor":42},{"not_picked":["Blade Dance+1","Deflect+1"],"picked":"Prepared+1","floor":44},{"not_picked":["Predator","Blur"],"picked":"Calculated Gamble+1","floor":45},{"not_picked":["Infinite Blades+1","Blur"],"picked":"Backflip+1","floor":46},{"not_picked":["Skewer+1","Predator","Eviscerate"],"picked":"SKIP","floor":47},{"not_picked":["Concentrate+1","Bane+1","Slice+1"],"picked":"SKIP","floor":54}],"player_experience":278986,"relics_obtained":[{"floor":8.0,"key":"Bag of Preparation"},{"floor":9.0,"key":"Lantern"},{"floor":10.0,"key":"Akabeko"},{"floor":23,"key":"Shuriken"},{"floor":25,"key":"Bottled Flame"},{"floor":26,"key":"Oddly Smooth Stone"},{"floor":28,"key":"Tiny Chest"},{"floor":41,"key":"HornCleat"},{"floor":45,"key":"Ninja Scroll"},{"floor":47,"key":"InkBottle"},{"floor":48,"key":"Letter Opener"},{"floor":54,"key":"Sundial"}],"event_choices":[{"cards_removed":["Strike_G"],"damage_healed":0.0,"max_hp_gain":0.0,"max_hp_loss":0.0,"gold_gain":0.0,"event_name":"The Cleric","player_choice":"Card Removal","floor":4.0,"gold_loss":50.0,"damage_taken":0.0},{"damage_healed":0,"gold_gain":0,"player_choice":"Shed Blood","damage_taken":18,"max_hp_gain":5,"max_hp_loss":0,"event_name":"Forgotten Altar","floor":19,"gold_loss":0},{"damage_healed":0,"gold_gain":99,"player_choice":"Stole From Cult","damage_taken":0,"max_hp_gain":0,"max_hp_loss":0,"event_name":"Nest","floor":20,"gold_loss":0},{"cards_removed":["Defend_G"],"damage_healed":0,"gold_gain":0,"player_choice":"Elegance","damage_taken":0,"max_hp_gain":0,"max_hp_loss":0,"event_name":"Back to Basics","floor":24,"gold_loss":0},{"damage_healed":0,"gold_gain":0,"player_choice":"Obtained Relic","damage_taken":0,"relics_obtained":["Calipers"],"max_hp_gain":0,"max_hp_loss":0,"event_name":"Addict","floor":29,"gold_loss":85},{"damage_healed":0,"gold_gain":0,"player_choice":"Memory 3","damage_taken":10,"max_hp_gain":0,"max_hp_loss":0,"event_name":"SensoryStone","floor":36,"gold_loss":0}],"is_beta":false,"boss_relics":[{"not_picked":["Pandora\u0027s Box","Fusion Hammer"],"picked":"SlaversCollar"},{"not_picked":["WristBlade","Busted Crown"],"picked":"Philosopher\u0027s Stone"}],"items_purged_floors":[21,53],"is_endless":false,"potions_floor_spawned":[2,3,8,10,12,23,25,31,39,42,47,54],"ascension_level":10}}