{"host":"7j2n82b2zha9fuyn","time":1612507161,"event":{"mods":["BaseMod","Block Reminder","Minty Spire (QoL Compilation)","StSLib"],"gold_per_floor":[115,190,200,215,226,226,240,240,266,282,298,298,329,340,340,412,412,385,7,19,19,29,29,59,59,110,140,65,82,82,130,130,130,130],"floor_reached":33,"language":"ENG","playtime":4871,"items_purged":[],"score":787,"play_id":"cdeee766-ee09-4914-8e81-a9171ab96ce1","local_time":"20210204233921","is_ascension_mode":true,"campfire_choices":[{"data":"Zap","floor":6,"key":"SMITH"},{"floor":15,"key":"REST"},{"floor":23,"key":"REST"},{"data":"Buffer","floor":25,"key":"SMITH"},{"floor":32,"key":"REST"}],"circlet_count":0,"master_deck":["AscendersBane","Strike_B","Strike_B","Defend_B","Defend_B","Defend_B","Zap+1","Dualcast","Ball Lightning","Gash","Rebound","Ball Lightning","Aggregate","Sweeping Beam","Buffer+1","Steam","Core Surge","CurseOfTheBell","Gash","Master of Strategy","Finesse","Beam Cell","Go for the Eyes+1","Self Repair","Ghostly","Ghostly","Ghostly"],"relics":["Cracked Core","Smiling Mask","Orichalcum","PreservedInsect","Calling Bell","Tiny Chest","Letter Opener","Thread and Needle","Oddly Smooth Stone","DataDisk","Singing Bowl","Bag of Marbles"],"acts_visited":["Exordium","TheCity"],"potions_floor_usage":[13,14,16,27],"damage_taken":[{"damage":1.0,"enemies":"Cultist","floor":1.0,"turns":4.0},{"damage":0.0,"enemies":"Small Slimes","floor":3.0,"turns":2.0},{"damage":0.0,"enemies":"2 Louse","floor":4.0,"turns":2.0},{"damage":9.0,"enemies":"2 Fungi Beasts","floor":5.0,"turns":3.0},{"damage":6,"enemies":"Looter","floor":7,"turns":2},{"damage":18,"enemies":"Exordium Wildlife","floor":10,"turns":4},{"damage":1,"enemies":"Exordium Thugs","floor":11,"turns":3},{"damage":10,"enemies":"Lagavulin","floor":13,"turns":7},{"damage":6,"enemies":"Large Slime","floor":14,"turns":4},{"damage":7,"enemies":"Slime Boss","floor":16,"turns":8},{"damage":27,"enemies":"2 Thieves","floor":18,"turns":4},{"damage":0,"enemies":"Spheric Guardian","floor":20,"turns":3},{"damage":12,"enemies":"Snecko","floor":22,"turns":6},{"damage":13,"enemies":"Gremlin Leader","floor":24,"turns":6},{"damage":0,"enemies":"Book of Stabbing","floor":27,"turns":4},{"damage":6,"enemies":"Snake Plant","floor":29,"turns":5},{"damage":41,"enemies":"Automaton","floor":33,"turns":6}],"seed_played":"989743762520279631","potions_obtained":[{"floor":5,"key":"Block Potion"},{"floor":10,"key":"EssenceOfDarkness"},{"floor":13,"key":"Ancient Potion"},{"floor":14,"key":"Ancient Potion"},{"floor":16,"key":"EssenceOfSteel"},{"floor":22,"key":"Regen Potion"}],"is_trial":false,"path_per_floor":["M","?","M","M","M","R","M","?","T","M","M","?","E","M","R","B",null,"M","$","M","$","M","R","E","R","T","E","?","M","?","T","R","B"],"character_chosen":"DEFECT","items_purchased":["Master of Strategy","Finesse","Beam Cell"],"campfire_rested":3,"item_purchase_floors":[19,19,19],"current_hp_per_floor":[63,52,52,52,43,43,37,37,37,19,18,18,8,2,23,16,57,30,30,30,30,18,39,26,26,26,28,28,22,22,22,32,0,0],"gold":130,"neow_bonus":"RANDOM_COMMON_RELIC","is_daily":false,"chose_seed":false,"campfire_upgraded":2,"win_rate":0.0,"timestamp":1612507161,"path_taken":["M","?","M","M","M","R","M","?","T","M","?","?","E","M","R","BOSS","M","$","M","?","M","R","E","R","T","E","?","M","?","?","R","BOSS"],"items_purchased_type":["Card","Card","Card"],"build_version":"2020-12-22","purchased_purges":0,"victory":false,"max_hp_per_floor":[71,71,71,71,71,71,71,71,71,71,71,71,71,71,71,71,71,71,71,71,71,71,71,71,71,71,73,73,73,36,36,36,36,36],"card_choices":[{"not_picked":["Coolheaded","Sunder"],"picked":"Ball Lightning","floor":1.0},{"not_picked":["Coolheaded","Turbo"],"picked":"Gash","floor":3.0},{"not_picked":["Barrage","Streamline"],"picked":"Rebound","floor":4.0},{"not_picked":["Turbo","FTL"],"picked":"Ball Lightning","floor":5},{"not_picked":["Machine Learning","Melter"],"picked":"Aggregate","floor":7},{"not_picked":["Redo","Rebound","Turbo"],"picked":"SKIP","floor":10},{"not_picked":["Capacitor","Conserve Battery"],"picked":"Sweeping Beam","floor":11},{"not_picked":["Recycle","Leap"],"picked":"Steam","floor":13},{"not_picked":["Leap","Barrage","Rebound"],"picked":"SKIP","floor":14},{"not_picked":["Meteor Strike","Amplify"],"picked":"Core Surge","floor":16},{"not_picked":["Undo","Cold Snap"],"picked":"Gash","floor":18},{"not_picked":["Rebound+1","Sweeping Beam","Redo"],"picked":"SKIP","floor":20},{"not_picked":["Creative AI","Hologram"],"picked":"Go for the Eyes+1","floor":22},{"not_picked":["Barrage","Streamline","Storm"],"picked":"SKIP","floor":24},{"not_picked":["Thunder Strike","White Noise","Meteor Strike"],"picked":"Singing Bowl","floor":27},{"not_picked":["Loop+1","Coolheaded+1"],"picked":"Self Repair","floor":29}],"player_experience":1991740,"relics_obtained":[{"floor":9,"key":"Orichalcum"},{"floor":13,"key":"PreservedInsect"},{"floor":17,"key":"Tiny Chest"},{"floor":17,"key":"Letter Opener"},{"floor":17,"key":"Thread and Needle"},{"floor":24,"key":"Oddly Smooth Stone"},{"floor":26,"key":"DataDisk"},{"floor":27,"key":"Singing Bowl"},{"floor":31,"key":"Bag of Marbles"}],"event_choices":[{"damage_healed":0.0,"max_hp_gain":0.0,"max_hp_loss":0.0,"gold_gain":75.0,"event_name":"World of Goop","player_choice":"Gather Gold","floor":2.0,"gold_loss":0.0,"damage_taken":11.0},{"cards_removed":["Strike_B"],"damage_healed":0,"gold_gain":0,"player_choice":"Offered Basic","damage_taken":0,"max_hp_gain":0,"max_hp_loss":0,"event_name":"Bonfire Elementals","floor":8,"gold_loss":0},{"damage_healed":0,"gold_gain":0,"cards_transformed":["Strike_B"],"player_choice":"Transformed","damage_taken":0,"max_hp_gain":0,"max_hp_loss":0,"event_name":"Transmorgrifier","floor":12,"gold_loss":0,"cards_obtained":["Buffer"]},{"cards_removed":["Defend_B"],"damage_healed":0,"gold_gain":0,"player_choice":"Gave Gold","damage_taken":0,"max_hp_gain":0,"max_hp_loss":0,"event_name":"Beggar","floor":28,"gold_loss":75},{"damage_healed":0,"gold_gain":0,"player_choice":"Became a Ghost","damage_taken":0,"max_hp_gain":0,"max_hp_loss":37,"event_name":"Ghosts","floor":30,"gold_loss":0,"cards_obtained":["Ghostly","Ghostly","Ghostly"]}],"is_beta":false,"boss_relics":[{"not_picked":["Inserter","Snecko Eye"],"picked":"Calling Bell"}],"items_purged_floors":[],"is_endless":false,"potions_floor_spawned":[5,10,13,14,16,18,22],"killed_by":"Automaton","ascension_level":18}}