{"host":"d8cz15m779bv9isj","time":1612545981,"event":{"mods":["Aspiration","BaseMod","Colored Map","Colored Powertips","DeckTracker","Highlight Path","Hubris","Infinite Spire","Minty Spire (QoL Compilation)","Quick Restart","Random Character Button","Relic Sorter","Replay The Spire","StSLib","SuperFastMode","Synergy Search","The Cursed","The Disciple","The Jungle","The Runesmith"],"gold_per_floor":[109,125,125,125,144,144,159,175,175,175,189,110,110,110,285,285,285,387,387,387],"floor_reached":19,"language":"ENG","playtime":568,"items_purged":[],"score":157,"play_id":"73693d9d-0542-4146-bcc9-abaf12a17a91","local_time":"20210205182621","is_ascension_mode":false,"campfire_choices":[{"data":"Runesmith:FieryHammer","floor":6,"key":"SMITH"},{"data":"Runesmith:FieryHammer+1","floor":10,"key":"SMITH"},{"data":"Runesmith:FieryHammer+2","floor":17,"key":"SMITH"}],"circlet_count":0,"master_deck":["Runesmith:Strike_RS","Runesmith:Strike_RS","Runesmith:Strike_RS","Runesmith:Defend_RS","Runesmith:Defend_RS","Runesmith:Defend_RS","Runesmith:Defend_RS","Runesmith:Fortify","Runesmith:FieryHammer+3","Runesmith:CraftIncendium","Spreading Infection","ReplayTheSpireMod:Armaments MK-II-B","Runesmith:UnstableHammer","Runesmith:HammerTime","Runesmith:MakeshiftArmor","Runesmith:HammerThrow","Runesmith:ChargedHammer","Doubt","Runesmith:Grindstone","Runesmith:UnlimitedPower"],"relics":["NeowsBlessing","Ring of Fury","Ring of Peace","m_RuneBlood","infinitespire:Golems Mask"],"acts_visited":["Exordium","TheCity"],"potions_floor_usage":[],"damage_taken":[{"damage":0,"enemies":"2 Louse","floor":1,"turns":1},{"damage":0,"enemies":"Small Slimes","floor":2,"turns":1},{"damage":0,"enemies":"Jaw Worm","floor":5,"turns":1},{"damage":9,"enemies":"Large Slime","floor":7,"turns":8},{"damage":2,"enemies":"2 Fungi Beasts","floor":8,"turns":5},{"damage":3,"enemies":"Lots of Slimes","floor":11,"turns":4},{"damage":35,"enemies":"The Guardian","floor":18,"turns":9}],"seed_played":"2736161236888574504","potions_obtained":[{"floor":1,"key":"Explosive Potion"},{"floor":5,"key":"LifebloodPotion"},{"floor":11,"key":"Strength Potion"}],"is_trial":false,"path_per_floor":["M","M","?","?","M","R","M","M","T","R","M","$","PTL","PTL","?","?","R","B",null],"character_chosen":"RUNESMITH_CLASS","items_purchased":["Runesmith:ChargedHammer"],"campfire_rested":0,"item_purchase_floors":[12],"current_hp_per_floor":[70,70,70,70,70,70,64,65,65,65,65,65,65,65,65,65,65,33,70,70],"gold":387,"neow_bonus":"THREE_ENEMY_KILL","is_daily":false,"chose_seed":false,"campfire_upgraded":3,"win_rate":0.0,"timestamp":1612545981,"path_taken":["M","M","?","?","M","R","M","?","T","R","M","$","PTL","PTL","?","?","R","BOSS"],"items_purchased_type":["Card"],"build_version":"2020-12-22","purchased_purges":0,"victory":false,"max_hp_per_floor":[70,70,70,70,70,70,70,70,70,70,70,70,70,70,70,70,70,70,70,70],"card_choices":[{"not_picked":["Runesmith:EnergizedChisel","Runesmith:Accelerate"],"picked":"Runesmith:FieryHammer","floor":1},{"not_picked":["Runesmith:Empowerment","Runesmith:CraftIncendium","Runesmith:Discharge"],"picked":"SKIP","floor":2},{"not_picked":["Runesmith:Empowerment","Runesmith:Discharge"],"picked":"Runesmith:CraftIncendium","floor":2},{"not_picked":["Runesmith:FieryHammer","Runesmith:HammerThrow"],"picked":"Runesmith:UnstableHammer","floor":5},{"not_picked":["Runesmith:CraftProtectio","Runesmith:CraftMagma"],"picked":"Runesmith:HammerTime","floor":7},{"not_picked":["Runesmith:Prism","Runesmith:EnergizedChisel"],"picked":"Runesmith:MakeshiftArmor","floor":8},{"not_picked":["Runesmith:ChiselStab","Armaments"],"picked":"Runesmith:HammerThrow","floor":11},{"not_picked":["Runesmith:CraftPrismatica","Runesmith:DuctTape"],"picked":"Runesmith:UnlimitedPower","floor":18}],"player_experience":229633,"relics_obtained":[{"floor":3,"key":"Ring of Fury"},{"floor":3,"key":"Ring of Peace"},{"floor":9,"key":"infinitespire:Golems Mask"}],"event_choices":[{"damage_healed":0,"gold_gain":175,"player_choice":"AGREE","damage_taken":0,"max_hp_gain":0,"max_hp_loss":0,"event_name":"Liars Game","floor":15,"gold_loss":0,"cards_obtained":["Doubt"]},{"damage_healed":0,"gold_gain":0,"cards_transformed":["Runesmith:Strike_RS"],"player_choice":"Transformed","damage_taken":0,"max_hp_gain":0,"max_hp_loss":0,"event_name":"Transmorgrifier","floor":16,"gold_loss":0,"cards_obtained":["Runesmith:Grindstone"]}],"is_beta":false,"boss_relics":[{"not_picked":[]}],"items_purged_floors":[],"is_endless":false,"potions_floor_spawned":[1,5,11,18],"ascension_level":0}}