{"host":"x7xd4wkamhrqrrvw","time":1612487758,"event":{"mods":["AchievementEnabler","BaseMod","Minty Spire (QoL Compilation)","StSLib"],"gold_per_floor":[112,123,134,147,172,172,197,197,222,222,242,271,287,287,287,362,362,372,387,36,86,97,132,47,79,103,131,142,158,158,185,185,259,259,271,271,271,325,32,60,60,86,111,128,28,28,55,65,65,65,65,65,13,45,45],"floor_reached":56,"language":"ENG","playtime":2800,"items_purged":["Strike_B","Defend_B"],"score":2109,"play_id":"33b680df-3991-4db0-acea-eb75a9fcfdae","local_time":"20210204231558","is_ascension_mode":true,"campfire_choices":[{"data":"Zap","floor":6,"key":"SMITH"},{"data":"Sunder","floor":8,"key":"SMITH"},{"data":"Dualcast","floor":10,"key":"SMITH"},{"data":"Ball Lightning","floor":15,"key":"SMITH"},{"floor":32,"key":"RECALL"},{"floor":41,"key":"REST"},{"floor":46,"key":"REST"},{"floor":49,"key":"REST"},{"floor":52,"key":"REST"}],"circlet_count":0,"master_deck":["AscendersBane","Defend_B","Zap+1","Dualcast+1","Skim","BootSequence","Sunder+1","Conserve Battery","Glacier","Biased Cognition","Self Repair+1","Loop+1","Electrodynamics+1","Loop+1","Static Discharge+1","Tempest+1","Capacitor+1","Impatience","Skim","Reinforced Body","Buffer+1"],"relics":["Cracked Core","Bronze Scales","Potion Belt","Blood Vial","Lizard Tail","Fusion Hammer","Frozen Egg 2","Mummified Hand","MealTicket","Vajra","Lantern","Matryoshka","Toy Ornithopter","Kunai","Bottled Tornado","Astrolabe","CaptainsWheel","Torii","Letter Opener","Orichalcum","Bag of Marbles","Happy Flower","HornCleat"],"acts_visited":["Exordium","TheCity","TheBeyond","TheEnding"],"potions_floor_usage":[7,7,12,13,16,23,23,25,33,33,38,44,50,55,55],"damage_taken":[{"damage":1,"enemies":"Cultist","floor":1,"turns":4},{"damage":4,"enemies":"Jaw Worm","floor":2,"turns":4},{"damage":0,"enemies":"2 Louse","floor":3,"turns":2},{"damage":6,"enemies":"Blue Slaver","floor":4,"turns":6},{"damage":5,"enemies":"Lagavulin","floor":7,"turns":6},{"damage":0,"enemies":"Exordium Wildlife","floor":11,"turns":2},{"damage":20,"enemies":"Gremlin Nob","floor":12,"turns":4},{"damage":6,"enemies":"Large Slime","floor":13,"turns":4},{"damage":2,"enemies":"Hexaghost","floor":16,"turns":8},{"damage":0,"enemies":"3 Byrds","floor":18,"turns":3},{"damage":12,"enemies":"Shell Parasite","floor":19,"turns":4},{"damage":0,"enemies":"Sentry and Sphere","floor":22,"turns":5},{"damage":15,"enemies":"Slavers","floor":23,"turns":6},{"damage":0,"enemies":"Book of Stabbing","floor":25,"turns":4},{"damage":21,"enemies":"Slavers","floor":27,"turns":4},{"damage":6,"enemies":"3 Cultists","floor":28,"turns":6},{"damage":0,"enemies":"Chosen and Byrds","floor":29,"turns":4},{"damage":6,"enemies":"Book of Stabbing","floor":31,"turns":4},{"damage":50,"enemies":"Collector","floor":33,"turns":13},{"damage":0,"enemies":"3 Shapes","floor":35,"turns":2},{"damage":8,"enemies":"2 Orb Walkers","floor":38,"turns":2},{"damage":8,"enemies":"Reptomancer","floor":40,"turns":4},{"damage":0,"enemies":"Nemesis","floor":42,"turns":5},{"damage":11,"enemies":"3 Darklings","floor":44,"turns":3},{"damage":30,"enemies":"Reptomancer","floor":47,"turns":4},{"damage":0,"enemies":"Spire Growth","floor":48,"turns":3},{"damage":7,"enemies":"Donu and Deca","floor":50,"turns":8},{"damage":50,"enemies":"Shield and Spear","floor":54,"turns":4},{"damage":72,"enemies":"The Heart","floor":55,"turns":6}],"seed_played":"-6083563023151287750","potions_obtained":[{"floor":2,"key":"PowerPotion"},{"floor":4,"key":"EntropicBrew"},{"floor":11,"key":"Block Potion"},{"floor":12,"key":"FearPotion"},{"floor":13,"key":"Fruit Juice"},{"floor":22,"key":"PotionOfCapacity"},{"floor":23,"key":"Dexterity Potion"},{"floor":28,"key":"Energy Potion"},{"floor":33,"key":"Dexterity Potion"},{"floor":35,"key":"SkillPotion"},{"floor":42,"key":"Dexterity Potion"},{"floor":44,"key":"Fruit Juice"}],"is_trial":false,"path_per_floor":["M","M","M","M","T","R","E","R","T","R","M","E","M","?","R","B",null,"M","M","$","?","M","E","?","E","T","E","M","M","T","E","R","B",null,"M","?","?","?","$","E","R","E","T","M","$","R","E","M","R","B",null,"R","$","E","B",null],"character_chosen":"DEFECT","items_purchased":["Frozen Egg 2","Self Repair+1","Torii","BlessingOfTheForge"],"campfire_rested":4,"item_purchase_floors":[20,20,39,53],"current_hp_per_floor":[63,59,59,53,53,53,48,48,48,48,50,32,33,33,33,33,60,62,52,52,52,64,61,61,69,69,58,64,69,69,69,69,34,60,62,57,57,66,69,69,69,69,69,74,74,74,54,66,74,74,74,74,74,34,23],"gold":45,"neow_bonus":"TRANSFORM_TWO_CARDS","is_daily":false,"chose_seed":false,"campfire_upgraded":4,"win_rate":0.0,"timestamp":1612487758,"path_taken":["M","?","M","M","?","R","E","R","T","R","?","E","M","?","R","BOSS","M","M","$","?","M","E","?","E","T","E","M","M","?","E","R","BOSS","M","?","?","?","$","E","R","E","T","M","?","R","E","M","R","BOSS","R","$","E","BOSS"],"items_purchased_type":["Relic","Card","Relic","Potion"],"build_version":"2020-12-22","purchased_purges":2,"victory":true,"max_hp_per_floor":[64,64,64,64,64,64,64,64,64,64,64,64,69,69,69,69,69,69,69,69,69,69,69,69,69,69,69,69,69,69,69,69,69,69,69,69,69,69,69,69,69,69,69,74,74,74,74,74,74,74,74,74,74,74,74],"card_choices":[{"not_picked":["Darkness","Barrage"],"picked":"Ball Lightning","floor":1},{"not_picked":["Beam Cell","Compile Driver"],"picked":"BootSequence","floor":2},{"not_picked":["Double Energy","Chill"],"picked":"Sunder","floor":3},{"not_picked":["Lockon","Sweeping Beam","Cold Snap"],"picked":"SKIP","floor":4},{"not_picked":["Reprogram","Sweeping Beam","Force Field"],"picked":"SKIP","floor":7},{"not_picked":["Leap","Cold Snap"],"picked":"Conserve Battery","floor":11},{"not_picked":["All For One","Barrage"],"picked":"Glacier","floor":12},{"not_picked":["Sunder","Stack","Turbo"],"picked":"SKIP","floor":13},{"not_picked":["Core Surge","All For One"],"picked":"Biased Cognition","floor":16},{"not_picked":["Ball Lightning","Barrage","Conserve Battery"],"picked":"SKIP","floor":18},{"not_picked":["Coolheaded","Hologram","Leap"],"picked":"SKIP","floor":19},{"not_picked":["Coolheaded","Hologram","Leap"],"picked":"SKIP","floor":19},{"not_picked":["Barrage","Cold Snap","Rebound+1"],"picked":"SKIP","floor":22},{"not_picked":["Streamline","Conserve Battery"],"picked":"Loop+1","floor":23},{"not_picked":["Steam Power","Genetic Algorithm","Rebound"],"picked":"SKIP","floor":25},{"not_picked":["Skim","Stack","Meteor Strike"],"picked":"SKIP","floor":27},{"not_picked":["Streamline","Rebound","Ball Lightning"],"picked":"SKIP","floor":28},{"not_picked":["Sweeping Beam","Cold Snap","Rebound"],"picked":"SKIP","floor":29},{"not_picked":["Consume","Barrage","Force Field"],"picked":"SKIP","floor":31},{"not_picked":["Meteor Strike","Biased Cognition+1"],"picked":"Electrodynamics+1","floor":33},{"not_picked":["Barrage","Conserve Battery"],"picked":"Capacitor+1","floor":35},{"not_picked":["Discovery","Forethought"],"picked":"Impatience","floor":36},{"not_picked":["Auto Shields","Steam Power"],"picked":"Skim","floor":38},{"not_picked":["Redo","Double Energy","Leap+1"],"picked":"SKIP","floor":40},{"not_picked":["Glacier","Tempest"],"picked":"Reinforced Body","floor":42},{"not_picked":["Cold Snap","Turbo+1","Streamline"],"picked":"SKIP","floor":44},{"not_picked":["Cold Snap","Leap"],"picked":"Buffer+1","floor":47},{"not_picked":["Hologram","Leap","Beam Cell"],"picked":"SKIP","floor":48},{"not_picked":["Chaos+1","Hello World+1","Genetic Algorithm"],"picked":"SKIP","floor":54}],"player_experience":423822,"relics_obtained":[{"floor":5,"key":"Bronze Scales"},{"floor":7,"key":"Potion Belt"},{"floor":9,"key":"Blood Vial"},{"floor":12,"key":"Lizard Tail"},{"floor":23,"key":"Mummified Hand"},{"floor":25,"key":"Vajra"},{"floor":26,"key":"Lantern"},{"floor":27,"key":"Matryoshka"},{"floor":30,"key":"Toy Ornithopter"},{"floor":30,"key":"Kunai"},{"floor":31,"key":"Bottled Tornado"},{"floor":38,"key":"CaptainsWheel"},{"floor":40,"key":"Letter Opener"},{"floor":42,"key":"Orichalcum"},{"floor":43,"key":"Bag of Marbles"},{"floor":47,"key":"Happy Flower"},{"floor":54,"key":"HornCleat"}],"event_choices":[{"cards_removed":["Strike_B"],"damage_healed":0,"gold_gain":0,"player_choice":"Forget","damage_taken":0,"max_hp_gain":0,"max_hp_loss":0,"event_name":"Living Wall","floor":14,"gold_loss":0},{"damage_healed":0,"gold_gain":50,"player_choice":"Stole From Cult","damage_taken":0,"max_hp_gain":0,"max_hp_loss":0,"event_name":"Nest","floor":21,"gold_loss":0},{"damage_healed":0,"gold_gain":0,"player_choice":"Obtained Relic","damage_taken":0,"relics_obtained":["MealTicket"],"max_hp_gain":0,"max_hp_loss":0,"event_name":"Addict","floor":24,"gold_loss":85},{"damage_healed":0,"gold_gain":0,"player_choice":"Memory 2","damage_taken":5,"max_hp_gain":0,"max_hp_loss":0,"event_name":"SensoryStone","floor":36,"gold_loss":0},{"cards_removed":["Ball Lightning"],"damage_healed":0,"gold_gain":0,"player_choice":"Removed Attack","damage_taken":0,"max_hp_gain":0,"max_hp_loss":0,"event_name":"Falling","floor":37,"gold_loss":0},{"damage_healed":0,"gold_gain":0,"player_choice":"Fight","damage_taken":0,"max_hp_gain":0,"max_hp_loss":0,"event_name":"Mysterious Sphere","floor":38,"gold_loss":0}],"is_beta":false,"boss_relics":[{"not_picked":["Empty Cage","SacredBark"],"picked":"Fusion Hammer"},{"not_picked":["FrozenCore","Cursed Key"],"picked":"Astrolabe"}],"items_purged_floors":[20,45],"is_endless":false,"potions_floor_spawned":[2,4,11,12,13,22,23,28,33,35,42,44],"ascension_level":15}}