{"host":"a5v7x5tmlr5iccdt","time":1612536397,"event":{"mods":["100% Spire Juice","Act Like it!","Aspiration","BaseMod","Colored Map","Colored Powertips","Conspire","Downfall","Energized Spire","Gensokyo","Hallownest","Highlight Path","Minty Spire (QoL Compilation)","Quick Restart","Remilia£®¿Ÿ√◊¿Ú—«£©","Replay The Spire","Robot Space Explorer","StSLib","The Bug Knight","The Poker Player","Youmu£®ªÍ∆«—˝√Œ£©"],"gold_per_floor":[99,117,117,42,42,73,99,99,99,123,134,134,154,54,71,71,167,167,178,178,192,442,442,442,442,467,487,504,531,531,548,548,548,558,558,558,558,558],"floor_reached":35,"language":"ZHS","playtime":1216,"items_purged":["PokerPlayerMod:Spade1","Pain"],"score":325,"play_id":"5deba096-cf03-4669-b7f7-1c9f3bd210a3","local_time":"20210205224637","is_ascension_mode":false,"metric_token":1366,"campfire_choices":[{"data":"PokerPlayerMod:PoorCopy","floor":8,"key":"SMITH"},{"data":"PokerPlayerMod:BadJoker","floor":11,"key":"SMITH"},{"data":"PokerPlayerMod:TrumpStrike","floor":15,"key":"SMITH"},{"data":"PokerPlayerMod:Promotion","floor":29,"key":"SMITH"},{"data":"PokerPlayerMod:HeartStrike","floor":31,"key":"SMITH"},{"data":"PokerPlayerMod:MagicTrick","floor":34,"key":"SMITH"}],"circlet_count":0,"master_deck":["PokerPlayerMod:Diamond1","PokerPlayerMod:Diamond2","PokerPlayerMod:Diamond3","PokerPlayerMod:Diamond4","PokerPlayerMod:Diamond5","PokerPlayerMod:Spade2","PokerPlayerMod:Spade3","PokerPlayerMod:Spade4","PokerPlayerMod:Club1","PokerPlayerMod:Club2","PokerPlayerMod:Heart2","PokerPlayerMod:TrumpStrike+1","PokerPlayerMod:BadJoker+1","PokerPlayerMod:Mulligan","PokerPlayerMod:Diamond4","PokerPlayerMod:PoorCopy+1","PokerPlayerMod:MagicTrick+1","PokerPlayerMod:Diamond8","PokerPlayerMod:Diamond6","PokerPlayerMod:Club5","PokerPlayerMod:Promotion+1","PokerPlayerMod:Fold","PokerPlayerMod:MagicTrick+1","PokerPlayerMod:Trickery","PokerPlayerMod:Sharpen+1","PokerPlayerMod:HeartStrike+1","PokerPlayerMod:Diamond8"],"relics":["PokerPlayerMod:DeckCase","NeowsBlessing","Gensokyo:LunaticRedEyes","Counterbalance","Replay:Bottled Steam","conspire:DeflatedDodgeball","Boot","conspire:SpecialSausage","White Beast Statue","Blue Doll","Replay:Mystery Machine"],"acts_visited":["Gensokyo:Gensokyo","Gensokyo:Gensokyoer"],"potions_floor_usage":[20,20,20,33,33,35],"damage_taken":[{"damage":0,"enemies":"Gensokyo:Python","floor":1,"turns":1},{"damage":1,"enemies":"conspire:MimicChest","floor":5,"turns":2},{"damage":0,"enemies":"Gensokyo:Cirno","floor":6,"turns":2},{"damage":1,"enemies":"Gensokyo:2_Kodama","floor":10,"turns":2},{"damage":0,"enemies":"Gensokyo:Gryphon","floor":12,"turns":2},{"damage":4,"enemies":"Gensokyo:Kitsune","floor":14,"turns":3},{"damage":26,"enemies":"Gensokyo:Kokoro","floor":16,"turns":7},{"damage":0,"enemies":"Gensokyo:CosmicMonolith","floor":18,"turns":2},{"damage":0,"enemies":"Gensokyo:3_Dogs","floor":20,"turns":3},{"damage":0,"enemies":"Gensokyo:Tenshi","floor":25,"turns":2},{"damage":5,"enemies":"Gensokyo:Slime_Group","floor":26,"turns":5},{"damage":0,"enemies":"Gensokyo:Swordslinger","floor":27,"turns":1},{"damage":10,"enemies":"Gensokyo:Monolith_and_Dog","floor":30,"turns":3},{"damage":24,"enemies":"Gensokyo:3_Gloops","floor":33,"turns":5},{"damage":45,"enemies":"Gensokyo:Eiki","floor":35,"turns":8}],"seed_played":"23892323840228040","potions_obtained":[{"floor":5,"key":"Adrenaline Potion"},{"floor":10,"key":"Energy Potion"},{"floor":16,"key":"Strength Potion"},{"floor":20,"key":"Fire Potion"},{"floor":25,"key":"Block Potion"},{"floor":26,"key":"Death Potion"},{"floor":27,"key":"GamblersBrew"},{"floor":30,"key":"Languid Potion"},{"floor":33,"key":"Regen Potion"}],"is_trial":false,"path_per_floor":["M","?","$","?","?","E","T","R","T","M","R","M","$","M","R","B",null,"M","?","M","?","?","PTL","PTL","E","M","M","T","R","M","R","?","M","R","B"],"character_chosen":"THE_POKER_PLAYER","items_purchased":[],"campfire_rested":0,"item_purchase_floors":[],"current_hp_per_floor":[52,52,52,52,52,52,52,52,52,52,51,51,52,52,48,48,25,52,52,48,48,46,46,46,46,46,45,45,45,45,35,35,35,18,18,0,0,0],"gold":558,"neow_bonus":"THREE_ENEMY_KILL","is_daily":false,"chose_seed":false,"campfire_upgraded":6,"win_rate":0.0,"timestamp":1612536397,"path_taken":["M","?","?","?","?","E","?","R","T","M","R","M","$","M","R","BOSS","M","?","M","?","?","PTL","PTL","E","M","M","T","R","?","R","?","M","R","BOSS"],"items_purchased_type":[],"build_version":"2020-12-22","purchased_purges":2,"victory":false,"max_hp_per_floor":[52,52,52,52,52,52,52,52,52,52,52,52,52,52,52,52,52,52,52,48,48,46,46,46,46,46,46,46,46,46,46,46,46,46,46,46,46,46],"card_choices":[{"not_picked":["PokerPlayerMod:Raise","PokerPlayerMod:Spade3"],"picked":"PokerPlayerMod:Diamond4","floor":1},{"not_picked":["PokerPlayerMod:Trickery","PokerPlayerMod:Fold"],"picked":"PokerPlayerMod:PoorCopy","floor":5},{"not_picked":["PokerPlayerMod:PoorCopy","PokerPlayerMod:Trickery"],"picked":"PokerPlayerMod:MagicTrick","floor":6},{"not_picked":["PokerPlayerMod:Raise","PokerPlayerMod:Spade7"],"picked":"PokerPlayerMod:Diamond8","floor":10},{"not_picked":["PokerPlayerMod:Club1","PokerPlayerMod:Spade4"],"picked":"PokerPlayerMod:Diamond6","floor":12},{"not_picked":["PokerPlayerMod:Diamond3","PokerPlayerMod:Heart2"],"picked":"PokerPlayerMod:Club5","floor":14},{"not_picked":["PokerPlayerMod:Duplicate","PokerPlayerMod:GamblerForm"],"picked":"PokerPlayerMod:Promotion","floor":16},{"not_picked":["PokerPlayerMod:Spade3","PokerPlayerMod:CardBurn+1"],"picked":"PokerPlayerMod:Fold","floor":18},{"not_picked":["PokerPlayerMod:Club2","PokerPlayerMod:Club1"],"picked":"PokerPlayerMod:MagicTrick+1","floor":20},{"not_picked":["PokerPlayerMod:HiddenCard","PokerPlayerMod:PoorCopy"],"picked":"PokerPlayerMod:Trickery","floor":25},{"not_picked":["PokerPlayerMod:Diamond3","PokerPlayerMod:Club4","PokerPlayerMod:Fold"],"picked":"SKIP","floor":26},{"not_picked":["PokerPlayerMod:Configure","PokerPlayerMod:Spade2"],"picked":"PokerPlayerMod:Sharpen+1","floor":27},{"not_picked":["PokerPlayerMod:CardBurn","PokerPlayerMod:Spade4"],"picked":"PokerPlayerMod:HeartStrike","floor":30},{"not_picked":["PokerPlayerMod:Extraction","PokerPlayerMod:Spade4"],"picked":"PokerPlayerMod:Diamond8","floor":33}],"player_experience":84960,"relics_obtained":[{"floor":5,"key":"Counterbalance"},{"floor":6,"key":"Replay:Bottled Steam"},{"floor":7,"key":"conspire:DeflatedDodgeball"},{"floor":9,"key":"Boot"},{"floor":25,"key":"Blue Doll"},{"floor":28,"key":"Replay:Mystery Machine"}],"event_choices":[{"damage_healed":0,"gold_gain":0,"player_choice":"Leave","damage_taken":0,"max_hp_gain":0,"max_hp_loss":0,"event_name":"conspire:Investor","floor":32,"gold_loss":0}],"is_beta":false,"boss_relics":[{"not_picked":["Tiny House","aspiration:FutureDiary"],"picked":"conspire:SpecialSausage"}],"items_purged_floors":[3,13],"is_endless":false,"potions_floor_spawned":[5,10,16,20,25,26,27,30,33],"killed_by":"Gensokyo:Eiki","ascension_level":0}}