{"host":"cmkyc3p4v2g7wnr3","time":1612512716,"event":{"mods":["AchievementEnabler","BaseMod","Better Match","Better Note","BetterRewards","Block Reminder","Colored Map","Colored Powertips","DeckTracker","Gold Saver","Hermit","Hubris","Infinite Spire","Jorbs\u0027s Wanderer Trilogy","Marked Mod","Minty Spire (QoL Compilation)","Potionbrewer","Prisma Mod","Quick Restart","Rare Cards Sparkle","Reliquary","Replay The Spire","Shop Mod","StSLib","Synergy Search","The Administrix","The Animator","The Bug Knight","The Construct","The Cursed","The Disciple","The Hierophant","The Marked","The Mystic","The Runesmith","The Servant 0.9.4","TheBandit"],"gold_per_floor":[20275,19755,19772,19772,19006,19031,19031,19059,19059,19072,19106,18399,18409,18374,18374,18479,18479,18496,18496,18496,18696,18716,18750,18750,18776,18803,17881,17899,17913,17926,17926,17926,18026,18026,18038,18057,18057,18057],"floor_reached":37,"language":"ENG","playtime":4208,"items_purged":["theMarked:Defend","theMarked:Defend"],"score":577,"play_id":"4671ad30-d2c6-46c9-8080-8985cbadfc0f","local_time":"20210205091156","is_ascension_mode":false,"campfire_choices":[{"data":"theMarked:AttractMetal","floor":7.0,"key":"SMITH"},{"data":"theMarked:MysticalArsenal","floor":15.0,"key":"SMITH"},{"floor":24.0,"key":"REST"},{"data":"theMarked:ComboAttacks","floor":32.0,"key":"SMITH"}],"circlet_count":0,"master_deck":["theMarked:Strike","theMarked:Strike","theMarked:Strike","theMarked:Strike","theMarked:Strike","theMarked:Defend","theMarked:Defend+1","theMarked:SoldierOfQuellstein+1","theMarked:RepellingDischarge","infinitespire:Starlight","theMarked:ContemptForTheProud","theMarked:Opportunist","theMarked:ChainLightning","theMarked:AttractMetal+1","theMarked:MysticalArsenal+1","theMarked:BanishingStrike","Pot Of Greed","Pot Of Greed","theMarked:RepellingDischarge","theMarked:Heritage","theMarked:GodGivenPower","theMarked:ThrowWeapon","theMarked:ComboAttacks+1","theMarked:Overcharge","Pot Of Greed","theMarked:Static+1","theMarked:Indomitable","theMarked:Generate","theMarked:Generate","theMarked:Opportunist","theMarked:WardOff+1","theMarked:WardOff","theMarked:Frustration+1","theMarked:BindingBlade","Pain","Shame","Delirium","Pot Of Greed","theMarked:OneWithTheBlade+1","theMarked:GodGivenPower+1"],"relics":["theMarked:ArtifactOfAir","NeowsBlessing","MerchantsRug","reliquary:SilkGlove","hubris:TinFlute","TheAbacus","War Paint","potionbrewer:MortarAndPestle","Oddly Smooth Stone","Grinning Jar","Replay:Accelerometer","potionbrewer:AlchemistFlask","hubris:TerracottaHorce","potionbrewer:ToyAutogyro","potionbrewer:BhaskarasWheel","Molten Egg 2","Lantern","Bird Faced Urn","Replay:Kaleidoscope","HandDrill","FaceOfCleric","Replay:Ancient Bell","Replay:Baseball","reliquary:JackalopeAntler","hubris:CuriousFeather"],"acts_visited":["Exordium","TheCity","TheBeyond"],"potions_floor_usage":[36,36],"damage_taken":[{"damage":0.0,"enemies":"2 Louse","floor":1.0,"turns":1.0},{"damage":0.0,"enemies":"Small Slimes","floor":3.0,"turns":1.0},{"damage":0.0,"enemies":"Gremlin Nob","floor":6.0,"turns":1.0},{"damage":8.0,"enemies":"Lagavulin","floor":8.0,"turns":5.0},{"damage":0.0,"enemies":"Jaw Worm","floor":10.0,"turns":2.0},{"damage":17.0,"enemies":"HollowMod:MossKnight","floor":11.0,"turns":6.0},{"damage":0.0,"enemies":"3 Louse","floor":13.0,"turns":2.0},{"damage":14.0,"enemies":"Fading Forest","floor":16.0,"turns":11.0},{"damage":18.0,"enemies":"2 Thieves","floor":18.0,"turns":3.0},{"damage":0.0,"enemies":"3 Byrds","floor":22.0,"turns":4.0},{"damage":17.0,"enemies":"Book of Stabbing","floor":23.0,"turns":5.0},{"damage":16.0,"enemies":"Slavers","floor":25.0,"turns":5.0},{"damage":38.0,"enemies":"Centurion and Healer","floor":28.0,"turns":5.0},{"damage":3.0,"enemies":"Snake Plant","floor":29.0,"turns":5.0},{"damage":4.0,"enemies":"Shelled Parasite and Fungi","floor":30.0,"turns":4.0},{"damage":29.0,"enemies":"Collector","floor":33.0,"turns":6.0},{"damage":65,"enemies":"3 Darklings","floor":35,"turns":6},{"damage":3,"enemies":"3 Shapes","floor":36,"turns":3},{"damage":35,"enemies":"2 Orb Walkers","floor":37,"turns":2}],"seed_played":"-7851213422204633089","potions_obtained":[{"floor":6.0,"key":"potionbrewer:ToxicPotion"},{"floor":8.0,"key":"construct:ShiftPotion"},{"floor":13.0,"key":"Strength Potion"},{"floor":16.0,"key":"potionbrewer:DiscountPotion"},{"floor":18.0,"key":"FearPotion"},{"floor":19.0,"key":"Adrenaline Potion"},{"floor":19.0,"key":"Explosive Potion"},{"floor":19.0,"key":"SkillPotion"},{"floor":25.0,"key":"potionbrewer:ToxicPotion"},{"floor":33.0,"key":"FearPotion"},{"floor":35,"key":"Explosive Potion"}],"is_trial":false,"path_per_floor":["M","?","M","?","$","E","R","E","T","M","E","$","M","?","R","B",null,"M","?","AVR","?","M","E","R","E","T","$","M","M","M","?","R","B",null,"M","M","?"],"character_chosen":"THE_DEFAULT","items_purchased":["MerchantsRug","reliquary:SilkGlove","hubris:TinFlute","TheAbacus","theMarked:Opportunist","theMarked:ChainLightning","Replay:Accelerometer","potionbrewer:AlchemistFlask","theMarked:Heritage","Bird Faced Urn","Replay:Kaleidoscope","HandDrill","theMarked:Generate","theMarked:Opportunist"],"campfire_rested":1,"item_purchase_floors":[5,5,5,5,5,5,12,12,12,27,27,27,27,27],"current_hp_per_floor":[70,70,70,70,70,70,70,70,70,70,53,53,53,70,70,63,68,50,60,60,60,70,53,70,64,64,64,38,57,61,61,61,45,65,23,27,0,0],"gold":18057,"neow_bonus":"THREE_ENEMY_KILL","is_daily":false,"chose_seed":false,"campfire_upgraded":3,"win_rate":0.0,"timestamp":1612512716,"path_taken":["M","?","M","?","$","E","R","E","T","M","E","$","M","?","R","BOSS","M","?","AVR","?","M","E","R","E","T","$","M","M","?","?","R","BOSS","M","M","?"],"items_purchased_type":["Relic","Relic","Relic","Relic","Card","Card","Relic","Relic","Card","Relic","Relic","Relic","Card","Card"],"build_version":"2020-12-22","purchased_purges":2,"victory":false,"max_hp_per_floor":[70,70,70,70,70,70,70,70,70,70,70,70,70,70,70,70,70,70,70,70,70,70,70,70,70,70,70,70,70,70,70,70,71,71,72,73,73,73],"card_choices":[{"not_picked":["theMarked:Seal","theMarked:TwofoldDefense"],"picked":"theMarked:RepellingDischarge","floor":1.0},{"not_picked":["infinitespire:Gouge","infinitespire:Collect"],"picked":"infinitespire:Starlight","floor":2.0},{"not_picked":["theMarked:Indomitable","theMarked:Memento"],"picked":"theMarked:ContemptForTheProud","floor":3.0},{"not_picked":["theMarked:FavorableWinds","theMarked:Improvise"],"picked":"theMarked:AttractMetal","floor":6.0},{"not_picked":["theMarked:HeightenedSenses","theMarked:BanishingStrike"],"picked":"theMarked:MysticalArsenal","floor":8.0},{"not_picked":["theMarked:HeightenedSenses","theMarked:Convert"],"picked":"theMarked:BanishingStrike","floor":10.0},{"not_picked":["theMarked:Improvise","theMarked:Memento"],"picked":"theMarked:RepellingDischarge","floor":11.0},{"not_picked":["theMarked:TunnelVision","theMarked:ResourceFulStrike"],"picked":"theMarked:GodGivenPower","floor":13.0},{"not_picked":["theMarked:Levitate","theMarked:SuspiciousRaven"],"picked":"theMarked:ThrowWeapon","floor":16.0},{"not_picked":["theMarked:StartUp","theMarked:BanishingStrike"],"picked":"theMarked:ComboAttacks","floor":18.0},{"not_picked":["theMarked:ResourceFulStrike+1","theMarked:RepellingDischarge"],"picked":"theMarked:Overcharge","floor":22.0},{"not_picked":["theMarked:TurnInvisible","theMarked:Standoff+1"],"picked":"theMarked:Static+1","floor":23.0},{"not_picked":["theMarked:Standoff","theMarked:PowerFlow+1"],"picked":"theMarked:Indomitable","floor":25.0},{"not_picked":["theMarked:Memento+1","theMarked:BanishingStrike+1"],"picked":"theMarked:WardOff+1","floor":28.0},{"not_picked":["theMarked:TwofoldDefense","theMarked:Static+1"],"picked":"theMarked:WardOff","floor":29.0},{"not_picked":["theMarked:TakeCover","theMarked:Improvise"],"picked":"theMarked:Frustration+1","floor":30.0},{"not_picked":["theMarked:TakeOffHeels","theMarked:MagusForm"],"picked":"theMarked:BindingBlade","floor":33.0},{"not_picked":["stsjorbsmod:Amnesia","stsjorbsmod:Withering"],"picked":"Pain","floor":34.0},{"not_picked":["stsjorbsmod:Withering","Parasite"],"picked":"Shame","floor":34.0},{"not_picked":["Decay","Normality"],"picked":"Delirium","floor":34.0},{"not_picked":["theMarked:SwordAndMagic+1","theMarked:ElectricStrings+1"],"picked":"theMarked:OneWithTheBlade+1","floor":35},{"not_picked":["theMarked:TakeOffHeels","theMarked:SwordAndMagic+1"],"picked":"theMarked:GodGivenPower+1","floor":36}],"player_experience":342316,"relics_obtained":[{"floor":6.0,"key":"War Paint"},{"floor":8.0,"key":"potionbrewer:MortarAndPestle"},{"floor":9.0,"key":"Oddly Smooth Stone"},{"floor":11.0,"key":"Grinning Jar"},{"floor":23.0,"key":"Molten Egg 2"},{"floor":25.0,"key":"Lantern"},{"floor":26.0,"key":"MawBank"}],"event_choices":[{"damage_healed":17.0,"max_hp_gain":0.0,"max_hp_loss":0.0,"gold_gain":0.0,"event_name":"The Cleric","player_choice":"Healed","floor":14.0,"gold_loss":35.0,"damage_taken":0.0},{"damage_healed":0.0,"max_hp_gain":0.0,"max_hp_loss":0.0,"gold_gain":0.0,"event_name":"Lab","player_choice":"Got Potions","floor":19.0,"gold_loss":0.0,"damage_taken":0.0},{"damage_healed":0.0,"max_hp_gain":0.0,"max_hp_loss":0.0,"gold_gain":200.0,"event_name":"Wheel of Change","player_choice":"Gold","floor":21.0,"gold_loss":0.0,"damage_taken":0.0},{"damage_healed":0.0,"max_hp_gain":0.0,"max_hp_loss":0.0,"gold_gain":0.0,"event_name":"FaceTrader","player_choice":"Trade","floor":31.0,"gold_loss":0.0,"damage_taken":0.0,"relics_obtained":["FaceOfCleric"]},{"damage_healed":0,"gold_gain":0,"player_choice":"Fight","damage_taken":0,"max_hp_gain":0,"max_hp_loss":0,"event_name":"Mysterious Sphere","floor":37,"gold_loss":0}],"is_beta":false,"boss_relics":[{"not_picked":["hubris:BlackHole","hubris:ScarierMask"],"picked":"hubris:TerracottaHorce"},{"not_picked":["reliquary:KinkedSpring","reliquary:RedCape"],"picked":"Replay:Ancient Bell"},{"not_picked":["reliquary:RosewoodLute","Replay:Wax Seal"],"picked":"Replay:Baseball"},{"not_picked":["Question Card","Meat on the Bone"],"picked":"reliquary:JackalopeAntler"},{"not_picked":["Replay:Towering Pillar of Hats","hubris:Spice"],"picked":"hubris:CuriousFeather"}],"items_purged_floors":[12,27],"is_endless":false,"potions_floor_spawned":[6,8,13,16,18,25,33,35],"killed_by":"2 Orb Walkers","ascension_level":0}}