{"host":"3jjxuhjpio8e4zkv","time":1612551646,"event":{"mods":["BaseMod","Colored Map","Highlight Path","Minty Spire (QoL Compilation)","Permanent Neow","Relic Stats","StSLib"],"gold_per_floor":[119,133,208,227,240,240,266,286,286,298,333,345,345,345],"floor_reached":13,"language":"ENG","playtime":496,"items_purged":[],"score":198,"play_id":"0b6ab5a1-bca1-42d7-8b6a-85d4e92f2161","local_time":"20210205140046","is_ascension_mode":true,"campfire_choices":[{"floor":6,"key":"REST"}],"circlet_count":0,"master_deck":["AscendersBane","Strike_G","Strike_G+1","Strike_G","Strike_G","Strike_G","Defend_G","Defend_G","Defend_G","Defend_G","Defend_G","Survivor","Neutralize","Slice","Flying Knee","Dagger Throw","Poisoned Stab","Corpse Explosion","Dagger Spray+1","PiercingWail","Leg Sweep","Noxious Fumes"],"relics":["Ring of the Snake","Regal Pillow","Bag of Preparation","Strawberry","Whetstone"],"acts_visited":["Exordium"],"potions_floor_usage":[7,11,11,13],"damage_taken":[{"damage":10,"enemies":"Small Slimes","floor":1,"turns":7},{"damage":8,"enemies":"Jaw Worm","floor":2,"turns":5},{"damage":0,"enemies":"2 Louse","floor":4,"turns":3},{"damage":13,"enemies":"Lots of Slimes","floor":5,"turns":6},{"damage":6,"enemies":"Gremlin Nob","floor":7,"turns":3},{"damage":16,"enemies":"Large Slime","floor":8,"turns":6},{"damage":4,"enemies":"Blue Slaver","floor":10,"turns":3},{"damage":15,"enemies":"3 Sentries","floor":11,"turns":3},{"damage":2,"enemies":"Exordium Wildlife","floor":12,"turns":5},{"damage":30,"enemies":"Gremlin Nob","floor":13,"turns":3}],"seed_played":"5896546581825200864","potions_obtained":[{"floor":4,"key":"Poison Potion"},{"floor":7,"key":"Block Potion"},{"floor":10,"key":"Poison Potion"},{"floor":12,"key":"DistilledChaos"}],"is_trial":false,"path_per_floor":["M","M","?","M","M","R","E","M","T","M","E","M","E"],"character_chosen":"THE_SILENT","items_purchased":[],"campfire_rested":1,"item_purchase_floors":[],"current_hp_per_floor":[49,41,30,30,17,51,45,29,36,32,17,15,0,0],"gold":345,"neow_bonus":"RANDOM_COMMON_RELIC","is_daily":false,"chose_seed":false,"campfire_upgraded":0,"win_rate":0.0,"timestamp":1612551646,"path_taken":["M","M","?","M","M","R","E","M","T","M","E","M","E"],"items_purchased_type":[],"build_version":"2020-12-22","purchased_purges":0,"victory":false,"max_hp_per_floor":[66,66,66,66,66,66,66,66,73,73,73,73,73,73],"relic_stats":{"Regal Pillow":15,"counters":[10,44],"Bag of Preparation":[10],"Whetstone":["Strike_G","Dagger Spray"],"obtain_stats":[{"Regal Pillow":0,"Strawberry":9,"Bag of Preparation":7,"Whetstone":11,"Ring of the Snake":0},{"Regal Pillow":0,"Strawberry":6,"Bag of Preparation":5,"Whetstone":8,"Ring of the Snake":0},{"Regal Pillow":0,"Strawberry":30,"Bag of Preparation":24,"Whetstone":36,"Ring of the Snake":0}],"Ring of the Snake":[20]},"card_choices":[{"not_picked":["Concentrate","Prepared"],"picked":"Slice","floor":1},{"not_picked":["Catalyst","Noxious Fumes"],"picked":"Flying Knee","floor":2},{"not_picked":["Underhanded Strike","Dodge and Roll"],"picked":"Dagger Throw","floor":4},{"not_picked":["Backflip","Calculated Gamble"],"picked":"Poisoned Stab","floor":5},{"not_picked":["Dodge and Roll","Leg Sweep"],"picked":"Corpse Explosion","floor":7},{"not_picked":["Prepared","PiercingWail"],"picked":"Dagger Spray","floor":8},{"not_picked":["Quick Slash","Acrobatics"],"picked":"PiercingWail","floor":10},{"not_picked":["Predator","Backflip"],"picked":"Leg Sweep","floor":11},{"not_picked":["Deflect","Bane"],"picked":"Noxious Fumes","floor":12}],"player_experience":1254609,"relics_obtained":[{"floor":7,"key":"Bag of Preparation"},{"floor":9,"key":"Strawberry"},{"floor":11,"key":"Whetstone"}],"event_choices":[{"damage_healed":0,"gold_gain":75,"player_choice":"Gather Gold","damage_taken":11,"max_hp_gain":0,"max_hp_loss":0,"event_name":"World of Goop","floor":3,"gold_loss":0}],"is_beta":false,"boss_relics":[],"items_purged_floors":[],"is_endless":false,"potions_floor_spawned":[4,7,10,12],"killed_by":"Gremlin Nob","ascension_level":20}}