{"host":"2mxajwyidsax8sss","time":1612566210,"event":{"mods":["100% Spire Juice","2.2 Compatiblity","Act Like it!","Arknights","Aspiration","Bartender","BaseMod","Better Match","Better Note","Better Sensory Stone","Better Vampires","BetterRewards","Block Reminder","CapriCore","ChefMod","Chen","Colored Powertips","Conspire","Decade(???)","Defuse TimeMaze Blight","Downfall","Energized Spire","Friendly Minions","Gensokyo","Googly Eyes","GungeonMod","Hallownest","Hermit","HololiveMod","Hubris","Humility","Jorbs\u0027s Wanderer Trilogy","Koishi","Luminous","Marked Mod","Minty Spire (QoL Compilation)","Nova Terra(??·??)","Pale of the Ancients","Permanent Neow","Prisma Mod","Quick Restart","Random Character Button","Reimu??????","Relic Filter","Relic Stats","Reliquary","Remilia??????","Replay The Spire","SIMod","SOS???????","StSLib","The Animator","The Bug Knight","The Death Knight","The Dragon Tamer","The Immortal","The Kombatant","Wandering Minibosses"],"gold_per_floor":[113,113,38,86,86,115,131,141,141,141,173,49,66,91,91,189,189,209,84,104,104,314,314,314,314,314,324,35,69,6,22,22,120,120,135,135,95,111,127,160,160,460,460,480,480,497,497,497,497,497,502,526,526,526,526,550,550,550,550,550],"floor_reached":61,"language":"ENG","playtime":7517,"items_purged":["HollowMod:QuickDashStart","HollowMod:NewLittleFool","HollowMod:VengefulSpirit"],"score":1412,"play_id":"a7e77f99-0794-4d5a-abb1-7ea0ec959bf1","local_time":"20210206000330","is_ascension_mode":false,"campfire_choices":[{"data":"HollowMod:SlysStrikes","floor":15,"key":"SMITH"},{"data":"HollowMod:GoodIntentions","floor":23,"key":"SMITH"},{"data":"HollowMod:SoulEater","floor":25,"key":"SMITH"},{"data":"hubris:EnhanceAbility","floor":32,"key":"SMITH"},{"data":"HollowMod:SoulVessel","floor":41,"key":"SMITH"},{"floor":45,"key":"RECALL"},{"floor":49,"key":"DIG"},{"data":"Endless Agony","floor":55,"key":"SMITH"},{"data":"Riddle With Holes","floor":57,"key":"SMITH"}],"circlet_count":0,"master_deck":["HollowMod:NailStrikeStart","HollowMod:QuickDashStart","HollowMod:QuickDashStart","HollowMod:QuickDashStart","HollowMod:FocusHealStart+1","HollowMod:PogoStrike","HollowMod:SoulEater+1","Riddle With Holes+1","Heel Hook","Endless Agony+1","HollowMod:BaldurShell","HollowMod:SlysStrikes+1","HollowMod:HeavyBlow","HollowMod:PureVessel+1","HollowMod:CloakDash","hubris:EnhanceAbility+1","HollowMod:GoodIntentions+1","HollowMod:CycloneSlash+1","Metamorphosis","HollowMod:CloakDash","HollowMod:CloakDash","HollowMod:SoulVessel+1","hubris:Greed","HollowMod:Grubsong+1","Blind","Hallucinations","HollowMod:Grubsong+1"],"relics":["HollowMod:VesselMask","m_BurningSludge","HollowMod:PaleOreRelic","aspiration:Lifesprig","hubris:EvacipatedBox","Membership Card","ClockworkSouvenir","PreservedInsect","reliquary:Stiletto","hubris:CrystalStatue","energizedSpire:NeverEndingSparkler","Red Mask","aspiration:HatOfInfinitePower","DeathKnight:SindragosasSkull","Toolbox","aspiration:HummingbirdHeart","wanderingMiniBosses:AbyssPearl","energizedSpire:MagnifyingGlass","AntiCross","hubris:NiceRug","Frozen Egg 2","Oddly Smooth Stone","reliquary:Bookmark","ReplayTheSpireMod:Ring of Addiction","Potion Belt","Toy Ornithopter","Calipers","paleoftheancients:Timepiece","paleoftheancients:KeyRelic","Mercury Hourglass","CultistMask","paleoftheancients:SoulOfTheWokeBloke","Kunai","PureWhite:ReiMu"],"acts_visited":["Hallownest:Greenpath","Hallownest:CityofTears","Hallownest:KingdomsEdge","paleoftheancients:PaleOfTheAncients"],"potions_floor_usage":[11,31,38,39,39,50,51,51,51,51,60],"damage_taken":[{"damage":1,"enemies":"Hallownest:2_MossCreeps","floor":1,"turns":5},{"damage":42,"enemies":"Hallownest:eliteCrystalGuardian","floor":6,"turns":8},{"damage":3,"enemies":"Hallownest:monsterHuskWarrior","floor":7,"turns":3},{"damage":0,"enemies":"2_ Uuma","floor":8,"turns":5},{"damage":0,"enemies":"Hallownest:eliteVengeflyKing","floor":11,"turns":5},{"damage":23,"enemies":"Hallownest:Guard_and_Warrior","floor":13,"turns":8},{"damage":7,"enemies":"Hallownest:eliteMossKnight","floor":14,"turns":5},{"damage":8,"enemies":"Hallownest:BossBrokenVessel","floor":16,"turns":6},{"damage":20,"enemies":"Hallownest:Flukemon_and_Top","floor":18,"turns":5},{"damage":3,"enemies":"Hallownest:3_Youths","floor":20,"turns":6},{"damage":2,"enemies":"Hallownest:2_Husk_Sentries","floor":27,"turns":5},{"damage":4,"enemies":"Hallownest:eliteSoulWarrior","floor":29,"turns":5},{"damage":15,"enemies":"Hallownest:Master_and_Novice","floor":31,"turns":6},{"damage":8,"enemies":"Hallownest:BossSoulMaster","floor":33,"turns":7},{"damage":0,"enemies":"Hallownest:3_Siblings","floor":35,"turns":7},{"damage":0,"enemies":"hubris:Merchant","floor":37,"turns":1},{"damage":9,"enemies":"Hallownest:2_Littles","floor":38,"turns":5},{"damage":1,"enemies":"Hallownest:Xero_Hu_Marmu","floor":39,"turns":5},{"damage":0,"enemies":"Hallownest:eliteCollector","floor":40,"turns":5},{"damage":0,"enemies":"hubris:Merchant","floor":42,"turns":5},{"damage":0,"enemies":"Hallownest:Slobbering_and_Violent","floor":44,"turns":5},{"damage":0,"enemies":"Hallownest:monsterPrimalAspid","floor":46,"turns":4},{"damage":12,"enemies":"Hallownest:BossGreyPrinceZote","floor":50,"turns":7},{"damage":0,"enemies":"Hallownest:BossGreyPrinceZote","floor":51,"turns":6},{"damage":11,"enemies":"Hallownest:BossGreyPrinceZote","floor":52,"turns":4},{"damage":0,"enemies":"Hallownest:BossGreyPrinceZote","floor":56,"turns":5},{"damage":23,"enemies":"paleoftheancients:N","floor":60,"turns":8}],"seed_played":"6954941285870791002","potions_obtained":[{"floor":6,"key":"sneckomod:MuddlingPotion"},{"floor":13,"key":"Swift Potion"},{"floor":20,"key":"Strength Potion"},{"floor":31,"key":"sneckomod:MuddlingPotion"},{"floor":33,"key":"Reflective Coating"},{"floor":38,"key":"DemoMod:LeadSkinPotion"},{"floor":42,"key":"PowerPotion"},{"floor":42,"key":"Block Potion"},{"floor":42,"key":"Fire Potion"},{"floor":44,"key":"Flashbang"},{"floor":48,"key":"hexamod:SoulburnPotion"},{"floor":48,"key":"AttackPotion"},{"floor":51,"key":"DemoMod:LeadSkinPotion"}],"is_trial":false,"path_per_floor":["M","?","$","?","?","E","M","M","T","$","E","$","M","E","R","B",null,"M","$","M","?","?","R","?","R","T","M","$","E","$","M","R","B",null,"M","?","$","M","M","E","R","$","T","M","R","M","?","?","R","B","M","M","?","T","R","M","R","T","?","B",null],"character_chosen":"THE_BUGKNIGHT","items_purchased":["hubris:EvacipatedBox","Membership Card","ClockworkSouvenir","reliquary:Stiletto","HollowMod:CloakDash","hubris:EnhanceAbility","DeathKnight:SindragosasSkull","Toolbox","Metamorphosis","HollowMod:SoulVessel"],"campfire_rested":0,"item_purchase_floors":[10,10,10,12,19,19,28,28,28,37],"current_hp_per_floor":[75,75,75,75,75,45,48,60,60,21,33,33,22,27,27,29,75,61,61,64,64,64,64,64,64,64,68,68,70,70,65,65,63,75,75,75,75,66,71,71,71,75,75,75,75,75,75,75,75,75,75,70,70,70,70,73,73,71,71,60],"gold":550,"neow_bonus":"NOSTALGIA","is_daily":false,"chose_seed":false,"campfire_upgraded":7,"win_rate":0.0,"timestamp":1612566210,"path_taken":["M","?","$","?","?","E","?","M","T","?","E","$","M","E","R","BOSS","M","$","M","?","?","R","?","R","T","M","$","E","?","M","R","BOSS","M","?","$","M","?","E","R","?","T","M","R","?","?","?","R","BOSS","M","M","?","T","R","M","R","T","?","BOSS"],"items_purchased_type":["Relic","Relic","Relic","Relic","Card","Card","Relic","Relic","Card","Card"],"build_version":"2020-12-22","purchased_purges":3,"victory":true,"max_hp_per_floor":[75,75,75,75,75,75,75,75,75,75,75,75,75,75,75,75,75,75,75,75,75,75,75,75,75,75,75,75,75,75,75,75,75,75,75,75,75,75,75,75,75,75,75,75,75,75,75,75,75,75,75,75,75,75,73,73,73,71,71,71],"relic_stats":{"counters":[27,145],"PreservedInsect":134,"Kunai":[4],"obtain_stats":[{"aspiration:Lifesprig":9,"hubris:CrystalStatue":14,"Calipers":49,"HollowMod:VesselMask":0,"DemoMod:GlassGuonStoneRelic":7,"wanderingMiniBosses:AbyssPearl":31,"hubris:EvacipatedBox":10,"ClockworkSouvenir":10,"Toolbox":28,"AntiCross":40,"Red Mask":21,"HollowMod:PaleOreRelic":6,"Kunai":54,"Potion Belt":48,"paleoftheancients:KeyRelic":50,"aspiration:Nostalgia":0,"ReplayTheSpireMod:Ring of Addiction":48,"Oddly Smooth Stone":42,"PreservedInsect":11,"aspiration:HummingbirdHeart":29,"Frozen Egg 2":42,"Mercury Hourglass":50,"reliquary:Bookmark":42,"paleoftheancients:Timepiece":50,"PureWhite:ReiMu":58,"energizedSpire:NeverEndingSparkler":17,"paleoftheancients:SoulOfTheWokeBloke":51,"reliquary:Stiletto":12,"CultistMask":50,"energizedSpire:MagnifyingGlass":34,"Membership Card":10,"aspiration:HatOfInfinitePower":26,"Toy Ornithopter":48,"m_BurningSludge":0,"DeathKnight:SindragosasSkull":28,"hubris:NiceRug":42},{"aspiration:Lifesprig":4,"hubris:CrystalStatue":7,"Calipers":22,"HollowMod:VesselMask":0,"DemoMod:GlassGuonStoneRelic":3,"wanderingMiniBosses:AbyssPearl":13,"hubris:EvacipatedBox":4,"ClockworkSouvenir":4,"Toolbox":11,"AntiCross":19,"Red Mask":10,"HollowMod:PaleOreRelic":2,"Kunai":25,"Potion Belt":22,"paleoftheancients:KeyRelic":23,"aspiration:Nostalgia":0,"ReplayTheSpireMod:Ring of Addiction":22,"Oddly Smooth Stone":20,"PreservedInsect":5,"aspiration:HummingbirdHeart":12,"Frozen Egg 2":20,"Mercury Hourglass":23,"reliquary:Bookmark":20,"paleoftheancients:Timepiece":23,"PureWhite:ReiMu":26,"energizedSpire:NeverEndingSparkler":8,"paleoftheancients:SoulOfTheWokeBloke":24,"reliquary:Stiletto":5,"CultistMask":23,"energizedSpire:MagnifyingGlass":14,"Membership Card":4,"aspiration:HatOfInfinitePower":10,"Toy Ornithopter":22,"m_BurningSludge":0,"DeathKnight:SindragosasSkull":11,"hubris:NiceRug":20},{"aspiration:Lifesprig":21,"hubris:CrystalStatue":39,"Calipers":116,"HollowMod:VesselMask":0,"DemoMod:GlassGuonStoneRelic":16,"wanderingMiniBosses:AbyssPearl":72,"hubris:EvacipatedBox":21,"ClockworkSouvenir":21,"Toolbox":61,"AntiCross":102,"Red Mask":56,"HollowMod:PaleOreRelic":13,"Kunai":133,"Potion Belt":116,"paleoftheancients:KeyRelic":123,"aspiration:Nostalgia":0,"ReplayTheSpireMod:Ring of Addiction":116,"Oddly Smooth Stone":107,"PreservedInsect":26,"aspiration:HummingbirdHeart":66,"Frozen Egg 2":107,"Mercury Hourglass":123,"reliquary:Bookmark":107,"paleoftheancients:Timepiece":123,"PureWhite:ReiMu":137,"energizedSpire:NeverEndingSparkler":45,"paleoftheancients:SoulOfTheWokeBloke":129,"reliquary:Stiletto":26,"CultistMask":123,"energizedSpire:MagnifyingGlass":79,"Membership Card":21,"aspiration:HatOfInfinitePower":56,"Toy Ornithopter":116,"m_BurningSludge":0,"DeathKnight:SindragosasSkull":61,"hubris:NiceRug":107}],"Toy Ornithopter":0,"Mercury Hourglass":[102]},"card_choices":[{"not_picked":["HollowMod:InfectedCysts","HollowMod:ChannelNail"],"picked":"HollowMod:SoulEater","floor":1},{"not_picked":["HollowMod:MonarchWings","Slimebound:ViciousTackle"],"picked":"HollowMod:VengefulSpirit","floor":6},{"not_picked":["Slimebound:ViciousTackle","HollowMod:QuirrelsAssistance"],"picked":"HollowMod:BaldurShell","floor":7},{"not_picked":["HollowMod:NewJinnsSoul","HollowMod:GrimmsGift"],"picked":"HollowMod:NewLittleFool","floor":8},{"not_picked":["HollowMod:SiblingsShadow","HollowMod:PerfectDash"],"picked":"HollowMod:SlysStrikes","floor":11},{"not_picked":["Slimebound:FinishingTackle","HollowMod:SharpenedNail","HollowMod:InfectedAttack"],"picked":"SKIP","floor":13},{"not_picked":["HollowMod:MawleksShell","HollowMod:SharpenedShadows"],"picked":"HollowMod:HeavyBlow","floor":14},{"not_picked":["HollowMod:HornetsHelp","Reaper"],"picked":"HollowMod:PureVessel","floor":16},{"not_picked":["HollowMod:VengefulVoid","HollowMod:SiblingsSouls","HollowMod:LifebloodCocoon"],"picked":"SKIP","floor":18},{"not_picked":["HollowMod:ChannelNail","HollowMod:FallenFury+1"],"picked":"HollowMod:GoodIntentions","floor":20},{"not_picked":["HollowMod:CoiledNail","HollowMod:ShadowDash"],"picked":"HollowMod:CycloneSlash+1","floor":27},{"not_picked":["HollowMod:VengefulVoid","HollowMod:VengefulSpirit+1","HollowMod:LifebloodCore"],"picked":"SKIP","floor":29},{"not_picked":["HollowMod:InfectionAssault+1","HollowMod:HowlingWraiths"],"picked":"HollowMod:CloakDash","floor":31},{"not_picked":["HollowMod:BlackTendrils","HollowMod:DescendingDark+1"],"picked":"HollowMod:CloakDash","floor":35},{"not_picked":["HollowMod:NewLittleFool+1","HollowMod:CrystalDash+1","HollowMod:SiblingsShadow"],"picked":"SKIP","floor":38},{"not_picked":["HollowMod:VengefulVoid+1","HollowMod:TaintedHusks","HollowMod:MawleksShell"],"picked":"SKIP","floor":39},{"not_picked":["HollowMod:VengefulSpirit+1","HollowMod:SharpenedNail","HollowMod:NewJinnsSoul"],"picked":"SKIP","floor":40},{"not_picked":[],"picked":"HollowMod:Grubsong+1","floor":42},{"not_picked":[],"picked":"Blind","floor":42},{"not_picked":["HollowMod:PureNailStrike"],"picked":"SKIP","floor":42},{"not_picked":["HollowMod:DashSlash"],"picked":"SKIP","floor":42},{"not_picked":["HollowMod:GoodIntentions"],"picked":"SKIP","floor":42},{"not_picked":["HollowMod:MonarchWings"],"picked":"SKIP","floor":42},{"not_picked":["Poisoned Strike"],"picked":"SKIP","floor":42},{"not_picked":["HollowMod:SoulSplash+1","HollowMod:DoubleDash+1","HollowMod:ChannelNail+1"],"picked":"SKIP","floor":44},{"not_picked":["HollowMod:PerfectDash+1","HollowMod:SoulSplash","HollowMod:DashSlash+1"],"picked":"SKIP","floor":46},{"not_picked":["HollowMod:HuntersJournal+1","HollowMod:HeavyBlow+1"],"picked":"HollowMod:Grubsong+1","floor":51},{"not_picked":["HollowMod:DoubleDash","HollowMod:CoiledNail+1","HollowMod:DescendingDark"],"picked":"SKIP","floor":52},{"not_picked":["HollowMod:CrystalDash","HollowMod:SoulSplash+1","HollowMod:NewLittleFool+1"],"picked":"SKIP","floor":56}],"player_experience":245797,"relics_obtained":[{"floor":6,"key":"HollowMod:PaleOreRelic"},{"floor":9,"key":"aspiration:Lifesprig"},{"floor":11,"key":"PreservedInsect"},{"floor":14,"key":"hubris:CrystalStatue"},{"floor":26,"key":"aspiration:HatOfInfinitePower"},{"floor":29,"key":"aspiration:HummingbirdHeart"},{"floor":31,"key":"wanderingMiniBosses:AbyssPearl"},{"floor":40,"key":"AntiCross"},{"floor":42,"key":"Frozen Egg 2"},{"floor":42,"key":"Oddly Smooth Stone"},{"floor":42,"key":"reliquary:Bookmark"},{"floor":48,"key":"ReplayTheSpireMod:Ring of Addiction"},{"floor":48,"key":"Potion Belt"},{"floor":48,"key":"Toy Ornithopter"},{"floor":49,"key":"Calipers"},{"floor":51,"key":"paleoftheancients:SoulOfTheWokeBloke"},{"floor":54,"key":"Kunai"},{"floor":58,"key":"PureWhite:ReiMu"}],"event_choices":[{"damage_healed":0,"gold_gain":0,"player_choice":"Leave","damage_taken":0,"max_hp_gain":0,"max_hp_loss":0,"event_name":"conspire:Investor","floor":47,"gold_loss":0}],"is_beta":false,"boss_relics":[{"not_picked":["energizedSpire:CursedPentagram","hubris:RunicObelisk","energizedSpire:EnergizedDie"],"picked":"energizedSpire:NeverEndingSparkler"},{"not_picked":["conspire:RoyalGoblet","aspiration:RunicSpoon","Replay:Bronze Core"],"picked":"energizedSpire:MagnifyingGlass"}],"items_purged_floors":[3,12,30],"is_endless":false,"potions_floor_spawned":[6,13,20,31,33,35,38,44,51],"ascension_level":0,"is_humility":true}}