{"host":"bnpj5ln693dhfj4y","time":1612546178,"event":{"mods":["AchievementEnabler","BaseMod","Colored Map","Colored Powertips","DeckTracker","Minty Spire (QoL Compilation)"],"gold_per_floor":[110,120,131,151,171,171,205,205,205,225,83,117,129,94,94,192,192,203,303,317,217,217,217],"floor_reached":22,"language":"ENG","playtime":1833,"items_purged":["Strike_R","Rupture"],"score":248,"play_id":"a4ef0ea2-4102-4e99-9161-e9fe06c0129a","local_time":"20210205182938","is_ascension_mode":true,"campfire_choices":[{"data":"Armaments","floor":6,"key":"SMITH"},{"floor":8,"key":"REST"},{"data":"True Grit","floor":15,"key":"SMITH"}],"circlet_count":0,"master_deck":["Bash","Flex","Armaments+1","Heavy Blade","Entrench","Power Through","Demon Form","Bloodletting","Inflame","Shockwave","True Grit+1","Limit Break","Infernal Blade","Wild Strike","Intimidate","Searing Blow","Clothesline","Hemokinesis","Double Tap","Feel No Pain","Pommel Strike"],"relics":["Burning Blood","NeowsBlessing","Regal Pillow","Ginger","Blue Candle","Pandora\u0027s Box"],"acts_visited":["Exordium","TheCity"],"potions_floor_usage":[7,16],"damage_taken":[{"damage":0,"enemies":"Jaw Worm","floor":1,"turns":1},{"damage":0,"enemies":"Cultist","floor":2,"turns":1},{"damage":0,"enemies":"2 Louse","floor":3,"turns":1},{"damage":8,"enemies":"Exordium Thugs","floor":4,"turns":4},{"damage":16,"enemies":"Blue Slaver","floor":5,"turns":4},{"damage":60,"enemies":"3 Sentries","floor":7,"turns":14},{"damage":8,"enemies":"Lots of Slimes","floor":10,"turns":5},{"damage":36,"enemies":"Gremlin Nob","floor":12,"turns":4},{"damage":14,"enemies":"2 Fungi Beasts","floor":13,"turns":4},{"damage":18,"enemies":"Slime Boss","floor":16,"turns":8},{"damage":36,"enemies":"2 Thieves","floor":18,"turns":4},{"damage":17,"enemies":"Chosen","floor":20,"turns":2},{"damage":29,"enemies":"Sentry and Sphere","floor":22,"turns":3}],"seed_played":"8317357281647472887","potions_obtained":[{"floor":2,"key":"SpeedPotion"},{"floor":4,"key":"SkillPotion"},{"floor":10,"key":"SteroidPotion"},{"floor":13,"key":"Weak Potion"},{"floor":16,"key":"SkillPotion"}],"is_trial":false,"path_per_floor":["M","M","M","M","M","R","E","R","T","M","$","E","M","?","R","B",null,"M","?","M","$","M"],"character_chosen":"IRONCLAD","items_purchased":["Inflame"],"campfire_rested":1,"item_purchase_floors":[11],"current_hp_per_floor":[80,80,80,78,68,68,14,53,53,51,51,21,13,33,33,21,65,35,35,24,24,0,0],"gold":217,"neow_bonus":"THREE_ENEMY_KILL","is_daily":false,"chose_seed":false,"campfire_upgraded":2,"win_rate":0.0,"timestamp":1612546178,"path_taken":["M","M","M","M","M","R","E","R","T","M","$","E","M","?","R","BOSS","M","?","M","$","M"],"items_purchased_type":["Card"],"build_version":"2020-12-22","purchased_purges":2,"victory":false,"max_hp_per_floor":[80,80,80,80,80,80,80,80,80,80,80,80,80,80,80,80,80,80,80,80,80,80,80],"card_choices":[{"not_picked":["Disarm","Armaments"],"picked":"Flex","floor":1},{"not_picked":["Anger","Shockwave"],"picked":"Armaments","floor":2},{"not_picked":["Wild Strike","Perfected Strike"],"picked":"Heavy Blade","floor":3},{"not_picked":["Armaments","Combust"],"picked":"Entrench","floor":4},{"not_picked":["Disarm","Clash"],"picked":"Power Through","floor":5},{"not_picked":["Combust","Rupture"],"picked":"Demon Form","floor":7},{"not_picked":["Power Through","Heavy Blade"],"picked":"Bloodletting","floor":10},{"not_picked":["Wild Strike","Combust"],"picked":"Shockwave","floor":12},{"not_picked":["Entrench","Carnage"],"picked":"True Grit","floor":13},{"not_picked":["Double Tap","Corruption"],"picked":"Limit Break","floor":16},{"not_picked":["Thunderclap","Ghostly Armor"],"picked":"Feel No Pain","floor":18},{"not_picked":["Hemokinesis","Twin Strike"],"picked":"Pommel Strike","floor":20}],"player_experience":325090,"relics_obtained":[{"floor":7,"key":"Regal Pillow"},{"floor":9,"key":"Ginger"},{"floor":12,"key":"Blue Candle"}],"event_choices":[{"damage_healed":20,"gold_gain":0,"player_choice":"Healed","damage_taken":0,"max_hp_gain":0,"max_hp_loss":0,"event_name":"The Cleric","floor":14,"gold_loss":35},{"damage_healed":0,"gold_gain":100,"player_choice":"Pray","damage_taken":0,"max_hp_gain":0,"max_hp_loss":0,"event_name":"Golden Shrine","floor":19,"gold_loss":0}],"is_beta":false,"boss_relics":[{"not_picked":["Busted Crown","Tiny House"],"picked":"Pandora\u0027s Box"}],"items_purged_floors":[11,21],"is_endless":false,"potions_floor_spawned":[2,4,10,13,16,20],"killed_by":"Sentry and Sphere","ascension_level":5}}