{"host":"eaiphzh066bwqdh7","time":1612563202,"event":{"mods":["BaseMod","Better Note","Halation","Hubris","Minty Spire (QoL Compilation)","Reliquary","Replay The Spire","StSLib"],"gold_per_floor":[367,140,140,157,173,173,199,199,224,235,261,261,274,75,75,176,176,189,240,258,273,287,287,287,62,89,89,89,121,220,253,253,352,352,370,370,387,387,507,507,523,523,605,213,230,230,244,0,0,0],"floor_reached":51,"language":"ENG","playtime":1350,"items_purged":["Strike_R","Defend_P"],"score":949,"play_id":"916c5db7-20af-4dea-8ccb-f75cc144fd9c","local_time":"20210205171322","is_ascension_mode":true,"campfire_choices":[{"data":"Eruption","floor":6,"key":"SMITH"},{"floor":8,"key":"REST"},{"floor":15,"key":"REST"},{"floor":23,"key":"REST"},{"floor":28,"key":"REST"},{"floor":32,"key":"REST"},{"data":"Vault","floor":40,"key":"SMITH"},{"data":"Worship","floor":42,"key":"SMITH"},{"floor":46,"key":"REST"},{"floor":49,"key":"REST"}],"circlet_count":0,"master_deck":["Strike_P","Strike_P","Strike_P+1","Strike_P","Defend_P","Defend_P","Eruption+1","Vigilance","Vigilance","PathToVictory","PathToVictory","PathToVictory+1","Brilliance+1","Vault+1","Prostrate","ReplayTheSpireMod:Splinters","Worship+1","Worship+1","Worship+1","Brilliance+1","PathToVictory","Prostrate+1","hubris:Despair","Worship+1"],"relics":["PureWater","Centennial Puzzle","Ring of Fury","Ring of Misfortune","halation:SwordOfLegend","Damaru","Sundial","hubris:ScarierMask","reliquary:HotPoker","halation:Jellyphish","reliquary:Stiletto","Oddly Smooth Stone","Thread and Needle","Cursed Key","Garlic","Pear","Guide Book","Nunchaku"],"acts_visited":["Exordium","TheCity","TheBeyond"],"potions_floor_usage":[11,16,16,22,33,33,41,50,50],"damage_taken":[{"damage":0,"enemies":"Small Slimes","floor":1,"turns":5},{"damage":1,"enemies":"Jaw Worm","floor":4,"turns":2},{"damage":0,"enemies":"Cultist","floor":5,"turns":3},{"damage":21,"enemies":"3 Sentries","floor":7,"turns":4},{"damage":10,"enemies":"Red Slaver","floor":10,"turns":2},{"damage":0,"enemies":"Gremlin Nob","floor":11,"turns":2},{"damage":7,"enemies":"Looter","floor":13,"turns":2},{"damage":34,"enemies":"Hexaghost","floor":16,"turns":7},{"damage":8,"enemies":"Chosen","floor":18,"turns":2},{"damage":4,"enemies":"2 Thieves","floor":20,"turns":3},{"damage":12,"enemies":"Chosen and Byrds","floor":21,"turns":3},{"damage":0,"enemies":"Snecko","floor":22,"turns":3},{"damage":20,"enemies":"Slavers","floor":29,"turns":3},{"damage":48,"enemies":"Book of Stabbing","floor":31,"turns":5},{"damage":33,"enemies":"Collector","floor":33,"turns":7},{"damage":0,"enemies":"Orb Walker","floor":35,"turns":3},{"damage":0,"enemies":"3 Shapes","floor":37,"turns":3},{"damage":0,"enemies":"Spire Growth","floor":39,"turns":4},{"damage":14,"enemies":"Transient","floor":41,"turns":6},{"damage":29,"enemies":"Writhing Mass","floor":45,"turns":4},{"damage":0,"enemies":"Sphere and 2 Shapes","floor":47,"turns":3},{"damage":84,"enemies":"Donu and Deca","floor":50,"turns":11}],"seed_played":"5572317858878554682","potions_obtained":[{"floor":4,"key":"Venom Potion"},{"floor":5,"key":"Swift Potion"},{"floor":7,"key":"BlessingOfTheForge"},{"floor":11,"key":"ColorlessPotion"},{"floor":13,"key":"SteroidPotion"},{"floor":19,"key":"Dexterity Potion"},{"floor":22,"key":"BottledMiracle"},{"floor":31,"key":"Adrenaline Potion"},{"floor":33,"key":"SpeedPotion"},{"floor":35,"key":"LiquidMemories"}],"is_trial":false,"path_per_floor":["M","$","?","M","M","R","E","R","T","M","E","?","M","$","R","B",null,"M","?","M","M","M","R","?","$","T","?","R","E","?","E","R","B",null,"M","?","M","?","M","R","M","R","T","$","M","R","M","$","R","B",null],"character_chosen":"WATCHER","items_purchased":["Centennial Puzzle","PathToVictory+1","Brilliance","halation:Jellyphish","Worship","Pear","Guide Book","Nunchaku"],"campfire_rested":7,"item_purchase_floors":[2,14,14,25,25,44,44,48],"current_hp_per_floor":[72,72,72,71,71,71,50,70,70,60,60,60,53,53,72,38,72,64,64,60,48,48,72,72,72,72,59,77,57,57,9,38,5,77,77,77,77,77,77,77,63,66,66,76,47,76,76,76,87,3],"gold":0,"neow_bonus":"TWO_FIFTY_GOLD","is_daily":false,"chose_seed":false,"campfire_upgraded":3,"win_rate":0.0,"timestamp":1612563202,"path_taken":["M","$","?","M","M","R","E","R","T","M","E","?","?","?","R","BOSS","M","?","?","M","M","R","?","$","T","?","R","E","?","E","R","BOSS","M","?","?","?","M","R","M","R","T","$","M","R","M","?","R","BOSS"],"items_purchased_type":["Relic","Card","Card","Relic","Card","Relic","Relic","Relic"],"build_version":"2020-12-22","purchased_purges":2,"victory":true,"max_hp_per_floor":[72,72,72,72,72,72,72,72,72,72,72,72,72,72,72,72,72,72,72,72,72,72,72,72,72,72,77,77,77,77,77,77,77,77,77,77,77,77,77,77,77,77,77,87,87,87,87,87,87,87],"card_choices":[{"not_picked":["Evaluate","Protect","ReachHeaven"],"picked":"SKIP","floor":1},{"not_picked":["LikeWater","Replay:AtTheReady","MentalFortress"],"picked":"SKIP","floor":4},{"not_picked":["Tantrum","Halt","FlyingSleeves"],"picked":"SKIP","floor":5},{"not_picked":["Replay:AtTheReady","Protect"],"picked":"PathToVictory","floor":7},{"not_picked":["EmptyMind","Halt","ForeignInfluence"],"picked":"SKIP","floor":10},{"not_picked":["Prostrate","Brilliance"],"picked":"PathToVictory","floor":11},{"not_picked":["EmptyFist","CrushJoints","Consecrate"],"picked":"SKIP","floor":13},{"not_picked":["ConjureBlade","SpiritShield"],"picked":"Vault","floor":16},{"not_picked":["Crescendo","TalkToTheHand"],"picked":"Prostrate","floor":18},{"not_picked":["Conclude+1","Sanctity"],"picked":"Worship+1","floor":20},{"not_picked":["ThirdEye","ClearTheMind","FollowUp+1"],"picked":"SKIP","floor":21},{"not_picked":["FlyingSleeves+1","InnerPeace","FlurryOfBlows"],"picked":"SKIP","floor":22},{"not_picked":["FollowUp","Replay:BluntJabs+1"],"picked":"Worship+1","floor":29},{"not_picked":["FlyingSleeves","LikeWater","EmptyFist"],"picked":"SKIP","floor":31},{"not_picked":["Scrawl","MasterReality"],"picked":"Brilliance","floor":33},{"not_picked":["Crescendo","Replay:AtTheReady","Replay:ManipulateFuture"],"picked":"SKIP","floor":35},{"not_picked":["EmptyBody","Replay:ManipulateFuture","Crescendo"],"picked":"SKIP","floor":37},{"not_picked":["FlyingSleeves","Halt+1"],"picked":"PathToVictory","floor":39},{"not_picked":["Replay:LoomingThreat","Crescendo+1"],"picked":"Prostrate","floor":41},{"not_picked":["CrushJoints","Replay:Battleflow","Nirvana+1"],"picked":"SKIP","floor":45},{"not_picked":["DeceiveReality+1","Evaluate+1"],"picked":"Worship+1","floor":47}],"player_experience":267097,"relics_obtained":[{"floor":3,"key":"Ring of Fury"},{"floor":3,"key":"Ring of Misfortune"},{"floor":7,"key":"halation:SwordOfLegend"},{"floor":9,"key":"Damaru"},{"floor":11,"key":"Sundial"},{"floor":19,"key":"reliquary:HotPoker"},{"floor":26,"key":"reliquary:Stiletto"},{"floor":29,"key":"Oddly Smooth Stone"},{"floor":31,"key":"Thread and Needle"},{"floor":43,"key":"Garlic"}],"event_choices":[{"damage_healed":0,"gold_gain":0,"player_choice":"0 cards matched","damage_taken":0,"max_hp_gain":0,"max_hp_loss":0,"event_name":"Match and Keep!","floor":12,"gold_loss":0,"cards_obtained":[]},{"damage_healed":0,"gold_gain":0,"player_choice":"Shed Blood","damage_taken":18,"max_hp_gain":5,"max_hp_loss":0,"event_name":"Forgotten Altar","floor":27,"gold_loss":0},{"damage_healed":0,"gold_gain":99,"player_choice":"Stole From Cult","damage_taken":0,"max_hp_gain":0,"max_hp_loss":0,"event_name":"Nest","floor":30,"gold_loss":0},{"damage_healed":0,"gold_gain":0,"player_choice":"Bought 0 Potions","damage_taken":0,"max_hp_gain":0,"max_hp_loss":0,"event_name":"The Woman in Blue","floor":36,"gold_loss":0},{"cards_removed":["Defend_P"],"damage_healed":0,"gold_gain":0,"player_choice":"Removed Skill","damage_taken":0,"max_hp_gain":0,"max_hp_loss":0,"event_name":"Falling","floor":38,"gold_loss":0}],"is_beta":false,"boss_relics":[{"not_picked":["ChewingGum","SlaversCollar"],"picked":"hubris:ScarierMask"},{"not_picked":["Philosopher\u0027s Stone","halation:Risk"],"picked":"Cursed Key"}],"items_purged_floors":[2,48],"is_endless":false,"potions_floor_spawned":[4,5,7,11,13,22,31,33,35],"ascension_level":3}}