{"host":"2yqfi47fogfu1ic4","time":1612553827,"event":{"mods":["AchievementEnabler","BaseMod","Colored Map","Colored Powertips","Highlight Path","Minty Spire (QoL Compilation)","Permanent Neow","Relic Stats","StSLib"],"gold_per_floor":[114,114,129,146,146,146,162,0,0,0,14,14,14,45,45,135,135,154,134,158,172,193,193,40,40,40,65,80,130,148,63,63,63,63],"floor_reached":33,"language":"DEU","playtime":2576,"items_purged":["Strike_G"],"score":648,"play_id":"93e62e37-9b7e-4673-a5ab-c4c42cd331d2","local_time":"20210205203707","is_ascension_mode":true,"campfire_choices":[{"data":"Dagger Spray","floor":6.0,"key":"SMITH"},{"data":"Skewer","floor":13.0,"key":"SMITH"},{"data":"Eviscerate","floor":15,"key":"SMITH"},{"data":"Acrobatics","floor":23,"key":"SMITH"},{"data":"Underhanded Strike","floor":25,"key":"SMITH"},{"floor":32,"key":"REST"}],"circlet_count":0,"master_deck":["AscendersBane","Strike_G","Strike_G","Strike_G","Defend_G","Defend_G","Defend_G","Defend_G","Defend_G","Survivor","Neutralize","Cloak And Dagger","Dagger Spray+1","Underhanded Strike","Skewer+1","Acrobatics+1","All Out Attack","Underhanded Strike+1","Eviscerate+1","Burst+1","Backflip+1","Deflect+1","Distraction+1","Cloak And Dagger+1","Calculated Gamble+1","Bouncing Flask+1"],"relics":["Busted Crown","Golden Idol","HornCleat","InkBottle","Toxic Egg 2","Runic Pyramid","Pear"],"acts_visited":["Exordium","TheCity"],"potions_floor_usage":[16,18,21,33],"damage_taken":[{"damage":1.0,"enemies":"Small Slimes","floor":1.0,"turns":4.0},{"damage":4.0,"enemies":"2 Louse","floor":3.0,"turns":3.0},{"damage":1.0,"enemies":"Cultist","floor":4.0,"turns":4.0},{"damage":1.0,"enemies":"Looter","floor":7.0,"turns":3.0},{"damage":3.0,"enemies":"Blue Slaver","floor":11.0,"turns":3.0},{"damage":0,"enemies":"Gremlin Nob","floor":14,"turns":3},{"damage":0,"enemies":"Slime Boss","floor":16,"turns":3},{"damage":0,"enemies":"2 Thieves","floor":18,"turns":4},{"damage":10,"enemies":"Shell Parasite","floor":20,"turns":4},{"damage":0,"enemies":"Snake Plant","floor":21,"turns":5},{"damage":0,"enemies":"Snecko","floor":22,"turns":6},{"damage":0,"enemies":"Chosen and Byrds","floor":27,"turns":4},{"damage":0,"enemies":"3 Cultists","floor":28,"turns":4},{"damage":0,"enemies":"Snake Plant","floor":30,"turns":4},{"damage":121,"enemies":"Champ","floor":33,"turns":15}],"seed_played":"1176967701616908856","potions_obtained":[{"floor":4.0,"key":"Weak Potion"},{"floor":11.0,"key":"SteroidPotion"},{"floor":16,"key":"Block Potion"},{"floor":19,"key":"FairyPotion"},{"floor":28,"key":"SmokeBomb"},{"floor":30,"key":"ColorlessPotion"}],"is_trial":false,"path_per_floor":["M","$","M","M","?","R","M","$","T","?","M","?","R","E","R","B",null,"M","?","M","M","M","R","$","R","T","M","M","?","M","?","R","B"],"character_chosen":"THE_SILENT","items_purchased":["Acrobatics","All Out Attack","Underhanded Strike","Calculated Gamble+1"],"campfire_rested":1,"item_purchase_floors":[8,8,8,24],"current_hp_per_floor":[58,58,54,53,53,53,52,52,52,34,31,24,24,24,24,24,51,51,51,41,41,41,41,41,41,41,41,41,41,41,51,70,0,0],"gold":63,"neow_bonus":"BOSS_RELIC","is_daily":false,"chose_seed":false,"campfire_upgraded":5,"win_rate":0.0,"timestamp":1612553827,"path_taken":["M","$","M","M","?","R","M","$","T","?","M","?","R","E","R","BOSS","M","?","M","M","M","R","$","R","T","?","M","?","M","?","R","BOSS"],"items_purchased_type":["Card","Card","Card","Card"],"build_version":"2020-12-22","purchased_purges":1,"victory":false,"max_hp_per_floor":[66,66,66,66,60,60,60,60,60,60,60,60,60,60,60,60,60,60,60,60,60,60,60,60,60,60,60,60,60,60,70,70,70,70],"relic_stats":{"Busted Crown":28,"counters":[15,69],"Golden Idol":58,"obtain_stats":[{"Busted Crown":0,"HornCleat":9,"Pear":31,"Golden Idol":5,"Toxic Egg 2":14,"InkBottle":10,"Ring of the Snake":0,"Runic Pyramid":17},{"Busted Crown":0,"HornCleat":4,"Pear":14,"Golden Idol":3,"Toxic Egg 2":6,"InkBottle":4,"Ring of the Snake":0,"Runic Pyramid":7},{"Busted Crown":0,"HornCleat":14,"Pear":54,"Golden Idol":11,"Toxic Egg 2":20,"InkBottle":14,"Ring of the Snake":0,"Runic Pyramid":23}],"InkBottle":[25]},"card_choices":[{"not_picked":[],"picked":"Cloak And Dagger","floor":1.0},{"not_picked":[],"picked":"Dagger Spray","floor":3.0},{"not_picked":[],"picked":"Underhanded Strike","floor":4.0},{"not_picked":[],"picked":"Skewer","floor":7.0},{"not_picked":["Distraction"],"picked":"SKIP","floor":11.0},{"not_picked":[],"picked":"Eviscerate","floor":14},{"not_picked":[],"picked":"Burst+1","floor":16},{"not_picked":[],"picked":"Backflip+1","floor":18},{"not_picked":[],"picked":"Deflect+1","floor":20},{"not_picked":[],"picked":"Distraction+1","floor":21},{"not_picked":[],"picked":"Cloak And Dagger+1","floor":22},{"not_picked":["Quick Slash"],"picked":"SKIP","floor":27},{"not_picked":[],"picked":"Bouncing Flask+1","floor":28},{"not_picked":["Backstab"],"picked":"SKIP","floor":30}],"player_experience":1664296,"relics_obtained":[{"floor":9.0,"key":"HornCleat"},{"floor":14,"key":"Toxic Egg 2"}],"event_choices":[{"damage_healed":0.0,"max_hp_gain":0.0,"max_hp_loss":6.0,"gold_gain":0.0,"event_name":"Golden Idol","player_choice":"Lose Max HP","floor":5.0,"gold_loss":0.0,"damage_taken":0.0,"relics_obtained":["Golden Idol"]},{"damage_healed":0.0,"max_hp_gain":0.0,"max_hp_loss":0.0,"gold_gain":0.0,"event_name":"Scrap Ooze","player_choice":"Success","floor":10.0,"gold_loss":0.0,"damage_taken":18.0,"relics_obtained":["InkBottle"]},{"cards_removed":["Strike_G"],"damage_healed":0.0,"max_hp_gain":0.0,"max_hp_loss":0.0,"gold_gain":0.0,"event_name":"Golden Wing","player_choice":"Card Removal","floor":12.0,"gold_loss":0.0,"damage_taken":7.0},{"damage_healed":0,"gold_gain":0,"player_choice":"Bought 1 Potion","damage_taken":0,"max_hp_gain":0,"max_hp_loss":0,"event_name":"The Woman in Blue","floor":19,"gold_loss":0},{"damage_healed":0,"gold_gain":50,"player_choice":"Stole From Cult","damage_taken":0,"max_hp_gain":0,"max_hp_loss":0,"event_name":"Nest","floor":29,"gold_loss":0},{"damage_healed":0,"gold_gain":0,"player_choice":"Obtained Relic","damage_taken":0,"relics_obtained":["Pear"],"max_hp_gain":0,"max_hp_loss":0,"event_name":"Addict","floor":31,"gold_loss":85}],"is_beta":false,"boss_relics":[{"not_picked":["Snecko Eye","Philosopher\u0027s Stone"],"picked":"Runic Pyramid"}],"items_purged_floors":[24],"is_endless":false,"potions_floor_spawned":[4,11,16,28,30],"killed_by":"Champ","ascension_level":20}}