{"host":"5w7hw1ne5h7avrl9","time":1612509301,"event":{"mods":["AchievementEnabler","BaseMod","Colored Map","Colored Powertips","Displayed Cursed Tome","Googly Eyes","Minty Spire (QoL Compilation)","SuperFastMode"],"gold_per_floor":[114,114,114,129,154,184,184,214,239,269,269,299,314,314,314,439,439,458,477,477,496,21,21,21,21,46,46,76,76,26,56,56,156,156,171,186,236,236,17,17,17,17],"floor_reached":41,"language":"ENG","playtime":3573,"items_purged":["Strike_P"],"score":476,"play_id":"bba749b4-95c8-40c4-930a-fe752c198d91","local_time":"20210204231501","daily_mods":["Specialized","ControlledChaos","Elite Swarm"],"is_ascension_mode":false,"campfire_choices":[{"data":"Vault","floor":7,"key":"SMITH"},{"floor":15,"key":"REST"},{"data":"Omniscience","floor":23,"key":"SMITH"},{"data":"DeusExMachina","floor":25,"key":"SMITH"},{"data":"MasterReality","floor":27,"key":"SMITH"},{"floor":32,"key":"REST"},{"data":"Omniscience","floor":40,"key":"SMITH"}],"circlet_count":0,"master_deck":["Strike_P","Strike_P","Defend_P","Defend_P","Defend_P","Defend_P","Eruption","Vigilance","FlyingSleeves","FlyingSleeves","FlyingSleeves","FlyingSleeves","FlyingSleeves","Sanctity","CrushJoints","Vault+1","MasterReality+1","Vault+1","Omniscience+1","ClearTheMind","DeusExMachina+1","Sanctity+1","FlyingSleeves+1","Bandage Up","ClearTheMind","DeusExMachina","Omniscience+1","DevaForm","Swift Strike+1","Ragnarok+1"],"relics":["HolyWater","Frozen Eye","Centennial Puzzle","Art of War","Omamori","Potion Belt","Torii","Nunchaku","Bloody Idol","Molten Egg 2","Lantern","Question Card","Damaru","SlaversCollar","Peace Pipe","ClockworkSouvenir"],"acts_visited":["Exordium","TheCity","TheBeyond"],"potions_floor_usage":[6,8,21,22,28,31,33,36,41],"damage_taken":[{"damage":0,"enemies":"2 Louse","floor":1,"turns":2},{"damage":0,"enemies":"Small Slimes","floor":4,"turns":2},{"damage":10,"enemies":"3 Sentries","floor":6,"turns":4},{"damage":28,"enemies":"Gremlin Nob","floor":8,"turns":4},{"damage":8,"enemies":"Lagavulin","floor":10,"turns":7},{"damage":14,"enemies":"Gremlin Nob","floor":12,"turns":5},{"damage":0,"enemies":"Cultist","floor":13,"turns":3},{"damage":9,"enemies":"Hexaghost","floor":16,"turns":9},{"damage":12,"enemies":"Spheric Guardian","floor":18,"turns":4},{"damage":11,"enemies":"2 Thieves","floor":19,"turns":3},{"damage":0,"enemies":"Snake Plant","floor":21,"turns":4},{"damage":59,"enemies":"Gremlin Leader","floor":28,"turns":10},{"damage":7,"enemies":"Book of Stabbing","floor":31,"turns":4},{"damage":9,"enemies":"Automaton","floor":33,"turns":8},{"damage":1,"enemies":"Orb Walker","floor":35,"turns":4},{"damage":12,"enemies":"3 Shapes","floor":36,"turns":6},{"damage":2,"enemies":"Mind Bloom Boss Battle","floor":37,"turns":7},{"damage":81,"enemies":"Nemesis","floor":41,"turns":6}],"seed_played":"-8643747277835071688","potions_obtained":[{"floor":1,"key":"BottledMiracle"},{"floor":6,"key":"ColorlessPotion"},{"floor":12,"key":"StancePotion"},{"floor":13,"key":"Energy Potion"},{"floor":21,"key":"GamblersBrew"},{"floor":28,"key":"DuplicationPotion"},{"floor":37,"key":"SkillPotion"}],"is_trial":false,"path_per_floor":["M","?","?","M","T","E","R","E","T","E","?","E","M","?","R","B",null,"M","M","?","M","$","R","?","R","T","R","E","?","$","E","R","B",null,"M","M","?","?","$","R","E"],"character_chosen":"WATCHER","items_purchased":["Molten Egg 2","Fruit Juice","PowerPotion","SpeedPotion","Ragnarok+1","ClockworkSouvenir"],"campfire_rested":2,"item_purchase_floors":[22,22,22,30,39,39],"current_hp_per_floor":[72,72,72,72,72,62,62,34,34,26,26,12,12,12,32,23,67,55,44,44,48,53,53,53,53,58,58,8,8,8,10,31,31,72,72,66,72,72,72,72,0,0],"gold":17,"neow_bonus":"","is_daily":true,"chose_seed":false,"campfire_upgraded":5,"win_rate":0.0,"timestamp":1612509301,"path_taken":["M","?","?","?","?","E","R","E","T","E","?","E","?","?","R","BOSS","M","M","?","?","$","R","?","R","T","R","E","?","$","E","R","BOSS","M","M","?","?","$","R","E"],"items_purchased_type":["Relic","Potion","Potion","Potion","Card","Relic"],"build_version":"2020-12-22","purchased_purges":1,"victory":false,"max_hp_per_floor":[72,72,72,72,72,72,72,72,72,72,72,72,72,67,67,67,67,67,67,67,67,72,72,72,72,72,72,72,72,72,72,72,72,72,72,72,72,72,72,72,72,72],"card_choices":[{"not_picked":["Conclude","BowlingBash"],"picked":"Sanctity","floor":1},{"not_picked":["Consecrate","CutThroughFate"],"picked":"CrushJoints","floor":4},{"not_picked":["Devotion","Scrawl"],"picked":"Vault","floor":6},{"not_picked":["Alpha","Scrawl"],"picked":"MasterReality","floor":8},{"not_picked":["Scrawl","ConjureBlade"],"picked":"Vault","floor":10},{"not_picked":["MasterReality","Alpha"],"picked":"Omniscience","floor":12},{"not_picked":["PathToVictory","Evaluate"],"picked":"ClearTheMind","floor":13},{"not_picked":["Ragnarok","Alpha"],"picked":"DeusExMachina","floor":16},{"not_picked":["Consecrate","ClearTheMind"],"picked":"Sanctity+1","floor":18},{"not_picked":["WaveOfTheHand","BattleHymn+1"],"picked":"FlyingSleeves+1","floor":19},{"not_picked":["JustLucky","Pray+1"],"picked":"ClearTheMind","floor":21},{"not_picked":["MasterReality","Scrawl"],"picked":"DeusExMachina","floor":28},{"not_picked":["Blasphemy","SpiritShield","MasterReality"],"picked":"Omniscience","floor":31},{"not_picked":["Omniscience","Establishment","Blasphemy"],"picked":"DevaForm","floor":33},{"not_picked":["WreathOfFlame+1","Adaptation+1","PathToVictory","BowlingBash+1"],"picked":"SKIP","floor":35},{"not_picked":["Consecrate+1","EmptyMind","Halt","ThirdEye+1"],"picked":"SKIP","floor":36},{"not_picked":["Trip","Enlightenment","Purity"],"picked":"Swift Strike+1","floor":38}],"player_experience":203385,"relics_obtained":[{"floor":5,"key":"Centennial Puzzle"},{"floor":6,"key":"Art of War"},{"floor":8,"key":"Omamori"},{"floor":9,"key":"Potion Belt"},{"floor":10,"key":"Torii"},{"floor":12,"key":"Nunchaku"},{"floor":26,"key":"Lantern"},{"floor":28,"key":"Question Card"},{"floor":31,"key":"Damaru"},{"floor":37,"key":"Peace Pipe"}],"event_choices":[{"damage_healed":0,"gold_gain":0,"player_choice":"Ignored","damage_taken":0,"max_hp_gain":0,"max_hp_loss":0,"event_name":"Liars Game","floor":2,"gold_loss":0},{"cards_removed":["Strike_P"],"damage_healed":0,"gold_gain":0,"player_choice":"Purged","damage_taken":0,"max_hp_gain":0,"max_hp_loss":0,"event_name":"Purifier","floor":3,"gold_loss":0},{"damage_healed":0,"gold_gain":0,"player_choice":"Forge","damage_taken":0,"max_hp_gain":0,"max_hp_loss":0,"event_name":"Accursed Blacksmith","floor":11,"gold_loss":0,"cards_upgraded":["Vault"]},{"damage_healed":0,"gold_gain":0,"player_choice":"Lose Max HP","damage_taken":0,"relics_obtained":["Golden Idol"],"max_hp_gain":0,"max_hp_loss":5,"event_name":"Golden Idol","floor":14,"gold_loss":0},{"damage_healed":0,"gold_gain":0,"player_choice":"1 cards matched","damage_taken":0,"max_hp_gain":0,"max_hp_loss":0,"event_name":"Match and Keep!","floor":20,"gold_loss":0,"cards_obtained":["Bandage Up"]},{"damage_healed":0,"gold_gain":0,"player_choice":"Gave Idol","damage_taken":0,"relics_obtained":["Bloody Idol"],"max_hp_gain":0,"max_hp_loss":0,"event_name":"Forgotten Altar","floor":24,"relics_lost":["Golden Idol"],"gold_loss":0},{"damage_healed":0,"gold_gain":0,"player_choice":"Fight","damage_taken":0,"max_hp_gain":0,"max_hp_loss":0,"event_name":"MindBloom","floor":37,"gold_loss":0},{"damage_healed":0,"gold_gain":0,"player_choice":"Memory 1","damage_taken":0,"max_hp_gain":0,"max_hp_loss":0,"event_name":"SensoryStone","floor":38,"gold_loss":0}],"is_beta":false,"boss_relics":[{"not_picked":["Velvet Choker","Calling Bell"],"picked":"HolyWater"},{"not_picked":["Runic Pyramid","Snecko Eye"],"picked":"SlaversCollar"}],"items_purged_floors":[22],"is_endless":false,"potions_floor_spawned":[1,6,12,13,21,28,37],"killed_by":"Nemesis","ascension_level":0}}