{"host":"pke0xxyzw0teju56","time":1612557272,"event":{"mods":["BaseMod","Bestiary","Colored Powertips","Highlight Path","Minty Spire (QoL Compilation)","Relic Stats","Slay the Relics Exporter","StSLib","ojb\u0027s Info Mod"],"gold_per_floor":[119,130,47,47,63,63,90,110,110,110,127,137,137,152,152,223,223,239,239,164,194,214,214,239,249,275,275,300,312,312,332,332,404,404,415,185,185,185,205,205,221,55,55,68,97,109,125,125,125,125,125,125,125,69,103,103],"floor_reached":57,"language":"ENG","playtime":4905,"items_purged":["Strike_G"],"score":2702,"play_id":"db9cbc60-1911-4aae-8589-6263f0ab93ba","local_time":"20210205153432","is_ascension_mode":true,"campfire_choices":[{"data":"Noxious Fumes","floor":6.0,"key":"SMITH"},{"data":"Calculated Gamble","floor":13.0,"key":"SMITH"},{"data":"Cloak And Dagger","floor":15.0,"key":"SMITH"},{"data":"Corpse Explosion","floor":23.0,"key":"SMITH"},{"floor":27.0,"key":"REST"},{"data":"Tactician","floor":30.0,"key":"SMITH"},{"data":"Well Laid Plans","floor":32.0,"key":"SMITH"},{"floor":40.0,"key":"RECALL"},{"floor":49.0,"key":"REST"},{"floor":53.0,"key":"REST"}],"circlet_count":0,"master_deck":["AscendersBane","Strike_G","Strike_G","Defend_G","Defend_G","Defend_G","Defend_G","Defend_G","Survivor","Neutralize","Bouncing Flask","Leg Sweep","Noxious Fumes+1","Deflect","Well Laid Plans+1","Poisoned Stab","Calculated Gamble+1","Endless Agony","Cloak And Dagger+1","Corpse Explosion+1","Tactician+1","After Image+1","Acrobatics","Dodge and Roll","Wraith Form v2+1","Acrobatics+1","After Image+1","Escape Plan+1","Backflip+1","Tools of the Trade+1"],"relics":["Ring of the Serpent","NeowsBlessing","Bag of Marbles","Tough Bandages","Kunai","Red Mask","Frozen Egg 2","Centennial Puzzle","Oddly Smooth Stone","SlaversCollar","Bottled Tornado","ClockworkSouvenir","Vajra","Pocketwatch"],"acts_visited":["Exordium","TheCity","TheBeyond","TheEnding"],"potions_floor_usage":[56,56],"damage_taken":[{"damage":0.0,"enemies":"Cultist","floor":1.0,"turns":1.0},{"damage":0.0,"enemies":"2 Louse","floor":2.0,"turns":1.0},{"damage":0.0,"enemies":"Small Slimes","floor":5.0,"turns":1.0},{"damage":19.0,"enemies":"3 Sentries","floor":7.0,"turns":7.0},{"damage":3.0,"enemies":"2 Fungi Beasts","floor":8.0,"turns":5.0},{"damage":6.0,"enemies":"Looter","floor":11.0,"turns":4.0},{"damage":0.0,"enemies":"3 Louse","floor":12.0,"turns":4.0},{"damage":0.0,"enemies":"Exordium Wildlife","floor":14.0,"turns":5.0},{"damage":0.0,"enemies":"The Guardian","floor":16.0,"turns":11.0},{"damage":0.0,"enemies":"Chosen","floor":18.0,"turns":5.0},{"damage":0.0,"enemies":"Masked Bandits","floor":21.0,"turns":3.0},{"damage":0.0,"enemies":"3 Byrds","floor":22.0,"turns":3.0},{"damage":29.0,"enemies":"Book of Stabbing","floor":24.0,"turns":7.0},{"damage":4.0,"enemies":"Centurion and Healer","floor":25.0,"turns":5.0},{"damage":17.0,"enemies":"Gremlin Leader","floor":28.0,"turns":7.0},{"damage":0.0,"enemies":"3 Cultists","floor":29.0,"turns":4.0},{"damage":0.0,"enemies":"Snake Plant","floor":31.0,"turns":5.0},{"damage":6.0,"enemies":"Champ","floor":33.0,"turns":15.0},{"damage":9.0,"enemies":"3 Shapes","floor":35.0,"turns":4.0},{"damage":10.0,"enemies":"3 Darklings","floor":39.0,"turns":4.0},{"damage":6.0,"enemies":"Writhing Mass","floor":41.0,"turns":7.0},{"damage":5.0,"enemies":"4 Shapes","floor":44.0,"turns":6.0},{"damage":14.0,"enemies":"Reptomancer","floor":45.0,"turns":7.0},{"damage":7.0,"enemies":"Jaw Worm Horde","floor":46.0,"turns":5.0},{"damage":9.0,"enemies":"Writhing Mass","floor":47.0,"turns":9.0},{"damage":12.0,"enemies":"Awakened One","floor":50.0,"turns":19.0},{"damage":2.0,"enemies":"Donu and Deca","floor":51.0,"turns":9.0},{"damage":20.0,"enemies":"Shield and Spear","floor":55.0,"turns":6.0},{"damage":32,"enemies":"The Heart","floor":56,"turns":13}],"seed_played":"4213930523001390000","potions_obtained":[{"floor":1.0,"key":"Explosive Potion"},{"floor":2.0,"key":"FearPotion"},{"floor":7.0,"key":"Regen Potion"},{"floor":8.0,"key":"Fruit Juice"},{"floor":12.0,"key":"GamblersBrew"},{"floor":18.0,"key":"SteroidPotion"},{"floor":25.0,"key":"ColorlessPotion"},{"floor":33.0,"key":"Ancient Potion"},{"floor":39.0,"key":"FearPotion"},{"floor":41.0,"key":"LiquidMemories"}],"is_trial":false,"path_per_floor":["M","M","$","?","M","R","E","M","T","?","M","M","R","M","R","B",null,"M","?","?","?","M","R","E","M","T","R","E","M","R","M","R","B",null,"M","$","T","?","M","R","M","$","T","M","E","M","M","?","R","B","B",null,"R","$","E","B",null],"character_chosen":"THE_SILENT","items_purchased":["Noxious Fumes","After Image+1","ClockworkSouvenir","PowerPotion"],"campfire_rested":3,"item_purchase_floors":[3,36,42,54],"current_hp_per_floor":[59,59,59,48,48,48,29,41,41,46,40,45,45,45,45,45,68,68,68,68,68,68,68,39,35,35,57,40,40,40,40,40,34,66,57,57,57,57,47,47,41,41,41,36,22,15,6,6,28,16,14,61,76,76,56,24],"gold":103,"neow_bonus":"THREE_ENEMY_KILL","is_daily":false,"chose_seed":false,"campfire_upgraded":6,"win_rate":0.0,"timestamp":1612557272,"path_taken":["M","?","$","?","M","R","E","M","T","?","M","M","R","M","R","BOSS","M","?","?","?","M","R","E","M","T","R","E","?","R","M","R","BOSS","M","$","?","?","M","R","M","?","T","M","E","?","M","?","R","BOSS","BOSS","R","$","E","BOSS"],"items_purchased_type":["Card","Card","Relic","Potion"],"build_version":"2020-12-22","purchased_purges":1,"victory":true,"max_hp_per_floor":[66,66,66,66,66,66,66,66,66,71,71,76,76,76,76,76,76,76,76,76,76,76,76,76,76,76,76,76,76,76,76,76,76,76,76,76,76,76,76,76,76,76,76,76,76,76,76,76,76,76,76,76,76,76,76,76],"relic_stats":{"Tough Bandages":[864],"Centennial Puzzle":[41],"counters":[29,182],"Kunai":[63],"obtain_stats":[{"NeowsBlessing":0,"Oddly Smooth Stone":28,"Vajra":45,"Frozen Egg 2":24,"Bottled Tornado":37,"ClockworkSouvenir":42,"SlaversCollar":34,"Tough Bandages":7,"Centennial Puzzle":26,"Bag of Marbles":4,"Red Mask":21,"Kunai":9,"Ring of the Serpent":17,"Ring of the Snake":0,"Pocketwatch":55},{"NeowsBlessing":0,"Oddly Smooth Stone":15,"Vajra":23,"Frozen Egg 2":13,"Bottled Tornado":19,"ClockworkSouvenir":21,"SlaversCollar":18,"Tough Bandages":4,"Centennial Puzzle":14,"Bag of Marbles":2,"Red Mask":11,"Kunai":5,"Ring of the Serpent":9,"Ring of the Snake":0,"Pocketwatch":28},{"NeowsBlessing":0,"Oddly Smooth Stone":69,"Vajra":121,"Frozen Egg 2":57,"Bottled Tornado":97,"ClockworkSouvenir":108,"SlaversCollar":93,"Tough Bandages":10,"Centennial Puzzle":62,"Bag of Marbles":2,"Red Mask":47,"Kunai":15,"Ring of the Serpent":39,"Ring of the Snake":0,"Pocketwatch":169}],"Pocketwatch":[2]},"card_choices":[{"not_picked":["Backstab","Dagger Spray"],"picked":"Bouncing Flask","floor":1.0},{"not_picked":["Dagger Spray","Skewer"],"picked":"Leg Sweep","floor":2.0},{"not_picked":["Backflip","Expertise"],"picked":"Deflect","floor":5.0},{"not_picked":["Underhanded Strike","Poisoned Stab"],"picked":"Well Laid Plans","floor":7.0},{"not_picked":["Backflip","Reflex"],"picked":"Poisoned Stab","floor":8.0},{"not_picked":["Cloak And Dagger","Doppelganger"],"picked":"Calculated Gamble","floor":11.0},{"not_picked":["Underhanded Strike","Backstab"],"picked":"Endless Agony","floor":12.0},{"not_picked":["Outmaneuver","Dodge and Roll"],"picked":"Cloak And Dagger","floor":14.0},{"not_picked":["Grand Finale","Tools of the Trade"],"picked":"Corpse Explosion","floor":16.0},{"not_picked":["Quick Slash","Sucker Punch","Expertise"],"picked":"SKIP","floor":18.0},{"not_picked":["Outmaneuver+1","Deflect","Deadly Poison"],"picked":"SKIP","floor":22.0},{"not_picked":["Concentrate","Quick Slash+1"],"picked":"Tactician","floor":24.0},{"not_picked":["Concentrate","Dagger Throw","Riddle With Holes"],"picked":"SKIP","floor":25.0},{"not_picked":["Cloak And Dagger","Caltrops+1"],"picked":"After Image+1","floor":28.0},{"not_picked":["Setup","Underhanded Strike"],"picked":"Acrobatics","floor":29.0},{"not_picked":["Riddle With Holes","Leg Sweep+1"],"picked":"Dodge and Roll","floor":31.0},{"not_picked":["Die Die Die","Storm of Steel"],"picked":"Wraith Form v2+1","floor":33.0},{"not_picked":["Cloak And Dagger","PiercingWail+1"],"picked":"Acrobatics+1","floor":35.0},{"not_picked":["Dagger Throw+1","All Out Attack","Flechettes"],"picked":"SKIP","floor":39.0},{"not_picked":["Sucker Punch+1","Storm of Steel","Backflip"],"picked":"SKIP","floor":41.0},{"not_picked":["Sucker Punch+1","Storm of Steel","Backflip"],"picked":"SKIP","floor":41.0},{"not_picked":["Sucker Punch","Deflect"],"picked":"Escape Plan+1","floor":44.0},{"not_picked":["Reflex","Footwork+1","Dash"],"picked":"SKIP","floor":45.0},{"not_picked":["Acrobatics","Slice","Outmaneuver"],"picked":"SKIP","floor":46.0},{"not_picked":["Setup","Underhanded Strike"],"picked":"Backflip+1","floor":47.0},{"not_picked":["Masterful Stab","Outmaneuver"],"picked":"Tools of the Trade+1","floor":55.0}],"player_experience":5301844,"relics_obtained":[{"floor":7.0,"key":"Tough Bandages"},{"floor":9.0,"key":"Kunai"},{"floor":21.0,"key":"Red Mask"},{"floor":24.0,"key":"Frozen Egg 2"},{"floor":26.0,"key":"Centennial Puzzle"},{"floor":28.0,"key":"Oddly Smooth Stone"},{"floor":37.0,"key":"Bottled Tornado"},{"floor":45.0,"key":"Vajra"},{"floor":55.0,"key":"Pocketwatch"}],"event_choices":[{"damage_healed":0.0,"max_hp_gain":0.0,"max_hp_loss":0.0,"gold_gain":0.0,"event_name":"Scrap Ooze","player_choice":"Success","floor":4.0,"gold_loss":0.0,"damage_taken":11.0,"relics_obtained":["Bag of Marbles"]},{"damage_healed":0.0,"max_hp_gain":5.0,"max_hp_loss":0.0,"gold_gain":0.0,"event_name":"Big Fish","player_choice":"Donut","floor":10.0,"gold_loss":0.0,"damage_taken":0.0},{"damage_healed":0.0,"max_hp_gain":0.0,"max_hp_loss":0.0,"gold_gain":0.0,"event_name":"Vampires","player_choice":"Ignored","floor":19.0,"gold_loss":0.0,"damage_taken":0.0},{"cards_removed":["Strike_G"],"damage_healed":0.0,"max_hp_gain":0.0,"max_hp_loss":0.0,"gold_gain":0.0,"event_name":"Beggar","player_choice":"Gave Gold","floor":20.0,"gold_loss":75.0,"damage_taken":0.0},{"damage_healed":0.0,"max_hp_gain":0.0,"max_hp_loss":0.0,"gold_gain":0.0,"event_name":"Masked Bandits","player_choice":"Fought Bandits","floor":21.0,"gold_loss":0.0,"damage_taken":0.0},{"cards_removed":["Strike_G"],"damage_healed":0.0,"max_hp_gain":0.0,"max_hp_loss":0.0,"gold_gain":0.0,"event_name":"Falling","player_choice":"Removed Attack","floor":38.0,"gold_loss":0.0,"damage_taken":0.0},{"damage_healed":0.0,"max_hp_gain":0.0,"max_hp_loss":0.0,"gold_gain":0.0,"event_name":"Mysterious Sphere","player_choice":"Ignored","floor":48.0,"gold_loss":0.0,"damage_taken":0.0}],"is_beta":false,"boss_relics":[{"not_picked":["Snecko Eye","Sozu"],"picked":"Ring of the Serpent"},{"not_picked":["Empty Cage","Velvet Choker"],"picked":"SlaversCollar"}],"items_purged_floors":[36],"is_endless":false,"potions_floor_spawned":[1,2,7,8,12,18,25,33,39,41,44,55],"ascension_level":20}}