{"host":"yecadp3kwkksam5a","time":1612530735,"event":{"mods":["100% Spire Juice","Arknights","BaseMod","Minty Spire (QoL Compilation)","StSLib","SuperFastMode","The Cursed","WarShipGirlsR/??á´Ò³R mod"],"gold_per_floor":[112,122,135,145,165,190,190,190,214,234,159,4,24,24,24,24,24],"floor_reached":16,"language":"KOR","playtime":420,"items_purged":["Strike_R"],"score":277,"play_id":"aa7d5c5e-d9b9-4e23-8dc9-cebcfb5f9d2c","local_time":"20210205221215","is_ascension_mode":true,"campfire_choices":[{"floor":7.0,"key":"REST"},{"data":"True Grit","floor":15,"key":"SMITH"}],"circlet_count":0,"master_deck":["AscendersBane","Strike_R","Strike_R","Strike_R","Defend_R","Defend_R","Defend_R","Defend_R","Bash","Exhume","Pommel Strike","Dropkick","True Grit+1","Anger","Seeing Red","Feel No Pain","Dropkick","Ghostly Armor"],"relics":["Burning Blood","Potion Belt","Ancient Tea Set"],"acts_visited":["Exordium"],"potions_floor_usage":[],"damage_taken":[{"damage":2.0,"enemies":"2 Louse","floor":1.0,"turns":4.0},{"damage":7.0,"enemies":"Jaw Worm","floor":2.0,"turns":5.0},{"damage":1.0,"enemies":"Small Slimes","floor":3.0,"turns":4.0},{"damage":25.0,"enemies":"Exordium Thugs","floor":4.0,"turns":5.0},{"damage":21.0,"enemies":"Red Slaver","floor":5.0,"turns":5.0},{"damage":39.0,"enemies":"Lagavulin","floor":6.0,"turns":10.0},{"damage":17.0,"enemies":"3 Louse","floor":10.0,"turns":4.0},{"damage":7.0,"enemies":"Looter","floor":13.0,"turns":4.0},{"damage":38,"enemies":"Slime Boss","floor":16,"turns":3}],"seed_played":"1235830098307673822","potions_obtained":[{"floor":1.0,"key":"Block Potion"},{"floor":3.0,"key":"BlessingOfTheForge"}],"is_trial":false,"path_per_floor":["M","M","M","M","M","E","R","?","T","M","?","$","M","?","R","B"],"character_chosen":"IRONCLAD","items_purchased":["Dropkick"],"campfire_rested":1,"item_purchase_floors":[12],"current_hp_per_floor":[72,71,75,56,41,8,30,35,35,24,24,24,23,23,23,0,0],"gold":24,"neow_bonus":"ONE_RANDOM_RARE_CARD","is_daily":false,"chose_seed":false,"campfire_upgraded":1,"win_rate":0.0,"timestamp":1612530735,"path_taken":["M","M","M","M","M","E","R","?","T","M","?","?","M","?","R","BOSS"],"items_purchased_type":["Card"],"build_version":"2020-12-22","purchased_purges":1,"victory":false,"max_hp_per_floor":[75,75,75,75,75,75,75,80,80,80,80,80,80,80,80,80,80],"card_choices":[{"not_picked":["Reckless Charge","Flame Barrier"],"picked":"Pommel Strike","floor":1.0},{"not_picked":["Armaments","Metallicize"],"picked":"Dropkick","floor":2.0},{"not_picked":["Pummel","Cleave"],"picked":"True Grit","floor":3.0},{"not_picked":["Wild Strike","Sever Soul"],"picked":"Anger","floor":4.0},{"not_picked":["Flame Barrier","Sword Boomerang"],"picked":"Seeing Red","floor":5.0},{"not_picked":["Havoc","Limit Break"],"picked":"Feel No Pain","floor":6.0},{"not_picked":["Clash","Inflame","True Grit"],"picked":"SKIP","floor":10.0},{"not_picked":["Pommel Strike","Flex","Iron Wave"],"picked":"SKIP","floor":13.0}],"player_experience":600248,"relics_obtained":[{"floor":6.0,"key":"Potion Belt"},{"floor":9.0,"key":"Ancient Tea Set"}],"event_choices":[{"damage_healed":0.0,"max_hp_gain":5.0,"max_hp_loss":0.0,"gold_gain":0.0,"event_name":"Big Fish","player_choice":"Donut","floor":8.0,"gold_loss":0.0,"damage_taken":0.0},{"cards_removed":["Strike_R"],"damage_healed":0.0,"max_hp_gain":0.0,"max_hp_loss":0.0,"gold_gain":0.0,"event_name":"The Cleric","player_choice":"Card Removal","floor":11.0,"gold_loss":75.0,"damage_taken":0.0},{"damage_healed":0,"gold_gain":0,"player_choice":"1 cards matched","damage_taken":0,"max_hp_gain":0,"max_hp_loss":0,"event_name":"Match and Keep!","floor":14,"gold_loss":0,"cards_obtained":["Ghostly Armor"]}],"is_beta":false,"boss_relics":[],"items_purged_floors":[12],"is_endless":false,"potions_floor_spawned":[1,3,4],"killed_by":"Slime Boss","ascension_level":16}}