{"host":"p8f0otjoacyb9giz","time":1612568165,"event":{"mods":["AchievementEnabler","BaseMod","Downfall","Minty Spire (QoL Compilation)","StSLib"],"gold_per_floor":[99,118,118,132,146,146,146,46,73,89,89,74,109,209,226,326,326,226,246,263,173,193,93,93,78,78,94,114,459,459,195,215,312,312,312,332,332,342,342,342,342,353,386,400,300,326,338,350,380,392,404,447,57,57,57,57],"floor_reached":57,"language":"ENG","playtime":2536,"items_purged":["bronze:Defend","bronze:Strike"],"score":1671,"play_id":"13ba4e8a-de0b-44bf-9110-0725bbad7717","local_time":"20210206023605","is_ascension_mode":true,"campfire_choices":[{"data":"bronze:Goto","floor":1.0,"key":"SMITH"},{"data":"bronze:Constructor","floor":8.0,"key":"SMITH"},{"floor":18.0,"key":"RECALL"},{"data":"bronze:Iterate","floor":23.0,"key":"SMITH"},{"data":"bronze:Return","floor":26.0,"key":"SMITH"},{"data":"bronze:Terminator","floor":30.0,"key":"SMITH"},{"data":"bronze:Iterate","floor":35.0,"key":"SMITH"},{"floor":47.0,"key":"REST"},{"floor":54.0,"key":"REST"}],"circlet_count":0,"master_deck":["bronze:Strike","bronze:Strike+1","bronze:Defend","bronze:Defend+1","bronze:Defend","bronze:Goto+1","bronze:Return+1","bronze:Constructor+1","bronze:ForceShield","bronze:Fortify","bronze:FunctionCard","bronze:Iterate+1","bronze:Terminator+1","bronze:Separator","bronze:Iterate+1","bronze:OilSpill+1","bronze:WildBeam+1","bronze:Separator","bronze:Flail","bronze:Shell+1","bronze:AlphaBuild","bronze:HardenedForm+1","expansioncontent:InvincibleStrength+1","bronze:Shell"],"relics":["Velvet Choker","Akabeko","downfall:HeartBlessingBlue","Frozen Egg 2","Singing Bowl","Empty Cage","downfall:HeartBlessingGreen","downfall:HeartBlessingRed","Question Card","Kunai","bronze:ElectromagneticCoil","Bronze Scales","Dream Catcher","MawBank","bronze:ProtectiveGoggles","Guardian:BottledAnomaly","Vajra"],"acts_visited":["Exordium","TheCity","TheBeyond","TheEnding"],"potions_floor_usage":[],"damage_taken":[{"damage":0.0,"enemies":"2 Louse","floor":2.0,"turns":2.0},{"damage":0.0,"enemies":"Jaw Worm","floor":4.0,"turns":3.0},{"damage":1.0,"enemies":"Small Slimes","floor":5.0,"turns":3.0},{"damage":5.0,"enemies":"3 Sentries","floor":9.0,"turns":9.0},{"damage":0.0,"enemies":"2 Fungi Beasts","floor":10.0,"turns":4.0},{"damage":0.0,"enemies":"downfall:FleeingMerchant","floor":12.0,"turns":4.0},{"damage":7.0,"enemies":"Lagavulin","floor":13.0,"turns":6.0},{"damage":0.0,"enemies":"3 Louse","floor":15.0,"turns":2.0},{"damage":1.0,"enemies":"WA_ARCHETYPE_RETAIN","floor":16.0,"turns":8.0},{"damage":38.0,"enemies":"Chosen","floor":19.0,"turns":8.0},{"damage":0.0,"enemies":"Spheric Guardian","floor":20.0,"turns":4.0},{"damage":0.0,"enemies":"downfall:FleeingMerchant","floor":21.0,"turns":4.0},{"damage":0.0,"enemies":"Snecko","floor":22.0,"turns":5.0},{"damage":8.0,"enemies":"downfall:FleeingMerchant","floor":25.0,"turns":4.0},{"damage":0.0,"enemies":"Centurion and Healer","floor":27.0,"turns":6.0},{"damage":0.0,"enemies":"Chosen and Byrds","floor":28.0,"turns":6.0},{"damage":0.0,"enemies":"downfall:FleeingMerchant","floor":29.0,"turns":2.0},{"damage":11.0,"enemies":"Shelled Parasite and Fungi","floor":32.0,"turns":4.0},{"damage":13.0,"enemies":"DF_ARCHETYPE_CLAW","floor":33.0,"turns":7.0},{"damage":0.0,"enemies":"3 Darklings","floor":36.0,"turns":9.0},{"damage":1.0,"enemies":"Orb Walker","floor":38.0,"turns":4.0},{"damage":18.0,"enemies":"Spire Growth","floor":42.0,"turns":3.0},{"damage":32.0,"enemies":"Nemesis","floor":43.0,"turns":6.0},{"damage":13.0,"enemies":"3 Darklings","floor":44.0,"turns":5.0},{"damage":0.0,"enemies":"Giant Head","floor":46.0,"turns":1.0},{"damage":9.0,"enemies":"Jaw Worm Horde","floor":49.0,"turns":5.0},{"damage":23.0,"enemies":"IC_BLOCK_ARCHETYPE","floor":50.0,"turns":4.0},{"damage":62.0,"enemies":"downfall:CharBossMerchant","floor":52.0,"turns":13.0},{"damage":22.0,"enemies":"downfall:NeowBoss","floor":55.0,"turns":13.0},{"damage":0,"enemies":"downfall:NeowBossFinal","floor":56,"turns":1}],"seed_played":"-4171930993501522957","potions_obtained":[{"floor":2.0,"key":"Energy Potion"},{"floor":9.0,"key":"LiquidMemories"},{"floor":10.0,"key":"LiquidMemories"},{"floor":13.0,"key":"champ:CounterPotion"},{"floor":16.0,"key":"SkillPotion"},{"floor":22.0,"key":"Dexterity Potion"},{"floor":28.0,"key":"LiquidMemories"},{"floor":38.0,"key":"SteroidPotion"},{"floor":42.0,"key":"Guardian:BlockOnCardUsePotion"},{"floor":46.0,"key":"BlessingOfTheForge"},{"floor":52.0,"key":"LiquidBronze"}],"is_trial":false,"path_per_floor":["R","M","?","M","M","?","T","R","E","M","?","$","E","?","M","B",null,"R","M","M","$","M","R","T","$","R","M","M","$","R","$","M","B",null,"R","M","?","M","?","$","T","M","E","M","$","E","R","?","M","B",null,"E","$","R","B","B",null],"character_chosen":"THE_AUTOMATON","items_purchased":["Kunai","bronze:Iterate","Guardian:BottledAnomaly","Vajra","expansioncontent:InvincibleStrength"],"campfire_rested":2,"item_purchase_floors":[31,31,53,53,53],"current_hp_per_floor":[63,63,63,63,62,37,37,47,42,42,42,42,35,35,35,34,69,69,33,35,35,37,37,37,31,31,33,33,33,33,33,24,13,74,74,74,74,73,73,73,73,55,23,10,10,12,42,42,35,12,78,16,16,46,24,24],"gold":57,"neow_bonus":"BOSS_RELIC","is_daily":false,"chose_seed":false,"campfire_upgraded":6,"win_rate":0.0,"timestamp":1612568165,"path_taken":["R","M","?","M","M","?","T","R","E","M","?","$","E","?","M","BOSS","R","M","M","$","M","R","T","$","R","M","M","?","R","$","M","BOSS","R","M","?","M","?","$","T","M","E","?","$","E","R","?","M","BOSS","E","$","R","BOSS","BOSS"],"items_purchased_type":["Relic","Card","Relic","Relic","Card"],"build_version":"2020-12-22","purchased_purges":2,"victory":true,"max_hp_per_floor":[70,70,70,70,70,70,70,80,80,80,80,80,80,80,80,80,80,80,82,84,84,86,86,86,88,88,90,90,90,90,90,92,94,94,94,94,94,94,94,94,94,94,94,94,94,96,98,98,100,100,100,100,100,100,100,100],"card_choices":[{"not_picked":["bronze:GetLatest","bronze:Invalidate"],"picked":"bronze:Return","floor":2.0},{"not_picked":["bronze:ItsAFeature","bronze:BuggyMess"],"picked":"bronze:Constructor","floor":4.0},{"not_picked":["bronze:FollowUp","bronze:DelayedGuard","bronze:Branch"],"picked":"SKIP","floor":5.0},{"not_picked":["bronze:FollowUp","bronze:Return"],"picked":"bronze:ForceShield","floor":9.0},{"not_picked":["bronze:Overload","bronze:NullPointer"],"picked":"bronze:Fortify","floor":10.0},{"not_picked":["bronze:OilSpill","bronze:Invalidate","bronze:DelayedSlice"],"picked":"SKIP","floor":12.0},{"not_picked":["bronze:Repulsor+1","bronze:ShipIt"],"picked":"bronze:Philosophize","floor":13.0},{"not_picked":["bronze:BronzeOrb","bronze:Return"],"picked":"bronze:Frontload","floor":15.0},{"not_picked":["bronze:BurnOut","bronze:InfiniteLoop"],"picked":"bronze:Hardcode+1","floor":16.0},{"not_picked":["bronze:GetLatest","bronze:DelayedGuard","bronze:DelayedSlice"],"picked":"Singing Bowl","floor":19.0},{"not_picked":["bronze:Turbo","bronze:DelayedGuard+1","bronze:GetLatest"],"picked":"Singing Bowl","floor":20.0},{"not_picked":["bronze:BitShift","bronze:BuggyMess"],"picked":"bronze:Iterate","floor":21.0},{"not_picked":["bronze:BitShift","bronze:Boost","bronze:BugBarrage"],"picked":"Singing Bowl","floor":22.0},{"not_picked":["bronze:SpaghettiCode","bronze:Repair+1","bronze:OilSpill","bronze:DelayedGuard"],"picked":"Singing Bowl","floor":25.0},{"not_picked":["bronze:WhirlingStrike","bronze:CutThrough","bronze:GetLatest","bronze:OilSpill"],"picked":"Singing Bowl","floor":27.0},{"not_picked":["bronze:Frontload","bronze:Deprecate","bronze:Branch"],"picked":"bronze:Terminator","floor":28.0},{"not_picked":["bronze:DarkDash","bronze:Branch","bronze:DelayedSlice"],"picked":"bronze:Separator","floor":29.0},{"not_picked":["bronze:ChildClass","bronze:ForceShield+1","bronze:Branch","bronze:Overheat+1"],"picked":"Singing Bowl","floor":32.0},{"not_picked":["bronze:AlphaBuild","bronze:InfiniteLoop","bronze:Format","bronze:Virus"],"picked":"Singing Bowl","floor":33.0},{"not_picked":["bronze:Turbo","bronze:Branch+1","bronze:Deprecate+1"],"picked":"bronze:OilSpill+1","floor":36.0},{"not_picked":["bronze:WhirlingStrike+1","bronze:ChosenStrike","bronze:Turbo+1"],"picked":"bronze:WildBeam+1","floor":38.0},{"not_picked":["bronze:Branch","bronze:DelayedSlice+1","bronze:BuggyMess"],"picked":"bronze:Separator","floor":42.0},{"not_picked":["bronze:SpaghettiCode","bronze:Iterate","bronze:Refactor+1"],"picked":"bronze:Flail","floor":43.0},{"not_picked":["bronze:BitShift","bronze:Optimize+1","bronze:Separator+1"],"picked":"bronze:Shell+1","floor":44.0},{"not_picked":["bronze:Safeguard","bronze:Allocate+1","bronze:WhirlingStrike+1","bronze:BugBarrage"],"picked":"Singing Bowl","floor":46.0},{"not_picked":["bronze:Repulsor+1","bronze:DelayedGuard+1","bronze:Shield","bronze:CutThrough"],"picked":"Singing Bowl","floor":47.0},{"not_picked":["bronze:InfiniteBeams+1","bronze:CutThrough","bronze:Refactor","bronze:Philosophize"],"picked":"Singing Bowl","floor":49.0},{"not_picked":["bronze:ForceShield","bronze:Turbo+1","bronze:MaxOutput+1"],"picked":"bronze:HardenedForm+1","floor":52.0},{"not_picked":["bronze:Turbo","bronze:Invalidate+1","bronze:DelayedGuard+1"],"picked":"bronze:Shell","floor":54.0}],"player_experience":442789,"relics_obtained":[{"floor":9.0,"key":"Frozen Egg 2"},{"floor":13.0,"key":"Singing Bowl"},{"floor":24.0,"key":"Question Card"},{"floor":41.0,"key":"Bronze Scales"},{"floor":43.0,"key":"Dream Catcher"},{"floor":46.0,"key":"MawBank"},{"floor":52.0,"key":"bronze:ProtectiveGoggles"}],"event_choices":[{"damage_healed":0.0,"max_hp_gain":0.0,"max_hp_loss":0.0,"gold_gain":0.0,"event_name":"Scrap Ooze","player_choice":"Success","floor":6.0,"gold_loss":0.0,"damage_taken":25.0,"relics_obtained":["Akabeko"]},{"damage_healed":0.0,"max_hp_gain":0.0,"max_hp_loss":0.0,"gold_gain":0.0,"event_name":"Mysterious Sphere","player_choice":"Ignored","floor":37.0,"gold_loss":0.0,"damage_taken":0.0}],"is_beta":false,"boss_relics":[{"not_picked":["Black Star","Busted Crown"],"picked":"Empty Cage"},{"not_picked":["Coffee Dripper","SacredBark"],"picked":"bronze:ElectromagneticCoil"}],"items_purged_floors":[21,45],"is_endless":false,"potions_floor_spawned":[2,9,10,13,15,16,22,27,28,38,42,46,52],"ascension_level":6}}