{"host":"eaiphzh066bwqdh7","time":1612486011,"event":{"mods":["BaseMod","Better Note","Halation","Hubris","Minty Spire (QoL Compilation)","Reliquary","Replay The Spire","StSLib"],"gold_per_floor":[117,117,117,132,143,172,191,191,191,191,42,42,68,68,68,170,170,183,14,25,36,36,36],"floor_reached":22,"language":"ENG","playtime":854,"items_purged":["Strike_P"],"score":212,"play_id":"7d5228c5-7947-47ca-981f-0c342cdf8afc","local_time":"20210204194651","is_ascension_mode":true,"campfire_choices":[{"floor":8,"key":"REST"},{"floor":10,"key":"REST"},{"floor":12,"key":"REST"},{"floor":15,"key":"REST"}],"circlet_count":0,"master_deck":["Defend_P","Defend_P+1","Eruption","Vigilance","ConjureBlade","Prostrate","PathToVictory","DeusExMachina","Study+1","Vault+1","Sickly","Decay","Prostrate+1","ReplayTheSpireMod:Brewmster","Prostrate+1","PathToVictory+1"],"relics":["PureWater","reliquary:Knoch","Toxic Egg 2","Odd Mushroom","Kintsugi"],"acts_visited":["Exordium","TheCity"],"potions_floor_usage":[6,6,7,18,20,20,21,21,21,21,21,21,21],"damage_taken":[{"damage":0,"enemies":"Small Slimes","floor":1,"turns":3},{"damage":2,"enemies":"Jaw Worm","floor":4,"turns":3},{"damage":3,"enemies":"Cultist","floor":5,"turns":3},{"damage":42,"enemies":"Gremlin Nob","floor":6,"turns":4},{"damage":9,"enemies":"Blue Slaver","floor":7,"turns":3},{"damage":24,"enemies":"The Mushroom Lair","floor":13,"turns":5},{"damage":20,"enemies":"Fading Forest","floor":16,"turns":11},{"damage":20,"enemies":"Shell Parasite","floor":18,"turns":5},{"damage":21,"enemies":"Chosen","floor":20,"turns":7},{"damage":20,"enemies":"Snecko","floor":21,"turns":5},{"damage":35,"enemies":"Chosen and Byrds","floor":22,"turns":6}],"seed_played":"6969332019018554894","potions_obtained":[{"floor":3,"key":"Explosive Potion"},{"floor":3,"key":"Weak Potion"},{"floor":3,"key":"DuplicationPotion"},{"floor":6,"key":"Adrenaline Potion"},{"floor":16,"key":"Regen Potion"}],"is_trial":false,"path_per_floor":["M","?","?","M","M","E","M","R","T","R","$","R","?","?","R","B",null,"M","$","M","M","M"],"character_chosen":"WATCHER","items_purchased":["Study","ReplayTheSpireMod:Brewmster"],"campfire_rested":4,"item_purchase_floors":[11,19],"current_hp_per_floor":[72,72,72,70,67,25,16,37,37,58,58,72,48,34,55,43,72,52,52,31,23,0,0],"gold":36,"neow_bonus":"ONE_RANDOM_RARE_CARD","is_daily":false,"chose_seed":false,"campfire_upgraded":0,"win_rate":0.0,"timestamp":1612486011,"path_taken":["M","?","?","M","?","E","M","R","T","R","$","R","?","?","R","BOSS","M","$","M","M","M"],"items_purchased_type":["Card","Card"],"build_version":"2020-12-22","purchased_purges":1,"victory":false,"max_hp_per_floor":[72,72,72,72,72,72,72,72,72,72,72,72,72,72,72,72,72,72,72,72,72,72,72],"card_choices":[{"not_picked":["EmptyBody","Replay:DivineShield","Replay:ManipulateFuture"],"picked":"SKIP","floor":1},{"not_picked":["FearNoEvil","Replay:AtTheReady"],"picked":"Prostrate","floor":4},{"not_picked":["CutThroughFate","Vengeance"],"picked":"PathToVictory","floor":5},{"not_picked":["Replay:ManipulateFuture","FlyingSleeves"],"picked":"DeusExMachina","floor":6},{"not_picked":["Vengeance","Replay:ManipulateFuture","SashWhip"],"picked":"SKIP","floor":7},{"not_picked":["SpiritShield+1","ConjureBlade+1"],"picked":"Vault+1","floor":16},{"not_picked":["Replay:AtTheReady+1","DeceiveReality+1"],"picked":"Prostrate+1","floor":18},{"not_picked":["EmptyMind+1","Conclude"],"picked":"Prostrate+1","floor":20},{"not_picked":["BowlingBash","CarveReality"],"picked":"PathToVictory+1","floor":21}],"player_experience":250321,"relics_obtained":[{"floor":6,"key":"reliquary:Knoch"},{"floor":9,"key":"Toxic Egg 2"},{"floor":13,"key":"Odd Mushroom"}],"event_choices":[{"damage_healed":0,"gold_gain":0,"player_choice":"Got Potions","damage_taken":0,"max_hp_gain":0,"max_hp_loss":0,"event_name":"Lab","floor":3,"gold_loss":0},{"damage_healed":0,"gold_gain":0,"player_choice":"Fought Mushrooms","damage_taken":0,"max_hp_gain":0,"max_hp_loss":0,"event_name":"Mushrooms","floor":13,"gold_loss":0},{"damage_healed":0,"gold_gain":0,"player_choice":"Entered Light","damage_taken":14,"max_hp_gain":0,"max_hp_loss":0,"event_name":"Shining Light","floor":14,"gold_loss":0,"cards_upgraded":["Defend_P","Study"]}],"is_beta":false,"boss_relics":[{"not_picked":["halation:HeavySnake","Replay:Drink Me"],"picked":"Kintsugi"}],"items_purged_floors":[11],"is_endless":false,"potions_floor_spawned":[4,6,16,20],"killed_by":"Chosen and Byrds","ascension_level":3}}