{"host":"tpad8qsc9e0g0pa5","time":1612504017,"event":{"mods":["BaseMod","Minty Spire (QoL Compilation)","Quick Restart","StSLib","The Cursed"],"gold_per_floor":[115,115,65,78,3,3,34,86,86,113,113,113,33,44,44,44,44],"floor_reached":16,"language":"ZHS","playtime":547,"items_purged":["Strike_G"],"score":139,"play_id":"0e057f01-1605-4ce9-ad60-9d39bfe5d03c","local_time":"20210205134657","is_ascension_mode":true,"campfire_choices":[{"data":"Calculated Gamble","floor":6,"key":"SMITH"},{"floor":11,"key":"REST"},{"data":"Malaise","floor":15,"key":"SMITH"}],"circlet_count":0,"master_deck":["Strike_G+1","Strike_G","Strike_G+1","Defend_G","Defend_G","Defend_G","Defend_G","Defend_G","Survivor","Neutralize","Calculated Gamble+1","Acrobatics","PiercingWail","Malaise+1","PiercingWail"],"relics":["Ring of the Snake","NeowsBlessing","Blue Candle","Toy Ornithopter","Shuriken","Odd Mushroom","Pantograph"],"acts_visited":["Exordium"],"potions_floor_usage":[10,16,16],"damage_taken":[{"damage":0,"enemies":"Small Slimes","floor":1,"turns":1},{"damage":0,"enemies":"Jaw Worm","floor":4,"turns":1},{"damage":0,"enemies":"3 Sentries","floor":7,"turns":1},{"damage":22,"enemies":"The Mushroom Lair","floor":10,"turns":6},{"damage":0,"enemies":"2 Louse","floor":14,"turns":2},{"damage":83,"enemies":"Hexaghost","floor":16,"turns":21}],"seed_played":"536976294099676451","potions_obtained":[{"floor":1,"key":"SpeedPotion"},{"floor":10,"key":"Fire Potion"},{"floor":14,"key":"Fire Potion"}],"is_trial":false,"path_per_floor":["M","?","?","M","$","R","E","T","T","?","R","?","$","M","R","B"],"character_chosen":"THE_SILENT","items_purchased":["Malaise"],"campfire_rested":1,"item_purchase_floors":[13],"current_hp_per_floor":[70,56,56,56,56,56,56,56,56,39,60,57,57,57,57,0,0],"gold":44,"neow_bonus":"THREE_ENEMY_KILL","is_daily":false,"chose_seed":false,"campfire_upgraded":2,"win_rate":0.0,"timestamp":1612504017,"path_taken":["M","?","?","M","$","R","E","?","T","?","R","?","?","M","R","BOSS"],"items_purchased_type":["Card"],"build_version":"2020-12-22","purchased_purges":1,"victory":false,"max_hp_per_floor":[70,70,70,70,70,70,70,70,70,70,70,70,70,70,70,70,70],"card_choices":[{"not_picked":["Endless Agony","Slice"],"picked":"Calculated Gamble","floor":1},{"not_picked":["Bane","Poisoned Stab"],"picked":"Acrobatics","floor":4},{"not_picked":["Noxious Fumes","Poisoned Stab","Distraction"],"picked":"SKIP","floor":7},{"not_picked":["Dagger Throw","Bouncing Flask"],"picked":"PiercingWail","floor":10},{"not_picked":["Outmaneuver","Prepared"],"picked":"PiercingWail","floor":14}],"player_experience":250185,"relics_obtained":[{"floor":7,"key":"Blue Candle"},{"floor":8,"key":"Toy Ornithopter"},{"floor":9,"key":"Shuriken"},{"floor":10,"key":"Odd Mushroom"}],"event_choices":[{"damage_healed":0,"gold_gain":0,"player_choice":"Entered Light","damage_taken":14,"max_hp_gain":0,"max_hp_loss":0,"event_name":"Shining Light","floor":2,"gold_loss":0,"cards_upgraded":["Strike_G","Strike_G"]},{"cards_removed":["Strike_G"],"damage_healed":0,"gold_gain":0,"player_choice":"Card Removal","damage_taken":0,"max_hp_gain":0,"max_hp_loss":0,"event_name":"The Cleric","floor":3,"gold_loss":50},{"damage_healed":0,"gold_gain":0,"player_choice":"Fought Mushrooms","damage_taken":0,"max_hp_gain":0,"max_hp_loss":0,"event_name":"Mushrooms","floor":10,"gold_loss":0},{"damage_healed":0,"gold_gain":0,"player_choice":"Success","damage_taken":3,"relics_obtained":["Pantograph"],"max_hp_gain":0,"max_hp_loss":0,"event_name":"Scrap Ooze","floor":12,"gold_loss":0}],"is_beta":false,"boss_relics":[],"items_purged_floors":[5],"is_endless":false,"potions_floor_spawned":[1,10,14],"killed_by":"Hexaghost","ascension_level":3}}