{"host":"jqa9y4qkalbx8qgz","time":1612531537,"event":{"mods":["Act Like it!","BaseMod","BetterRewards","Downfall","Gensokyo","Marisa????????","Minty Spire (QoL Compilation)","Permanent Neow","Relic Stats","Replay The Spire","StSLib","Wandering Minibosses"],"gold_per_floor":[109,128,128,141,151,180,196,230,230,230,250,250,250,275,275,406,406,431,431,133,158,38,77,77,615,615,650,111,111,111,144,144,274,274,293,313,313,6,6,6,42,42,89,132,150,191,212,256,256,256,256,256,17,58,58],"floor_reached":56,"language":"ENG","playtime":3643,"items_purged":["Strike_G","Defend_G"],"score":2125,"play_id":"81bbf9fd-1688-486b-b252-69c1512cee46","local_time":"20210205162537","is_ascension_mode":true,"campfire_choices":[{"data":"Blade Dance","floor":12,"key":"SMITH"},{"data":"Catalyst","floor":15,"key":"SMITH"},{"data":"Envenom","floor":24,"key":"SMITH"},{"data":"Adrenaline","floor":29,"key":"SMITH"},{"floor":32,"key":"REST"},{"data":"Cloak And Dagger","floor":40,"key":"SMITH"},{"floor":42,"key":"RECALL"},{"data":"Adrenaline","floor":49,"key":"SMITH"},{"data":"After Image","floor":49,"key":"SMITH"},{"floor":52,"key":"DIG"}],"circlet_count":0,"master_deck":["Defend_G","Defend_G","Defend_G","Defend_G","Catalyst+1","Deflect+1","Poisoned Stab","Noxious Fumes","PiercingWail","After Image+1","Blade Dance+1","Envenom+1","Leap","Beam Cell","Backflip","Cloak And Dagger+1","Corpse Explosion","Blade Dance","Adrenaline+1","Flying Knee","Blade Dance+1","PiercingWail","Venomology","Adrenaline+1","Tactician+1","Catalyst+1","Gensokyo:MenInBlack","Blade Dance","Prepared+1","Dodge and Roll+1","Backflip+1","Footwork+1","Acrobatics+1","Bullet Time+1","Fluid Movement+1","ReplayTheSpireMod:Speed Training+1","Apotheosis+1","ReplayTheSpireMod:Necrogeddon+1","Panache+1","Cloak And Dagger+1"],"relics":["Ring of the Snake","Snake Skull","OrangePellets","Quantum Egg","Shovel","Art of War","Tough Bandages","Replay:Rubber Ducky","Golden Idol","Replay:Drink Me","Medical Kit","Gensokyo:FoxMask","Dream Catcher","Shuriken","Prayer Wheel","Anchor","Bronze Scales","Golden Egg","Incense Burner","bronze:MakeshiftBattery","Membership Card","Ornamental Fan","Orichalcum","Bottled Flame","ReplayTheSpireMod:Lightbulb","Replay:Arrowhead","Slimebound:PreparedRelic","Mummified Hand","ReplayTheSpireMod:ShopPack","Blood Vial"],"acts_visited":["Exordium","Exordium","Gensokyo:Gensokyoer","TheEnding"],"potions_floor_usage":[8,21,27,31,33,46,47,48,50,54,55,55],"damage_taken":[{"damage":0,"enemies":"Jaw Worm","floor":1,"turns":7},{"damage":1,"enemies":"2 Louse","floor":2,"turns":2},{"damage":0,"enemies":"Small Slimes","floor":4,"turns":4},{"damage":0,"enemies":"2 Fungi Beasts","floor":5,"turns":4},{"damage":12,"enemies":"Lagavulin","floor":6,"turns":6},{"damage":0,"enemies":"3 Louse","floor":7,"turns":4},{"damage":0,"enemies":"Gremlin Nob","floor":8,"turns":2},{"damage":0,"enemies":"Large Slime","floor":11,"turns":5},{"damage":0,"enemies":"Gremlin Gang","floor":14,"turns":5},{"damage":0,"enemies":"Hexaghost","floor":16,"turns":6},{"damage":0,"enemies":"Gensokyo:2_Gloops","floor":18,"turns":4},{"damage":0,"enemies":"Gensokyo:3_Dogs","floor":21,"turns":8},{"damage":8,"enemies":"Gensokyo:Koishi","floor":23,"turns":6},{"damage":6,"enemies":"Gensokyo:Reisen","floor":25,"turns":7},{"damage":16,"enemies":"Gensokyo:Tenshi","floor":27,"turns":3},{"damage":1,"enemies":"Gensokyo:Reisen","floor":31,"turns":4},{"damage":0,"enemies":"Gensokyo:Kaguya","floor":33,"turns":7},{"damage":0,"enemies":"Gensokyo:3_Boulders","floor":35,"turns":2},{"damage":0,"enemies":"Gensokyo:AncientGuardian","floor":36,"turns":2},{"damage":1,"enemies":"Gensokyo:Doremy","floor":41,"turns":3},{"damage":1,"enemies":"Gensokyo:Kasen","floor":44,"turns":4},{"damage":0,"enemies":"Gensokyo:3_Boulders","floor":45,"turns":3},{"damage":0,"enemies":"Gensokyo:Doremy","floor":46,"turns":2},{"damage":0,"enemies":"Gensokyo:AtlasGolem","floor":47,"turns":3},{"damage":0,"enemies":"Gensokyo:Marisa","floor":48,"turns":4},{"damage":0,"enemies":"Gensokyo:Scarlet_Devils","floor":50,"turns":8},{"damage":0,"enemies":"Shield and Spear","floor":54,"turns":3},{"damage":0,"enemies":"The Heart","floor":55,"turns":4}],"seed_played":"-3950365570877621086","potions_obtained":[{"floor":2,"key":"SkillPotion"},{"floor":4,"key":"SpeedPotion"},{"floor":6,"key":"Venom Potion"},{"floor":11,"key":"GamblersBrew"},{"floor":21,"key":"hexamod:SoulburnPotion"},{"floor":36,"key":"Strength Potion"},{"floor":47,"key":"Dexterity Potion"}],"is_trial":false,"path_per_floor":["M","M","?","M","M","E","M","E","T","?","M","R","?","M","R","B",null,"M","?","COS","M","?","E","R","E","T","E","$","R","?","E","R","B",null,"M","M","?","$","?","R","E","R","T","E","M","E","M","E","R","B",null,"R","$","E","B",null],"character_chosen":"THE_SILENT","items_purchased":["Snake Skull","Catalyst","OrangePellets","Quantum Egg","Deflect+1","Golden Egg","Specialist","Tactician","Catalyst","Membership Card","Ornamental Fan","Acrobatics","Mummified Hand","ReplayTheSpireMod:ShopPack"],"campfire_rested":1,"item_purchase_floors":[0,0,0,0,0,28,28,28,28,38,38,38,53,53],"current_hp_per_floor":[36,35,28,28,28,16,16,16,16,16,16,16,16,16,16,16,49,49,49,49,49,49,41,41,35,35,19,19,19,19,18,31,31,45,45,45,45,45,39,39,38,38,38,37,41,41,41,41,41,41,45,45,45,45,45],"gold":58,"neow_bonus":"","is_daily":false,"chose_seed":false,"campfire_upgraded":7,"win_rate":0.0,"timestamp":1612531537,"path_taken":["M","M","?","M","M","E","M","E","T","?","?","R","?","M","R","BOSS","M","?","COS","M","?","E","R","E","T","E","$","R","?","E","R","BOSS","M","M","?","$","?","R","E","R","T","E","?","E","?","E","R","BOSS","R","$","E","BOSS"],"items_purchased_type":["Relic","Card","Relic","Relic","Card","Relic","Card","Card","Card","Relic","Relic","Card","Relic","Relic"],"build_version":"2020-12-22","purchased_purges":2,"victory":true,"max_hp_per_floor":[70,70,70,70,70,70,70,70,70,70,70,70,65,65,65,65,49,49,49,49,49,49,49,49,49,49,49,49,49,45,45,45,45,45,45,45,45,45,45,45,45,45,45,45,45,45,45,45,45,45,45,45,45,45,45],"relic_stats":{"counters":[156,776],"Golden Idol":206,"Snake Skull":[336],"Orichalcum":[0],"Medical Kit":[5],"Blood Vial":2,"OrangePellets":[20],"Tough Bandages":[120],"Dream Catcher":1,"Shovel":1,"Shuriken":[62],"Ornamental Fan":[212],"Mummified Hand":[12],"Bronze Scales":[487],"Prayer Wheel":4,"Art of War":[37],"obtain_stats":[{"TwistedFunnel":65,"Golden Egg":28,"downfall:HeartBlessingGreen":9,"Whetstone":8,"Ginger":41,"Bottled Tornado":43,"Boot":30,"m_GuardianBlood":65,"Blood Vial":3,"MealTicket":42,"Necronomicon":19,"Replay:Bottled Flurry":12,"Replay:Wax Seal":6,"Runic Cube":66,"Tingsha":41,"Eternal Feather":26,"Pen Nib":43,"ReplayTheSpireMod:SealedPack":51,"Guardian:PocketSentry":7,"infinitespire:EvilPickle":33,"Snecko Scales":34,"Pandora\u0027s Box":34,"Gensokyo:FoxMask":22,"hexamod:SoulConsumer":65,"Kintsugi":68,"Unceasing Top":0,"Abe\u0027s Treasure":17,"Solar Panel":65,"Regal Pillow":43,"Lantern":60,"Singing Bowl":26,"Torii":0,"Blue Doll":28,"Painkiller Herb":66,"Bag of Preparation":38,"Ancient Tea Set":12,"Cursed Key":51,"Smiling Mask":36,"Replay:Rubber Ducky":52,"Shovel":0,"WristBlade":41,"Replay:M_SmolderingBlood":65,"Toolbox":11,"WingedGreaves":65,"Chemical X":45,"Ring of Panic":65,"Ring of the Snake":0,"Potion Belt":23,"Lee\u0027s Waffle":31,"downfall:HeartBlessingRed":9,"The Specimen":66,"Golden Idol":3,"Circlet":54,"Thread and Needle":0,"PreservedInsect":37,"Omamori":26,"Ring of Greed":36,"MawBank":45,"Replay:Arrowhead":41,"Ornamental Fan":48,"Orrery":72,"Garlic":14,"Art of War":9,"Bottled Lightning":10,"ReplayTheSpireMod:Onyx Gauntlets":65,"ReplayTheSpireMod:Lightbulb":23,"Toy Ornithopter":0,"Ice Cream":74,"Gremlin Horn":14,"CeramicFish":0,"Vajra":9,"HoveringKite":34,"Centennial Puzzle":25,"Lizard Tail":65,"Strawberry":23,"Philosopher\u0027s Stone":17,"Prayer Wheel":38,"Toxic Egg 2":7,"Byrd Skull":8,"Happy Flower":9,"wanderingMiniBosses:ThiefScarf":35,"Ring of Hypnosis":44,"Replay:Grab Bag":51,"Oddly Smooth Stone":46,"infinitespire:Beetle Shell":40,"Ring of Chaos":36,"War Paint":46,"Du-Vu Doll":39,"OrangePellets":0,"Bottled Flame":44,"ReplayTheSpireMod:Shallot":65,"Shuriken":27,"Brimstone":65,"Bronze Scales":7,"Molten Egg 2":28,"Slimebound:PreparedRelic":52,"Black Star":34,"infinitespire:EmpoweringShard":65,"Grinning Jar":65,"bronze:MakeshiftBattery":34,"Pocketwatch":0,"ReplayFunnel":23,"Snecko Heart":65,"SacredBark":85,"Enchiridion":66,"Mango":41,"Snake Skull":0,"Incense Burner":11,"Sizzling Blood":65,"Replay:Mystery Machine":7,"Empty Cage":17,"ClockworkSouvenir":0,"Frozen Eye":23,"Nunchaku":36,"Tough Bandages":8,"Dream Catcher":23,"Chameleon Ring":65,"CCEMRelics:OldTooth":27,"Mummified Hand":53,"Pantograph":62,"infinitespire:MutagenicDexterity":66,"Gambling Chip":0,"Red Mask":24,"infinitespire:Chaos":65,"Replay:Drink Me":17,"Gremlin Food":41,"ReplayTheSpireMod:Ninjato":87,"infinitespire:CursedDice":65,"Guide Book":31,"Quantum Egg":0,"infinitespire:EmptyRelic":65,"Orichalcum":78,"Medical Kit":20,"Mercury Hourglass":46,"Peace Pipe":37,"Calling Bell":65,"DataDisk":65,"CaptainsWheel":77,"Pondfish Scales":80,"Anchor":26,"Coffee Dripper":17,"Bag of Marbles":46,"Membership Card":38,"TungstenRod":25,"FossilizedHelix":0,"ReplayTheSpireMod:ShopPack":0},{"TwistedFunnel":88,"Golden Egg":143,"downfall:HeartBlessingGreen":5,"Whetstone":61,"Ginger":124,"Bottled Tornado":54,"Boot":70,"m_GuardianBlood":88,"Blood Vial":1,"MealTicket":78,"Necronomicon":43,"Replay:Bottled Flurry":108,"Replay:Wax Seal":60,"Runic Cube":88,"Tingsha":53,"Eternal Feather":115,"Pen Nib":30,"ReplayTheSpireMod:SealedPack":81,"Guardian:PocketSentry":4,"infinitespire:EvilPickle":72,"Snecko Scales":50,"Pandora\u0027s Box":72,"Gensokyo:FoxMask":140,"hexamod:SoulConsumer":88,"Kintsugi":89,"Unceasing Top":34,"Abe\u0027s Treasure":63,"Solar Panel":88,"Regal Pillow":78,"Lantern":86,"Singing Bowl":46,"Torii":56,"Blue Doll":24,"Painkiller Herb":88,"Bag of Preparation":52,"Ancient Tea Set":40,"Cursed Key":81,"Smiling Mask":121,"Replay:Rubber Ducky":55,"Shovel":128,"WristBlade":53,"Replay:M_SmolderingBlood":88,"Toolbox":61,"WingedGreaves":88,"Chemical X":54,"Ring of Panic":88,"Ring of the Snake":0,"Potion Belt":45,"Lee\u0027s Waffle":25,"downfall:HeartBlessingRed":5,"The Specimen":88,"Golden Idol":58,"Circlet":83,"Thread and Needle":34,"PreservedInsect":51,"Omamori":23,"Ring of Greed":121,"MawBank":79,"Replay:Arrowhead":54,"Ornamental Fan":33,"Orrery":91,"Garlic":17,"Art of War":105,"Bottled Lightning":6,"ReplayTheSpireMod:Onyx Gauntlets":88,"ReplayTheSpireMod:Lightbulb":114,"Toy Ornithopter":56,"Ice Cream":93,"Gremlin Horn":109,"CeramicFish":102,"Vajra":15,"HoveringKite":120,"Centennial Puzzle":23,"Lizard Tail":88,"Strawberry":22,"Philosopher\u0027s Stone":42,"Prayer Wheel":52,"Toxic Egg 2":15,"Byrd Skull":5,"Happy Flower":39,"wanderingMiniBosses:ThiefScarf":51,"Ring of Hypnosis":54,"Replay:Grab Bag":81,"Oddly Smooth Stone":54,"infinitespire:Beetle Shell":77,"Ring of Chaos":121,"War Paint":32,"Du-Vu Doll":123,"OrangePellets":128,"Bottled Flame":149,"ReplayTheSpireMod:Shallot":88,"Shuriken":47,"Brimstone":88,"Bronze Scales":105,"Molten Egg 2":69,"Slimebound:PreparedRelic":154,"Black Star":26,"infinitespire:EmpoweringShard":88,"Grinning Jar":88,"bronze:MakeshiftBattery":145,"Pocketwatch":56,"ReplayFunnel":66,"Snecko Heart":88,"SacredBark":100,"Enchiridion":88,"Mango":29,"Snake Skull":128,"Incense Burner":61,"Sizzling Blood":88,"Replay:Mystery Machine":39,"Empty Cage":110,"ClockworkSouvenir":102,"Frozen Eye":140,"Nunchaku":51,"Tough Bandages":135,"Dream Catcher":141,"Chameleon Ring":88,"CCEMRelics:OldTooth":116,"Mummified Hand":154,"Pantograph":87,"infinitespire:MutagenicDexterity":88,"Gambling Chip":102,"Red Mask":115,"infinitespire:Chaos":88,"Replay:Drink Me":138,"Gremlin Food":29,"ReplayTheSpireMod:Ninjato":101,"infinitespire:CursedDice":88,"Guide Book":119,"Quantum Egg":128,"infinitespire:EmptyRelic":88,"Orichalcum":95,"Medical Kit":139,"Mercury Hourglass":55,"Peace Pipe":51,"Calling Bell":88,"DataDisk":88,"CaptainsWheel":94,"Pondfish Scales":97,"Anchor":142,"Coffee Dripper":18,"Bag of Marbles":32,"Membership Card":147,"TungstenRod":46,"FossilizedHelix":102,"ReplayTheSpireMod:ShopPack":56},{"TwistedFunnel":505,"Golden Egg":727,"downfall:HeartBlessingGreen":29,"Whetstone":352,"Ginger":639,"Bottled Tornado":318,"Boot":414,"m_GuardianBlood":505,"Blood Vial":6,"MealTicket":456,"Necronomicon":250,"Replay:Bottled Flurry":561,"Replay:Wax Seal":344,"Runic Cube":505,"Tingsha":314,"Eternal Feather":601,"Pen Nib":161,"ReplayTheSpireMod:SealedPack":486,"Guardian:PocketSentry":20,"infinitespire:EvilPickle":428,"Snecko Scales":296,"Pandora\u0027s Box":428,"Gensokyo:FoxMask":711,"hexamod:SoulConsumer":505,"Kintsugi":508,"Unceasing Top":197,"Abe\u0027s Treasure":368,"Solar Panel":505,"Regal Pillow":456,"Lantern":497,"Singing Bowl":269,"Torii":328,"Blue Doll":119,"Painkiller Herb":505,"Bag of Preparation":308,"Ancient Tea Set":233,"Cursed Key":486,"Smiling Mask":630,"Replay:Rubber Ducky":322,"Shovel":654,"WristBlade":314,"Replay:M_SmolderingBlood":505,"Toolbox":352,"WingedGreaves":505,"Chemical X":318,"Ring of Panic":505,"Ring of the Snake":0,"Potion Belt":261,"Lee\u0027s Waffle":124,"downfall:HeartBlessingRed":29,"The Specimen":505,"Golden Idol":337,"Circlet":489,"Thread and Needle":197,"PreservedInsect":303,"Omamori":115,"Ring of Greed":630,"MawBank":464,"Replay:Arrowhead":318,"Ornamental Fan":183,"Orrery":512,"Garlic":84,"Art of War":549,"Bottled Lightning":33,"ReplayTheSpireMod:Onyx Gauntlets":505,"ReplayTheSpireMod:Lightbulb":597,"Toy Ornithopter":328,"Ice Cream":518,"Gremlin Horn":564,"CeramicFish":536,"Vajra":77,"HoveringKite":627,"Centennial Puzzle":115,"Lizard Tail":505,"Strawberry":110,"Philosopher\u0027s Stone":246,"Prayer Wheel":308,"Toxic Egg 2":77,"Byrd Skull":29,"Happy Flower":224,"wanderingMiniBosses:ThiefScarf":303,"Ring of Hypnosis":318,"Replay:Grab Bag":486,"Oddly Smooth Stone":318,"infinitespire:Beetle Shell":448,"Ring of Chaos":630,"War Paint":174,"Du-Vu Doll":636,"OrangePellets":654,"Bottled Flame":749,"ReplayTheSpireMod:Shallot":505,"Shuriken":276,"Brimstone":505,"Bronze Scales":549,"Molten Egg 2":408,"Slimebound:PreparedRelic":769,"Black Star":135,"infinitespire:EmpoweringShard":505,"Grinning Jar":505,"bronze:MakeshiftBattery":738,"Pocketwatch":328,"ReplayFunnel":384,"Snecko Heart":505,"SacredBark":534,"Enchiridion":505,"Mango":153,"Snake Skull":654,"Incense Burner":352,"Sizzling Blood":505,"Replay:Mystery Machine":224,"Empty Cage":575,"ClockworkSouvenir":536,"Frozen Eye":711,"Nunchaku":303,"Tough Bandages":683,"Dream Catcher":712,"Chameleon Ring":505,"CCEMRelics:OldTooth":606,"Mummified Hand":769,"Pantograph":503,"infinitespire:MutagenicDexterity":505,"Gambling Chip":536,"Red Mask":601,"infinitespire:Chaos":505,"Replay:Drink Me":699,"Gremlin Food":153,"ReplayTheSpireMod:Ninjato":536,"infinitespire:CursedDice":505,"Guide Book":620,"Quantum Egg":654,"infinitespire:EmptyRelic":505,"Orichalcum":522,"Medical Kit":703,"Mercury Hourglass":322,"Peace Pipe":303,"Calling Bell":505,"DataDisk":505,"CaptainsWheel":520,"Pondfish Scales":526,"Anchor":724,"Coffee Dripper":93,"Bag of Marbles":174,"Membership Card":742,"TungstenRod":269,"FossilizedHelix":536,"ReplayTheSpireMod:ShopPack":328}],"Ring of the Snake":[282]},"card_choices":[{"not_picked":["Sneak Up","Slice"],"picked":"Poisoned Stab","floor":1},{"not_picked":["Deflect","Acrobatics"],"picked":"Backstab","floor":2},{"not_picked":["Dagger Throw","Infinite Blades"],"picked":"Noxious Fumes","floor":4},{"not_picked":["Dagger Spray","Acrobatics"],"picked":"PiercingWail","floor":5},{"not_picked":["Terror","Prepared"],"picked":"After Image","floor":6},{"not_picked":["Masterful Stab","Hidden Blade"],"picked":"Blade Dance","floor":7},{"not_picked":["Prepared","Distraction"],"picked":"Envenom","floor":8},{"not_picked":["Hidden Blade","Slice"],"picked":"Backflip","floor":11},{"not_picked":["Backflip","ReplayTheSpireMod:Scrap Shanks"],"picked":"Cloak And Dagger","floor":14},{"not_picked":["Unload","Tools of the Trade"],"picked":"Corpse Explosion","floor":16},{"not_picked":["Bane","Deflect"],"picked":"Blade Dance","floor":18},{"not_picked":["Hidden Blade","Masterful Stab"],"picked":"Flying Knee","floor":21},{"not_picked":["Deflect","ReplayTheSpireMod:Exploit Weakness"],"picked":"Blade Dance+1","floor":23},{"not_picked":["Grand Finale","A Thousand Cuts"],"picked":"PiercingWail","floor":25},{"not_picked":["Night Terror","Tools of the Trade"],"picked":"Venomology","floor":25},{"not_picked":["Distraction","Calculated Gamble"],"picked":"Adrenaline","floor":27},{"not_picked":["Gensokyo:MonkeysPaw","Gensokyo:Kunekune"],"picked":"Gensokyo:MenInBlack","floor":30},{"not_picked":["Cloak And Dagger","Skewer"],"picked":"Blade Dance","floor":31},{"not_picked":["Terror","Cloak And Dagger"],"picked":"Prepared+1","floor":32},{"not_picked":["Sneak Up","Reflex+1"],"picked":"Dodge and Roll+1","floor":35},{"not_picked":["Tactician","Slice"],"picked":"Backflip+1","floor":35},{"not_picked":["ReplayTheSpireMod:Scrap Shanks","Skewer+1"],"picked":"Footwork+1","floor":36},{"not_picked":["Slice+1","Hidden Blade","Blade Dance"],"picked":"SKIP","floor":36},{"not_picked":["Backflip","Dagger Throw+1","Unload"],"picked":"SKIP","floor":41},{"not_picked":["Blur+1","Slice+1"],"picked":"Bullet Time","floor":44},{"not_picked":["Underhanded Strike","Dagger Spray+1"],"picked":"Fluid Movement+1","floor":45},{"not_picked":["Blade Dance+1","Acrobatics","Bane"],"picked":"SKIP","floor":45},{"not_picked":["Sucker Punch+1","Setup"],"picked":"ReplayTheSpireMod:Speed Training+1","floor":46},{"not_picked":["PiercingWail","Deadly Poison","Backflip"],"picked":"SKIP","floor":47},{"not_picked":["ReplayTheSpireMod:Exploit Weakness","Deflect+1","Phantasmal Killer"],"picked":"SKIP","floor":47},{"not_picked":["ReplayTheSpireMod:Exploit Weakness+1","Bane+1","Backflip"],"picked":"SKIP","floor":48},{"not_picked":["Blind","Mind Blast"],"picked":"Apotheosis","floor":53},{"not_picked":["Good Instincts","Replay:Parry"],"picked":"ReplayTheSpireMod:Necrogeddon","floor":53},{"not_picked":["Mayhem","Secret Weapon"],"picked":"Panache","floor":53},{"not_picked":["Underhanded Strike","ReplayTheSpireMod:Exploit Weakness+1"],"picked":"Cloak And Dagger+1","floor":54}],"player_experience":354650,"relics_obtained":[{"floor":6,"key":"Art of War"},{"floor":8,"key":"Tough Bandages"},{"floor":9,"key":"Replay:Rubber Ducky"},{"floor":23,"key":"Shuriken"},{"floor":25,"key":"Prayer Wheel"},{"floor":26,"key":"Anchor"},{"floor":27,"key":"Bronze Scales"},{"floor":31,"key":"Incense Burner"},{"floor":41,"key":"Orichalcum"},{"floor":44,"key":"Bottled Flame"},{"floor":46,"key":"ReplayTheSpireMod:Lightbulb"},{"floor":48,"key":"Replay:Arrowhead"},{"floor":52,"key":"Slimebound:PreparedRelic"},{"floor":54,"key":"Blood Vial"}],"event_choices":[{"cards_removed":["Strike_G"],"damage_healed":0,"gold_gain":0,"player_choice":"Card Removal","damage_taken":7,"max_hp_gain":0,"max_hp_loss":0,"event_name":"Golden Wing","floor":3,"gold_loss":0},{"damage_healed":0,"gold_gain":0,"player_choice":"Lose Max HP","damage_taken":0,"relics_obtained":["Golden Idol"],"max_hp_gain":0,"max_hp_loss":5,"event_name":"Golden Idol","floor":13,"gold_loss":0}],"is_beta":false,"boss_relics":[{"not_picked":["Snecko Scales","Kintsugi"],"picked":"Replay:Drink Me"},{"not_picked":["Busted Crown","Sozu"],"picked":"bronze:MakeshiftBattery"}],"items_purged_floors":[28,53],"is_endless":false,"potions_floor_spawned":[2,4,6,11,21,36,47,54],"ascension_level":1}}