{"host":"xt3o4iokwksypl90","time":1612549389,"event":{"mods":["AchievementEnabler","BaseMod","Googly Eyes","Highlight Path","Minty Spire (QoL Compilation)","Permanent Neow"],"gold_per_floor":[112,126,126,4,4,38,51,86,86,86,98,131,145,158,158,256,256,276,289,1,1,1,35,35,60,87,87,113,133,143,155,155,155,155],"floor_reached":33,"language":"ENG","playtime":1656,"items_purged":["Regret"],"score":584,"play_id":"e6fbd704-dc95-4bc9-9469-d6c1b14166c0","local_time":"20210205192309","is_ascension_mode":true,"campfire_choices":[{"floor":10.0,"key":"REST"},{"data":"Juggernaut","floor":15.0,"key":"SMITH"},{"floor":24.0,"key":"REST"},{"floor":27.0,"key":"REST"},{"floor":32.0,"key":"REST"}],"circlet_count":0,"master_deck":["AscendersBane","Strike_R+1","Strike_R+1","Strike_R+1","Strike_R+1","Defend_R+1","Defend_R+1","Defend_R+1","Bash","Clothesline","Ghostly Armor","Wild Strike","Shrug It Off","Twin Strike","Juggernaut+1","Demon Form","Dual Wield","Master of Strategy","Clothesline","Feel No Pain","Ghostly Armor"],"relics":["Busted Crown","Lantern","Charon\u0027s Ashes","FossilizedHelix","Blue Candle","Mercury Hourglass","Mummified Hand","Empty Cage","InkBottle","Juzu Bracelet","Art of War","Girya"],"acts_visited":["Exordium","TheCity"],"potions_floor_usage":[],"damage_taken":[{"damage":4.0,"enemies":"Jaw Worm","floor":1.0,"turns":3.0},{"damage":3.0,"enemies":"2 Louse","floor":2.0,"turns":3.0},{"damage":40.0,"enemies":"3 Sentries","floor":6.0,"turns":8.0},{"damage":0.0,"enemies":"Cultist","floor":7.0,"turns":2.0},{"damage":0.0,"enemies":"Gremlin Nob","floor":8.0,"turns":3.0},{"damage":0.0,"enemies":"Blue Slaver","floor":11.0,"turns":2.0},{"damage":0.0,"enemies":"3 Sentries","floor":12.0,"turns":5.0},{"damage":0.0,"enemies":"Looter","floor":13.0,"turns":2.0},{"damage":0.0,"enemies":"2 Fungi Beasts","floor":14.0,"turns":2.0},{"damage":19.0,"enemies":"The Guardian","floor":16.0,"turns":9.0},{"damage":0.0,"enemies":"Chosen","floor":18.0,"turns":3.0},{"damage":11.0,"enemies":"Shell Parasite","floor":19.0,"turns":4.0},{"damage":21.0,"enemies":"Gremlin Leader","floor":23.0,"turns":5.0},{"damage":23.0,"enemies":"Slavers","floor":25.0,"turns":4.0},{"damage":20.0,"enemies":"Gremlin Leader","floor":28.0,"turns":5.0},{"damage":9.0,"enemies":"Centurion and Healer","floor":29.0,"turns":5.0},{"damage":0.0,"enemies":"Cultist and Chosen","floor":30.0,"turns":6.0},{"damage":0.0,"enemies":"Snake Plant","floor":31.0,"turns":4.0},{"damage":26,"enemies":"Automaton","floor":33,"turns":6}],"seed_played":"6850450218769555658","potions_obtained":[{"floor":1.0,"key":"Swift Potion"},{"floor":8.0,"key":"Weak Potion"},{"floor":12.0,"key":"Weak Potion"},{"floor":16.0,"key":"Block Potion"},{"floor":25.0,"key":"EssenceOfSteel"},{"floor":28.0,"key":"AttackPotion"},{"floor":30.0,"key":"Weak Potion"}],"is_trial":false,"path_per_floor":["M","M","?","$","?","E","M","E","T","R","M","E","M","M","R","B",null,"M","M","$","?","?","E","R","E","T","R","E","M","M","M","R","B"],"character_chosen":"IRONCLAD","items_purchased":["Clothesline","Master of Strategy","Clothesline","Feel No Pain"],"campfire_rested":4,"item_purchase_floors":[4,20,20,20],"current_hp_per_floor":[68,65,65,65,53,13,13,13,13,37,37,37,37,37,37,18,65,65,54,54,39,39,18,43,20,20,45,25,16,16,16,41,15,15],"gold":155,"neow_bonus":"BOSS_RELIC","is_daily":false,"chose_seed":false,"campfire_upgraded":1,"win_rate":0.0,"timestamp":1612549389,"path_taken":["M","M","?","$","?","E","M","E","T","R","M","E","?","M","R","BOSS","M","M","$","?","?","E","R","E","T","R","E","M","M","M","R","BOSS"],"items_purchased_type":["Card","Card","Card","Card"],"build_version":"2020-12-22","purchased_purges":1,"victory":false,"max_hp_per_floor":[80,80,80,80,80,80,80,80,80,80,80,80,80,80,80,80,80,80,80,80,85,85,85,85,85,85,85,85,85,85,85,85,85,85],"card_choices":[{"not_picked":["Reckless Charge"],"picked":"SKIP","floor":1.0},{"not_picked":["Warcry"],"picked":"SKIP","floor":2.0},{"not_picked":["Anger"],"picked":"SKIP","floor":6.0},{"not_picked":[],"picked":"Ghostly Armor","floor":7.0},{"not_picked":[],"picked":"Wild Strike","floor":8.0},{"not_picked":[],"picked":"Shrug It Off","floor":11.0},{"not_picked":[],"picked":"Twin Strike","floor":12.0},{"not_picked":[],"picked":"Juggernaut","floor":13.0},{"not_picked":["Seeing Red"],"picked":"SKIP","floor":14.0},{"not_picked":[],"picked":"Demon Form","floor":16.0},{"not_picked":["Thunderclap"],"picked":"SKIP","floor":18.0},{"not_picked":[],"picked":"Dual Wield","floor":19.0},{"not_picked":["Thunderclap+1"],"picked":"SKIP","floor":23.0},{"not_picked":["Spot Weakness"],"picked":"SKIP","floor":25.0},{"not_picked":[],"picked":"Ghostly Armor","floor":28.0},{"not_picked":["Headbutt"],"picked":"SKIP","floor":29.0},{"not_picked":["Spot Weakness"],"picked":"SKIP","floor":30.0},{"not_picked":["Wild Strike+1"],"picked":"SKIP","floor":31.0}],"player_experience":338559,"relics_obtained":[{"floor":6.0,"key":"FossilizedHelix"},{"floor":8.0,"key":"Blue Candle"},{"floor":9.0,"key":"Mercury Hourglass"},{"floor":12.0,"key":"Mummified Hand"},{"floor":23.0,"key":"InkBottle"},{"floor":25.0,"key":"Juzu Bracelet"},{"floor":26.0,"key":"Art of War"},{"floor":28.0,"key":"Girya"}],"event_choices":[{"damage_healed":0.0,"max_hp_gain":0.0,"max_hp_loss":0.0,"gold_gain":0.0,"event_name":"Big Fish","player_choice":"Box","floor":3.0,"gold_loss":0.0,"damage_taken":0.0,"relics_obtained":["Lantern"],"cards_obtained":["Regret"]},{"damage_healed":0.0,"max_hp_gain":0.0,"max_hp_loss":0.0,"gold_gain":0.0,"event_name":"Scrap Ooze","player_choice":"Success","floor":5.0,"gold_loss":0.0,"damage_taken":12.0,"relics_obtained":["Charon\u0027s Ashes"]},{"damage_healed":0.0,"max_hp_gain":5.0,"max_hp_loss":0.0,"gold_gain":0.0,"event_name":"Forgotten Altar","player_choice":"Shed Blood","floor":21.0,"gold_loss":0.0,"damage_taken":20.0},{"damage_healed":0.0,"max_hp_gain":0.0,"max_hp_loss":0.0,"gold_gain":0.0,"event_name":"Back to Basics","player_choice":"Simplicity","floor":22.0,"gold_loss":0.0,"damage_taken":0.0,"cards_upgraded":["Strike_R","Strike_R","Strike_R","Strike_R","Defend_R","Defend_R","Defend_R"]}],"is_beta":false,"boss_relics":[{"not_picked":["Calling Bell","SlaversCollar"],"picked":"Empty Cage"}],"items_purged_floors":[4],"is_endless":false,"potions_floor_spawned":[1,8,12,16,25,28,30],"killed_by":"Automaton","ascension_level":11}}