{"host":"sav7uxregyirlf69","time":1612538095,"event":{"mods":["AchievementEnabler","BaseMod","Colored Map","DeckTracker","Keyboard Shortcuts","Minty Spire (QoL Compilation)","READ ME - Guardian Mod","StSLib","SuperFastMode"],"gold_per_floor":[119,119,129,140,140,140,152,171,171,171,182,201,227,237,237,312,312,330,330,330,330,346,381,381,397,397,397,109,159,78,95,95,170,170,185,185,200,200,269,269,269],"floor_reached":40,"language":"KOR","playtime":949,"items_purged":["Strike_G"],"score":816,"play_id":"7255bcaa-8580-41d7-adfe-e203f78cc2cd","local_time":"20210206001455","is_ascension_mode":true,"campfire_choices":[{"data":"Neutralize","floor":6,"key":"SMITH"},{"data":"Cloak And Dagger","floor":10,"key":"SMITH"},{"data":"Flechettes","floor":15,"key":"SMITH"},{"floor":24,"key":"REST"},{"data":"Tactician","floor":32,"key":"SMITH"}],"circlet_count":0,"master_deck":["AscendersBane","Strike_G","Strike_G","Strike_G","Defend_G","Defend_G","Defend_G","Defend_G","Defend_G","Survivor","Neutralize+1","Bandage Up","Cloak And Dagger+1","After Image","Flechettes+1","Predator","Calculated Gamble","Bouncing Flask","Backflip","PiercingWail","Corpse Explosion","Blade Dance","Well Laid Plans","Tactician+1","Acrobatics","CurseOfTheBell"],"relics":["Ring of the Snake","Sundial","Paper Crane","Darkstone Periapt","Busted Crown","Meat on the Bone","Incense Burner","Orrery","Calling Bell","Art of War","StrikeDummy","Unceasing Top","Ornamental Fan"],"acts_visited":["Exordium","TheCity","TheBeyond"],"potions_floor_usage":[13,16,23,23,25,33],"damage_taken":[{"damage":0,"enemies":"2 Louse","floor":1,"turns":2},{"damage":1,"enemies":"Small Slimes","floor":3,"turns":4},{"damage":0,"enemies":"Jaw Worm","floor":4,"turns":7},{"damage":0,"enemies":"Blue Slaver","floor":7,"turns":7},{"damage":0,"enemies":"Looter","floor":8,"turns":4},{"damage":0,"enemies":"Large Slime","floor":11,"turns":5},{"damage":5,"enemies":"3 Louse","floor":12,"turns":5},{"damage":15,"enemies":"Lagavulin","floor":13,"turns":5},{"damage":0,"enemies":"2 Fungi Beasts","floor":14,"turns":4},{"damage":17,"enemies":"Hexaghost","floor":16,"turns":12},{"damage":11,"enemies":"Spheric Guardian","floor":18,"turns":5},{"damage":2,"enemies":"Shell Parasite","floor":22,"turns":6},{"damage":22,"enemies":"Book of Stabbing","floor":23,"turns":6},{"damage":0,"enemies":"3 Cultists","floor":25,"turns":2},{"damage":5,"enemies":"Snake Plant","floor":31,"turns":4},{"damage":42,"enemies":"Champ","floor":33,"turns":16},{"damage":21,"enemies":"Orb Walker","floor":35,"turns":5},{"damage":9,"enemies":"3 Darklings","floor":37,"turns":4},{"damage":46,"enemies":"Nemesis","floor":40,"turns":9}],"seed_played":"7675020776721011682","potions_obtained":[{"floor":3,"key":"Energy Potion"},{"floor":8,"key":"SpeedPotion"},{"floor":11,"key":"LiquidMemories"},{"floor":13,"key":"DistilledChaos"},{"floor":18,"key":"Strength Potion"},{"floor":23,"key":"Explosive Potion"}],"is_trial":false,"path_per_floor":["M","?","M","M","?","R","M","M","T","R","M","M","E","M","R","B",null,"M","?","?","?","M","E","R","M","T","?","$","?","$","M","R","B",null,"M","?","M","?","T","E"],"character_chosen":"THE_SILENT","items_purchased":["Orrery","SteroidPotion","Tactician"],"campfire_rested":1,"item_purchase_floors":[28,28,30],"current_hp_per_floor":[63,28,31,35,35,35,39,43,43,43,47,46,35,39,39,26,56,49,49,31,31,33,15,36,40,40,40,40,40,40,39,39,13,63,46,46,41,41,41,0,0],"gold":269,"neow_bonus":"RANDOM_COLORLESS","is_daily":false,"chose_seed":false,"campfire_upgraded":4,"win_rate":0.0,"timestamp":1612538095,"path_taken":["M","?","M","M","?","R","?","M","T","R","M","M","E","M","R","BOSS","M","?","?","?","M","E","R","M","T","?","$","?","$","M","R","BOSS","M","?","M","?","?","E"],"items_purchased_type":["Relic","Potion","Card"],"build_version":"2020-12-22","purchased_purges":1,"victory":false,"max_hp_per_floor":[66,66,66,66,66,66,66,66,66,66,66,66,66,66,66,66,66,66,66,71,71,71,71,71,71,71,71,71,71,71,71,71,71,77,77,77,77,73,73,73,73],"card_choices":[{"not_picked":["Deep Breath","Purity"],"picked":"Bandage Up","floor":0},{"not_picked":["Outmaneuver","Flying Knee"],"picked":"Cloak And Dagger","floor":1},{"not_picked":["Accuracy","Deflect","Slice"],"picked":"SKIP","floor":3},{"not_picked":["Sucker Punch","PiercingWail"],"picked":"After Image","floor":4},{"not_picked":["PiercingWail","Underhanded Strike"],"picked":"Predator","floor":7},{"not_picked":["Flying Knee","Predator"],"picked":"Calculated Gamble","floor":8},{"not_picked":["Poisoned Stab","Predator"],"picked":"Bouncing Flask","floor":11},{"not_picked":["Predator","Underhanded Strike"],"picked":"Backflip","floor":12},{"not_picked":["Flying Knee","Skewer","Crippling Poison"],"picked":"SKIP","floor":13},{"not_picked":["Underhanded Strike","Dagger Spray"],"picked":"PiercingWail","floor":14},{"not_picked":["Storm of Steel","Envenom"],"picked":"Corpse Explosion","floor":16},{"not_picked":[],"picked":"Blade Dance","floor":18},{"not_picked":["Terror"],"picked":"SKIP","floor":22},{"not_picked":["Dagger Throw"],"picked":"SKIP","floor":23},{"not_picked":["Deflect"],"picked":"SKIP","floor":25},{"not_picked":[],"picked":"Well Laid Plans","floor":28},{"not_picked":[],"picked":"Acrobatics","floor":31},{"not_picked":["Masterful Stab+1"],"picked":"SKIP","floor":35},{"not_picked":["Dagger Spray"],"picked":"SKIP","floor":37}],"player_experience":1497281,"relics_obtained":[{"floor":9,"key":"Paper Crane"},{"floor":13,"key":"Darkstone Periapt"},{"floor":23,"key":"Meat on the Bone"},{"floor":26,"key":"Incense Burner"},{"floor":34,"key":"Art of War"},{"floor":34,"key":"StrikeDummy"},{"floor":34,"key":"Unceasing Top"},{"floor":39,"key":"Ornamental Fan"}],"event_choices":[{"damage_healed":0,"gold_gain":0,"player_choice":"Success","damage_taken":35,"relics_obtained":["Sundial"],"max_hp_gain":0,"max_hp_loss":0,"event_name":"Scrap Ooze","floor":2,"gold_loss":0},{"damage_healed":0,"gold_gain":0,"cards_transformed":["Strike_G"],"player_choice":"Change","damage_taken":0,"max_hp_gain":0,"max_hp_loss":0,"event_name":"Living Wall","floor":5,"gold_loss":0,"cards_obtained":["Flechettes"]},{"damage_healed":0,"gold_gain":0,"player_choice":"Ignored","damage_taken":0,"max_hp_gain":0,"max_hp_loss":0,"event_name":"Vampires","floor":19,"gold_loss":0},{"damage_healed":0,"gold_gain":0,"player_choice":"Shed Blood","damage_taken":23,"max_hp_gain":5,"max_hp_loss":0,"event_name":"Forgotten Altar","floor":20,"gold_loss":0},{"damage_healed":0,"gold_gain":0,"player_choice":"Ignored","damage_taken":0,"max_hp_gain":0,"max_hp_loss":0,"event_name":"Cursed Tome","floor":21,"gold_loss":0},{"damage_healed":0,"gold_gain":0,"player_choice":"Ignored","damage_taken":0,"max_hp_gain":0,"max_hp_loss":0,"event_name":"The Mausoleum","floor":27,"gold_loss":0},{"damage_healed":0,"gold_gain":50,"player_choice":"Stole From Cult","damage_taken":0,"max_hp_gain":0,"max_hp_loss":0,"event_name":"Nest","floor":29,"gold_loss":0},{"damage_healed":0,"gold_gain":0,"player_choice":"Ignored","damage_taken":0,"max_hp_gain":0,"max_hp_loss":0,"event_name":"Tomb of Lord Red Mask","floor":36,"gold_loss":0},{"damage_healed":0,"gold_gain":0,"player_choice":"Max HP","damage_taken":0,"max_hp_gain":0,"max_hp_loss":4,"event_name":"Winding Halls","floor":38,"gold_loss":0}],"is_beta":false,"boss_relics":[{"not_picked":["Ring of the Serpent","Ectoplasm"],"picked":"Busted Crown"},{"not_picked":["WristBlade","SlaversCollar"],"picked":"Calling Bell"}],"items_purged_floors":[28],"is_endless":false,"potions_floor_spawned":[3,8,11,13,14,18,23],"killed_by":"Nemesis","ascension_level":20}}