{"host":"3ghcx3e93lhog3cp","time":1612554795,"event":{"mods":["AchievementEnabler","BaseMod","Downfall","Minty Spire (QoL Compilation)","Replay The Spire","StSLib"],"gold_per_floor":[111,130,130,18,37,72,92,107,107,107,7,7,19,19,19,114,114,130,145,145,145,20,20,56,56,130,230,242,242,257,257,257],"floor_reached":31,"language":"ENG","playtime":1709,"items_purged":["Strike_R","Strike_R","downfall:Bewildered"],"score":293,"play_id":"a15b748c-56d6-4486-ab1a-11008845a983","local_time":"20210205115315","is_ascension_mode":true,"campfire_choices":[{"floor":12,"key":"REST"},{"data":"Havoc","floor":15,"key":"SMITH"},{"floor":23,"key":"REST"},{"floor":25,"key":"REST"},{"floor":29,"key":"REST"}],"circlet_count":0,"master_deck":["Strike_R","Strike_R","Defend_R","Defend_R","Defend_R","Defend_R","Bash","Inflame","ReplayTheSpireMod:Corrosion Curse","Anger+1","Bloodletting","Havoc+1","Demonic Infusion","Thunderclap","Dropkick","Immolate","Warcry","Dark Embrace","Iron Wave+1"],"relics":["Burning Blood","ReplayTheSpireMod:TigerMarble","Replay:Accelerometer","Philosopher\u0027s Stone","sneckomod:BabySnecko","MutagenicStrength","CeramicFish","Mummified Hand"],"acts_visited":["Exordium","TheCity"],"potions_floor_usage":[6,7,8,16],"damage_taken":[{"damage":15.0,"enemies":"2 Louse","floor":1.0,"turns":2.0},{"damage":5.0,"enemies":"Cultist","floor":2.0,"turns":4.0},{"damage":9.0,"enemies":"Small Slimes","floor":5.0,"turns":4.0},{"damage":59,"enemies":"3 Sentries","floor":6,"turns":9},{"damage":4,"enemies":"2 Fungi Beasts","floor":7,"turns":4},{"damage":10,"enemies":"Exordium Wildlife","floor":8,"turns":4},{"damage":10,"enemies":"Blue Slaver","floor":13,"turns":4},{"damage":10,"enemies":"Hexaghost","floor":16,"turns":8},{"damage":3,"enemies":"2 Thieves","floor":18,"turns":1},{"damage":76,"enemies":"3 Byrds","floor":19,"turns":5},{"damage":43,"enemies":"Book of Stabbing","floor":24,"turns":4},{"damage":31,"enemies":"Cultist and Chosen","floor":28,"turns":5},{"damage":30,"enemies":"Snake Plant","floor":30,"turns":4},{"damage":10,"enemies":"Centurion and Healer","floor":31,"turns":1}],"seed_played":"-255584545098109571","potions_obtained":[{"floor":1.0,"key":"Languid Potion"},{"floor":2.0,"key":"Fire Potion"},{"floor":6,"key":"SkillPotion"},{"floor":13,"key":"AttackPotion"},{"floor":30,"key":"Fire Potion"}],"is_trial":false,"path_per_floor":["M","M","?","$","M","E","M","M","T","T","$","R","M","?","R","B",null,"M","M","?","?","$","R","E","R","T","?","M","R","M","M"],"character_chosen":"IRONCLAD","items_purchased":["Anger+1"],"campfire_rested":4,"item_purchase_floors":[4],"current_hp_per_floor":[79,80,72,72,69,16,18,14,14,14,14,40,36,36,36,32,88,88,18,18,18,18,44,7,33,33,33,8,34,10,0,0],"gold":257,"neow_bonus":"TEN_PERCENT_HP_BONUS","is_daily":false,"chose_seed":false,"campfire_upgraded":1,"win_rate":0.0,"timestamp":1612554795,"path_taken":["M","M","?","?","M","E","?","M","T","?","$","R","M","?","R","BOSS","M","M","?","?","$","R","E","R","T","?","M","R","M","M"],"items_purchased_type":["Card"],"build_version":"2020-12-22","purchased_purges":3,"victory":false,"max_hp_per_floor":[88,88,88,88,88,88,88,88,88,88,88,88,88,88,88,88,88,88,88,88,88,88,88,88,88,88,88,88,88,88,88,88],"card_choices":[{"not_picked":["ReplayTheSpireMod:Strike From Hell","Heavy Blade"],"picked":"Inflame","floor":1.0},{"not_picked":["Replay:Undeath\u0027s Touch","Run Through"],"picked":"ReplayTheSpireMod:Corrosion Curse","floor":2.0},{"not_picked":["Wild Strike","Flex"],"picked":"Bloodletting","floor":5},{"not_picked":["Twin Strike","True Grit"],"picked":"Havoc","floor":6},{"not_picked":["Rampage","Havoc"],"picked":"Demonic Infusion","floor":7},{"not_picked":["Carnage","Heavy Blade"],"picked":"Thunderclap","floor":8},{"not_picked":["Clash","Anger"],"picked":"Dropkick","floor":13},{"not_picked":["Bludgeon","Feed"],"picked":"Immolate","floor":16},{"not_picked":["Burning Pact","Rampage"],"picked":"Warcry","floor":18},{"not_picked":["ReplayTheSpireMod:LeadingStrike","Rage"],"picked":"Dark Embrace","floor":19},{"not_picked":["Shrug It Off","Sword Boomerang"],"picked":"Iron Wave+1","floor":24},{"not_picked":["Havoc","Sword Boomerang+1","Spot Weakness"],"picked":"SKIP","floor":28},{"not_picked":["Clash","Pommel Strike+1","Body Slam"],"picked":"SKIP","floor":30}],"player_experience":261704,"relics_obtained":[{"floor":6,"key":"ReplayTheSpireMod:TigerMarble"},{"floor":10,"key":"Replay:Accelerometer"},{"floor":24,"key":"CeramicFish"},{"floor":26,"key":"Mummified Hand"}],"event_choices":[{"damage_healed":0.0,"max_hp_gain":0.0,"max_hp_loss":0.0,"gold_gain":0.0,"event_name":"Wheel of Change","player_choice":"Damaged","floor":3.0,"gold_loss":0.0,"damage_taken":8.0},{"cards_removed":["Strike_R"],"damage_healed":0,"gold_gain":0,"player_choice":"Forget","damage_taken":0,"max_hp_gain":0,"max_hp_loss":0,"event_name":"Living Wall","floor":14,"gold_loss":0},{"damage_healed":0,"gold_gain":0,"player_choice":"Inject Mutagens","damage_taken":0,"relics_obtained":["MutagenicStrength"],"max_hp_gain":0,"max_hp_loss":0,"event_name":"Drug Dealer","floor":21,"gold_loss":0},{"damage_healed":0,"gold_gain":100,"player_choice":"Pray","damage_taken":0,"max_hp_gain":0,"max_hp_loss":0,"event_name":"Golden Shrine","floor":27,"gold_loss":0}],"is_beta":false,"boss_relics":[{"not_picked":["Astrolabe","Black Star"],"picked":"Philosopher\u0027s Stone"}],"items_purged_floors":[4,11,22],"is_endless":false,"potions_floor_spawned":[1,2,6,13,30],"killed_by":"Centurion and Healer","ascension_level":3}}