{"host":"yecadp3kwkksam5a","time":1612532812,"event":{"mods":["100% Spire Juice","Arknights","BaseMod","Minty Spire (QoL Compilation)","StSLib","SuperFastMode","The Cursed","WarShipGirlsR/??á´Ò³R mod"],"gold_per_floor":[112,130,142,152,165,199,224,224,274,274,264,314,37,55,55,55,55],"floor_reached":16,"language":"KOR","playtime":460,"items_purged":[],"score":187,"play_id":"1f582b35-c8d9-47b1-be2a-150c44af8b90","local_time":"20210205224652","is_ascension_mode":true,"campfire_choices":[{"data":"Dark Embrace","floor":8,"key":"SMITH"},{"data":"Bash","floor":10,"key":"SMITH"},{"data":"Armaments","floor":15,"key":"SMITH"}],"circlet_count":0,"master_deck":["AscendersBane","Strike_R","Strike_R","Strike_R","Strike_R","Strike_R","Defend_R","Defend_R","Defend_R","Defend_R","Bash+1","Carnage","Cleave","Dark Embrace+1","Carnage","Dropkick","Inflame","Dropkick","Armaments+1","Dark Embrace+1"],"relics":["Burning Blood","Ancient Tea Set","Odd Mushroom","Potion Belt","Frozen Egg 2"],"acts_visited":["Exordium"],"potions_floor_usage":[7,16],"damage_taken":[{"damage":1.0,"enemies":"Cultist","floor":1.0,"turns":3.0},{"damage":7.0,"enemies":"Small Slimes","floor":2.0,"turns":4.0},{"damage":8.0,"enemies":"2 Louse","floor":3.0,"turns":2.0},{"damage":10.0,"enemies":"Lots of Slimes","floor":4.0,"turns":3.0},{"damage":7.0,"enemies":"2 Fungi Beasts","floor":5.0,"turns":3.0},{"damage":20.0,"enemies":"3 Sentries","floor":6.0,"turns":7.0},{"damage":21,"enemies":"The Mushroom Lair","floor":7,"turns":5},{"damage":20,"enemies":"Exordium Thugs","floor":11,"turns":4},{"damage":7,"enemies":"Gremlin Gang","floor":14,"turns":3},{"damage":51,"enemies":"Hexaghost","floor":16,"turns":9}],"seed_played":"-8370058189851297942","potions_obtained":[{"floor":3.0,"key":"DistilledChaos"},{"floor":4.0,"key":"EssenceOfSteel"},{"floor":7,"key":"Ancient Potion"},{"floor":11,"key":"Strength Potion"},{"floor":14,"key":"FairyPotion"}],"is_trial":false,"path_per_floor":["M","M","M","M","M","E","?","R","T","R","M","?","$","M","R","B"],"character_chosen":"IRONCLAD","items_purchased":["Frozen Egg 2"],"campfire_rested":0,"item_purchase_floors":[13],"current_hp_per_floor":[69,68,66,62,61,47,32,32,32,32,18,18,18,17,17,0,0],"gold":55,"neow_bonus":"TWENTY_PERCENT_HP_BONUS","is_daily":false,"chose_seed":false,"campfire_upgraded":3,"win_rate":0.0,"timestamp":1612532812,"path_taken":["M","M","?","M","M","E","?","R","T","R","M","?","$","?","R","BOSS"],"items_purchased_type":["Relic"],"build_version":"2020-12-22","purchased_purges":0,"victory":false,"max_hp_per_floor":[89,89,89,89,89,89,89,89,89,89,89,89,89,89,89,89,89],"card_choices":[{"not_picked":["Thunderclap","Twin Strike"],"picked":"Carnage","floor":1.0},{"not_picked":["Twin Strike","Anger"],"picked":"Cleave","floor":2.0},{"not_picked":["Heavy Blade","Headbutt"],"picked":"Dark Embrace","floor":3.0},{"not_picked":["Dual Wield","Warcry"],"picked":"Carnage","floor":4.0},{"not_picked":["Rupture","Wild Strike"],"picked":"Dropkick","floor":5.0},{"not_picked":["Limit Break","Clash"],"picked":"Inflame","floor":6.0},{"not_picked":["Twin Strike","Inflame"],"picked":"Dropkick","floor":7},{"not_picked":["Carnage","Wild Strike"],"picked":"Armaments","floor":11},{"not_picked":["Armaments","Flex"],"picked":"Dark Embrace+1","floor":14}],"player_experience":602183,"relics_obtained":[{"floor":6.0,"key":"Ancient Tea Set"},{"floor":7,"key":"Odd Mushroom"},{"floor":9,"key":"Potion Belt"}],"event_choices":[{"damage_healed":0,"gold_gain":0,"player_choice":"Fought Mushrooms","damage_taken":0,"max_hp_gain":0,"max_hp_loss":0,"event_name":"Mushrooms","floor":7,"gold_loss":0},{"damage_healed":0,"gold_gain":50,"player_choice":"Pray","damage_taken":0,"max_hp_gain":0,"max_hp_loss":0,"event_name":"Golden Shrine","floor":12,"gold_loss":0}],"is_beta":false,"boss_relics":[],"items_purged_floors":[],"is_endless":false,"potions_floor_spawned":[3,4,7,11,14],"killed_by":"Hexaghost","ascension_level":16}}