{"host":"usru02jcpe2a942d","time":1612492410,"event":{"mods":["ATMod(°¢èªMod)","Act Like it!","BaseMod","Better Note","Better Vampires","Challenge The Spire","Colored Powertips","Friendly Minions","GifTheSpireLib","Highlight Path","Hubris","Infinite Spire","Jedi Mod","Minty Spire (QoL Compilation)","MostiFishMod","Pale of the Ancients","Quick Restart","Relic Stats","RumiaBox-Â¶Ã×æ«µÄÉñÃØºÐ×Ó","StSLib","The Hayseed","noobMod","¡¾ÒÅÎï¿¨ÅÆ¡¿REMEMod","óô»ðÖ¸ÄÏ"],"gold_per_floor":[117,192,192,260,272,305,305,334,634,648,386,405,535,861,861,1094,1094,1107,1107,1107,1107,1118,286,413,547,547,547,678,678,40,53,53,249,249,264,264,264,264,264,394,30,50,74,208,208,208,221,221,171,271],"floor_reached":51,"language":"ZHS","playtime":2080,"items_purged":["TheSimpletonMod:SlashAndBurn","TheSimpletonMod:ToughenUp","TheSimpletonMod:VineRipen","TheSimpletonMod:BumperCrop","TheSimpletonMod:BumperCrop","TheSimpletonMod:BumperCrop"],"score":1310,"play_id":"68d5bdaa-2eee-443d-b014-8bdf5f0fade4","local_time":"20210205103330","daily_mods":["SealedDeck","Vintage","Heirloom","Time Dilation","Flight","Elite Swarm","Night Terrors"],"is_ascension_mode":false,"campfire_choices":[{"data":"AT_FamilyPortrait","floor":7.0,"key":"SMITH"},{"data":"TheSimpletonMod:LandGrant","floor":15.0,"key":"SMITH"},{"data":"TheSimpletonMod:FanTheFlames","floor":32.0,"key":"SMITH"},{"data":"TheSimpletonMod:DoubleDigging","floor":48,"key":"SMITH"}],"circlet_count":0,"master_deck":["MostiFishMod:UltimateDefense","AT_FamilyPortrait+1","TheSimpletonMod:OnionBloom","TheSimpletonMod:LandGrant+1","TheSimpletonMod:Sunchoke+1","TheSimpletonMod:VolatileFumes","TheSimpletonMod:LandGrant","AT_FamilyPortrait+1","REME_EyeOfCthun+1","TheSimpletonMod:DoubleDigging+1","TheSimpletonMod:FanTheFlames+1","hubris:DuctTapeCard+2","TheSimpletonMod:VolatileFumes","infinitespire:SealOfDarkness+"],"relics":["TheSimpletonMod:SpudOfTheInnocent","TheSimpletonMod:NightSoil","TheSimpletonMod:TheHarvester","DaveBox","ice","REME_ComplimentaryCards","AT_ATBox","SentryEyes","Calipers","Molten Egg 2","SynthV:TestCard","Mango","hubris:DuctTape","AT_RabadonDeathcap","hubris:MysteriousPyramids","AT_TheCollector","Old Coin","Tiny Chest","REME_CardOfGreed","jedi:bottledfury","infinitespire:WardingShard","Ice Cream","hubris:VirtuousBlindfold","Smiling Mask","GodSword1","AT_DeathDance","DollysMirror","Vajra","Turnip","Torii","jedi:purplefairy","Bottled Tornado","hubris:TenFootPole","GodSword5","Whetstone","Thread and Needle","hubris:HerbalPaste","SSSystem","hubris:ScarierMask","AT_TimeSand","Lizard Tail","Kunai","Oddly Smooth Stone","hubris:Potato","Dream Catcher","jedi:arcanewood","SynthV:C4","hubris:Metronome","hubris:TinFlute"],"acts_visited":["Exordium","TheCity","TheBeyond"],"potions_floor_usage":[44,50],"damage_taken":[{"damage":0.0,"enemies":"Jaw Worm","floor":1.0,"turns":2.0},{"damage":0.0,"enemies":"2 Louse","floor":5.0,"turns":1.0},{"damage":0.0,"enemies":"3 Sentries","floor":6.0,"turns":2.0},{"damage":0.0,"enemies":"Gremlin Nob","floor":8.0,"turns":2.0},{"damage":0.0,"enemies":"Cultist","floor":10.0,"turns":3.0},{"damage":0.0,"enemies":"Gremlin Gang","floor":12.0,"turns":1.0},{"damage":0.0,"enemies":"Lagavulin","floor":13.0,"turns":3.0},{"damage":0.0,"enemies":"3 Sentries","floor":14.0,"turns":2.0},{"damage":0.0,"enemies":"The Guardian","floor":16.0,"turns":4.0},{"damage":0.0,"enemies":"Chosen","floor":18.0,"turns":2.0},{"damage":1.0,"enemies":"2 Thieves","floor":22.0,"turns":2.0},{"damage":0.0,"enemies":"Book of Stabbing","floor":24.0,"turns":2.0},{"damage":0.0,"enemies":"Gremlin Leader","floor":25.0,"turns":2.0},{"damage":0.0,"enemies":"Book of Stabbing","floor":28.0,"turns":2.0},{"damage":0.0,"enemies":"Cultist and Chosen","floor":31.0,"turns":1.0},{"damage":11,"enemies":"hubris:MusketHawk","floor":33,"turns":4},{"damage":0,"enemies":"3 Darklings","floor":35,"turns":1},{"damage":0,"enemies":"Reptomancer","floor":40,"turns":2},{"damage":0,"enemies":"3 Shapes","floor":42,"turns":1},{"damage":0,"enemies":"Nightmare","floor":44,"turns":6},{"damage":0,"enemies":"Transient","floor":47,"turns":4},{"damage":9,"enemies":"hubris:GrandSnecko","floor":50,"turns":2}],"seed_played":"-6117042032258700779","potions_obtained":[{"floor":6.0,"key":"ColorlessPotion"},{"floor":13.0,"key":"CultistPotion"},{"floor":14.0,"key":"REME_GoldPotion"},{"floor":16.0,"key":"jedi:mysterypotion"},{"floor":19.0,"key":"LiquidBronze"},{"floor":44,"key":"DuplicationPotion"}],"is_trial":true,"path_per_floor":["M","?","?","T","M","E","R","E","T","M","$","M","E","E","R","B",null,"M","?","T","?","M","R","E","E","T","?","E","T","$","M","R","B",null,"M","AVR","?","?","T","E","$","M","T","NM","?","T","M","R","R","B",null],"character_chosen":"THE_SIMPLETON","items_purchased":["REME_CardOfGreed","TheSimpletonMod:Sunchoke+1","DollysMirror","Vajra","Turnip","REME_EyeOfCthun+1","Whetstone","Thread and Needle","hubris:HerbalPaste","hubris:Potato"],"campfire_rested":0,"item_purchase_floors":[11,11,23,23,23,23,30,30,30,41],"current_hp_per_floor":[75,64,78,78,78,78,78,78,78,78,78,78,81,81,81,81,92,92,92,92,92,91,91,91,91,91,91,91,91,91,91,92,82,92,92,92,92,92,92,92,92,92,92,92,92,92,92,92,92,83],"gold":271,"neow_bonus":"","is_daily":false,"chose_seed":false,"campfire_upgraded":4,"win_rate":0.0,"timestamp":1612492410,"path_taken":["M","?","?","?","?","E","R","E","T","?","?","?","E","E","R","BOSS","M","?","?","?","?","R","E","E","T","?","E","?","?","M","R","BOSS","M","AVR","?","?","?","E","?","?","T","NM","?","?","?","?","R","BOSS"],"items_purchased_type":["Relic","Card","Relic","Relic","Relic","Card","Relic","Relic","Relic","Relic"],"build_version":"2020-12-22","purchased_purges":6,"victory":true,"max_hp_per_floor":[75,75,89,89,89,89,89,89,89,89,89,89,92,92,92,92,92,92,92,92,92,92,92,92,92,92,92,92,92,92,92,92,92,92,92,92,92,92,92,92,92,92,92,92,92,92,92,92,92,92],"relic_stats":{"Lizard Tail":0,"Dream Catcher":0,"Torii":0,"counters":[22,45],"Tiny Chest":4,"Turnip":[1],"Whetstone":["TheSimpletonMod:Fertilaser"],"Kunai":[8],"Smiling Mask":350,"obtain_stats":[{"Ice Cream":14,"AT_ATBox":0,"Calipers":0,"hubris:VirtuousBlindfold":17,"Vajra":23,"SSSystem":31,"ice":0,"AT_TimeSand":35,"jedi:bottledfury":12,"Whetstone":30,"hubris:MysteriousPyramids":6,"Bottled Tornado":26,"Old Coin":9,"TheSimpletonMod:TheHarvester":0,"Lizard Tail":36,"hubris:HerbalPaste":30,"DollysMirror":23,"Kunai":39,"TheSimpletonMod:NightSoil":0,"hubris:TinFlute":47,"AT_RabadonDeathcap":5,"hubris:DuctTape":4,"Oddly Smooth Stone":40,"AT_TheCollector":8,"SentryEyes":0,"Molten Egg 2":1,"hubris:TenFootPole":28,"GodSword5":29,"AT_DeathDance":22,"GodSword1":20,"hubris:Metronome":46,"DaveBox":0,"Torii":24,"Mango":3,"Smiling Mask":18,"SynthV:C4":44,"Dream Catcher":42,"hubris:ScarierMask":34,"Tiny Chest":10,"TheSimpletonMod:SpudOfTheInnocent":0,"jedi:purplefairy":25,"Thread and Needle":30,"SynthV:TestCard":1,"infinitespire:WardingShard":13,"Turnip":23,"REME_CardOfGreed":11,"jedi:arcanewood":43,"hubris:Potato":41,"REME_ComplimentaryCards":0},{"Ice Cream":8,"AT_ATBox":0,"Calipers":0,"hubris:VirtuousBlindfold":9,"Vajra":11,"SSSystem":15,"ice":0,"AT_TimeSand":17,"jedi:bottledfury":6,"Whetstone":14,"hubris:MysteriousPyramids":3,"Bottled Tornado":13,"Old Coin":4,"TheSimpletonMod:TheHarvester":0,"Lizard Tail":17,"hubris:HerbalPaste":14,"DollysMirror":11,"Kunai":17,"TheSimpletonMod:NightSoil":0,"hubris:TinFlute":21,"AT_RabadonDeathcap":2,"hubris:DuctTape":1,"Oddly Smooth Stone":18,"AT_TheCollector":4,"SentryEyes":0,"Molten Egg 2":1,"hubris:TenFootPole":14,"GodSword5":14,"AT_DeathDance":11,"GodSword1":10,"hubris:Metronome":20,"DaveBox":0,"Torii":12,"Mango":1,"Smiling Mask":10,"SynthV:C4":20,"Dream Catcher":19,"hubris:ScarierMask":16,"Tiny Chest":5,"TheSimpletonMod:SpudOfTheInnocent":0,"jedi:purplefairy":13,"Thread and Needle":14,"SynthV:TestCard":1,"infinitespire:WardingShard":7,"Turnip":11,"REME_CardOfGreed":5,"jedi:arcanewood":19,"hubris:Potato":18,"REME_ComplimentaryCards":0},{"Ice Cream":13,"AT_ATBox":0,"Calipers":0,"hubris:VirtuousBlindfold":17,"Vajra":20,"SSSystem":26,"ice":0,"AT_TimeSand":31,"jedi:bottledfury":8,"Whetstone":25,"hubris:MysteriousPyramids":4,"Bottled Tornado":23,"Old Coin":5,"TheSimpletonMod:TheHarvester":0,"Lizard Tail":31,"hubris:HerbalPaste":25,"DollysMirror":20,"Kunai":31,"TheSimpletonMod:NightSoil":0,"hubris:TinFlute":44,"AT_RabadonDeathcap":2,"hubris:DuctTape":1,"Oddly Smooth Stone":33,"AT_TheCollector":5,"SentryEyes":0,"Molten Egg 2":1,"hubris:TenFootPole":25,"GodSword5":25,"AT_DeathDance":20,"GodSword1":19,"hubris:Metronome":40,"DaveBox":0,"Torii":22,"Mango":1,"Smiling Mask":19,"SynthV:C4":40,"Dream Catcher":34,"hubris:ScarierMask":30,"Tiny Chest":7,"TheSimpletonMod:SpudOfTheInnocent":0,"jedi:purplefairy":23,"Thread and Needle":25,"SynthV:TestCard":1,"infinitespire:WardingShard":11,"Turnip":20,"REME_CardOfGreed":7,"jedi:arcanewood":34,"hubris:Potato":33,"REME_ComplimentaryCards":0}]},"card_choices":[{"not_picked":["TheSimpletonMod:BirdFeeder","TheSimpletonMod:SaltTheEarth+1","TheSimpletonMod:TakeHeart","TheSimpletonMod:FanTheFlames"],"picked":"TheSimpletonMod:LandGrant","floor":6.0},{"not_picked":["TheSimpletonMod:ResearchGrant","TheSimpletonMod:CrackOfDawn","TheSimpletonMod:BuzzBomb+1","TheSimpletonMod:ErosionControl","TheSimpletonMod:BirdFeeder"],"picked":"SKIP","floor":8.0},{"not_picked":["TheSimpletonMod:TakeHeart","TheSimpletonMod:DoubleDigging","TheSimpletonMod:CrackOfDawn","TheSimpletonMod:SaltTheEarth+1"],"picked":"TheSimpletonMod:VolatileFumes","floor":13.0},{"not_picked":["TheSimpletonMod:CrackOfDawn","TheSimpletonMod:VolatileFumes","TheSimpletonMod:BirdFeeder","TheSimpletonMod:SaltTheEarth+1","TheSimpletonMod:FlashPasteurize+1"],"picked":"SKIP","floor":14.0},{"not_picked":["TheSimpletonMod:Fecundity","TheSimpletonMod:VolatileFumes","TheSimpletonMod:Surplus","TheSimpletonMod:CropDiversity"],"picked":"TheSimpletonMod:LandGrant","floor":16.0},{"not_picked":["TheSimpletonMod:Asparagus","TheSimpletonMod:DesperatePlunge","TheSimpletonMod:SaltTheEarth+1","TheSimpletonMod:FanTheFlames","TheSimpletonMod:LandGrant"],"picked":"SKIP","floor":24.0},{"not_picked":["TheSimpletonMod:Biorefinement","TheSimpletonMod:BuzzBomb+1","TheSimpletonMod:ErosionControl","TheSimpletonMod:Photosynthesis"],"picked":"TheSimpletonMod:DoubleDigging","floor":25.0},{"not_picked":["TheSimpletonMod:ResistantStrain","TheSimpletonMod:CrackOfDawn","TheSimpletonMod:Barnstorm+1","TheSimpletonMod:DesperatePlunge"],"picked":"TheSimpletonMod:FanTheFlames","floor":28.0},{"not_picked":["TheSimpletonMod:LandGrant","TheSimpletonMod:Photosynthesis","TheSimpletonMod:CropDiversity","TheSimpletonMod:Asparagus"],"picked":"TheSimpletonMod:VolatileFumes","floor":33},{"not_picked":["TheSimpletonMod:BuzzBomb+1","TheSimpletonMod:HitTheSack+1","TheSimpletonMod:ResistantStrain","TheSimpletonMod:CropDiversity","TheSimpletonMod:VolatileFumes"],"picked":"SKIP","floor":40},{"not_picked":["TheSimpletonMod:Surplus","TheSimpletonMod:DoubleDigging","TheSimpletonMod:Barnstorm+1","TheSimpletonMod:CrackOfDawn","TheSimpletonMod:SaltTheEarth+1"],"picked":"SKIP","floor":44}],"player_experience":253536,"relics_obtained":[{"floor":1.0,"key":"Molten Egg 2"},{"floor":1.0,"key":"SynthV:TestCard"},{"floor":3.0,"key":"Mango"},{"floor":4.0,"key":"hubris:DuctTape"},{"floor":5.0,"key":"AT_RabadonDeathcap"},{"floor":6.0,"key":"hubris:MysteriousPyramids"},{"floor":8.0,"key":"AT_TheCollector"},{"floor":9.0,"key":"Old Coin"},{"floor":10.0,"key":"Tiny Chest"},{"floor":12.0,"key":"jedi:bottledfury"},{"floor":13.0,"key":"infinitespire:WardingShard"},{"floor":14.0,"key":"Ice Cream"},{"floor":18.0,"key":"Smiling Mask"},{"floor":20.0,"key":"GodSword1"},{"floor":22.0,"key":"AT_DeathDance"},{"floor":24.0,"key":"Torii"},{"floor":25.0,"key":"jedi:purplefairy"},{"floor":26.0,"key":"Bottled Tornado"},{"floor":28.0,"key":"hubris:TenFootPole"},{"floor":29.0,"key":"GodSword5"},{"floor":31.0,"key":"SSSystem"},{"floor":35,"key":"AT_TimeSand"},{"floor":39,"key":"Kunai"},{"floor":40,"key":"Oddly Smooth Stone"},{"floor":42,"key":"Dream Catcher"},{"floor":43,"key":"jedi:arcanewood"},{"floor":44,"key":"SynthV:C4"},{"floor":46,"key":"hubris:Metronome"},{"floor":47,"key":"hubris:TinFlute"}],"event_choices":[{"damage_healed":0.0,"max_hp_gain":0.0,"max_hp_loss":0.0,"gold_gain":75.0,"event_name":"World of Goop","player_choice":"Gather Gold","floor":2.0,"gold_loss":0.0,"damage_taken":11.0},{"damage_healed":0.0,"max_hp_gain":0.0,"max_hp_loss":0.0,"gold_gain":0.0,"event_name":"Lab","player_choice":"Got Potions","floor":19.0,"gold_loss":0.0,"damage_taken":0.0},{"damage_healed":0.0,"max_hp_gain":0.0,"max_hp_loss":0.0,"gold_gain":0.0,"event_name":"The Woman in Blue","player_choice":"Bought 0 Potions","floor":21.0,"gold_loss":0.0,"damage_taken":0.0},{"cards_removed":["TheSimpletonMod:BumperCrop"],"damage_healed":0.0,"max_hp_gain":0.0,"max_hp_loss":0.0,"gold_gain":0.0,"event_name":"betterNote:BetterNote","player_choice":"Give","floor":27.0,"gold_loss":0.0,"damage_taken":0.0,"cards_obtained":["None"]},{"cards_removed":["TheSimpletonMod:Fertilaser"],"damage_healed":0,"gold_gain":0,"player_choice":"Removed Attack","damage_taken":0,"max_hp_gain":0,"max_hp_loss":0,"event_name":"Falling","floor":37,"gold_loss":0},{"damage_healed":0,"gold_gain":0,"player_choice":"Ignored","damage_taken":0,"max_hp_gain":0,"max_hp_loss":0,"event_name":"SecretPortal","floor":45,"gold_loss":0}],"is_beta":false,"boss_relics":[{"not_picked":["hubris:RunicObelisk","PatriotShield"],"picked":"hubris:VirtuousBlindfold"},{"not_picked":["jedi:hotpepper","hubris:BlackHole"],"picked":"hubris:ScarierMask"}],"items_purged_floors":[11,23,30,36,41,49],"is_endless":false,"potions_floor_spawned":[6,13,14,16,18,22,31,42,44],"ascension_level":0}}