{"host":"684z1xpuwaoqmmh1","time":1612536038,"event":{"mods":["A Magickal Journey","BaseMod","Downfall","Hermit","Jorbs\u0027s Wanderer Trilogy","Marisa????????","Minty Spire (QoL Compilation)","Robot Space Explorer","Shade Mod","StSLib","The Dragon Tamer","The Elementalist","The Hayseed","The Hierophant","The Marked","The Mystic","The Runesmith","The Saiyan","The Vixen","TheBandit","TheFirefly"],"gold_per_floor":[209,225,225,235,246,278,294,294,294,307,307,341,360,386,386,485,485,501,24,37,37,49,79,79,79,79],"floor_reached":25,"language":"ENG","playtime":1211,"items_purged":["Runesmith:Defend_RS"],"score":368,"play_id":"13c6318b-c5ea-49f5-856e-6bc80deaa80e","local_time":"20210205164038","is_ascension_mode":true,"campfire_choices":[{"data":"Runesmith:Permafrost","floor":8.0,"key":"SMITH"},{"data":"Runesmith:LightningRod","floor":15.0,"key":"SMITH"}],"circlet_count":0,"master_deck":["Runesmith:Strike_RS","Runesmith:Strike_RS","Runesmith:Strike_RS","Runesmith:Defend_RS","Runesmith:Defend_RS","Runesmith:Defend_RS","Runesmith:CraftFirestone","Runesmith:Fortify","Runesmith:RuneHurl","Runesmith:Permafrost+1","Runesmith:NanitesCloud","Runesmith:PerfectChisel","Runesmith:UnstableHammer","Runesmith:ChiselStab","Runesmith:Firewall","Runesmith:CraftMagma","Runesmith:LightningRod+1","Runesmith:EarthShield","Runesmith:HeatedChisel","Runesmith:Supernova","Runesmith:EnergizedChisel","Runesmith:CraftProtectio+1"],"relics":["Runesmith:BrokenRuby","Ornamental Fan","Pear","Singing Bowl","Sozu","HornCleat","Lantern","Blood Vial","Gremlin Horn"],"acts_visited":["Exordium","TheCity"],"potions_floor_usage":[22,25],"damage_taken":[{"damage":2.0,"enemies":"Jaw Worm","floor":1.0,"turns":4.0},{"damage":0.0,"enemies":"Cultist","floor":2.0,"turns":4.0},{"damage":0.0,"enemies":"Small Slimes","floor":4.0,"turns":3.0},{"damage":3.0,"enemies":"Blue Slaver","floor":5.0,"turns":4.0},{"damage":10.0,"enemies":"Lagavulin","floor":6.0,"turns":8.0},{"damage":0.0,"enemies":"3 Louse","floor":7.0,"turns":4.0},{"damage":1.0,"enemies":"Gremlin Gang","floor":10.0,"turns":5.0},{"damage":5.0,"enemies":"3 Sentries","floor":12.0,"turns":6.0},{"damage":2.0,"enemies":"Looter","floor":13.0,"turns":3.0},{"damage":24.0,"enemies":"Gremlin Nob","floor":14.0,"turns":5.0},{"damage":26.0,"enemies":"The Guardian","floor":16.0,"turns":11.0},{"damage":0,"enemies":"Spheric Guardian","floor":18,"turns":5},{"damage":8,"enemies":"2 Thieves","floor":20,"turns":4},{"damage":0,"enemies":"Centurion and Healer","floor":22,"turns":10},{"damage":40,"enemies":"Book of Stabbing","floor":23,"turns":8},{"damage":31,"enemies":"Slavers","floor":25,"turns":5}],"seed_played":"7471953842232541936","potions_obtained":[{"floor":2.0,"key":"Block Potion"},{"floor":7.0,"key":"Block Potion"},{"floor":10.0,"key":"Explosive Potion"},{"floor":13.0,"key":"Regen Potion"},{"floor":14.0,"key":"Block Potion"},{"floor":16.0,"key":"bronze:BurnAndBuffPotion"}],"is_trial":false,"path_per_floor":["M","M","?","M","M","E","M","R","T","M","?","E","M","E","R","B",null,"M","$","M","?","M","E","T","E"],"character_chosen":"RUNESMITH_CLASS","items_purchased":["HornCleat","Lantern"],"campfire_rested":0,"item_purchase_floors":[19,19],"current_hp_per_floor":[61,61,66,66,63,53,53,53,53,52,52,57,55,45,45,19,69,71,71,63,63,65,25,25,0,0],"gold":79,"neow_bonus":"HUNDRED_GOLD","is_daily":false,"chose_seed":false,"campfire_upgraded":2,"win_rate":0.0,"timestamp":1612536038,"path_taken":["M","M","?","M","M","E","M","R","T","M","?","E","M","E","R","BOSS","M","?","M","?","M","E","?","E"],"items_purchased_type":["Relic","Relic"],"build_version":"2020-12-22","purchased_purges":1,"victory":false,"max_hp_per_floor":[70,70,75,75,75,75,75,75,75,75,75,85,85,85,85,85,85,87,87,87,87,89,89,89,89,89],"card_choices":[{"not_picked":["Runesmith:UnstableHammer","Runesmith:CraftProtectio"],"picked":"Runesmith:RuneHurl","floor":1.0},{"not_picked":["Runesmith:HammerThrow","Runesmith:StaticCage"],"picked":"Runesmith:Permafrost","floor":2.0},{"not_picked":["Runesmith:PerfectChisel","Runesmith:RuneHurl"],"picked":"Runesmith:NanitesCloud","floor":4.0},{"not_picked":["Runesmith:CraftProtectio","Runesmith:Refine"],"picked":"Runesmith:PerfectChisel","floor":5.0},{"not_picked":["Runesmith:HeatedChisel","Runesmith:ShiftingStrike"],"picked":"Runesmith:UnstableHammer","floor":6.0},{"not_picked":["Runesmith:Overpower","Runesmith:RuneHurl"],"picked":"Runesmith:ChiselStab","floor":7.0},{"not_picked":["Runesmith:HammerThrow","Runesmith:Grindstone"],"picked":"Runesmith:Firewall","floor":10.0},{"not_picked":["Runesmith:BackupBattery","Runesmith:Overpower"],"picked":"Runesmith:LightningRod","floor":12.0},{"not_picked":["Runesmith:Refine","Runesmith:WhiteBalance"],"picked":"Runesmith:EarthShield","floor":13.0},{"not_picked":["Runesmith:Attraction","Runesmith:MakeshiftArmor"],"picked":"Runesmith:HeatedChisel","floor":14.0},{"not_picked":["Runesmith:GenerateForcefield","Runesmith:CraftIndustria"],"picked":"Runesmith:Supernova","floor":16.0},{"not_picked":["Runesmith:EarthShield","Runesmith:ShiftingStrike","Runesmith:MakeshiftArmor"],"picked":"Singing Bowl","floor":18},{"not_picked":["Runesmith:Overpower","Runesmith:ShiftingStrike"],"picked":"Runesmith:EnergizedChisel","floor":20},{"not_picked":["Runesmith:HammerThrow","Runesmith:Grindstone+1","Runesmith:Repurpose"],"picked":"Singing Bowl","floor":22},{"not_picked":["Runesmith:BackupBattery","Runesmith:ChiselStab"],"picked":"Runesmith:CraftProtectio+1","floor":23}],"player_experience":2959090,"relics_obtained":[{"floor":6.0,"key":"Ornamental Fan"},{"floor":12.0,"key":"Pear"},{"floor":14.0,"key":"Singing Bowl"},{"floor":23,"key":"Blood Vial"},{"floor":24,"key":"Gremlin Horn"}],"event_choices":[{"damage_healed":0.0,"max_hp_gain":5.0,"max_hp_loss":0.0,"gold_gain":0.0,"event_name":"Big Fish","player_choice":"Donut","floor":3.0,"gold_loss":0.0,"damage_taken":0.0},{"damage_healed":0.0,"max_hp_gain":0.0,"max_hp_loss":0.0,"gold_gain":0.0,"cards_transformed":["Runesmith:Strike_RS"],"event_name":"Transmorgrifier","player_choice":"Transformed","floor":11.0,"gold_loss":0.0,"damage_taken":0.0,"cards_obtained":["Runesmith:CraftMagma"]}],"is_beta":false,"boss_relics":[{"not_picked":["Calling Bell","Cursed Key"],"picked":"Sozu"}],"items_purged_floors":[19],"is_endless":false,"potions_floor_spawned":[2,7,10,13,14,16],"killed_by":"Slavers","ascension_level":8}}