{"host":"rt2tzy89u8h997y2","time":1612531963,"event":{"mods":["Ascension Reborn","BaseMod","Better Vampires","Colored Map","Colored Powertips","Good Game Mod","Minty Spire (QoL Compilation)","Red Circlet Mod","Relic Stats","Shop Mod","StSLib","The Runesmith","Thieving Mod","UnlockEverythingMod","óô»ðÖ¸ÄÏ"],"gold_per_floor":[112,112,45,45,57,87,104,114,138,154,154,179,179,159,159,261,261,274,294,294,294,294,310,75,75,75],"floor_reached":25,"language":"ZHS","playtime":2393,"items_purged":[],"score":236,"play_id":"5aa042a2-cebc-4e5f-8f9a-c3c3b1260718","local_time":"20210205213243","is_ascension_mode":true,"campfire_choices":[{"floor":11,"key":"RECALL"},{"floor":15,"key":"REST"}],"circlet_count":0,"master_deck":["Runesmith:Strike_RS+1","Runesmith:Strike_RS+1","Runesmith:Strike_RS+1","Runesmith:Strike_RS+1","Runesmith:Defend_RS+1","Runesmith:Defend_RS+1","Runesmith:Defend_RS+1","Runesmith:Defend_RS+1","Runesmith:CraftFirestone+1","Runesmith:Fortify+1","Runesmith:Permafrost","Runesmith:EarthShield","Runesmith:BackupBattery","Runesmith:CraftMagma","Runesmith:HammerTime","Runesmith:CraftReservo","Runesmith:CraftProtectio","Runesmith:EnergizedChisel","Runesmith:BackupBattery","Runesmith:CreatorForm","Runesmith:HeatedChisel","Doubt","Runesmith:HeatExchange","Decay","Runesmith:CraftSpiculum","Runesmith:ChaoticBlast","Runesmith:Grindstone"],"relics":["Runesmith:BrokenRuby","REME:ComplimentaryCards","NeowsBlessing","GremlinMask","Whetstone","Regal Pillow","Black Star","Nilry\u0027s Codex","Strange Spoon"],"acts_visited":["Exordium","TheCity"],"potions_floor_usage":[12,16,25],"damage_taken":[{"damage":0,"enemies":"2 Louse","floor":1,"turns":1},{"damage":0,"enemies":"Jaw Worm","floor":5,"turns":1},{"damage":0,"enemies":"Gremlin Nob","floor":6,"turns":1},{"damage":6,"enemies":"Cultist","floor":7,"turns":3},{"damage":22,"enemies":"Gremlin Gang","floor":8,"turns":6},{"damage":0,"enemies":"Blue Slaver","floor":10,"turns":4},{"damage":23,"enemies":"3 Sentries","floor":12,"turns":7},{"damage":24,"enemies":"Hexaghost","floor":16,"turns":10},{"damage":43,"enemies":"3 Byrds","floor":18,"turns":7},{"damage":7,"enemies":"Chosen","floor":19,"turns":6},{"damage":43,"enemies":"Shelled Parasite and Fungi","floor":23,"turns":10},{"damage":25,"enemies":"Slavers","floor":25,"turns":2}],"seed_played":"3092345849467593892","potions_obtained":[{"floor":1,"key":"FairyPotion"},{"floor":7,"key":"DistilledChaos"},{"floor":10,"key":"Strength Potion"},{"floor":14,"key":"FairyPotion"},{"floor":16,"key":"PowerPotion"}],"is_trial":false,"path_per_floor":["M","?","$","?","M","E","M","M","T","M","R","E","?","?","R","B",null,"M","M","?","?","?","M","R","E"],"character_chosen":"RUNESMITH_CLASS","items_purchased":["Runesmith:EarthShield","Runesmith:BackupBattery","Runesmith:ChaoticBlast","Runesmith:Grindstone","Strange Spoon"],"campfire_rested":1,"item_purchase_floors":[3,3,24,24,24],"current_hp_per_floor":[70,70,70,70,70,70,64,42,42,42,42,19,36,36,70,46,70,27,20,4,4,4,20,20,0,0],"gold":75,"neow_bonus":"THREE_ENEMY_KILL","is_daily":false,"chose_seed":false,"campfire_upgraded":0,"win_rate":0.0,"timestamp":1612531963,"path_taken":["M","?","$","?","M","E","?","?","T","M","R","E","?","?","R","BOSS","M","?","?","?","?","M","R","E"],"items_purchased_type":["Card","Card","Card","Card","Relic"],"build_version":"2020-12-22","purchased_purges":0,"victory":false,"max_hp_per_floor":[70,70,70,70,70,70,70,70,70,70,70,70,70,70,70,70,70,70,70,70,67,67,67,67,67,67],"relic_stats":{"Strange Spoon":[0],"Regal Pillow":13,"counters":[12,58],"Black Star":0,"Whetstone":[],"obtain_stats":[{"Strange Spoon":24,"Runesmith:BrokenRuby":0,"REME:ComplimentaryCards":0,"Regal Pillow":12,"NeowsBlessing":0,"Nilry\u0027s Codex":20,"GremlinMask":4,"Black Star":17,"Whetstone":6},{"Strange Spoon":11,"Runesmith:BrokenRuby":0,"REME:ComplimentaryCards":0,"Regal Pillow":7,"NeowsBlessing":0,"Nilry\u0027s Codex":10,"GremlinMask":1,"Black Star":8,"Whetstone":3},{"Strange Spoon":56,"Runesmith:BrokenRuby":0,"REME:ComplimentaryCards":0,"Regal Pillow":23,"NeowsBlessing":0,"Nilry\u0027s Codex":46,"GremlinMask":1,"Black Star":33,"Whetstone":3}]},"card_choices":[{"not_picked":["Runesmith:Terraform","Runesmith:Augment"],"picked":"Runesmith:Permafrost","floor":1},{"not_picked":["Runesmith:ChiselStab","Runesmith:NegativeSpace"],"picked":"Runesmith:CraftMagma","floor":5},{"not_picked":["Runesmith:ReplicatingBarrier","Runesmith:StaticCage"],"picked":"Runesmith:HammerTime","floor":6},{"not_picked":["Runesmith:Terraform","Runesmith:HammerThrow"],"picked":"Runesmith:CraftReservo","floor":7},{"not_picked":["Runesmith:Grindstone","Runesmith:Augment"],"picked":"Runesmith:CraftProtectio","floor":8},{"not_picked":["Runesmith:ShiftingStrike","Runesmith:StaticCage"],"picked":"Runesmith:EnergizedChisel","floor":10},{"not_picked":["Runesmith:CraftMagma","Runesmith:OneForEveryone"],"picked":"Runesmith:BackupBattery","floor":12},{"not_picked":["Runesmith:GenerateForcefield","Runesmith:Duplicate"],"picked":"Runesmith:CreatorForm","floor":16},{"not_picked":["Runesmith:CraftReservo","Runesmith:Augment"],"picked":"Runesmith:HeatedChisel","floor":18},{"not_picked":["Runesmith:WhiteBalance","Runesmith:StaticCage+1"],"picked":"Runesmith:ShiftingStrike","floor":19},{"not_picked":["Runesmith:PoweredAnvil","Runesmith:EnergizedChisel"],"picked":"Runesmith:CraftSpiculum","floor":23}],"player_experience":24000,"relics_obtained":[{"floor":6,"key":"Whetstone"},{"floor":12,"key":"Regal Pillow"},{"floor":20,"key":"Nilry\u0027s Codex"}],"event_choices":[{"damage_healed":0,"gold_gain":0,"player_choice":"Ignored","damage_taken":0,"max_hp_gain":0,"max_hp_loss":0,"event_name":"Golden Wing","floor":2,"gold_loss":0},{"damage_healed":0,"gold_gain":0,"player_choice":"Trade","damage_taken":0,"relics_obtained":["GremlinMask"],"max_hp_gain":0,"max_hp_loss":0,"event_name":"FaceTrader","floor":4,"gold_loss":0},{"damage_healed":17,"gold_gain":0,"player_choice":"Healed and dodged fight","damage_taken":0,"max_hp_gain":0,"max_hp_loss":0,"event_name":"Mushrooms","floor":13,"gold_loss":0,"cards_obtained":["Parasite"]},{"damage_healed":0,"gold_gain":0,"player_choice":"Bought 1 Potion","damage_taken":0,"max_hp_gain":0,"max_hp_loss":0,"event_name":"The Woman in Blue","floor":14,"gold_loss":0},{"damage_healed":0,"gold_gain":0,"player_choice":"Obtained Book","damage_taken":16,"max_hp_gain":0,"max_hp_loss":0,"event_name":"Cursed Tome","floor":20,"gold_loss":0},{"damage_healed":0,"gold_gain":0,"cards_transformed":["Parasite","Runesmith:ShiftingStrike"],"player_choice":"Became Test Subject","damage_taken":0,"max_hp_gain":0,"max_hp_loss":0,"event_name":"Drug Dealer","floor":21,"gold_loss":0,"cards_obtained":["Doubt","Runesmith:HeatExchange"]},{"damage_healed":0,"gold_gain":0,"player_choice":"Smashed Altar","damage_taken":0,"max_hp_gain":0,"max_hp_loss":0,"event_name":"Forgotten Altar","floor":22,"gold_loss":0,"cards_obtained":["Decay"]}],"is_beta":false,"boss_relics":[{"not_picked":["Velvet Choker","Cursed Key"],"picked":"Black Star"}],"items_purged_floors":[],"is_endless":false,"potions_floor_spawned":[1,7,10,16],"killed_by":"Slavers","ascension_level":0}}