{"host":"ELF","time":1612510203,"event":{"mods":["BaseMod","Bestiary","Minty Spire (QoL Compilation)","Relic Stats","Slay the Relics Exporter"],"gold_per_floor":[115,135,135,90,108,134,134,144,144,144,162,192,208,208,208,208,208],"floor_reached":16,"language":"ENG","playtime":745,"items_purged":[],"score":195,"play_id":"7f785054-0dc1-4e91-8895-cf37f6cf21c9","local_time":"20210205013003","is_ascension_mode":true,"campfire_choices":[{"data":"Wallop","floor":7,"key":"SMITH"},{"data":"Fasting2","floor":10,"key":"SMITH"},{"floor":15,"key":"REST"}],"circlet_count":0,"master_deck":["AscendersBane","Strike_P","Strike_P","Strike_P","Strike_P","Defend_P+1","Defend_P","Defend_P","Defend_P","Eruption+1","Vigilance","Wallop+1","LikeWater","EmptyBody","PathToVictory","CutThroughFate","Fasting2+1","LessonLearned","FlurryOfBlows","BowlingBash"],"relics":["SacredBark","GoldenEye","Ginger","CaptainsWheel"],"acts_visited":["Exordium"],"potions_floor_usage":[6,11,14,14,14,16],"damage_taken":[{"damage":2,"enemies":"2 Louse","floor":1,"turns":3},{"damage":0,"enemies":"Cultist","floor":2,"turns":3},{"damage":0,"enemies":"Jaw Worm","floor":5,"turns":4},{"damage":16,"enemies":"Lagavulin","floor":6,"turns":7},{"damage":12,"enemies":"3 Louse","floor":8,"turns":2},{"damage":4,"enemies":"Looter","floor":11,"turns":5},{"damage":42,"enemies":"3 Sentries","floor":12,"turns":16},{"damage":1,"enemies":"Large Slime","floor":13,"turns":6},{"damage":8,"enemies":"Gremlin Nob","floor":14,"turns":4},{"damage":28,"enemies":"Hexaghost","floor":16,"turns":9}],"seed_played":"1128910024627240894","potions_obtained":[{"floor":1,"key":"FearPotion"},{"floor":3,"key":"Ambrosia"},{"floor":3,"key":"Regen Potion"},{"floor":12,"key":"Dexterity Potion"},{"floor":13,"key":"EntropicBrew"}],"is_trial":false,"path_per_floor":["M","M","?","$","M","E","R","M","T","R","M","E","M","E","R","B"],"character_chosen":"WATCHER","items_purchased":["EmptyBody"],"campfire_rested":1,"item_purchase_floors":[4],"current_hp_per_floor":[63,63,63,63,63,47,47,35,35,35,58,16,15,7,28,0,0],"gold":208,"neow_bonus":"BOSS_RELIC","is_daily":false,"chose_seed":false,"campfire_upgraded":2,"win_rate":0.0,"timestamp":1612510203,"path_taken":["M","M","?","?","M","E","R","?","T","R","M","E","M","E","R","BOSS"],"items_purchased_type":["Card"],"build_version":"2020-12-18","purchased_purges":0,"victory":false,"max_hp_per_floor":[72,72,72,72,72,72,72,72,72,72,72,72,72,72,72,72,72],"relic_stats":{"counters":[10,59],"Ginger":[5],"GoldenEye":[8],"obtain_stats":[{"CaptainsWheel":12,"SacredBark":0,"Ginger":9,"PureWater":0,"GoldenEye":6},{"CaptainsWheel":7,"SacredBark":0,"Ginger":5,"PureWater":0,"GoldenEye":4},{"CaptainsWheel":40,"SacredBark":0,"Ginger":19,"PureWater":0,"GoldenEye":17}]},"card_choices":[{"not_picked":["Halt","EmptyBody"],"picked":"Wallop","floor":1},{"not_picked":["Prostrate","Evaluate"],"picked":"LikeWater","floor":2},{"not_picked":["FlyingSleeves","Halt"],"picked":"PathToVictory","floor":5},{"not_picked":["WheelKick","BowlingBash"],"picked":"CutThroughFate","floor":6},{"not_picked":["Protect","Sanctity"],"picked":"Fasting2","floor":8},{"not_picked":["Halt","CutThroughFate"],"picked":"LessonLearned","floor":11},{"not_picked":["Vault","SandsOfTime"],"picked":"FlurryOfBlows","floor":12},{"not_picked":["Halt","EmptyFist"],"picked":"BowlingBash","floor":13}],"player_experience":3402098,"relics_obtained":[{"floor":6,"key":"GoldenEye"},{"floor":9,"key":"Ginger"},{"floor":12,"key":"CaptainsWheel"}],"event_choices":[{"damage_healed":0,"gold_gain":0,"player_choice":"Got Potions","damage_taken":0,"max_hp_gain":0,"max_hp_loss":0,"event_name":"Lab","floor":3,"gold_loss":0}],"is_beta":true,"boss_relics":[],"items_purged_floors":[],"is_endless":false,"potions_floor_spawned":[1,12,13,14],"killed_by":"Hexaghost","ascension_level":12}}