{"host":"f5gffvlv6a66yqkd","time":1612528096,"event":{"mods":["2.2 Compatiblity","BaseMod","Colored Map","Custom Start","DeckTracker","Keyboard Shortcuts","Minty Spire (QoL Compilation)","Permanent Neow","Quick Restart","Relic Stats","StSLib","SuperFastMode"],"gold_per_floor":[114,114,130,205,205,205,234,254,281,292,129,141,141,151,151,151,151],"floor_reached":16,"language":"KOR","playtime":309,"items_purged":["Strike_R"],"score":204,"play_id":"5d0ae2e4-1d01-40cf-b90d-77fe0e4ce2bf","local_time":"20210205212816","is_ascension_mode":true,"campfire_choices":[{"data":"Bludgeon","floor":6,"key":"SMITH"},{"data":"Disarm","floor":15,"key":"SMITH"}],"circlet_count":0,"master_deck":["AscendersBane","Strike_R","Strike_R","Strike_R","Defend_R","Defend_R","Defend_R+1","Bash","Fire Breathing","Bludgeon+1","Clothesline+1","True Grit","Shrug It Off","Sword Boomerang","Disarm+1","Armaments"],"relics":["Burning Blood","Juzu Bracelet","Vajra"],"acts_visited":["Exordium"],"potions_floor_usage":[16,16],"damage_taken":[{"damage":2,"enemies":"2 Louse","floor":1,"turns":3},{"damage":0,"enemies":"Small Slimes","floor":3,"turns":2},{"damage":35,"enemies":"Lagavulin","floor":7,"turns":5},{"damage":0,"enemies":"Cultist","floor":8,"turns":3},{"damage":9,"enemies":"3 Louse","floor":10,"turns":5},{"damage":1,"enemies":"2 Fungi Beasts","floor":12,"turns":3},{"damage":6,"enemies":"Looter","floor":14,"turns":4},{"damage":9,"enemies":"Hexaghost","floor":16,"turns":11}],"seed_played":"2500882565794273239","potions_obtained":[{"floor":10,"key":"Dexterity Potion"},{"floor":14,"key":"SkillPotion"}],"is_trial":false,"path_per_floor":["M","?","M","?","?","R","E","M","T","M","$","M","?","M","R","B"],"character_chosen":"IRONCLAD","items_purchased":["Disarm"],"campfire_rested":0,"item_purchase_floors":[11],"current_hp_per_floor":[54,54,60,49,54,54,25,31,31,28,28,33,9,9,9,0,0],"gold":151,"neow_bonus":"TRANSFORM_TWO_CARDS","is_daily":false,"chose_seed":false,"campfire_upgraded":2,"win_rate":0.0,"timestamp":1612528096,"path_taken":["M","?","M","?","?","R","E","M","T","M","$","M","?","M","R","BOSS"],"items_purchased_type":["Card"],"build_version":"2020-12-22","purchased_purges":1,"victory":false,"max_hp_per_floor":[75,75,75,75,80,80,80,80,80,80,80,80,80,80,80,80,80],"relic_stats":{"counters":[8,36],"Juzu Bracelet":0,"obtain_stats":[{"Vajra":9,"Juzu Bracelet":7,"Burning Blood":0},{"Vajra":4,"Juzu Bracelet":3,"Burning Blood":0},{"Vajra":13,"Juzu Bracelet":10,"Burning Blood":0}],"Burning Blood":42},"card_choices":[{"not_picked":["Heavy Blade","Entrench"],"picked":"Clothesline","floor":1},{"not_picked":["Twin Strike","Rupture"],"picked":"True Grit","floor":3},{"not_picked":["Inflame","Hemokinesis"],"picked":"Shrug It Off","floor":7},{"not_picked":["Warcry","Body Slam"],"picked":"Sword Boomerang","floor":8},{"not_picked":["Wild Strike","Searing Blow","Perfected Strike"],"picked":"SKIP","floor":10},{"not_picked":["Rupture","True Grit","Dual Wield"],"picked":"SKIP","floor":12},{"not_picked":["Heavy Blade","Carnage"],"picked":"Armaments","floor":14}],"player_experience":1654834,"relics_obtained":[{"floor":7,"key":"Juzu Bracelet"},{"floor":9,"key":"Vajra"}],"event_choices":[{"damage_healed":0,"gold_gain":0,"player_choice":"Ignored","damage_taken":0,"max_hp_gain":0,"max_hp_loss":0,"event_name":"Liars Game","floor":2,"gold_loss":0},{"damage_healed":0,"gold_gain":75,"player_choice":"Gather Gold","damage_taken":11,"max_hp_gain":0,"max_hp_loss":0,"event_name":"World of Goop","floor":4,"gold_loss":0},{"damage_healed":0,"gold_gain":0,"player_choice":"Donut","damage_taken":0,"max_hp_gain":5,"max_hp_loss":0,"event_name":"Big Fish","floor":5,"gold_loss":0},{"damage_healed":0,"gold_gain":0,"player_choice":"Entered Light","damage_taken":24,"max_hp_gain":0,"max_hp_loss":0,"event_name":"Shining Light","floor":13,"gold_loss":0,"cards_upgraded":["Defend_R","Clothesline"]}],"is_beta":false,"boss_relics":[],"items_purged_floors":[11],"is_endless":false,"potions_floor_spawned":[10,14],"killed_by":"Hexaghost","ascension_level":20}}