{"host":"qksa0nge77ubun9a","time":1612486956,"event":{"mods":["AchievementEnabler","BaseMod","Colored Map","Colored Powertips","Googly Eyes","Highlight Path","Minty Spire (QoL Compilation)","Quick Restart","StSLib"],"gold_per_floor":[113,127,77,77,92,92,127,127,209,227,197,214,214,232,232,337,337,348,55,55,90,108,143,143,143,143],"floor_reached":25,"language":"ENG","playtime":1594,"items_purged":["Strike_R"],"score":320,"play_id":"29324b2f-5685-4ddb-a88c-f584805442a6","local_time":"20210204170236","is_ascension_mode":true,"campfire_choices":[{"data":"Bash","floor":6.0,"key":"SMITH"},{"data":"True Grit","floor":8.0,"key":"SMITH"},{"data":"Armaments","floor":13.0,"key":"SMITH"},{"data":"Seeing Red","floor":15.0,"key":"SMITH"}],"circlet_count":0,"master_deck":["Strike_R+1","Strike_R+1","Strike_R","Defend_R","Defend_R","Defend_R","Bash+1","Iron Wave","Evolve","Shrug It Off","True Grit+1","Seeing Red+1","Armaments+1","Cleave","Barricade","Iron Wave","Impervious","Thunderclap+1","Intimidate","Dark Embrace"],"relics":["Burning Blood","Oddly Smooth Stone","Akabeko","HornCleat","Black Star","Omamori","Enchiridion","Red Mask","Mercury Hourglass","Whetstone","Nunchaku"],"acts_visited":["Exordium","TheCity"],"potions_floor_usage":[25],"damage_taken":[{"damage":7.0,"enemies":"Jaw Worm","floor":1.0,"turns":3.0},{"damage":6.0,"enemies":"Cultist","floor":2.0,"turns":3.0},{"damage":0.0,"enemies":"2 Louse","floor":5.0,"turns":2.0},{"damage":10.0,"enemies":"3 Sentries","floor":7.0,"turns":8.0},{"damage":0.0,"enemies":"Looter","floor":10.0,"turns":3.0},{"damage":0.0,"enemies":"2 Fungi Beasts","floor":12.0,"turns":4.0},{"damage":4.0,"enemies":"Large Slime","floor":14.0,"turns":6.0},{"damage":6.0,"enemies":"The Guardian","floor":16.0,"turns":20.0},{"damage":6.0,"enemies":"Chosen","floor":18.0,"turns":6.0},{"damage":32.0,"enemies":"Masked Bandits","floor":21.0,"turns":6.0},{"damage":3.0,"enemies":"Spheric Guardian","floor":22.0,"turns":4.0},{"damage":29.0,"enemies":"Slavers","floor":23.0,"turns":6.0},{"damage":25,"enemies":"Gremlin Leader","floor":25,"turns":6}],"seed_played":"-3621358440116717044","potions_obtained":[{"floor":2.0,"key":"Fire Potion"},{"floor":5.0,"key":"Strength Potion"},{"floor":11.0,"key":"Block Potion"},{"floor":11.0,"key":"ColorlessPotion"},{"floor":12.0,"key":"PowerPotion"},{"floor":16.0,"key":"SpeedPotion"},{"floor":22.0,"key":"SkillPotion"}],"is_trial":false,"path_per_floor":["M","M","?","?","M","R","E","R","T","M","?","M","R","M","R","B",null,"M","$","?","?","M","E","?","E"],"character_chosen":"IRONCLAD","items_purchased":["Impervious","Omamori"],"campfire_rested":0,"item_purchase_floors":[19,19],"current_hp_per_floor":[71,71,71,53,59,59,55,55,55,61,61,67,67,69,69,69,77,77,77,61,35,38,15,15,0,0],"gold":143,"neow_bonus":"REMOVE_CARD","is_daily":false,"chose_seed":false,"campfire_upgraded":4,"win_rate":0.0,"timestamp":1612486956,"path_taken":["M","M","?","?","M","R","E","R","T","M","?","M","R","M","R","BOSS","M","$","?","?","M","E","?","E"],"items_purchased_type":["Card","Relic"],"build_version":"2020-12-22","purchased_purges":1,"victory":false,"max_hp_per_floor":[80,80,80,80,80,80,80,80,80,80,80,80,80,80,80,80,80,80,80,80,80,80,80,80,80,80],"card_choices":[{"not_picked":["Heavy Blade","Power Through"],"picked":"Iron Wave","floor":1.0},{"not_picked":["Whirlwind","Pommel Strike"],"picked":"Evolve","floor":2.0},{"not_picked":["Twin Strike","Flex"],"picked":"Shrug It Off","floor":5.0},{"not_picked":["Second Wind","Shockwave"],"picked":"True Grit","floor":7.0},{"not_picked":["Havoc","Pommel Strike"],"picked":"Seeing Red","floor":10.0},{"not_picked":["Battle Trance","Infernal Blade"],"picked":"Armaments","floor":12.0},{"not_picked":["Warcry","Clothesline"],"picked":"Cleave","floor":14.0},{"not_picked":["Feed","Double Tap"],"picked":"Barricade","floor":16.0},{"not_picked":["Perfected Strike","Heavy Blade+1"],"picked":"Iron Wave","floor":18.0},{"not_picked":["True Grit+1","Shrug It Off"],"picked":"Thunderclap+1","floor":21.0},{"not_picked":["Heavy Blade","True Grit+1"],"picked":"Intimidate","floor":22.0},{"not_picked":["Rupture","Uppercut+1"],"picked":"Dark Embrace","floor":23.0}],"player_experience":1329811,"relics_obtained":[{"floor":7.0,"key":"Akabeko"},{"floor":9.0,"key":"HornCleat"},{"floor":20.0,"key":"Enchiridion"},{"floor":21.0,"key":"Red Mask"},{"floor":23.0,"key":"Mercury Hourglass"},{"floor":23.0,"key":"Whetstone"}],"event_choices":[{"cards_removed":["Strike_R"],"damage_healed":0.0,"max_hp_gain":0.0,"max_hp_loss":0.0,"gold_gain":0.0,"event_name":"The Cleric","player_choice":"Card Removal","floor":3.0,"gold_loss":50.0,"damage_taken":0.0},{"damage_healed":0.0,"max_hp_gain":0.0,"max_hp_loss":0.0,"gold_gain":0.0,"event_name":"Scrap Ooze","player_choice":"Success","floor":4.0,"gold_loss":0.0,"damage_taken":18.0,"relics_obtained":["Oddly Smooth Stone"]},{"damage_healed":0.0,"max_hp_gain":0.0,"max_hp_loss":0.0,"gold_gain":0.0,"event_name":"The Woman in Blue","player_choice":"Bought 2 Potions","floor":11.0,"gold_loss":0.0,"damage_taken":0.0},{"damage_healed":0.0,"max_hp_gain":0.0,"max_hp_loss":0.0,"gold_gain":0.0,"event_name":"Cursed Tome","player_choice":"Obtained Book","floor":20.0,"gold_loss":0.0,"damage_taken":16.0},{"damage_healed":0.0,"max_hp_gain":0.0,"max_hp_loss":0.0,"gold_gain":0.0,"event_name":"Masked Bandits","player_choice":"Fought Bandits","floor":21.0,"gold_loss":0.0,"damage_taken":0.0},{"damage_healed":0.0,"max_hp_gain":0.0,"max_hp_loss":0.0,"gold_gain":0.0,"event_name":"The Mausoleum","player_choice":"Opened","floor":24.0,"gold_loss":0.0,"damage_taken":0.0,"relics_obtained":["Nunchaku"]}],"is_beta":false,"boss_relics":[{"not_picked":["SlaversCollar","Cursed Key"],"picked":"Black Star"}],"items_purged_floors":[19],"is_endless":false,"potions_floor_spawned":[2,5,12,16,22],"killed_by":"Gremlin Leader","ascension_level":9}}