{"host":"bpnwh7vpv9k3tssc","time":1612512066,"event":{"mods":["BaseMod","Colored Map","Colored Powertips","Curses Come First","Highlight Path","Minty Spire (QoL Compilation)","Quick Restart","Random Character Button","Relic Sorter","StSLib"],"gold_per_floor":[111,34,46,46,121,121,150,167,192,212,212,58,58,125,125,199,199,209,134,134,134,134,134,147,177,203,212,255,269,269,289,289,372,372,393,393,393,12,34,34,34],"floor_reached":40,"language":"ENG","playtime":1119,"items_purged":["Strike_R","Writhe"],"score":866,"play_id":"25099a3f-06bd-4a35-ad2e-06e3fcc5a20e","local_time":"20210205090106","is_ascension_mode":true,"campfire_choices":[{"data":"Armaments","floor":6.0,"key":"SMITH"},{"data":"Whirlwind","floor":11.0,"key":"SMITH"},{"data":"Flex","floor":13.0,"key":"SMITH"},{"data":"Bash","floor":15.0,"key":"SMITH"},{"data":"J.A.X.","floor":23.0,"key":"SMITH"},{"floor":30,"key":"REST"},{"floor":32,"key":"REST"}],"circlet_count":0,"master_deck":["AscendersBane","Strike_R","Strike_R","Strike_R","Strike_R","Defend_R","Defend_R","Defend_R","Defend_R","Bash+1","Thunderclap","Dropkick","Armaments+1","Heavy Blade","Whirlwind+1","Flex+1","Reaper","Clash","J.A.X.+1","Flex+1","Uppercut","Pummel","Evolve","Impervious","Rupture+1","Demon Form","Shockwave"],"relics":["Burning Blood","Brimstone","NeowsBlessing","Tiny Chest","Mark of Pain","Strawberry","Boot","CeramicFish","StoneCalendar","Mercury Hourglass","Runic Dome","Toy Ornithopter","Bag of Preparation"],"acts_visited":["Exordium","TheCity","TheBeyond"],"potions_floor_usage":[33,33],"damage_taken":[{"damage":0.0,"enemies":"2 Louse","floor":1.0,"turns":1.0},{"damage":0.0,"enemies":"Jaw Worm","floor":3.0,"turns":1.0},{"damage":0.0,"enemies":"Gremlin Nob","floor":7.0,"turns":1.0},{"damage":0.0,"enemies":"Small Slimes","floor":8.0,"turns":3.0},{"damage":11.0,"enemies":"Looter","floor":10.0,"turns":4.0},{"damage":32.0,"enemies":"The Guardian","floor":16.0,"turns":6.0},{"damage":0.0,"enemies":"Chosen","floor":18.0,"turns":3.0},{"damage":27.0,"enemies":"2 Thieves","floor":24.0,"turns":4.0},{"damage":55.0,"enemies":"Gremlin Leader","floor":25.0,"turns":6.0},{"damage":82,"enemies":"Book of Stabbing","floor":28,"turns":5},{"damage":0,"enemies":"Snake Plant","floor":29,"turns":2},{"damage":20,"enemies":"Snecko","floor":31,"turns":3},{"damage":3,"enemies":"Collector","floor":33,"turns":4},{"damage":26,"enemies":"3 Shapes","floor":35,"turns":3},{"damage":18,"enemies":"Orb Walker","floor":39,"turns":3},{"damage":66,"enemies":"Nemesis","floor":40,"turns":2}],"seed_played":"-5383839126388182985","potions_obtained":[{"floor":1.0,"key":"DuplicationPotion"},{"floor":7.0,"key":"SkillPotion"},{"floor":8.0,"key":"BlessingOfTheForge"},{"floor":24.0,"key":"Ancient Potion"},{"floor":28,"key":"Regen Potion"},{"floor":35,"key":"PowerPotion"}],"is_trial":false,"path_per_floor":["M","$","M","?","?","R","E","M","T","M","R","$","R","?","R","B",null,"M","$","?","T","?","R","M","E","T","?","E","M","R","M","R","B",null,"M","T","?","$","M","E"],"character_chosen":"IRONCLAD","items_purchased":["Dropkick","Brimstone","Demon Form","Bag of Preparation"],"campfire_rested":2,"item_purchase_floors":[2,12,38,38],"current_hp_per_floor":[74,74,75,80,69,69,75,80,80,75,75,75,75,75,75,49,72,78,78,78,85,85,85,66,67,67,67,10,16,42,28,54,69,83,63,63,50,50,54,0,0],"gold":34,"neow_bonus":"THREE_ENEMY_KILL","is_daily":false,"chose_seed":false,"campfire_upgraded":5,"win_rate":0.0,"timestamp":1612512066,"path_taken":["M","$","M","?","?","R","E","M","T","M","R","?","R","?","R","BOSS","M","$","?","?","?","R","?","E","T","?","E","M","R","M","R","BOSS","M","?","?","$","M","E"],"items_purchased_type":["Card","Relic","Card","Relic"],"build_version":"2020-12-22","purchased_purges":2,"victory":false,"max_hp_per_floor":[75,75,75,80,80,80,80,80,80,80,80,80,80,80,80,80,80,80,80,80,87,87,87,87,87,87,87,87,87,87,87,87,87,87,87,87,87,87,87,87,87],"card_choices":[{"not_picked":["Shrug It Off","Dual Wield"],"picked":"Thunderclap","floor":1.0},{"not_picked":["True Grit","Burning Pact"],"picked":"Armaments","floor":3.0},{"not_picked":["Clothesline","Thunderclap"],"picked":"Heavy Blade","floor":7.0},{"not_picked":["Hemokinesis","Havoc"],"picked":"Whirlwind","floor":8.0},{"not_picked":["Ghostly Armor","Havoc"],"picked":"Flex","floor":10.0},{"not_picked":["Corruption","Brutality"],"picked":"Reaper","floor":16.0},{"not_picked":["Iron Wave","Armaments"],"picked":"Clash","floor":18.0},{"not_picked":["Twin Strike","Anger","Perfected Strike"],"picked":"SKIP","floor":24.0},{"not_picked":["Armaments","Clash"],"picked":"Uppercut","floor":25.0},{"not_picked":["Feel No Pain","Iron Wave"],"picked":"Pummel","floor":28},{"not_picked":["Shockwave","Havoc","True Grit"],"picked":"SKIP","floor":29},{"not_picked":["Flex","Twin Strike"],"picked":"Evolve","floor":31},{"not_picked":["Juggernaut","Exhume"],"picked":"Impervious","floor":33},{"not_picked":["Flex+1","Sentinel"],"picked":"Rupture+1","floor":35},{"not_picked":["Ghostly Armor","Metallicize"],"picked":"Shockwave","floor":39}],"player_experience":352851,"relics_obtained":[{"floor":7.0,"key":"Tiny Chest"},{"floor":21.0,"key":"Strawberry"},{"floor":25.0,"key":"Boot"},{"floor":26,"key":"CeramicFish"},{"floor":28,"key":"Mercury Hourglass"},{"floor":36,"key":"Toy Ornithopter"}],"event_choices":[{"damage_healed":0.0,"max_hp_gain":5.0,"max_hp_loss":0.0,"gold_gain":0.0,"event_name":"Big Fish","player_choice":"Donut","floor":4.0,"gold_loss":0.0,"damage_taken":0.0},{"damage_healed":0.0,"max_hp_gain":0.0,"max_hp_loss":0.0,"gold_gain":75.0,"event_name":"World of Goop","player_choice":"Gather Gold","floor":5.0,"gold_loss":0.0,"damage_taken":11.0},{"damage_healed":0.0,"max_hp_gain":0.0,"max_hp_loss":0.0,"gold_gain":67.0,"event_name":"Golden Wing","player_choice":"Gained Gold","floor":14.0,"gold_loss":0.0,"damage_taken":0.0},{"damage_healed":0.0,"max_hp_gain":0.0,"max_hp_loss":0.0,"gold_gain":0.0,"event_name":"Drug Dealer","player_choice":"Obtain J.A.X.","floor":20.0,"gold_loss":0.0,"damage_taken":0.0,"cards_obtained":["J.A.X."]},{"damage_healed":0.0,"max_hp_gain":0.0,"max_hp_loss":0.0,"gold_gain":0.0,"event_name":"Duplicator","player_choice":"Copied","floor":22.0,"gold_loss":0.0,"damage_taken":0.0,"cards_obtained":["Flex"]},{"damage_healed":0,"gold_gain":0,"player_choice":"Opened","damage_taken":0,"relics_obtained":["StoneCalendar"],"max_hp_gain":0,"max_hp_loss":0,"event_name":"The Mausoleum","floor":27,"gold_loss":0,"cards_obtained":["Writhe"]},{"damage_healed":0,"gold_gain":0,"player_choice":"Damaged","damage_taken":13,"max_hp_gain":0,"max_hp_loss":0,"event_name":"Wheel of Change","floor":37,"gold_loss":0}],"is_beta":false,"boss_relics":[{"not_picked":["Calling Bell","Empty Cage"],"picked":"Mark of Pain"},{"not_picked":["Runic Pyramid","SacredBark"],"picked":"Runic Dome"}],"items_purged_floors":[19,38],"is_endless":false,"potions_floor_spawned":[1,7,8,24,28,29,35],"killed_by":"Nemesis","ascension_level":15}}