{"host":"xg4r5pv6chpuampg","time":1612553652,"event":{"mods":["AchievementEnabler","BaseMod","Googly Eyes","Minty Spire (QoL Compilation)"],"gold_per_floor":[110,10,26,26,39,39,66,66,111,129,147,164,164,183,183,280,280,300,250,120,120,80,114,114,148,148,158,188,199,199,209,209,312,312,329,329,407,425,425,425,436,471,471,28,28,45,87,110,122,134],"floor_reached":51,"language":"ENG","playtime":2047,"items_purged":[],"score":1135,"play_id":"cfe07dad-2fa7-4fef-a5d2-708ab10a233c","local_time":"20210205223412","daily_mods":["Vintage","Heirloom","Flight"],"is_ascension_mode":true,"campfire_choices":[{"data":"Tantrum","floor":6,"key":"SMITH"},{"data":"TalkToTheHand","floor":8,"key":"SMITH"},{"floor":15,"key":"REST"},{"floor":24,"key":"REST"},{"floor":30,"key":"REST"},{"data":"SignatureMove","floor":32,"key":"SMITH"},{"data":"SashWhip","floor":40,"key":"SMITH"},{"floor":49,"key":"REST"}],"circlet_count":0,"master_deck":["Strike_P","Strike_P","Strike_P+1","Defend_P+1","Defend_P","Defend_P","Defend_P","Eruption","Vigilance","Tantrum+1","Prostrate+1","TalkToTheHand+1","LessonLearned","ReachHeaven","Pray+1","Protect+1","SashWhip+1","SignatureMove+1","FlurryOfBlows","Judgement+1","Dark Shackles+1","DeusExMachina+1","CutThroughFate+1","CarveReality+1"],"relics":["PureWater","Incense Burner","PreservedInsect","HornCleat","Toxic Egg 2","Thread and Needle","Regal Pillow","Pocketwatch","Shuriken","Ancient Tea Set","Oddly Smooth Stone","Black Star","Matryoshka","Tiny Chest","Dream Catcher","Strawberry","Bag of Marbles","Meat on the Bone","Nunchaku","Bronze Scales","Pear","CaptainsWheel","CloakClasp","The Courier","Du-Vu Doll","Orichalcum","SlaversCollar","Potion Belt","Mummified Hand","Ornamental Fan","Toy Ornithopter","Anchor","Kunai","Frozen Egg 2","MealTicket","Sling","Akabeko","MawBank","Bottled Flame","Singing Bowl","Dead Branch"],"acts_visited":["Exordium","TheCity","TheBeyond"],"potions_floor_usage":[23,23,27,33,50,50,50,50,50],"damage_taken":[{"damage":13,"enemies":"Small Slimes","floor":1,"turns":3},{"damage":4,"enemies":"2 Louse","floor":3,"turns":2},{"damage":0,"enemies":"Cultist","floor":5,"turns":2},{"damage":0,"enemies":"Gremlin Nob","floor":7,"turns":2},{"damage":0,"enemies":"Looter","floor":10,"turns":2},{"damage":0,"enemies":"Exordium Thugs","floor":11,"turns":3},{"damage":10,"enemies":"Large Slime","floor":12,"turns":4},{"damage":0,"enemies":"Gremlin Gang","floor":14,"turns":4},{"damage":0,"enemies":"Hexaghost","floor":16,"turns":5},{"damage":7,"enemies":"2 Thieves","floor":18,"turns":3},{"damage":38,"enemies":"Gremlin Leader","floor":23,"turns":4},{"damage":38,"enemies":"Book of Stabbing","floor":25,"turns":4},{"damage":8,"enemies":"Shell Parasite","floor":27,"turns":4},{"damage":29,"enemies":"Gremlin Leader","floor":28,"turns":4},{"damage":0,"enemies":"Snake Plant","floor":29,"turns":3},{"damage":0,"enemies":"Cultist and Chosen","floor":31,"turns":3},{"damage":50,"enemies":"Champ","floor":33,"turns":7},{"damage":0,"enemies":"3 Darklings","floor":35,"turns":4},{"damage":19,"enemies":"Orb Walker","floor":38,"turns":3},{"damage":6,"enemies":"3 Darklings","floor":41,"turns":4},{"damage":0,"enemies":"Giant Head","floor":42,"turns":5},{"damage":0,"enemies":"Transient","floor":46,"turns":5},{"damage":0,"enemies":"Nemesis","floor":47,"turns":1},{"damage":0,"enemies":"4 Shapes","floor":48,"turns":2},{"damage":30,"enemies":"Donu and Deca","floor":50,"turns":7}],"seed_played":"-4251187202252979808","potions_obtained":[{"floor":1,"key":"Regen Potion"},{"floor":5,"key":"AttackPotion"},{"floor":12,"key":"SpeedPotion"},{"floor":14,"key":"Dexterity Potion"},{"floor":23,"key":"Ancient Potion"},{"floor":28,"key":"SpeedPotion"},{"floor":38,"key":"DuplicationPotion"},{"floor":42,"key":"BottledMiracle"},{"floor":46,"key":"PowerPotion"}],"is_trial":true,"path_per_floor":["M","$","M","?","M","R","E","R","T","M","M","M","?","M","R","B",null,"M","?","$","T","?","E","R","E","T","M","E","M","R","M","R","B",null,"M","?","T","M","?","R","M","E","T","$","?","M","E","M","R","B",null],"character_chosen":"WATCHER","items_purchased":["Tantrum","Prostrate","ReachHeaven","EmptyBody+1","MealTicket","Sling","Akabeko","Dexterity Potion","SteroidPotion"],"campfire_rested":4,"item_purchase_floors":[2,2,20,20,44,44,44,44,44],"current_hp_per_floor":[59,59,55,60,60,60,60,60,60,60,60,50,50,50,77,77,77,70,70,70,70,70,39,79,41,51,55,38,50,93,93,93,55,94,94,94,94,75,75,75,69,69,69,69,69,69,69,69,94,74],"gold":146,"neow_bonus":"","is_daily":false,"chose_seed":false,"campfire_upgraded":4,"win_rate":0.0,"timestamp":1612553652,"path_taken":["M","$","M","?","M","R","E","R","T","M","M","M","?","?","R","BOSS","M","?","$","?","?","E","R","E","T","?","E","M","R","M","R","BOSS","M","?","?","M","?","R","M","E","T","$","?","M","E","M","R","BOSS"],"items_purchased_type":["Card","Card","Card","Card","Relic","Relic","Relic","Potion","Potion"],"build_version":"2020-12-22","purchased_purges":0,"victory":true,"max_hp_per_floor":[72,72,72,77,77,77,77,77,77,77,77,77,77,77,77,77,77,77,77,77,77,77,84,84,84,94,94,94,94,94,94,94,94,94,94,94,94,94,94,94,94,94,94,94,94,94,94,94,94,94],"card_choices":[{"not_picked":["CutThroughFate","Adaptation"],"picked":"TalkToTheHand","floor":7},{"not_picked":["SpiritShield+1","Establishment"],"picked":"LessonLearned","floor":16},{"not_picked":["FollowUp+1","Weave"],"picked":"Pray+1","floor":23},{"not_picked":["Meditate+1","Conclude"],"picked":"Protect+1","floor":24},{"not_picked":["Tantrum","Crescendo+1"],"picked":"SashWhip","floor":25},{"not_picked":["FollowUp","EmptyBody+1"],"picked":"SignatureMove","floor":28},{"not_picked":["LikeWater+1","Crescendo+1"],"picked":"FlurryOfBlows","floor":30},{"not_picked":["Ragnarok","Establishment"],"picked":"Judgement+1","floor":33},{"not_picked":["Swift Strike","Secret Technique+1"],"picked":"Dark Shackles+1","floor":39},{"not_picked":["Prostrate+1","Perseverance+1"],"picked":"DeusExMachina+1","floor":42},{"not_picked":["EmptyFist","Collect+1"],"picked":"CutThroughFate+1","floor":47},{"not_picked":["FollowUp","CrushJoints+1"],"picked":"CarveReality+1","floor":49}],"player_experience":89027,"relics_obtained":[{"floor":1,"key":"PreservedInsect"},{"floor":3,"key":"HornCleat"},{"floor":5,"key":"Toxic Egg 2"},{"floor":7,"key":"Thread and Needle"},{"floor":9,"key":"Regal Pillow"},{"floor":10,"key":"Pocketwatch"},{"floor":11,"key":"Shuriken"},{"floor":12,"key":"Ancient Tea Set"},{"floor":14,"key":"Oddly Smooth Stone"},{"floor":18,"key":"Matryoshka"},{"floor":21,"key":"Tiny Chest"},{"floor":21,"key":"Dream Catcher"},{"floor":23,"key":"Strawberry"},{"floor":23,"key":"Bag of Marbles"},{"floor":25,"key":"Meat on the Bone"},{"floor":25,"key":"Nunchaku"},{"floor":26,"key":"Bronze Scales"},{"floor":26,"key":"Pear"},{"floor":27,"key":"CaptainsWheel"},{"floor":28,"key":"CloakClasp"},{"floor":28,"key":"The Courier"},{"floor":29,"key":"Du-Vu Doll"},{"floor":31,"key":"Orichalcum"},{"floor":35,"key":"Potion Belt"},{"floor":37,"key":"Mummified Hand"},{"floor":38,"key":"Ornamental Fan"},{"floor":41,"key":"Toy Ornithopter"},{"floor":42,"key":"Anchor"},{"floor":42,"key":"Kunai"},{"floor":43,"key":"Frozen Egg 2"},{"floor":46,"key":"MawBank"},{"floor":47,"key":"Bottled Flame"},{"floor":47,"key":"Singing Bowl"},{"floor":48,"key":"Dead Branch"}],"event_choices":[{"damage_healed":0,"gold_gain":0,"player_choice":"Donut","damage_taken":0,"max_hp_gain":5,"max_hp_loss":0,"event_name":"Big Fish","floor":4,"gold_loss":0},{"cards_removed":["Strike_P"],"damage_healed":0,"gold_gain":0,"player_choice":"Offered Basic","damage_taken":0,"max_hp_gain":0,"max_hp_loss":0,"event_name":"Bonfire Elementals","floor":13,"gold_loss":0},{"damage_healed":0,"gold_gain":0,"player_choice":"Bet on Murderer","damage_taken":0,"max_hp_gain":0,"max_hp_loss":0,"event_name":"The Joust","floor":19,"gold_loss":50},{"damage_healed":0,"gold_gain":0,"player_choice":"Upgraded Two","damage_taken":0,"max_hp_gain":0,"max_hp_loss":0,"event_name":"Designer","floor":22,"gold_loss":40,"cards_upgraded":["Prostrate","Defend_P"]},{"cards_removed":["EmptyBody"],"damage_healed":0,"gold_gain":0,"player_choice":"Removed Skill","damage_taken":0,"max_hp_gain":0,"max_hp_loss":0,"event_name":"Falling","floor":36,"gold_loss":0},{"damage_healed":0,"gold_gain":0,"player_choice":"Memory 1","damage_taken":0,"max_hp_gain":0,"max_hp_loss":0,"event_name":"SensoryStone","floor":39,"gold_loss":0},{"damage_healed":0,"gold_gain":0,"player_choice":"Ignored","damage_taken":0,"max_hp_gain":0,"max_hp_loss":0,"event_name":"Duplicator","floor":45,"gold_loss":0}],"is_beta":false,"boss_relics":[{"not_picked":["Coffee Dripper","HolyWater"],"picked":"Black Star"},{"not_picked":["Velvet Choker","Astrolabe"],"picked":"SlaversCollar"}],"items_purged_floors":[],"is_endless":false,"potions_floor_spawned":[1,5,12,14,23,28,38,42,46],"ascension_level":1}}