{"host":"28bpuzdckreop5i0","time":1612537825,"event":{"mods":["Aspiration","BaseMod","Beaked The Cultist","Challenge The Spire","Conspire","Defuse TimeMaze Blight","Downfall","Energized Spire","GifTheSpireLib","Googly Eyes","Hubris","Infinite Spire","Minty Spire (QoL Compilation)","Relic Stats","Replay The Spire","Shop Mod","Spicy Shops","StSLib","Stuff the Spire","The Awakened One except there are too many feathers","The Construct","The Cursed","The Disciple","The Hierophant","The IronCluck","The Runesmith","Thieving Mod","Transform Curses","Wandering Minibosses","slay the spire mod where everything is the same but ironclad has a cowboy hat"],"gold_per_floor":[0,10,30,30,40,57,57,57,75,93,106,106,119,19,52,155,155,155,166,178,191,210,223,250,250,250,250],"floor_reached":25,"language":"ENG","playtime":1544,"items_purged":[],"score":213,"play_id":"f861f841-094e-483a-ae48-164ccc9b7ebd","local_time":"20210205091025","is_ascension_mode":true,"campfire_choices":[{"data":"Magnetism","floor":1,"key":"SMITH"},{"data":"Slimebound:OozeBath","floor":18,"key":"SMITH"}],"circlet_count":0,"master_deck":["Slimebound:Strike_Slimebound","Slimebound:Strike_Slimebound","Slimebound:Strike_Slimebound","Slimebound:Tackle","Slimebound:Defend_Slimebound","Slimebound:Defend_Slimebound","Slimebound:Defend_Slimebound","Slimebound:Defend_Slimebound","Slimebound:Split","Slimebound:CorrosiveSpit","Magnetism+1","Slimebound:Dissolve","Slimebound:TongueLash","Slimebound:SamplingLick","Slimebound:SplitMire","StuffTheSpire:CuriosityCurse","Slimebound:Schlurp","Slimebound:RollThrough","Slimebound:ItLooksTasty","Slimebound:ViciousTackle","Slimebound:GoopSpray","Slimebound:ViciousTackle","Slimebound:ComboTackle","Slimebound:OozeBath+1","Slimebound:RejuvenatingLick+1","Slimebound:ItLooksTasty"],"relics":["Slimebound:AbsorbEndCombat","aspiration:FrozenJewel","Bag of Marbles","conspire:SlowCooker","Replay:Mystery Machine"],"acts_visited":["Exordium","TheCity"],"potions_floor_usage":[16,19,19,25,25,25],"damage_taken":[{"damage":4,"enemies":"Jaw Worm","floor":2,"turns":6},{"damage":20,"enemies":"infinitespire:Voidling","floor":3,"turns":6},{"damage":0,"enemies":"conspire:RoseBush","floor":5,"turns":4},{"damage":5,"enemies":"Large Slime","floor":6,"turns":6},{"damage":0,"enemies":"Gremlin Gang","floor":9,"turns":5},{"damage":2,"enemies":"Exordium Wildlife","floor":10,"turns":5},{"damage":3,"enemies":"Large Slime","floor":11,"turns":4},{"damage":10,"enemies":"Blue Slaver","floor":13,"turns":2},{"damage":0,"enemies":"downfall:FleeingMerchant","floor":14,"turns":4},{"damage":0,"enemies":"Gremlin Gang","floor":15,"turns":4},{"damage":58,"enemies":"DF_ARCHETYPE_STREAMLINE","floor":16,"turns":11},{"damage":24,"enemies":"Shell Parasite","floor":19,"turns":6},{"damage":11,"enemies":"conspire:FuzzyDice","floor":20,"turns":5},{"damage":13,"enemies":"Cultist and Chosen","floor":21,"turns":6},{"damage":30,"enemies":"Shelled Parasite and Fungi","floor":22,"turns":5},{"damage":25,"enemies":"Sentry and Sphere","floor":23,"turns":5},{"damage":5,"enemies":"Snake Plant","floor":25,"turns":1}],"seed_played":"6037739203571077834","potions_obtained":[{"floor":5,"key":"SneckoOil"},{"floor":6,"key":"Languid Potion"},{"floor":10,"key":"Energy Potion"},{"floor":16,"key":"BlessingOfTheForge"},{"floor":22,"key":"Doom Potion"},{"floor":23,"key":"BlessingOfTheForge"}],"is_trial":false,"path_per_floor":["R","M","M","?","M","M","T","?","M","M","M","?","M","$","M","B",null,"R","M","M","M","M","M","T","M"],"character_chosen":"SLIMEBOUND","items_purchased":["Slimebound:ViciousTackle"],"campfire_rested":0,"item_purchase_floors":[14],"current_hp_per_floor":[65,64,54,61,65,64,64,64,65,65,64,64,59,65,65,11,65,65,49,46,41,19,2,2,0,0,0],"gold":250,"neow_bonus":"RANDOM_COLORLESS_2","is_daily":false,"chose_seed":false,"campfire_upgraded":2,"win_rate":0.0,"timestamp":1612537825,"path_taken":["R","M","M","?","?","M","T","?","M","M","M","?","M","$","M","BOSS","R","M","M","M","?","?","T","M"],"items_purchased_type":["Card"],"build_version":"2020-12-22","purchased_purges":0,"victory":false,"max_hp_per_floor":[65,65,65,65,65,65,65,65,65,65,65,65,65,65,65,65,65,65,65,65,65,65,65,65,65,65,65],"relic_stats":{"counters":[17,84],"obtain_stats":[{"conspire:SlowCooker":17,"Slimebound:AbsorbEndCombat":0,"Bag of Marbles":8,"Replay:Mystery Machine":24,"aspiration:FrozenJewel":7},{"conspire:SlowCooker":11,"Slimebound:AbsorbEndCombat":0,"Bag of Marbles":4,"Replay:Mystery Machine":16,"aspiration:FrozenJewel":4},{"conspire:SlowCooker":56,"Slimebound:AbsorbEndCombat":0,"Bag of Marbles":21,"Replay:Mystery Machine":83,"aspiration:FrozenJewel":21}]},"card_choices":[{"not_picked":["Midas Touch","ReplayUltimateDefense"],"picked":"Magnetism","floor":0},{"not_picked":["Slimebound:FinishingTackle","Slimebound:SamplingLick"],"picked":"Slimebound:Dissolve","floor":2},{"not_picked":["Slimebound:PressTheAttack","Slimebound:FlameTackle"],"picked":"Slimebound:TongueLash","floor":3},{"not_picked":["Slimebound:PressTheAttack","Slimebound:FinishingTackle"],"picked":"Slimebound:SamplingLick","floor":5},{"not_picked":["Slimebound:ViciousTackle","Slimebound:LeechEnergy"],"picked":"Slimebound:SplitMire","floor":6},{"not_picked":["Slimebound:LeadByExample","Slimebound:FormOfPuddle"],"picked":"Slimebound:Schlurp","floor":9},{"not_picked":["Slimebound:SlimeBrawl","Slimebound:ForwardTackle"],"picked":"Slimebound:RollThrough","floor":10},{"not_picked":["Slimebound:OneTwoCombo","Slimebound:LeechEnergy"],"picked":"Slimebound:ItLooksTasty","floor":11},{"not_picked":["Slimebound:DivideAndConquer","Slimebound:SplitMire"],"picked":"Slimebound:GoopSpray","floor":13},{"not_picked":["Slimebound:ComboTackle","Slimebound:SplitAcid","Slimebound:LeechEnergy"],"picked":"SKIP","floor":14},{"not_picked":["Slimebound:PressTheAttack","Slimebound:LeechingTouch"],"picked":"Slimebound:ComboTackle","floor":15},{"not_picked":["Slimebound:MinionMaster","Slimebound:Recycling"],"picked":"Slimebound:OozeBath","floor":16},{"not_picked":["Slimebound:SamplingLick","Slimebound:PressTheAttack"],"picked":"Slimebound:RejuvenatingLick+1","floor":19},{"not_picked":["Slimebound:ServeAndProtect+1","Slimebound:SlimeSpikes+1","Slimebound:PressTheAttack+1"],"picked":"SKIP","floor":20},{"not_picked":["Slimebound:SplitAcid+1","Slimebound:RollThrough","Slimebound:Replication+1"],"picked":"SKIP","floor":21},{"not_picked":["Slimebound:GoopTackle","Slimebound:SplitBruiser","Slimebound:RollThrough+1"],"picked":"SKIP","floor":22},{"not_picked":["Slimebound:DivideAndConquer+1","Slimebound:RollThrough+1"],"picked":"Slimebound:ItLooksTasty","floor":23}],"player_experience":1028261,"relics_obtained":[{"floor":7,"key":"aspiration:FrozenJewel"},{"floor":24,"key":"Replay:Mystery Machine"}],"event_choices":[],"is_beta":false,"boss_relics":[{"not_picked":["ReplayTheSpireMod:DimensionalGlitch","energizedSpire:SpiderWeb"],"picked":"conspire:SlowCooker"}],"items_purged_floors":[],"is_endless":false,"potions_floor_spawned":[5,6,10,11,16,22,23],"killed_by":"Snake Plant","ascension_level":1}}