{"host":"x205naxbihvu3p76","time":1612533660,"event":{"mods":["AchievementEnabler","BaseMod","Minty Spire (QoL Compilation)","StSLib","SuperFastMode"],"gold_per_floor":[110,7,7,7,7,45,45,61,61,102,115,115,115],"floor_reached":12,"language":"KOR","playtime":234,"items_purged":["Strike_R"],"score":211,"play_id":"f7cc38fd-c926-4198-abe9-b3bfc8ac6d73","local_time":"20210205230100","is_ascension_mode":true,"campfire_choices":[{"data":"Body Slam","floor":7,"key":"SMITH"}],"circlet_count":0,"master_deck":["AscendersBane","Strike_R","Strike_R","Strike_R","Defend_R","Defend_R","Defend_R","Defend_R","Bash","Body Slam+1","Armaments","Metallicize","Flame Barrier","Shrug It Off","Ghostly Armor"],"relics":["Burning Blood","NeowsBlessing","Nunchaku","Golden Idol","Turnip","Meat on the Bone","Matryoshka"],"acts_visited":["Exordium"],"potions_floor_usage":[10],"damage_taken":[{"damage":0,"enemies":"Cultist","floor":1,"turns":1},{"damage":0,"enemies":"3 Sentries","floor":6,"turns":2},{"damage":0,"enemies":"Small Slimes","floor":8,"turns":1},{"damage":49,"enemies":"Gremlin Nob","floor":10,"turns":5},{"damage":4,"enemies":"2 Louse","floor":11,"turns":4},{"damage":27,"enemies":"3 Sentries","floor":12,"turns":14}],"seed_played":"8617851095655296462","potions_obtained":[{"floor":1,"key":"Energy Potion"},{"floor":8,"key":"Ancient Potion"},{"floor":11,"key":"ElixirPotion"}],"is_trial":false,"path_per_floor":["M","$","T","?","?","E","R","M","T","E","M","E"],"character_chosen":"IRONCLAD","items_purchased":["Armaments"],"campfire_rested":0,"item_purchase_floors":[2],"current_hp_per_floor":[74,74,74,48,48,54,54,60,60,29,43,16,16],"gold":115,"neow_bonus":"THREE_ENEMY_KILL","is_daily":false,"chose_seed":false,"campfire_upgraded":1,"win_rate":0.0,"timestamp":1612533660,"path_taken":["M","$","?","?","?","E","R","M","T","E","M","E"],"items_purchased_type":["Card"],"build_version":"2020-12-22","purchased_purges":1,"victory":false,"max_hp_per_floor":[75,75,75,75,75,75,75,75,75,75,75,75,75],"card_choices":[{"not_picked":["Seeing Red","Heavy Blade"],"picked":"Body Slam","floor":1},{"not_picked":["Bloodletting","Fire Breathing"],"picked":"Flame Barrier","floor":6},{"not_picked":["Sever Soul","Fiend Fire"],"picked":"Shrug It Off","floor":8},{"not_picked":["Juggernaut","Reckless Charge","Rage"],"picked":"SKIP","floor":10},{"not_picked":["Perfected Strike","Whirlwind"],"picked":"Ghostly Armor","floor":11}],"player_experience":1026691,"relics_obtained":[{"floor":3,"key":"Nunchaku"},{"floor":6,"key":"Turnip"},{"floor":9,"key":"Meat on the Bone"},{"floor":10,"key":"Matryoshka"}],"event_choices":[{"damage_healed":0,"gold_gain":0,"player_choice":"Take Damage","damage_taken":26,"relics_obtained":["Golden Idol"],"max_hp_gain":0,"max_hp_loss":0,"event_name":"Golden Idol","floor":4,"gold_loss":0},{"damage_healed":0,"gold_gain":0,"cards_transformed":["Strike_R"],"player_choice":"Change","damage_taken":0,"max_hp_gain":0,"max_hp_loss":0,"event_name":"Living Wall","floor":5,"gold_loss":0,"cards_obtained":["Metallicize"]}],"is_beta":false,"boss_relics":[],"items_purged_floors":[2],"is_endless":false,"potions_floor_spawned":[1,8,11],"killed_by":"3 Sentries","ascension_level":18}}