{"host":"fj5i6t4nkss7815d","time":1612488494,"event":{"mods":["AchievementEnabler","BaseMod","Minty Spire (QoL Compilation)","Quick Restart","Relic Stats"],"gold_per_floor":[118,268,268,20,20,49,49,84,84,104,104,124,124,135,135,212,212,225,244,244,78,78,78,104,104,131,131,151,181,196,227,227,301,301,313,313,359,377,6,41,41,66,66,66,77,111,111,136,136,136],"floor_reached":51,"language":"ENG","playtime":2556,"items_purged":["Doubt"],"score":1852,"play_id":"2c88908a-097a-4086-9f59-1af048dbbad2","local_time":"20210204172814","is_ascension_mode":true,"campfire_choices":[{"data":"Cloak And Dagger","floor":11.0,"key":"SMITH"},{"data":"Infinite Blades","floor":13.0,"key":"SMITH"},{"floor":15.0,"key":"REST"},{"data":"Phantasmal Killer","floor":23.0,"key":"SMITH"},{"floor":25.0,"key":"REST"},{"floor":32.0,"key":"REST"},{"floor":41.0,"key":"REST"},{"floor":47,"key":"REST"},{"data":"Accuracy","floor":49,"key":"SMITH"}],"circlet_count":0,"master_deck":["AscendersBane","Strike_G+1","Strike_G+1","Strike_G+1","Strike_G+1","Defend_G+1","Defend_G+1","Defend_G+1","Defend_G+1","Defend_G+1","Survivor+1","Neutralize+1","Blade Dance+1","Cloak And Dagger+1","Slice","Blur","Infinite Blades+1","Accuracy","Phantasmal Killer+1","Terror","Backstab+1","BowlingBash+1","Envenom","Sadistic Nature","CrushJoints+1","Accuracy+1","Rage","Calculated Gamble+1"],"relics":["Ring of the Snake","NeowsBlessing","PreservedInsect","War Paint","Question Card","Ginger","HornCleat","Black Star","PrismaticShard","Shovel","Nunchaku","Boot","InkBottle","Molten Egg 2","CaptainsWheel","Dead Branch","Busted Crown","Calipers","Shuriken","Whetstone","Regal Pillow","Turnip","Letter Opener","Art of War","Meat on the Bone","Lantern","StoneCalendar"],"acts_visited":["Exordium","TheCity","TheBeyond"],"potions_floor_usage":[],"damage_taken":[{"damage":0.0,"enemies":"2 Louse","floor":1.0,"turns":1.0},{"damage":0.0,"enemies":"Lagavulin","floor":6.0,"turns":1.0},{"damage":0.0,"enemies":"3 Sentries","floor":8.0,"turns":1.0},{"damage":0.0,"enemies":"Small Slimes","floor":10.0,"turns":2.0},{"damage":2.0,"enemies":"Jaw Worm","floor":12.0,"turns":3.0},{"damage":2.0,"enemies":"Looter","floor":14.0,"turns":2.0},{"damage":0.0,"enemies":"Slime Boss","floor":16.0,"turns":4.0},{"damage":5.0,"enemies":"Chosen","floor":18.0,"turns":5.0},{"damage":10.0,"enemies":"Shell Parasite","floor":19.0,"turns":4.0},{"damage":18.0,"enemies":"Slavers","floor":24.0,"turns":6.0},{"damage":9.0,"enemies":"Shelled Parasite and Fungi","floor":28.0,"turns":3.0},{"damage":17.0,"enemies":"Book of Stabbing","floor":29.0,"turns":3.0},{"damage":11.0,"enemies":"Sentry and Sphere","floor":30.0,"turns":4.0},{"damage":0.0,"enemies":"Gremlin Leader","floor":31.0,"turns":3.0},{"damage":24.0,"enemies":"Automaton","floor":33.0,"turns":6.0},{"damage":0.0,"enemies":"3 Darklings","floor":35.0,"turns":1.0},{"damage":25.0,"enemies":"2 Orb Walkers","floor":37.0,"turns":4.0},{"damage":0.0,"enemies":"Orb Walker","floor":38.0,"turns":2.0},{"damage":20.0,"enemies":"Reptomancer","floor":40.0,"turns":3.0},{"damage":1.0,"enemies":"Mind Bloom Boss Battle","floor":42.0,"turns":6.0},{"damage":1,"enemies":"Writhing Mass","floor":45,"turns":4},{"damage":0,"enemies":"Giant Head","floor":46,"turns":4},{"damage":0,"enemies":"Nemesis","floor":48,"turns":4},{"damage":2,"enemies":"Donu and Deca","floor":50,"turns":6}],"seed_played":"-4881646346040319435","potions_obtained":[{"floor":6.0,"key":"PowerPotion"},{"floor":10.0,"key":"DuplicationPotion"},{"floor":16.0,"key":"AttackPotion"},{"floor":24.0,"key":"SkillPotion"},{"floor":28.0,"key":"FairyPotion"},{"floor":30.0,"key":"SteroidPotion"},{"floor":38.0,"key":"BlessingOfTheForge"},{"floor":40.0,"key":"Fire Potion"},{"floor":42.0,"key":"Block Potion"}],"is_trial":false,"path_per_floor":["M","?","?","$","?","E","T","E","T","M","R","M","R","M","R","B",null,"M","M","?","$","?","R","E","R","T","?","M","E","M","E","R","B",null,"M","?","?","M","$","E","R","?","T","?","M","E","R","E","R","B",null],"character_chosen":"THE_SILENT","items_purchased":["PreservedInsect","PrismaticShard","Shuriken","Accuracy"],"campfire_rested":5,"item_purchase_floors":[4,21,39,39],"current_hp_per_floor":[59,59,39,39,44,44,44,44,44,44,44,42,42,40,61,61,69,64,54,54,54,54,54,36,57,57,57,48,31,20,20,41,17,58,58,58,33,33,33,13,49,48,48,48,47,47,71,71,71,69],"gold":136,"neow_bonus":"THREE_ENEMY_KILL","is_daily":false,"chose_seed":false,"campfire_upgraded":4,"win_rate":0.0,"timestamp":1612488494,"path_taken":["M","?","?","?","?","E","?","E","T","M","R","M","R","M","R","BOSS","M","M","?","$","?","R","E","R","T","?","M","E","M","E","R","BOSS","M","?","?","M","?","E","R","?","T","?","?","E","R","E","R","BOSS"],"items_purchased_type":["Relic","Relic","Relic","Card"],"build_version":"2020-12-22","purchased_purges":1,"victory":true,"max_hp_per_floor":[66,66,66,66,71,71,71,71,71,71,71,71,71,71,71,71,71,71,71,71,71,71,71,71,71,71,71,71,71,71,71,71,71,71,71,71,71,71,71,71,71,71,71,71,71,71,71,71,71,71],"relic_stats":{"Regal Pillow":18,"counters":[24,82],"Dead Branch":[113],"StoneCalendar":[0],"PreservedInsect":372,"Ginger":[9],"Whetstone":["Neutralize","Backstab"],"Letter Opener":[57],"War Paint":["Defend_G","Survivor"],"Question Card":22,"Boot":[61],"Nunchaku":[19],"Shovel":0,"Busted Crown":18,"Shuriken":[21],"Turnip":[0],"Black Star":6,"Art of War":[0],"obtain_stats":[{"Regal Pillow":40,"Lantern":48,"Calipers":37,"StoneCalendar":48,"Ginger":8,"Whetstone":40,"PrismaticShard":21,"Boot":26,"Nunchaku":24,"HornCleat":9,"Shovel":24,"InkBottle":29,"Ring of the Snake":0,"NeowsBlessing":0,"Dead Branch":31,"PreservedInsect":4,"Letter Opener":43,"War Paint":6,"Question Card":7,"CaptainsWheel":31,"Busted Crown":34,"Shuriken":39,"Molten Egg 2":29,"Turnip":42,"Black Star":17,"Art of War":46,"Meat on the Bone":46},{"Regal Pillow":19,"Lantern":23,"Calipers":17,"StoneCalendar":23,"Ginger":3,"Whetstone":19,"PrismaticShard":9,"Boot":10,"Nunchaku":10,"HornCleat":3,"Shovel":10,"InkBottle":12,"Ring of the Snake":0,"NeowsBlessing":0,"Dead Branch":14,"PreservedInsect":1,"Letter Opener":20,"War Paint":2,"Question Card":2,"CaptainsWheel":14,"Busted Crown":15,"Shuriken":18,"Molten Egg 2":12,"Turnip":20,"Black Star":7,"Art of War":22,"Meat on the Bone":22},{"Regal Pillow":58,"Lantern":76,"Calipers":53,"StoneCalendar":76,"Ginger":3,"Whetstone":58,"PrismaticShard":23,"Boot":29,"Nunchaku":29,"HornCleat":3,"Shovel":29,"InkBottle":35,"Ring of the Snake":0,"NeowsBlessing":0,"Dead Branch":42,"PreservedInsect":1,"Letter Opener":64,"War Paint":2,"Question Card":2,"CaptainsWheel":42,"Busted Crown":48,"Shuriken":55,"Molten Egg 2":35,"Turnip":64,"Black Star":14,"Art of War":72,"Meat on the Bone":72}],"InkBottle":[32],"Ring of the Snake":[48],"Meat on the Bone":0},"card_choices":[{"not_picked":["Flying Knee","Deflect"],"picked":"Blade Dance","floor":1.0},{"not_picked":["Predator","Outmaneuver"],"picked":"Cloak And Dagger","floor":6.0},{"not_picked":["Acrobatics","Flechettes","Dash"],"picked":"Slice","floor":8.0},{"not_picked":["Quick Slash","Bane","Heel Hook"],"picked":"Blur","floor":10.0},{"not_picked":["Finisher","Masterful Stab","Quick Slash"],"picked":"Infinite Blades","floor":12.0},{"not_picked":["Terror","Escape Plan","Poisoned Stab"],"picked":"Accuracy","floor":14.0},{"not_picked":["Grand Finale","Tools of the Trade","Doppelganger"],"picked":"Phantasmal Killer","floor":16.0},{"not_picked":["PiercingWail","Reflex","Dagger Throw"],"picked":"Terror","floor":18.0},{"not_picked":["Dodge and Roll","Quick Slash","Poisoned Stab","Acrobatics"],"picked":"SKIP","floor":19.0},{"not_picked":["FlyingSleeves","Slice","Anger"],"picked":"Backstab","floor":24.0},{"not_picked":["Darkness+1","CutThroughFate","Warcry","Go for the Eyes"],"picked":"SKIP","floor":28.0},{"not_picked":["Tantrum+1","Iron Wave+1","Reinforced Body","Offering"],"picked":"SKIP","floor":29.0},{"not_picked":["Shrug It Off","SashWhip+1","Hologram"],"picked":"BowlingBash+1","floor":30.0},{"not_picked":["Sucker Punch+1","Headbutt+1","Prepared"],"picked":"Envenom","floor":31.0},{"not_picked":["Corpse Explosion","Apotheosis","Berserk"],"picked":"Sadistic Nature","floor":33.0},{"not_picked":["EmptyBody"],"picked":"CrushJoints+1","floor":35.0},{"not_picked":["Reflex","Burning Pact+1"],"picked":"SKIP","floor":38.0},{"not_picked":["Crescendo","Thinking Ahead"],"picked":"SKIP","floor":40.0},{"not_picked":["Tempest"],"picked":"Rage","floor":42.0},{"not_picked":["Poisoned Stab+1"],"picked":"Calculated Gamble+1","floor":45},{"not_picked":["Protect+1","CarveReality+1"],"picked":"SKIP","floor":46},{"not_picked":["Terror","Evaluate"],"picked":"SKIP","floor":48}],"player_experience":1019596,"relics_obtained":[{"floor":6.0,"key":"War Paint"},{"floor":7.0,"key":"Question Card"},{"floor":8.0,"key":"Ginger"},{"floor":9.0,"key":"HornCleat"},{"floor":24.0,"key":"Shovel"},{"floor":24.0,"key":"Nunchaku"},{"floor":26.0,"key":"Boot"},{"floor":29.0,"key":"InkBottle"},{"floor":29.0,"key":"Molten Egg 2"},{"floor":31.0,"key":"CaptainsWheel"},{"floor":31.0,"key":"Dead Branch"},{"floor":37.0,"key":"Calipers"},{"floor":40.0,"key":"Whetstone"},{"floor":40.0,"key":"Regal Pillow"},{"floor":42.0,"key":"Turnip"},{"floor":43.0,"key":"Letter Opener"},{"floor":46,"key":"Art of War"},{"floor":46,"key":"Meat on the Bone"},{"floor":48,"key":"Lantern"},{"floor":48,"key":"StoneCalendar"}],"event_choices":[{"damage_healed":0.0,"max_hp_gain":0.0,"max_hp_loss":0.0,"gold_gain":150.0,"event_name":"Liars Game","player_choice":"AGREE","floor":2.0,"gold_loss":0.0,"damage_taken":0.0,"cards_obtained":["Doubt"]},{"damage_healed":0.0,"max_hp_gain":0.0,"max_hp_loss":0.0,"gold_gain":0.0,"event_name":"Shining Light","player_choice":"Entered Light","floor":3.0,"gold_loss":0.0,"damage_taken":20.0,"cards_upgraded":["Strike_G","Blade Dance"]},{"damage_healed":0.0,"max_hp_gain":5.0,"max_hp_loss":0.0,"gold_gain":0.0,"event_name":"Big Fish","player_choice":"Donut","floor":5.0,"gold_loss":0.0,"damage_taken":0.0},{"damage_healed":0.0,"max_hp_gain":0.0,"max_hp_loss":0.0,"gold_gain":0.0,"event_name":"Back to Basics","player_choice":"Simplicity","floor":20.0,"gold_loss":0.0,"damage_taken":0.0,"cards_upgraded":["Strike_G","Strike_G","Strike_G","Strike_G","Defend_G","Defend_G","Defend_G","Defend_G"]},{"damage_healed":0.0,"max_hp_gain":0.0,"max_hp_loss":0.0,"gold_gain":0.0,"event_name":"Vampires","player_choice":"Ignored","floor":22.0,"gold_loss":0.0,"damage_taken":0.0},{"damage_healed":0.0,"max_hp_gain":0.0,"max_hp_loss":0.0,"gold_gain":0.0,"event_name":"Beggar","player_choice":"Ignored","floor":27.0,"gold_loss":0.0,"damage_taken":0.0},{"cards_removed":["Strike_G"],"damage_healed":0.0,"max_hp_gain":0.0,"max_hp_loss":0.0,"gold_gain":0.0,"event_name":"Falling","player_choice":"Removed Attack","floor":36.0,"gold_loss":0.0,"damage_taken":0.0},{"damage_healed":0.0,"max_hp_gain":0.0,"max_hp_loss":0.0,"gold_gain":0.0,"event_name":"Mysterious Sphere","player_choice":"Fight","floor":37.0,"gold_loss":0.0,"damage_taken":0.0},{"damage_healed":0.0,"max_hp_gain":0.0,"max_hp_loss":0.0,"gold_gain":0.0,"event_name":"MindBloom","player_choice":"Fight","floor":42.0,"gold_loss":0.0,"damage_taken":0.0},{"damage_healed":0.0,"max_hp_gain":0.0,"max_hp_loss":0.0,"gold_gain":0.0,"event_name":"SensoryStone","player_choice":"Memory 1","floor":44.0,"gold_loss":0.0,"damage_taken":0.0}],"is_beta":false,"boss_relics":[{"not_picked":["SlaversCollar","Coffee Dripper"],"picked":"Black Star"},{"not_picked":["Pandora\u0027s Box","Tiny House"],"picked":"Busted Crown"}],"items_purged_floors":[4],"is_endless":false,"potions_floor_spawned":[6,10,12,16,18,24,28,30,38,40,42,45,48],"ascension_level":18}}