{"host":"92108ef2q9tm8rod","time":1612483510,"event":{"mods":["BaseMod","Defuse TimeMaze Blight","Minty Spire (QoL Compilation)","StSLib","The Jungle"],"gold_per_floor":[117,117,141,141,141,141,184,184,209,209,189,189,232,256,256,379,379,399,413,429,453,230,230,230,230,256,280,314,365,38,338,338,464,464,485,485,505,524,587,587,621,621,621,621,621,654,0,13,13,13],"floor_reached":51,"language":"ENG","playtime":3028,"items_purged":["Dodge and Roll","Dagger Throw"],"score":1154,"play_id":"e327cfee-fbfc-485c-998d-096c758b846b","local_time":"20210205000510","daily_mods":["SealedDeck","Colorless Cards","Heirloom","Flight"],"is_ascension_mode":false,"campfire_choices":[{"data":"Deflect","floor":6.0,"key":"SMITH"},{"data":"Backflip","floor":8.0,"key":"SMITH"},{"data":"Blur","floor":10.0,"key":"SMITH"},{"floor":15,"key":"REST"},{"floor":23,"key":"DIG"},{"floor":24,"key":"DIG"},{"floor":25,"key":"DIG"},{"floor":32,"key":"REST"},{"data":"Catalyst","floor":40,"key":"SMITH"},{"floor":42,"key":"DIG"},{"floor":44,"key":"DIG"},{"data":"Noxious Fumes","floor":45,"key":"SMITH"},{"floor":49,"key":"DIG"}],"circlet_count":0,"master_deck":["PiercingWail+1","Deflect+1","Dash","Deadly Poison","Crippling Poison+1","Dark Shackles","Prepared","Dagger Throw","Backflip+1","Blur+1","Underhanded Strike","Noxious Fumes+1","Catalyst+1"],"relics":["Ring of the Snake","Tingsha","Golden Idol","Singing Bowl","War Paint","Shovel","Black Star","ClockworkSouvenir","Juzu Bracelet","Unceasing Top","Bag of Preparation","Akabeko","Omamori","Ginger","Potion Belt","Snake Skull","Busted Crown","Girya","Dream Catcher","Vajra","Bottled Flame","Mercury Hourglass","Pen Nib","Anchor","Letter Opener","Red Mask","Bronze Scales"],"acts_visited":["Exordium","Exordium","TheBeyond"],"potions_floor_usage":[16,28,33,39,41,46,50],"damage_taken":[{"damage":0.0,"enemies":"Jaw Worm","floor":1.0,"turns":2.0},{"damage":0.0,"enemies":"Small Slimes","floor":3.0,"turns":3.0},{"damage":2.0,"enemies":"Lagavulin","floor":7.0,"turns":8.0},{"damage":0.0,"enemies":"Gremlin Nob","floor":13.0,"turns":3.0},{"damage":0.0,"enemies":"2 Louse","floor":14.0,"turns":2.0},{"damage":0,"enemies":"Hexaghost","floor":16,"turns":11},{"damage":0,"enemies":"theJungle:5_Spyders","floor":18,"turns":7},{"damage":0,"enemies":"Shell Parasite","floor":19,"turns":5},{"damage":7,"enemies":"theJungle:JungleHuntersEncounter","floor":20,"turns":5},{"damage":6,"enemies":"theJungle:SlimyTreeVines","floor":21,"turns":8},{"damage":0,"enemies":"theJungle:2_Snecko_Cultists","floor":27,"turns":4},{"damage":8,"enemies":"theJungle:Cassacara","floor":28,"turns":6},{"damage":1,"enemies":"theJungle:FunGuy","floor":33,"turns":9},{"damage":0,"enemies":"3 Darklings","floor":35,"turns":4},{"damage":0,"enemies":"Orb Walker","floor":37,"turns":3},{"damage":0,"enemies":"4 Shapes","floor":38,"turns":4},{"damage":0,"enemies":"Mind Bloom Boss Battle","floor":39,"turns":7},{"damage":0,"enemies":"Reptomancer","floor":41,"turns":5},{"damage":0,"enemies":"Giant Head","floor":46,"turns":6},{"damage":0,"enemies":"3 Darklings","floor":48,"turns":3},{"damage":0,"enemies":"Awakened One","floor":50,"turns":12}],"seed_played":"1587125079364364884","potions_obtained":[{"floor":7.0,"key":"Energy Potion"},{"floor":11.0,"key":"DistilledChaos"},{"floor":13.0,"key":"Swift Potion"},{"floor":20,"key":"Explosive Potion"},{"floor":27,"key":"AttackPotion"},{"floor":33,"key":"Energy Potion"},{"floor":41,"key":"AttackPotion"},{"floor":48,"key":"DistilledChaos"}],"is_trial":true,"path_per_floor":["M","?","M","?","?","R","E","R","T","R","?","$","E","M","R","B",null,"M","M","M","M","$","R","R","R","T","M","E","T","$","?","R","B",null,"M","$","M","M","?","R","E","R","T","R","R","E","?","M","R","B",null],"character_chosen":"THE_SILENT","items_purchased":["ClockworkSouvenir","Snake Skull","Catalyst"],"campfire_rested":2,"item_purchase_floors":[22,30,30],"current_hp_per_floor":[70,53,53,53,53,53,51,51,51,51,51,51,53,55,74,76,76,78,78,73,75,75,75,75,75,75,77,71,71,71,39,64,65,88,90,90,92,94,96,96,98,98,98,98,98,100,100,102,102,102],"gold":13,"neow_bonus":"","is_daily":false,"chose_seed":false,"campfire_upgraded":5,"win_rate":0.0,"timestamp":1612483510,"path_taken":["M","?","M","?","?","R","E","R","T","R","?","$","E","M","R","BOSS","M","M","M","M","$","R","R","R","T","M","E","?","$","?","R","BOSS","M","$","M","M","?","R","E","R","T","R","R","E","?","M","R","BOSS"],"items_purchased_type":["Relic","Relic","Card"],"build_version":"2020-12-22","purchased_purges":2,"victory":true,"max_hp_per_floor":[70,70,70,70,70,70,70,70,70,70,70,70,72,74,74,76,76,78,78,80,82,82,82,82,82,82,84,86,86,86,86,86,88,88,90,90,92,94,96,96,98,98,98,98,98,100,100,102,102,102],"card_choices":[{"not_picked":["Outmaneuver","Flash of Steel"],"picked":"Backflip","floor":1.0},{"not_picked":["Underhanded Strike","Blade Dance"],"picked":"Blur","floor":3.0},{"not_picked":["Discovery","Storm of Steel"],"picked":"Underhanded Strike","floor":7.0},{"not_picked":["Outmaneuver","Dagger Spray","Heel Hook"],"picked":"Singing Bowl","floor":13.0},{"not_picked":["Impatience","Expertise","Deflect"],"picked":"Singing Bowl","floor":14.0},{"not_picked":["Panache","Magnetism","Mayhem"],"picked":"Singing Bowl","floor":16},{"not_picked":["Poisoned Stab","Backflip+1","Deflect"],"picked":"Singing Bowl","floor":18},{"not_picked":["Distraction","Bane+1"],"picked":"Noxious Fumes","floor":19},{"not_picked":["Secret Technique","Purity","Flying Knee"],"picked":"Singing Bowl","floor":20},{"not_picked":["Prepared","Deep Breath","Predator"],"picked":"Singing Bowl","floor":21},{"not_picked":["Concentrate","Skewer","Poisoned Stab+1"],"picked":"Singing Bowl","floor":27},{"not_picked":["Prepared","Dodge and Roll","Sucker Punch"],"picked":"Singing Bowl","floor":28},{"not_picked":["Chrysalis","Venomology","Master of Strategy"],"picked":"Singing Bowl","floor":33},{"not_picked":["Prepared+1"],"picked":"Singing Bowl","floor":35},{"not_picked":["Footwork"],"picked":"Singing Bowl","floor":37},{"not_picked":["Outmaneuver"],"picked":"Singing Bowl","floor":38},{"not_picked":["Prepared"],"picked":"Singing Bowl","floor":39},{"not_picked":["Dagger Throw+1"],"picked":"Singing Bowl","floor":41},{"not_picked":["Blade Dance+1"],"picked":"Singing Bowl","floor":46},{"not_picked":["Quick Slash"],"picked":"Singing Bowl","floor":48}],"player_experience":3391004,"relics_obtained":[{"floor":7.0,"key":"Singing Bowl"},{"floor":9.0,"key":"War Paint"},{"floor":13.0,"key":"Shovel"},{"floor":23,"key":"Juzu Bracelet"},{"floor":24,"key":"Unceasing Top"},{"floor":25,"key":"Bag of Preparation"},{"floor":26,"key":"Akabeko"},{"floor":28,"key":"Omamori"},{"floor":28,"key":"Ginger"},{"floor":29,"key":"Potion Belt"},{"floor":39,"key":"Girya"},{"floor":41,"key":"Dream Catcher"},{"floor":41,"key":"Vajra"},{"floor":42,"key":"Bottled Flame"},{"floor":43,"key":"Mercury Hourglass"},{"floor":44,"key":"Pen Nib"},{"floor":46,"key":"Anchor"},{"floor":46,"key":"Letter Opener"},{"floor":49,"key":"Bronze Scales"}],"event_choices":[{"damage_healed":0.0,"max_hp_gain":0.0,"max_hp_loss":0.0,"gold_gain":0.0,"event_name":"Golden Idol","player_choice":"Take Damage","floor":2.0,"gold_loss":0.0,"damage_taken":17.0,"relics_obtained":["Golden Idol"]},{"damage_healed":0.0,"max_hp_gain":0.0,"max_hp_loss":0.0,"gold_gain":0.0,"event_name":"The Cleric","player_choice":"Leave","floor":4.0,"gold_loss":0.0,"damage_taken":0.0},{"damage_healed":0.0,"max_hp_gain":0.0,"max_hp_loss":0.0,"gold_gain":0.0,"event_name":"Liars Game","player_choice":"Ignored","floor":5.0,"gold_loss":0.0,"damage_taken":0.0},{"damage_healed":0.0,"max_hp_gain":0.0,"max_hp_loss":0.0,"gold_gain":0.0,"event_name":"The Woman in Blue","player_choice":"Bought 1 Potion","floor":11.0,"gold_loss":0.0,"damage_taken":0.0},{"damage_healed":0,"gold_gain":0,"player_choice":"Fight","damage_taken":0,"max_hp_gain":0,"max_hp_loss":0,"event_name":"MindBloom","floor":39,"gold_loss":0},{"damage_healed":0,"gold_gain":0,"player_choice":"Paid","damage_taken":0,"relics_obtained":["Red Mask"],"max_hp_gain":0,"max_hp_loss":0,"event_name":"Tomb of Lord Red Mask","floor":47,"gold_loss":654}],"is_beta":false,"boss_relics":[{"not_picked":["Philosopher\u0027s Stone","Empty Cage"],"picked":"Black Star"},{"not_picked":["Snecko Eye","Runic Pyramid"],"picked":"Busted Crown"}],"items_purged_floors":[22,30],"is_endless":false,"potions_floor_spawned":[7,13,20,27,33,41,48],"ascension_level":0}}