{"host":"23gyny81b1bad9en","time":1612525486,"event":{"mods":["BaseMod","Marisa£®ÏF”Í°°ƒß¿Ì…≥£©","Minty Spire (QoL Compilation)","StSLib","[IsaacMod]“‘»ˆº‚À˛"],"gold_per_floor":[17,17,35,48,148,178,191,191,191,211,211,266,191,218,218,314,364,382,396,306,87,150,150,239,239,262,64,64,111,111,160,160,292,292,365,365,398,59,77,77,151,151,177,177,234,234,21,55,55,97,97],"floor_reached":50,"language":"ZHS","playtime":5778,"items_purged":["Strike_R","Strike_R","Strike_R","True Grit"],"score":870,"play_id":"e958a274-a831-4ac6-9b20-d70c3d49c21a","local_time":"20210205194446","is_ascension_mode":true,"campfire_choices":[{"floor":8.0,"key":"REST"},{"data":"Strike_R","floor":11.0,"key":"SMITH"},{"floor":15.0,"key":"REST"},{"floor":23.0,"key":"REST"},{"floor":25.0,"key":"REST"},{"data":"Uppercut","floor":28.0,"key":"SMITH"},{"floor":32.0,"key":"REST"},{"floor":40.0,"key":"REST"},{"floor":42.0,"key":"REST"},{"floor":46.0,"key":"REST"},{"floor":49,"key":"REST"}],"circlet_count":0,"master_deck":["AscendersBane","Strike_R+1","Defend_R","Defend_R","Defend_R","Defend_R","Bash","EpicFetus+1","Shockwave+1","Ghostly Armor+1","Spot Weakness","Headbutt+1","Uppercut+1","Flex","Battle Trance","Dropkick+1","Rampage","Cleave+1","Pommel Strike","BettingIsNotGood","Feed","Ghostly Armor","Shrug It Off","Iron Wave+1","Blood for Blood","Parasite"],"relics":["Burning Blood","HushsDoor","KeepersGift","Calipers","Vajra","SharpPlug","Art of War","Regal Pillow","Tiny House","SalivaCoin","Happy Flower","Red Skull","Bag of Marbles","Membership Card","BookofShadows","Bag of Preparation","Mummified Hand"],"acts_visited":["Exordium","TheCity","TheBeyond"],"potions_floor_usage":[50],"damage_taken":[{"damage":18.0,"enemies":"2 Louse","floor":1.0,"turns":3.0},{"damage":0.0,"enemies":"Small Slimes","floor":3.0,"turns":3.0},{"damage":0.0,"enemies":"Cultist","floor":4.0,"turns":3.0},{"damage":35.0,"enemies":"3 Sentries","floor":6.0,"turns":5.0},{"damage":13.0,"enemies":"Exordium Wildlife","floor":7.0,"turns":6.0},{"damage":14.0,"enemies":"3 Louse","floor":10.0,"turns":3.0},{"damage":8.0,"enemies":"Gremlin Nob","floor":12.0,"turns":3.0},{"damage":15.0,"enemies":"3 Sentries","floor":14.0,"turns":5.0},{"damage":58.0,"enemies":"The Guardian","floor":16.0,"turns":8.0},{"damage":27.0,"enemies":"Shell Parasite","floor":18.0,"turns":6.0},{"damage":2.0,"enemies":"Chosen","floor":19.0,"turns":4.0},{"damage":48.0,"enemies":"Centurion and Healer","floor":22.0,"turns":5.0},{"damage":37.0,"enemies":"Gremlin Leader","floor":24.0,"turns":5.0},{"damage":28.0,"enemies":"Shelled Parasite and Fungi","floor":29.0,"turns":5.0},{"damage":20.0,"enemies":"Slavers","floor":31.0,"turns":2.0},{"damage":76.0,"enemies":"Automaton","floor":33.0,"turns":9.0},{"damage":30.0,"enemies":"3 Darklings","floor":35.0,"turns":5.0},{"damage":15.0,"enemies":"3 Shapes","floor":37.0,"turns":3.0},{"damage":8.0,"enemies":"Spire Growth","floor":39.0,"turns":4.0},{"damage":66.0,"enemies":"Reptomancer","floor":41.0,"turns":8.0},{"damage":59.0,"enemies":"Jaw Worm Horde","floor":45.0,"turns":5.0},{"damage":29,"enemies":"Writhing Mass","floor":48,"turns":5},{"damage":78,"enemies":"Donu and Deca","floor":50,"turns":8}],"seed_played":"3364201446780832190","potions_obtained":[{"floor":3.0,"key":"SneckoOil"},{"floor":10.0,"key":"ColorlessPotion"},{"floor":12.0,"key":"Explosive Potion"},{"floor":14.0,"key":"Regen Potion"},{"floor":16.0,"key":"ColorlessPotion"},{"floor":17.0,"key":"PowerPotion"},{"floor":22.0,"key":"ColorlessPotion"},{"floor":31.0,"key":"AttackPotion"},{"floor":33.0,"key":"LiquidMemories"},{"floor":37.0,"key":"AttackPotion"},{"floor":45.0,"key":"ElixirPotion"}],"is_trial":false,"path_per_floor":["M","?","M","M","?","E","M","R","T","M","R","E","$","E","R","B",null,"M","M","?","$","M","R","E","R","T","$","R","M","?","E","R","B",null,"M","?","M","$","M","R","E","R","T","?","M","R","$","M","R","B"],"character_chosen":"IRONCLAD","items_purchased":["SalivaCoin","Rampage","BettingIsNotGood","Membership Card","Ghostly Armor","Bomb","Blood for Blood","Mummified Hand"],"campfire_rested":9,"item_purchase_floors":[21,21,27,38,38,38,47,47],"current_hp_per_floor":[60,60,66,72,72,43,36,60,60,52,52,50,50,41,80,28,72,65,69,69,69,27,67,36,76,76,76,76,54,54,45,85,15,68,44,44,38,38,39,81,26,68,68,68,20,62,62,39,81,0,0],"gold":97,"neow_bonus":"ONE_RARE_RELIC","is_daily":false,"chose_seed":false,"campfire_upgraded":2,"win_rate":0.0,"timestamp":1612525486,"path_taken":["M","?","M","M","?","E","M","R","T","M","R","E","$","E","R","BOSS","M","M","?","$","M","R","E","R","T","$","R","M","?","E","R","BOSS","M","?","M","?","?","R","E","R","T","?","M","R","$","?","R","BOSS"],"items_purchased_type":["Relic","Card","Card","Relic","Card","Card","Card","Relic"],"build_version":"2020-12-22","purchased_purges":4,"victory":false,"max_hp_per_floor":[80,80,80,80,80,80,80,80,80,80,80,80,80,80,80,80,85,85,85,85,85,85,85,85,85,85,85,85,85,85,85,85,85,85,85,85,88,88,91,91,91,91,91,91,91,91,91,91,91,91,91],"card_choices":[{"not_picked":[],"picked":"EpicFetus","floor":0.0},{"not_picked":["Wild Strike","Blood for Blood"],"picked":"Shockwave","floor":1.0},{"not_picked":["Armaments","Power Through"],"picked":"Ghostly Armor","floor":3.0},{"not_picked":["Rage","Dark Embrace"],"picked":"Spot Weakness","floor":4.0},{"not_picked":["Seeing Red","Combust"],"picked":"Headbutt","floor":6.0},{"not_picked":["Exhume","Iron Wave"],"picked":"Uppercut","floor":7.0},{"not_picked":["Reckless Charge","Headbutt"],"picked":"Metallicize","floor":10.0},{"not_picked":["Combust","Havoc"],"picked":"Flex","floor":12.0},{"not_picked":["Cleave","Headbutt"],"picked":"Battle Trance","floor":14.0},{"not_picked":["Sword Boomerang","Fire Breathing"],"picked":"Bomb","floor":17.0},{"not_picked":["Iron Wave","Clash"],"picked":"Dropkick+1","floor":18.0},{"not_picked":["Sword Boomerang","Iron Wave","Second Wind"],"picked":"SKIP","floor":19.0},{"not_picked":["Armaments","Hemokinesis"],"picked":"Cleave+1","floor":22.0},{"not_picked":["Body Slam","Shockwave"],"picked":"Pommel Strike","floor":24.0},{"not_picked":["Perfected Strike","Anger","Thunderclap"],"picked":"SKIP","floor":29.0},{"not_picked":["Dual Wield","Shockwave","Iron Wave"],"picked":"SKIP","floor":31.0},{"not_picked":["Juggernaut","Barricade"],"picked":"Feed","floor":33.0},{"not_picked":["Reckless Charge","Havoc","Thunderclap"],"picked":"SKIP","floor":35.0},{"not_picked":["Entrench","Sever Soul","Thunderclap"],"picked":"SKIP","floor":37.0},{"not_picked":["Sword Boomerang+1","Cleave"],"picked":"Shrug It Off","floor":39.0},{"not_picked":["Fire Breathing","Body Slam"],"picked":"True Grit","floor":41.0},{"not_picked":["Anger","Clash"],"picked":"Iron Wave+1","floor":45.0},{"not_picked":["True Grit","Thunderclap","Anger+1"],"picked":"SKIP","floor":48}],"player_experience":1434681,"relics_obtained":[{"floor":6.0,"key":"Vajra"},{"floor":9.0,"key":"SharpPlug"},{"floor":12.0,"key":"Art of War"},{"floor":14.0,"key":"Regal Pillow"},{"floor":24.0,"key":"Happy Flower"},{"floor":26.0,"key":"Red Skull"},{"floor":31.0,"key":"Bag of Marbles"},{"floor":41.0,"key":"BookofShadows"},{"floor":43.0,"key":"Bag of Preparation"}],"event_choices":[{"damage_healed":0.0,"max_hp_gain":0.0,"max_hp_loss":0.0,"gold_gain":0.0,"event_name":"Living Wall","player_choice":"Grow","floor":2.0,"gold_loss":0.0,"damage_taken":0.0,"cards_upgraded":["Shockwave"]},{"cards_removed":["Strike_R"],"damage_healed":0.0,"max_hp_gain":0.0,"max_hp_loss":0.0,"gold_gain":0.0,"event_name":"Designer","player_choice":"Upgrade and Remove","floor":20.0,"gold_loss":90.0,"damage_taken":0.0,"cards_upgraded":["Ghostly Armor"]},{"damage_healed":0.0,"max_hp_gain":0.0,"max_hp_loss":0.0,"gold_gain":0.0,"event_name":"Accursed Blacksmith","player_choice":"Forge","floor":30.0,"gold_loss":0.0,"damage_taken":0.0,"cards_upgraded":["EpicFetus"]},{"cards_removed":["Metallicize"],"damage_healed":0.0,"max_hp_gain":0.0,"max_hp_loss":0.0,"gold_gain":0.0,"event_name":"Falling","player_choice":"Removed Power","floor":36.0,"gold_loss":0.0,"damage_taken":0.0},{"damage_healed":0.0,"max_hp_gain":0.0,"max_hp_loss":0.0,"gold_gain":0.0,"event_name":"Mysterious Sphere","player_choice":"Ignored","floor":44.0,"gold_loss":0.0,"damage_taken":0.0}],"is_beta":false,"boss_relics":[{"not_picked":["ChampionBelt","Busted Crown"],"picked":"Tiny House"},{"not_picked":[]},{"not_picked":["Fusion Hammer","Sozu","Velvet Choker"]}],"items_purged_floors":[13,27,38,47],"is_endless":false,"potions_floor_spawned":[3,10,12,14,16,22,31,33,37,45],"killed_by":"Donu and Deca","ascension_level":12}}