{"host":"bnpj5ln693dhfj4y","time":1612549729,"event":{"mods":["AchievementEnabler","BaseMod","Colored Map","Colored Powertips","DeckTracker","Minty Spire (QoL Compilation)"],"gold_per_floor":[111,111,111,123,73,73,104,104,130,130,147,173,189,105,105,206,206,224,139,157,256,269,269,269],"floor_reached":23,"language":"ENG","playtime":1921,"items_purged":[],"score":249,"play_id":"b3673d6f-4bb8-41ca-a27e-0f86890eb7e8","local_time":"20210205192849","is_ascension_mode":true,"campfire_choices":[{"data":"Iron Wave","floor":6,"key":"SMITH"},{"data":"Flame Barrier","floor":8,"key":"SMITH"},{"data":"Shockwave","floor":10,"key":"SMITH"},{"data":"Fire Breathing","floor":15,"key":"SMITH"}],"circlet_count":0,"master_deck":["Strike_R","Strike_R","Strike_R","Strike_R","Defend_R","Defend_R","Defend_R","Defend_R","Bash+1","Flame Barrier+1","Iron Wave+1","Shockwave+1","Battle Trance","Double Tap","Evolve","Fire Breathing+1","Warcry","Demon Form","Shrug It Off+1","Twin Strike","Flex"],"relics":["Black Blood","Eternal Feather","Gambling Chip","Oddly Smooth Stone","Kunai","Pantograph"],"acts_visited":["Exordium","TheCity"],"potions_floor_usage":[13,23],"damage_taken":[{"damage":2,"enemies":"2 Louse","floor":1,"turns":4},{"damage":7,"enemies":"Small Slimes","floor":4,"turns":4},{"damage":24,"enemies":"Lagavulin","floor":7,"turns":10},{"damage":0,"enemies":"Jaw Worm","floor":11,"turns":3},{"damage":27,"enemies":"Gremlin Nob","floor":12,"turns":5},{"damage":18,"enemies":"Large Slime","floor":13,"turns":10},{"damage":42,"enemies":"Hexaghost","floor":16,"turns":11},{"damage":3,"enemies":"Chosen","floor":18,"turns":6},{"damage":32,"enemies":"Spheric Guardian","floor":20,"turns":9},{"damage":33,"enemies":"Centurion and Healer","floor":22,"turns":8},{"damage":46,"enemies":"Book of Stabbing","floor":23,"turns":5}],"seed_played":"555543435448691911","potions_obtained":[{"floor":4,"key":"FearPotion"},{"floor":12,"key":"DuplicationPotion"},{"floor":16,"key":"ElixirPotion"}],"is_trial":false,"path_per_floor":["M","$","?","M","?","R","E","R","T","R","M","E","M","$","R","B",null,"M","?","M","?","M","E"],"character_chosen":"IRONCLAD","items_purchased":["Fire Breathing","Warcry"],"campfire_rested":0,"item_purchase_floors":[14,14],"current_hp_per_floor":[80,80,73,72,72,78,60,66,66,72,78,57,45,45,54,18,65,74,74,54,54,33,0,0],"gold":269,"neow_bonus":"UPGRADE_CARD","is_daily":false,"chose_seed":false,"campfire_upgraded":4,"win_rate":0.0,"timestamp":1612549729,"path_taken":["M","$","?","M","?","R","E","R","T","R","?","E","M","$","R","BOSS","M","?","M","?","M","E"],"items_purchased_type":["Card","Card"],"build_version":"2020-12-22","purchased_purges":0,"victory":false,"max_hp_per_floor":[80,80,80,80,80,80,80,80,80,80,80,80,80,80,80,80,80,80,80,80,80,80,80,80],"card_choices":[{"not_picked":["Wild Strike","Metallicize"],"picked":"Flame Barrier","floor":1},{"not_picked":["Anger","Reckless Charge"],"picked":"Iron Wave","floor":4},{"not_picked":["Anger","Clash"],"picked":"Shockwave","floor":7},{"not_picked":["Body Slam","Warcry"],"picked":"Battle Trance","floor":11},{"not_picked":["Wild Strike","Twin Strike"],"picked":"Double Tap","floor":12},{"not_picked":["Warcry","Thunderclap"],"picked":"Evolve","floor":13},{"not_picked":["Immolate","Juggernaut"],"picked":"Demon Form","floor":16},{"not_picked":["Headbutt","Shockwave+1"],"picked":"Shrug It Off+1","floor":18},{"not_picked":["Armaments","Carnage"],"picked":"Twin Strike","floor":20},{"not_picked":["Wild Strike","Anger"],"picked":"Flex","floor":22}],"player_experience":328381,"relics_obtained":[{"floor":7,"key":"Gambling Chip"},{"floor":9,"key":"Oddly Smooth Stone"},{"floor":12,"key":"Kunai"}],"event_choices":[{"damage_healed":0,"gold_gain":0,"player_choice":"Success","damage_taken":7,"relics_obtained":["Eternal Feather"],"max_hp_gain":0,"max_hp_loss":0,"event_name":"Scrap Ooze","floor":3,"gold_loss":0},{"cards_removed":["Strike_R"],"damage_healed":0,"gold_gain":0,"player_choice":"Card Removal","damage_taken":0,"max_hp_gain":0,"max_hp_loss":0,"event_name":"The Cleric","floor":5,"gold_loss":50},{"damage_healed":0,"gold_gain":0,"player_choice":"Obtained Relic","damage_taken":0,"relics_obtained":["Pantograph"],"max_hp_gain":0,"max_hp_loss":0,"event_name":"Addict","floor":19,"gold_loss":85},{"damage_healed":0,"gold_gain":99,"player_choice":"Stole From Cult","damage_taken":0,"max_hp_gain":0,"max_hp_loss":0,"event_name":"Nest","floor":21,"gold_loss":0}],"is_beta":false,"boss_relics":[{"not_picked":["Black Star","Empty Cage"],"picked":"Black Blood"}],"items_purged_floors":[],"is_endless":false,"potions_floor_spawned":[4,12,16],"killed_by":"Book of Stabbing","ascension_level":5}}