{"host":"ydg0vn0pu4pubmdt","time":1612547763,"event":{"mods":["AchievementEnabler","BaseMod","Colored Map","Gold Saver","Minty Spire (QoL Compilation)","Quick Restart","SuperFastMode"],"gold_per_floor":[482,407,418,430,355,355,386,386,412,422,435,27,42,53,53,53,53],"floor_reached":16,"language":"KOR","playtime":444,"items_purged":["Strike_G","Outmaneuver"],"score":208,"play_id":"a04c6c03-d4c3-44f6-bde6-65818e4ac0a2","local_time":"20210206025603","is_ascension_mode":true,"campfire_choices":[{"data":"Cloak And Dagger","floor":6.0,"key":"SMITH"},{"data":"Blade Dance","floor":8,"key":"SMITH"},{"floor":15,"key":"REST"}],"circlet_count":0,"master_deck":["AscendersBane","Strike_G","Strike_G","Strike_G","Defend_G","Defend_G","Defend_G","Defend_G","Survivor","Neutralize","Die Die Die","Escape Plan","Blade Dance+1","Cloak And Dagger+1","Deadly Poison","Poisoned Stab","Backstab","Cloak And Dagger","Blur"],"relics":["Ring of the Snake","Nunchaku","Regal Pillow","Question Card"],"acts_visited":["Exordium"],"potions_floor_usage":[7,13,16],"damage_taken":[{"damage":5.0,"enemies":"Cultist","floor":1.0,"turns":5.0},{"damage":7.0,"enemies":"2 Louse","floor":3.0,"turns":2.0},{"damage":0.0,"enemies":"Small Slimes","floor":4.0,"turns":2.0},{"damage":22,"enemies":"3 Sentries","floor":7,"turns":10},{"damage":1,"enemies":"Looter","floor":10,"turns":3},{"damage":4,"enemies":"Blue Slaver","floor":11,"turns":3},{"damage":0,"enemies":"Large Slime","floor":13,"turns":2},{"damage":0,"enemies":"3 Louse","floor":14,"turns":2},{"damage":69,"enemies":"Hexaghost","floor":16,"turns":12}],"seed_played":"-7559825128279629538","potions_obtained":[{"floor":3.0,"key":"Fruit Juice"},{"floor":4.0,"key":"Dexterity Potion"},{"floor":11,"key":"DuplicationPotion"},{"floor":13,"key":"Fruit Juice"}],"is_trial":false,"path_per_floor":["M","?","M","M","$","R","E","R","T","M","M","$","M","M","R","B"],"character_chosen":"THE_SILENT","items_purchased":["Question Card","Cloak And Dagger"],"campfire_rested":1,"item_purchase_floors":[12,12],"current_hp_per_floor":[54,54,47,47,47,47,25,25,25,24,20,20,25,25,61,0,0],"gold":53,"neow_bonus":"TRANSFORM_TWO_CARDS","is_daily":false,"chose_seed":false,"campfire_upgraded":2,"win_rate":0.0,"timestamp":1612547763,"path_taken":["M","?","M","M","$","R","E","R","T","M","M","$","M","M","R","BOSS"],"items_purchased_type":["Relic","Card"],"build_version":"2020-12-22","purchased_purges":2,"victory":false,"max_hp_per_floor":[66,66,66,66,66,66,66,66,66,66,66,66,71,71,71,76,76],"card_choices":[{"not_picked":["Dagger Throw","Expertise"],"picked":"Escape Plan","floor":1.0},{"not_picked":["Acrobatics","Prepared"],"picked":"Blade Dance","floor":3.0},{"not_picked":["Setup","Calculated Gamble"],"picked":"Cloak And Dagger","floor":4.0},{"not_picked":["PiercingWail","Calculated Gamble"],"picked":"Deadly Poison","floor":7},{"not_picked":["Flechettes","PiercingWail"],"picked":"Poisoned Stab","floor":10},{"not_picked":["Slice","Dagger Spray"],"picked":"Backstab","floor":11},{"not_picked":["Skewer","Prepared","Quick Slash"],"picked":"Blur","floor":13},{"not_picked":["Poisoned Stab","Skewer","Sucker Punch","Underhanded Strike"],"picked":"SKIP","floor":14}],"player_experience":626835,"relics_obtained":[{"floor":7,"key":"Nunchaku"},{"floor":9,"key":"Regal Pillow"}],"event_choices":[{"cards_removed":["Decay"],"damage_healed":0.0,"max_hp_gain":0.0,"max_hp_loss":0.0,"gold_gain":0.0,"event_name":"The Cleric","player_choice":"Card Removal","floor":2.0,"gold_loss":75.0,"damage_taken":0.0}],"is_beta":false,"boss_relics":[],"items_purged_floors":[5,12],"is_endless":false,"potions_floor_spawned":[3,4,11,13],"killed_by":"Hexaghost","ascension_level":20}}