{"host":"w4b7hmige5bnqipq","time":1612548717,"event":{"mods":["2.2 Compatiblity","BaseMod","Colored Map","DeckTracker","Keyboard Shortcuts","Minty Spire (QoL Compilation)","Permanent Neow","Rare Cards Sparkle","SuperFastMode","everything is the same but u backflip on backflip","slay the spire mod where everything is the same but ironclad has a cowboy hat"],"gold_per_floor":[119,119,119,131,149,149,169,169,169,182,107,123,23,35,35,109,109,121,121,121],"floor_reached":19,"language":"KOR","playtime":763,"items_purged":["Strike_G","Defend_G"],"score":322,"play_id":"66f89f7b-e3f1-4479-88ab-d98e3c5ec936","local_time":"20210206031157","is_ascension_mode":true,"campfire_choices":[{"data":"Riddle With Holes","floor":6.0,"key":"SMITH"},{"data":"Neutralize","floor":8.0,"key":"SMITH"},{"data":"Prepared","floor":15.0,"key":"SMITH"}],"circlet_count":0,"master_deck":["AscendersBane","Strike_G+1","Defend_G","Defend_G","Defend_G+1","Defend_G","Survivor","Neutralize+1","Riddle With Holes+1","Calculated Gamble","Prepared+1","Corpse Explosion","Acrobatics"],"relics":["Ring of the Snake","Gremlin Horn","SlaversCollar"],"acts_visited":["Exordium","TheCity"],"potions_floor_usage":[],"damage_taken":[{"damage":4.0,"enemies":"Small Slimes","floor":1.0,"turns":7.0},{"damage":1.0,"enemies":"Jaw Worm","floor":4.0,"turns":3.0},{"damage":0.0,"enemies":"Cultist","floor":5.0,"turns":4.0},{"damage":3.0,"enemies":"Exordium Thugs","floor":7.0,"turns":4.0},{"damage":0.0,"enemies":"Looter","floor":10.0,"turns":2.0},{"damage":8.0,"enemies":"Large Slime","floor":12.0,"turns":10.0},{"damage":2.0,"enemies":"Red Slaver","floor":14.0,"turns":3.0},{"damage":10.0,"enemies":"The Guardian","floor":16.0,"turns":18.0},{"damage":23,"enemies":"Spheric Guardian","floor":18,"turns":7},{"damage":25,"enemies":"Chosen","floor":19,"turns":5}],"seed_played":"6903549630079966881","potions_obtained":[{"floor":5.0,"key":"Dexterity Potion"},{"floor":12.0,"key":"Ancient Potion"},{"floor":14.0,"key":"Poison Potion"},{"floor":18,"key":"LiquidBronze"}],"is_trial":false,"path_per_floor":["M","?","?","M","M","R","M","R","T","M","$","M","$","M","R","B",null,"M","M"],"character_chosen":"THE_SILENT","items_purchased":[],"campfire_rested":0,"item_purchase_floors":[],"current_hp_per_floor":[55,37,30,29,29,29,26,26,26,26,26,18,18,16,16,6,47,24,0,0],"gold":121,"neow_bonus":"REMOVE_TWO","is_daily":false,"chose_seed":false,"campfire_upgraded":3,"win_rate":0.0,"timestamp":1612548717,"path_taken":["M","?","?","?","M","R","M","R","T","M","$","M","?","M","R","BOSS","M","M"],"items_purchased_type":[],"build_version":"2020-12-22","purchased_purges":2,"victory":false,"max_hp_per_floor":[60,60,60,60,60,60,60,60,60,60,60,60,60,60,60,60,60,60,60,60],"card_choices":[{"not_picked":["Flying Knee","Tactician"],"picked":"Riddle With Holes","floor":1.0},{"not_picked":["Blade Dance","Dagger Throw"],"picked":"Calculated Gamble","floor":4.0},{"not_picked":["Poisoned Stab","Quick Slash","Dodge and Roll"],"picked":"SKIP","floor":5.0},{"not_picked":["Sucker Punch","Underhanded Strike","Blade Dance"],"picked":"SKIP","floor":7.0},{"not_picked":["Sucker Punch","Underhanded Strike","Blade Dance"],"picked":"SKIP","floor":7.0},{"not_picked":["Eviscerate","Slice","Poisoned Stab"],"picked":"SKIP","floor":10.0},{"not_picked":["Deflect","Flying Knee"],"picked":"Prepared","floor":12.0},{"not_picked":["Blade Dance","Terror","Distraction"],"picked":"SKIP","floor":14.0},{"not_picked":["Adrenaline","Doppelganger"],"picked":"Corpse Explosion","floor":16.0},{"not_picked":["Slice","PiercingWail"],"picked":"Acrobatics","floor":18}],"player_experience":712555,"relics_obtained":[{"floor":9.0,"key":"Gremlin Horn"}],"event_choices":[{"damage_healed":0.0,"max_hp_gain":0.0,"max_hp_loss":0.0,"gold_gain":0.0,"event_name":"Shining Light","player_choice":"Entered Light","floor":2.0,"gold_loss":0.0,"damage_taken":18.0,"cards_upgraded":["Defend_G","Strike_G"]},{"cards_removed":["Strike_G"],"damage_healed":0.0,"max_hp_gain":0.0,"max_hp_loss":0.0,"gold_gain":0.0,"event_name":"Golden Wing","player_choice":"Card Removal","floor":3.0,"gold_loss":0.0,"damage_taken":7.0}],"is_beta":false,"boss_relics":[{"not_picked":["SacredBark","Astrolabe"],"picked":"SlaversCollar"}],"items_purged_floors":[11,13],"is_endless":false,"potions_floor_spawned":[5,12,14,18],"killed_by":"Chosen","ascension_level":20}}