{"host":"fff5e1uasnm04x18","time":1612535961,"event":{"mods":["BaseMod","Minty Spire (QoL Compilation)"],"gold_per_floor":[112,130,130,55,65,99,99,99,99,99,128,128,143,161,161,161,161],"floor_reached":16,"language":"ENG","playtime":974,"items_purged":["Strike_R"],"score":182,"play_id":"e711afbd-7f28-4a53-a16c-3eb15187e7de","local_time":"20210205093921","is_ascension_mode":true,"campfire_choices":[{"floor":7,"key":"REST"},{"floor":10,"key":"REST"},{"data":"Anger","floor":15,"key":"SMITH"}],"circlet_count":0,"master_deck":["Strike_R","Strike_R","Strike_R","Strike_R+1","Defend_R","Defend_R","Defend_R","Defend_R","Bash+1","Armaments","Feed","Armaments","Anger+1"],"relics":["Burning Blood","Matryoshka","Oddly Smooth Stone","Self Forming Clay","Pear","Charon\u0027s Ashes","Golden Idol"],"acts_visited":["Exordium"],"potions_floor_usage":[16,16],"damage_taken":[{"damage":8,"enemies":"Jaw Worm","floor":1,"turns":5},{"damage":1,"enemies":"2 Louse","floor":2,"turns":3},{"damage":14,"enemies":"Small Slimes","floor":5,"turns":4},{"damage":57,"enemies":"Gremlin Nob","floor":6,"turns":6},{"damage":27,"enemies":"3 Sentries","floor":11,"turns":14},{"damage":0,"enemies":"3 Louse","floor":13,"turns":4},{"damage":10,"enemies":"2 Fungi Beasts","floor":14,"turns":4},{"damage":66,"enemies":"Slime Boss","floor":16,"turns":9}],"seed_played":"-2486877522367769809","potions_obtained":[{"floor":1,"key":"SneckoOil"},{"floor":11,"key":"AttackPotion"},{"floor":13,"key":"Regen Potion"},{"floor":14,"key":"Energy Potion"}],"is_trial":false,"path_per_floor":["M","M","?","$","M","E","R","?","T","R","E","?","M","M","R","B"],"character_chosen":"IRONCLAD","items_purchased":[],"campfire_rested":2,"item_purchase_floors":[],"current_hp_per_floor":[86,88,85,85,77,26,52,34,44,73,56,31,41,41,41,0,0],"gold":161,"neow_bonus":"TEN_PERCENT_HP_BONUS","is_daily":false,"chose_seed":false,"campfire_upgraded":1,"win_rate":0.0,"timestamp":1612535961,"path_taken":["M","M","?","$","M","E","R","?","T","R","E","?","?","M","R","BOSS"],"items_purchased_type":[],"build_version":"2020-12-22","purchased_purges":1,"victory":false,"max_hp_per_floor":[88,88,88,88,88,88,88,88,98,98,102,102,106,110,110,114,114],"card_choices":[{"not_picked":["Feel No Pain","Sword Boomerang","Body Slam"],"picked":"SKIP","floor":1},{"not_picked":["Warcry","Perfected Strike"],"picked":"Armaments","floor":2},{"not_picked":["Wild Strike","Perfected Strike","Shrug It Off"],"picked":"SKIP","floor":5},{"not_picked":["Burning Pact","Iron Wave"],"picked":"Feed","floor":6},{"not_picked":["Dark Embrace","Havoc"],"picked":"Armaments","floor":11},{"not_picked":["Clothesline","Pommel Strike"],"picked":"Anger","floor":13},{"not_picked":["Hemokinesis","Rage","Havoc"],"picked":"SKIP","floor":14}],"player_experience":495922,"relics_obtained":[{"floor":6,"key":"Oddly Smooth Stone"},{"floor":9,"key":"Self Forming Clay"},{"floor":9,"key":"Pear"},{"floor":11,"key":"Charon\u0027s Ashes"}],"event_choices":[{"damage_healed":0,"gold_gain":0,"player_choice":"Success","damage_taken":3,"relics_obtained":["Matryoshka"],"max_hp_gain":0,"max_hp_loss":0,"event_name":"Scrap Ooze","floor":3,"gold_loss":0},{"damage_healed":0,"gold_gain":0,"player_choice":"Entered Light","damage_taken":18,"max_hp_gain":0,"max_hp_loss":0,"event_name":"Shining Light","floor":8,"gold_loss":0,"cards_upgraded":["Bash","Strike_R"]},{"damage_healed":0,"gold_gain":0,"player_choice":"Take Damage","damage_taken":25,"relics_obtained":["Golden Idol"],"max_hp_gain":0,"max_hp_loss":0,"event_name":"Golden Idol","floor":12,"gold_loss":0}],"is_beta":false,"boss_relics":[],"items_purged_floors":[4],"is_endless":false,"potions_floor_spawned":[1,11,13,14],"killed_by":"Slime Boss","ascension_level":4}}