{"host":"xp5rvh2jwe2ejyfm","time":1612532158,"event":{"mods":["2.2 Compatiblity","Aspiration","BaseMod","BetterRewards","Colored Powertips","Conspire","Downfall","GifTheSpireLib","Gremlin Mod","Hermit","Hubris","Jorbs\u0027s Wanderer Trilogy","Minty Spire (QoL Compilation)","Replay The Spire","Robot Space Explorer","Shade Mod","Somnambulant","StSLib","The Bug Knight","The Clintock","The Construct","The Cursed","The Disciple","The Forsaken","The Hierophant","The Necromancer","The Runesmith","The Servant 0.9.4","The Valiant","The Witch","thorton"],"gold_per_floor":[113,132,6,20,45,45,71,86,86,86],"floor_reached":8,"language":"ENG","playtime":630,"items_purged":[],"score":50,"play_id":"43dbbd47-c64a-473b-9e24-c370bdec9c30","local_time":"20210205083558","is_ascension_mode":false,"campfire_choices":[{"data":"thethorton:OddChange","floor":6,"key":"SMITH"}],"circlet_count":0,"master_deck":["thethorton:Strike","thethorton:Strike","thethorton:Strike","thethorton:Strike","thethorton:Defend","thethorton:Defend","thethorton:Defend","thethorton:Defend","thethorton:Heckle","thethorton:CreditCard","Normality","thethorton:CashBash","thethorton:OddChange+1","thethorton:PowerUp","thethorton:ElbowSmash","thethorton:OddChange","thethorton:BusinessBurst","thethorton:BusinessCard"],"relics":["thethorton:CouragePotion","NeowsBlessing"],"acts_visited":["Exordium"],"potions_floor_usage":[2,8],"damage_taken":[{"damage":0,"enemies":"Jaw Worm","floor":1,"turns":1},{"damage":0,"enemies":"2 Louse","floor":2,"turns":1},{"damage":0,"enemies":"Small Slimes","floor":4,"turns":1},{"damage":17,"enemies":"Blue Slaver","floor":5,"turns":6},{"damage":25,"enemies":"Large Slime","floor":7,"turns":9},{"damage":32,"enemies":"HollowMod:MossKnight","floor":8,"turns":13}],"seed_played":"-75979418818378935","potions_obtained":[{"floor":2,"key":"Fruit Juice"},{"floor":5,"key":"AttackPotion"},{"floor":7,"key":"Reflective Coating"}],"is_trial":false,"path_per_floor":["M","M","$","M","M","R","M","E"],"character_chosen":"THE_THORT","items_purchased":["thethorton:PowerUp","thethorton:ElbowSmash"],"campfire_rested":0,"item_purchase_floors":[3,3],"current_hp_per_floor":[68,73,73,73,56,56,31,0,0,0],"gold":86,"neow_bonus":"THREE_ENEMY_KILL","is_daily":false,"chose_seed":false,"campfire_upgraded":1,"win_rate":0.0,"timestamp":1612532158,"path_taken":["M","M","$","M","M","R","M","E"],"items_purchased_type":["Card","Card"],"build_version":"2020-12-22","purchased_purges":0,"victory":false,"max_hp_per_floor":[68,73,73,73,73,73,73,73,73,73],"card_choices":[{"not_picked":["thethorton:AngerMoment","thethorton:Rebalance"],"picked":"thethorton:CashBash","floor":1},{"not_picked":["thethorton:DownPayment","thethorton:StumblingSlap"],"picked":"thethorton:OddChange","floor":2},{"not_picked":["thethorton:ROI","thethorton:AngerMoment"],"picked":"thethorton:OddChange","floor":4},{"not_picked":["thethorton:PocketChange","thethorton:WhirlingBriefcase"],"picked":"thethorton:BusinessBurst","floor":5},{"not_picked":["thethorton:DualBap","thethorton:ThickSkin"],"picked":"thethorton:BusinessCard","floor":7}],"player_experience":429418,"relics_obtained":[],"event_choices":[],"is_beta":false,"boss_relics":[],"items_purged_floors":[],"is_endless":false,"potions_floor_spawned":[2,5,7],"killed_by":"HollowMod:MossKnight","ascension_level":0}}