{"host":"vh33hu3wddwn6yt6","time":1612559968,"event":{"mods":["AchievementEnabler","Act Like it!","Aspiration","BaseMod","Better Altar","Better Match","Better Note","Better Sensory Stone","Better Skull","Better Third Choice","BetterRewards","Downfall","Hermit","Hubris","Infinite Spire","Minty Spire (QoL Compilation)","Permanent Neow","Replay The Spire","Shade Mod","Shop Mod","Spicy Shops","StSLib","SuperFastMode","The Blackbeard","The Necromancer","The Poker Player","The Runesmith","The Servant 0.9.4","TheBandit","Wandering Minibosses"],"gold_per_floor":[111,123,123,141,157,183,183,196,251,266,231,270,283,307,307,426,426,451,49,68,84,107,107,126,126,150,164,164,164,164],"floor_reached":28,"language":"DEU","playtime":737,"items_purged":[],"score":236,"play_id":"b565c8f7-e4b1-4ad9-95bf-8c3866079654","local_time":"20210205221928","is_ascension_mode":false,"metric_token":1945,"campfire_choices":[{"data":"PokerPlayerMod:Diamond4","floor":15,"key":"SMITH"},{"floor":23,"key":"REST"},{"floor":25,"key":"REST"}],"circlet_count":0,"master_deck":["PokerPlayerMod:Diamond1","PokerPlayerMod:Diamond2","PokerPlayerMod:Diamond3","PokerPlayerMod:Diamond4","PokerPlayerMod:Diamond5","PokerPlayerMod:Spade1","PokerPlayerMod:Spade2","PokerPlayerMod:Spade3","PokerPlayerMod:Spade4","PokerPlayerMod:Club1","PokerPlayerMod:Club2","PokerPlayerMod:Heart2","PokerPlayerMod:TrumpStrike","PokerPlayerMod:BadJoker","PokerPlayerMod:Mulligan","PokerPlayerMod:Diamond5","PokerPlayerMod:Diamond5","Injury","PokerPlayerMod:DiamondStrike","PokerPlayerMod:DamnStraight","PokerPlayerMod:Diamond10+","PokerPlayerMod:DamnStraight"],"relics":["PokerPlayerMod:DeckCase","Tiny Chest","hubris:Towel","Replay:Towering Pillar of Hats","Golden Idol","MealTicket","Nunchaku","Replay:Bronze Core","Replay:WaspNest","PokerPlayerMod:Splitter","Smiling Mask"],"acts_visited":["Exordium","TheCity"],"potions_floor_usage":[16,16,21,24,24,27],"damage_taken":[{"damage":8,"enemies":"Jaw Worm","floor":1,"turns":2},{"damage":0,"enemies":"2 Louse","floor":2,"turns":1},{"damage":4,"enemies":"Small Slimes","floor":4,"turns":2},{"damage":2,"enemies":"2 Fungi Beasts","floor":5,"turns":3},{"damage":3,"enemies":"Gremlin Nob","floor":6,"turns":4},{"damage":0,"enemies":"Blue Slaver","floor":8,"turns":1},{"damage":13,"enemies":"Red Slaver","floor":10,"turns":2},{"damage":7,"enemies":"3 Sentries","floor":12,"turns":4},{"damage":6,"enemies":"2 Fungi Beasts","floor":13,"turns":2},{"damage":0,"enemies":"Large Slime","floor":14,"turns":5},{"damage":30,"enemies":"The Guardian","floor":16,"turns":8},{"damage":10,"enemies":"3 Byrds","floor":18,"turns":3},{"damage":10,"enemies":"Chosen","floor":20,"turns":4},{"damage":12,"enemies":"3 Cultists","floor":21,"turns":3},{"damage":43,"enemies":"Shelled Parasite and Fungi","floor":24,"turns":4},{"damage":12,"enemies":"Centurion and Healer","floor":27,"turns":3},{"damage":6,"enemies":"3 Cultists","floor":28,"turns":2}],"seed_played":"-5098434047138970871","potions_obtained":[{"floor":4,"key":"Milkshake"},{"floor":6,"key":"Venom Potion"},{"floor":8,"key":"Weak Potion"},{"floor":10,"key":"Block Potion"},{"floor":16,"key":"LiquidMemories"},{"floor":21,"key":"Venom Potion"},{"floor":24,"key":"PowerPotion"}],"is_trial":false,"path_per_floor":["M","M","?","M","M","E","?","M","T","M","?","E","M","M","R","B",null,"M","$","M","M","T","R","M","R","T","M","M"],"character_chosen":"THE_POKER_PLAYER","items_purchased":["PokerPlayerMod:Diamond10+","Replay:WaspNest"],"campfire_rested":2,"item_purchase_floors":[19,19],"current_hp_per_floor":[44,44,44,44,45,46,46,46,46,33,46,41,37,37,37,9,52,44,52,42,30,30,45,2,17,17,5,0,0,0],"gold":164,"neow_bonus":"RANDOM_COMMON_RELIC","is_daily":false,"chose_seed":false,"campfire_upgraded":1,"win_rate":0.0,"timestamp":1612559968,"path_taken":["M","M","?","M","M","E","?","M","T","M","?","E","M","M","R","BOSS","M","$","M","M","?","R","M","R","T","M","M"],"items_purchased_type":["Undefined","Relic"],"build_version":"2020-12-22","purchased_purges":0,"victory":false,"max_hp_per_floor":[52,52,52,52,52,52,52,52,52,52,52,52,52,52,52,52,52,52,52,52,52,52,52,52,52,52,52,52,52,52],"card_choices":[{"not_picked":["PokerPlayerMod:Diamond3","PokerPlayerMod:Raise","PokerPlayerMod:Heart3"],"picked":"SKIP","floor":1},{"not_picked":["PokerPlayerMod:Fold","PokerPlayerMod:ClubDance"],"picked":"PokerPlayerMod:Diamond5","floor":2},{"not_picked":["PokerPlayerMod:CloakAndDiamond","PokerPlayerMod:Spade4","PokerPlayerMod:Heart6"],"picked":"SKIP","floor":4},{"not_picked":["PokerPlayerMod:Spade4","PokerPlayerMod:Overdeal","PokerPlayerMod:DiamondStrike"],"picked":"SKIP","floor":5},{"not_picked":["PokerPlayerMod:Spade4","PokerPlayerMod:Spade3"],"picked":"PokerPlayerMod:Diamond4","floor":6},{"not_picked":["PokerPlayerMod:ClubsClub","PokerPlayerMod:DartThrow","PokerPlayerMod:SpadeStrike"],"picked":"SKIP","floor":8},{"not_picked":["PokerPlayerMod:CloakAndDiamond","PokerPlayerMod:Club2","PokerPlayerMod:Spade3"],"picked":"SKIP","floor":10},{"not_picked":["PokerPlayerMod:Diamond1","PokerPlayerMod:ItsShowtime"],"picked":"PokerPlayerMod:DiamondStrike","floor":12},{"not_picked":["PokerPlayerMod:SpadeStrike","PokerPlayerMod:Diamond1"],"picked":"PokerPlayerMod:DamnStraight","floor":13},{"not_picked":["PokerPlayerMod:FillThePot","PokerPlayerMod:ClubsClub","PokerPlayerMod:Diamond2"],"picked":"SKIP","floor":14},{"not_picked":["PokerPlayerMod:SpadeStrike+1","PokerPlayerMod:Spade3","PokerPlayerMod:Raise"],"picked":"SKIP","floor":18},{"not_picked":["PokerPlayerMod:Club3","PokerPlayerMod:DartThrow","PokerPlayerMod:Club4"],"picked":"SKIP","floor":20},{"not_picked":["PokerPlayerMod:Spade1","PokerPlayerMod:ClubsClub+1","PokerPlayerMod:Diamond3"],"picked":"SKIP","floor":21},{"not_picked":["PokerPlayerMod:DartThrow+1","PokerPlayerMod:Club3","PokerPlayerMod:Harden"],"picked":"SKIP","floor":24},{"not_picked":["PokerPlayerMod:DartThrow","PokerPlayerMod:Heart1"],"picked":"PokerPlayerMod:DamnStraight","floor":27}],"player_experience":666524,"relics_obtained":[{"floor":6,"key":"Replay:Towering Pillar of Hats"},{"floor":9,"key":"MealTicket"},{"floor":12,"key":"Nunchaku"},{"floor":22,"key":"PokerPlayerMod:Splitter"},{"floor":26,"key":"Smiling Mask"}],"event_choices":[{"damage_healed":0,"gold_gain":0,"player_choice":"Take Wound","damage_taken":0,"relics_obtained":["Golden Idol"],"max_hp_gain":0,"max_hp_loss":0,"event_name":"Golden Idol","floor":7,"gold_loss":0,"cards_obtained":["Injury"]},{"damage_healed":13,"gold_gain":0,"player_choice":"Healed","damage_taken":0,"max_hp_gain":0,"max_hp_loss":0,"event_name":"The Cleric","floor":11,"gold_loss":35}],"is_beta":false,"boss_relics":[{"not_picked":["hubris:CrackedHourglass","hubris:BlackHole"],"picked":"Replay:Bronze Core"}],"items_purged_floors":[],"is_endless":false,"potions_floor_spawned":[4,6,8,10,13,14,16,21,24],"killed_by":"3 Cultists","ascension_level":0}}