{"host":"hjkuipvvowcpo8la","time":1612542300,"event":{"mods":["AchievementEnabler","BaseMod","Block Reminder","CapriCore","Colored Map","Colored Powertips","Highlight Path","Minty Spire (QoL Compilation)","Permanent Neow","Quick Restart","Rare Cards Sparkle","StSLib"],"gold_per_floor":[118,118,137,67,87,87,99,131,131,131,131,150,150,187,187,293,293,312,2,2,27,27,62,62,106,106,126,153,176,193,215,215,322,349,369,137,437,461,485,485,522,540,540,582,595,618,652,652,652,652,652,652,112,143,143],"floor_reached":56,"language":"ENG","playtime":3728,"items_purged":["Storm+1","Defend_B"],"score":1306,"play_id":"6a2d7c70-f229-4e3f-858d-94b1d3742d48","local_time":"20210205172500","is_ascension_mode":true,"campfire_choices":[{"data":"Barrage","floor":6.0,"key":"SMITH"},{"data":"Defragment","floor":11.0,"key":"SMITH"},{"floor":13.0,"key":"REST"},{"data":"Darkness","floor":15.0,"key":"SMITH"},{"floor":32.0,"key":"REST"},{"floor":40.0,"key":"RECALL"},{"floor":49,"key":"REST"},{"floor":52,"key":"REST"}],"circlet_count":0,"master_deck":["Defend_B","Defend_B","Defend_B","Zap","Dualcast","Defragment+1","Barrage+1","Undo","Recycle","Auto Shields","Darkness+1","Multi-Cast","Meteor Strike","Capacitor","Skim","Ball Lightning","Biased Cognition","Tempest","Loop+1","Echo Form","Barrage+1","FTL+1","Coolheaded","Cold Snap","Panacea","Loop","Cold Snap","Defragment+1","Hologram","Undo+1","Chill+1","Lockon","Defragment+1","Fission"],"relics":["Snecko Eye","Lantern","CeramicFish","DataDisk","HornCleat","Fusion Hammer","Pocketwatch","NlothsMask","Boot","Darkstone Periapt","Bottled Flame","Ancient Tea Set","Astrolabe","Old Coin","Frozen Egg 2","Calipers","Regal Pillow","Anchor","Blood Vial"],"acts_visited":["Exordium","TheCity","TheBeyond","TheEnding"],"potions_floor_usage":[44,46,55,55],"damage_taken":[{"damage":2.0,"enemies":"Small Slimes","floor":1.0,"turns":3.0},{"damage":1.0,"enemies":"Jaw Worm","floor":3.0,"turns":4.0},{"damage":0.0,"enemies":"Cultist","floor":5.0,"turns":3.0},{"damage":8.0,"enemies":"2 Fungi Beasts","floor":7.0,"turns":5.0},{"damage":29.0,"enemies":"Gremlin Nob","floor":8.0,"turns":5.0},{"damage":0.0,"enemies":"Looter","floor":12.0,"turns":3.0},{"damage":22.0,"enemies":"Lagavulin","floor":14.0,"turns":8.0},{"damage":22.0,"enemies":"The Guardian","floor":16.0,"turns":7.0},{"damage":0.0,"enemies":"Spheric Guardian","floor":18.0,"turns":3.0},{"damage":4.0,"enemies":"2 Thieves","floor":21.0,"turns":4.0},{"damage":21.0,"enemies":"Gremlin Leader","floor":23.0,"turns":6.0},{"damage":14.0,"enemies":"Slavers","floor":25.0,"turns":3.0},{"damage":2.0,"enemies":"Centurion and Healer","floor":27.0,"turns":5.0},{"damage":8.0,"enemies":"Book of Stabbing","floor":28.0,"turns":4.0},{"damage":0.0,"enemies":"Chosen and Byrds","floor":30.0,"turns":3.0},{"damage":0.0,"enemies":"Snake Plant","floor":31.0,"turns":1.0},{"damage":6.0,"enemies":"Collector","floor":33.0,"turns":5.0},{"damage":5.0,"enemies":"Orb Walker","floor":35.0,"turns":2.0},{"damage":0.0,"enemies":"3 Shapes","floor":38.0,"turns":5.0},{"damage":0.0,"enemies":"Sphere and 2 Shapes","floor":39.0,"turns":4.0},{"damage":10.0,"enemies":"Giant Head","floor":41.0,"turns":6.0},{"damage":0.0,"enemies":"Maw","floor":42.0,"turns":5.0},{"damage":8,"enemies":"Reptomancer","floor":44,"turns":5},{"damage":7,"enemies":"Spire Growth","floor":45,"turns":4},{"damage":0,"enemies":"Writhing Mass","floor":46,"turns":6},{"damage":5,"enemies":"Giant Head","floor":47,"turns":7},{"damage":19,"enemies":"Awakened One","floor":50,"turns":14},{"damage":20,"enemies":"Shield and Spear","floor":54,"turns":6},{"damage":55,"enemies":"The Heart","floor":55,"turns":8}],"seed_played":"-6146543343093389635","potions_obtained":[{"floor":1.0,"key":"BlessingOfTheForge"},{"floor":3.0,"key":"FocusPotion"},{"floor":7.0,"key":"BlessingOfTheForge"},{"floor":16.0,"key":"Swift Potion"},{"floor":21.0,"key":"Swift Potion"},{"floor":23.0,"key":"SkillPotion"},{"floor":27.0,"key":"Ancient Potion"},{"floor":39.0,"key":"SkillPotion"},{"floor":42.0,"key":"SmokeBomb"},{"floor":45,"key":"LiquidBronze"},{"floor":46,"key":"Ancient Potion"}],"is_trial":false,"path_per_floor":["M","?","M","$","M","R","M","E","T","T","R","M","R","E","R","B",null,"M","$","?","M","$","E","?","E","T","M","E","T","M","M","R","B",null,"M","$","?","M","M","R","E","M","T","E","M","M","E","?","R","B",null,"R","$","E","B",null],"character_chosen":"DEFECT","items_purchased":["Undo","Pocketwatch","Cold Snap","Panacea","Loop","Defragment+1","Anchor","Fission","DuplicationPotion"],"campfire_rested":4,"item_purchase_floors":[4,19,36,36,36,53,53,53,53],"current_hp_per_floor":[73,66,65,65,65,65,57,28,28,28,28,28,50,28,28,6,75,75,75,75,71,71,50,50,36,36,34,26,26,26,26,48,42,75,70,70,70,70,70,70,60,60,60,52,45,45,40,40,75,56,75,75,75,55,2],"gold":143,"neow_bonus":"BOSS_RELIC","is_daily":false,"chose_seed":false,"campfire_upgraded":3,"win_rate":0.0,"timestamp":1612542300,"path_taken":["M","?","M","$","M","R","M","E","T","?","R","M","R","E","R","BOSS","M","$","?","M","?","E","?","E","T","M","E","?","M","M","R","BOSS","M","$","?","M","M","R","E","?","T","E","M","M","E","?","R","BOSS","R","$","E","BOSS"],"items_purchased_type":["Card","Relic","Card","Card","Card","Card","Relic","Card","Potion"],"build_version":"2020-12-22","purchased_purges":2,"victory":true,"max_hp_per_floor":[75,75,75,75,75,75,75,75,75,75,75,75,75,75,75,75,75,75,75,75,75,75,75,75,75,75,75,75,75,75,75,75,75,75,75,75,75,75,75,75,75,75,75,75,75,75,75,75,75,75,75,75,75,75,75],"card_choices":[{"not_picked":["Chill","Tempest"],"picked":"Defragment","floor":1.0},{"not_picked":["Stack","Turbo"],"picked":"Barrage","floor":3.0},{"not_picked":["Gash","FTL"],"picked":"Recycle","floor":5.0},{"not_picked":["Turbo","Stack"],"picked":"Steam","floor":7.0},{"not_picked":["Rip and Tear","Stack"],"picked":"Auto Shields","floor":8.0},{"not_picked":["Sunder","Rebound"],"picked":"Darkness","floor":12.0},{"not_picked":["Undo","Buffer"],"picked":"Multi-Cast","floor":14.0},{"not_picked":["Reboot","Core Surge"],"picked":"Meteor Strike","floor":16.0},{"not_picked":["Barrage+1","White Noise"],"picked":"Capacitor","floor":18.0},{"not_picked":["Leap","Hello World"],"picked":"Skim","floor":21.0},{"not_picked":["Go for the Eyes","Barrage"],"picked":"Ball Lightning","floor":23.0},{"not_picked":["Steam","Self Repair"],"picked":"Biased Cognition","floor":25.0},{"not_picked":["Ball Lightning+1","Redo"],"picked":"Tempest","floor":27.0},{"not_picked":["Turbo","Hologram","Reboot"],"picked":"SKIP","floor":28.0},{"not_picked":["Melter","Sweeping Beam","Barrage"],"picked":"SKIP","floor":30.0},{"not_picked":["Streamline","Gash"],"picked":"Loop+1","floor":31.0},{"not_picked":["Reboot","Amplify"],"picked":"Echo Form","floor":33.0},{"not_picked":["Conserve Battery","Turbo"],"picked":"Coolheaded","floor":35.0},{"not_picked":["Steam Power","Sunder"],"picked":"Cold Snap","floor":38.0},{"not_picked":["Barrage+1","BootSequence+1"],"picked":"Defragment","floor":39.0},{"not_picked":["Turbo+1","Compile Driver+1"],"picked":"Hologram","floor":41.0},{"not_picked":["Reprogram","Gash+1","Go for the Eyes"],"picked":"SKIP","floor":42.0},{"not_picked":["Hyperbeam","Rip and Tear"],"picked":"Undo+1","floor":44},{"not_picked":["Ball Lightning+1","Hologram","Beam Cell"],"picked":"SKIP","floor":45},{"not_picked":["Static Discharge+1","Ball Lightning+1"],"picked":"Chill+1","floor":46},{"not_picked":["Fusion+1","Aggregate+1"],"picked":"Lockon","floor":47},{"not_picked":["Compile Driver","Conserve Battery+1","Go for the Eyes+1"],"picked":"SKIP","floor":54}],"player_experience":285738,"relics_obtained":[{"floor":8.0,"key":"Lantern"},{"floor":9.0,"key":"CeramicFish"},{"floor":10.0,"key":"DataDisk"},{"floor":14.0,"key":"HornCleat"},{"floor":23.0,"key":"Boot"},{"floor":25.0,"key":"Darkstone Periapt"},{"floor":28.0,"key":"Bottled Flame"},{"floor":29.0,"key":"Ancient Tea Set"},{"floor":41.0,"key":"Frozen Egg 2"},{"floor":44,"key":"Calipers"},{"floor":47,"key":"Regal Pillow"},{"floor":54,"key":"Blood Vial"}],"event_choices":[{"cards_removed":["Strike_B"],"damage_healed":0.0,"max_hp_gain":0.0,"max_hp_loss":0.0,"gold_gain":0.0,"event_name":"Golden Wing","player_choice":"Card Removal","floor":2.0,"gold_loss":0.0,"damage_taken":7.0},{"damage_healed":0.0,"max_hp_gain":0.0,"max_hp_loss":0.0,"gold_gain":0.0,"event_name":"FaceTrader","player_choice":"Trade","floor":20.0,"gold_loss":0.0,"damage_taken":0.0,"relics_obtained":["NlothsMask"]},{"damage_healed":0.0,"max_hp_gain":0.0,"max_hp_loss":0.0,"gold_gain":0.0,"event_name":"Ghosts","player_choice":"Ignored","floor":24.0,"gold_loss":0.0,"damage_taken":0.0},{"damage_healed":0.0,"max_hp_gain":0.0,"max_hp_loss":0.0,"gold_gain":0.0,"event_name":"WeMeetAgain","player_choice":"Gave Potion","floor":37.0,"gold_loss":0.0,"damage_taken":0.0,"relics_obtained":["Old Coin"]},{"damage_healed":0,"gold_gain":0,"player_choice":"Upgraded","damage_taken":0,"max_hp_gain":0,"max_hp_loss":0,"event_name":"Upgrade Shrine","floor":48,"gold_loss":0,"cards_upgraded":["Defragment"]}],"is_beta":false,"boss_relics":[{"not_picked":["SacredBark","Empty Cage"],"picked":"Fusion Hammer"},{"not_picked":["Inserter","Cursed Key"],"picked":"Astrolabe"}],"items_purged_floors":[36,53],"is_endless":false,"potions_floor_spawned":[1,3,7,16,21,23,27,30,31,39,42,45,46],"ascension_level":1}}