{"host":"eaiphzh066bwqdh7","time":1612549705,"event":{"mods":["BaseMod","Better Note","Halation","Hubris","Minty Spire (QoL Compilation)","Reliquary","Replay The Spire","StSLib"],"gold_per_floor":[113,132,57,77,94,94,113,113,139,139,139,156,121,133,201,218,218,316,366,379,379,379,379,379],"floor_reached":23,"language":"ENG","playtime":588,"items_purged":["Defend_P"],"score":210,"play_id":"b1099856-4094-4fd9-918e-9bd1d3c31652","local_time":"20210205132825","is_ascension_mode":true,"campfire_choices":[{"floor":6,"key":"REST"},{"floor":17,"key":"REST"}],"circlet_count":0,"master_deck":["Strike_P","Strike_P","Strike_P","Strike_P","Defend_P","Defend_P","Defend_P","Eruption+1","Vigilance","DevaForm","Protect+1","Devotion"],"relics":["PureWater","Dead Branch","Omamori","Toxic Egg 2","Tiny House","hubris:Towel"],"acts_visited":["Exordium","TheCity"],"potions_floor_usage":[7,14,18,18,23,23],"damage_taken":[{"damage":3,"enemies":"2 Louse","floor":1,"turns":3},{"damage":12,"enemies":"Cultist","floor":2,"turns":3},{"damage":7,"enemies":"Jaw Worm","floor":4,"turns":3},{"damage":0,"enemies":"3 Louse","floor":5,"turns":3},{"damage":1,"enemies":"Looter","floor":7,"turns":4},{"damage":0,"enemies":"Large Slime","floor":12,"turns":4},{"damage":29,"enemies":"Gremlin Gang","floor":14,"turns":6},{"damage":11,"enemies":"2 Fungi Beasts","floor":16,"turns":5},{"damage":27,"enemies":"Hexaghost","floor":18,"turns":8},{"damage":22,"enemies":"Shell Parasite","floor":20,"turns":6},{"damage":53,"enemies":"Masked Bandits","floor":23,"turns":3}],"seed_played":"5684592916205455218","potions_obtained":[{"floor":7,"key":"EntropicBrew"},{"floor":12,"key":"Reflective Coating"},{"floor":18,"key":"LiquidMemories"},{"floor":19,"key":"Milkshake"},{"floor":20,"key":"AttackPotion"}],"is_trial":false,"path_per_floor":["M","M","$","M","M","R","M","?","T","PTL","PTL","M","?","M","T","M","R","B",null,"M","?","?","?"],"character_chosen":"WATCHER","items_purchased":[],"campfire_rested":2,"item_purchase_floors":[],"current_hp_per_floor":[48,36,36,29,29,50,49,49,49,49,49,49,67,38,38,27,48,21,77,55,41,41,0,0],"gold":379,"neow_bonus":"ONE_RARE_RELIC","is_daily":false,"chose_seed":false,"campfire_upgraded":0,"win_rate":0.0,"timestamp":1612549705,"path_taken":["M","M","$","M","M","R","M","?","T","PTL","PTL","?","?","M","?","M","R","BOSS","M","?","?","?"],"items_purchased_type":[],"build_version":"2020-12-22","purchased_purges":1,"victory":false,"max_hp_per_floor":[72,72,72,72,72,72,72,72,72,72,72,72,72,72,72,72,72,72,77,77,82,82,82,82],"card_choices":[{"not_picked":["CrushJoints","SignatureMove","FlyingSleeves"],"picked":"SKIP","floor":1},{"not_picked":["JustLucky","FearNoEvil","FlurryOfBlows"],"picked":"SKIP","floor":2},{"not_picked":["Replay:BluntJabs","BowlingBash","JustLucky"],"picked":"SKIP","floor":4},{"not_picked":["Evaluate","Halt","Replay:Battleflow"],"picked":"SKIP","floor":5},{"not_picked":["FlyingSleeves","SashWhip","LikeWater"],"picked":"SKIP","floor":7},{"not_picked":["Evaluate","ThirdEye"],"picked":"DevaForm","floor":12},{"not_picked":["EmptyBody","Replay:Vibes","Swivel"],"picked":"SKIP","floor":14},{"not_picked":["Conclude","ThirdEye+1"],"picked":"Protect+1","floor":16},{"not_picked":["Wish+1","Vault+1"],"picked":"Devotion","floor":18},{"not_picked":["Indignation+1","FollowUp","CarveReality"],"picked":"SKIP","floor":20}],"player_experience":263639,"relics_obtained":[{"floor":9,"key":"Omamori"},{"floor":15,"key":"Toxic Egg 2"}],"event_choices":[{"damage_healed":0,"gold_gain":0,"player_choice":"Bought 0 Potions","damage_taken":0,"max_hp_gain":0,"max_hp_loss":0,"event_name":"The Woman in Blue","floor":8,"gold_loss":0},{"damage_healed":18,"gold_gain":0,"player_choice":"Healed","damage_taken":0,"max_hp_gain":0,"max_hp_loss":0,"event_name":"The Cleric","floor":13,"gold_loss":35},{"damage_healed":0,"gold_gain":0,"player_choice":"Shed Blood","damage_taken":19,"max_hp_gain":5,"max_hp_loss":0,"event_name":"Forgotten Altar","floor":21,"gold_loss":0},{"damage_healed":0,"gold_gain":0,"player_choice":"Fought Bandits","damage_taken":0,"max_hp_gain":0,"max_hp_loss":0,"event_name":"Masked Bandits","floor":23,"gold_loss":0}],"is_beta":false,"boss_relics":[{"not_picked":["hubris:BlackHole","halation:Risk"],"picked":"Tiny House"}],"items_purged_floors":[3],"is_endless":false,"potions_floor_spawned":[7,12,18,20],"killed_by":"Masked Bandits","ascension_level":3}}