{"host":"dw8ij7emqco3quom","time":1612544294,"event":{"mods":["BaseMod","Minty Spire (QoL Compilation)"],"gold_per_floor":[10,27,41,57,7,7,34,34,34,65,65,87,97,116,116,218,218,231,245,245,257,182,182,207,207,207,207,223,251,251,267,267,267,267],"floor_reached":33,"language":"FRA","playtime":2655,"items_purged":[],"score":426,"play_id":"4b72f012-dbd7-4f03-8948-fb118fdca3d7","local_time":"20210205175814","is_ascension_mode":true,"campfire_choices":[{"data":"Seeing Red","floor":6.0,"key":"SMITH"},{"floor":8.0,"key":"REST"},{"floor":11.0,"key":"REST"},{"data":"Armaments","floor":15.0,"key":"SMITH"},{"floor":23.0,"key":"REST"},{"floor":25.0,"key":"REST"},{"floor":27.0,"key":"RECALL"},{"floor":30.0,"key":"REST"},{"data":"Limit Break","floor":32.0,"key":"SMITH"}],"circlet_count":0,"master_deck":["Strike_R","Strike_R","Strike_R","Strike_R","Strike_R","Defend_R","Defend_R","Bash","Inflame","Power Through","Seeing Red+1","Thunderclap","Armaments+1","Flame Barrier","Perfected Strike","Headbutt","Limit Break+1","Pommel Strike","Entrench+1","Shrug It Off","Twin Strike","Fire Breathing+1","Heavy Blade"],"relics":["Black Blood","Bag of Preparation","Regal Pillow","Bottled Tornado","Odd Mushroom","Pen Nib","Orichalcum"],"acts_visited":["Exordium","TheCity"],"potions_floor_usage":[],"damage_taken":[{"damage":12.0,"enemies":"Small Slimes","floor":1.0,"turns":4.0},{"damage":11.0,"enemies":"Jaw Worm","floor":2.0,"turns":5.0},{"damage":1.0,"enemies":"2 Louse","floor":3.0,"turns":4.0},{"damage":15.0,"enemies":"2 Fungi Beasts","floor":4.0,"turns":4.0},{"damage":44.0,"enemies":"Gremlin Nob","floor":7.0,"turns":5.0},{"damage":20.0,"enemies":"Lagavulin","floor":10.0,"turns":6.0},{"damage":29.0,"enemies":"The Mushroom Lair","floor":12.0,"turns":6.0},{"damage":4.0,"enemies":"Blue Slaver","floor":13.0,"turns":4.0},{"damage":8.0,"enemies":"Red Slaver","floor":14.0,"turns":4.0},{"damage":49.0,"enemies":"Slime Boss","floor":16.0,"turns":12.0},{"damage":22.0,"enemies":"2 Thieves","floor":18.0,"turns":4.0},{"damage":7.0,"enemies":"Chosen","floor":19.0,"turns":3.0},{"damage":37.0,"enemies":"Snake Plant","floor":21.0,"turns":4.0},{"damage":74.0,"enemies":"Gremlin Leader","floor":24.0,"turns":8.0},{"damage":13.0,"enemies":"Sentry and Sphere","floor":28.0,"turns":5.0},{"damage":39.0,"enemies":"Book of Stabbing","floor":29.0,"turns":4.0},{"damage":23.0,"enemies":"Centurion and Healer","floor":31.0,"turns":4.0},{"damage":89,"enemies":"Collector","floor":33,"turns":8}],"seed_played":"7632530151459907222","potions_obtained":[{"floor":1.0,"key":"Dexterity Potion"},{"floor":4.0,"key":"FearPotion"},{"floor":10.0,"key":"Fruit Juice"},{"floor":13.0,"key":"Ancient Potion"},{"floor":16.0,"key":"LiquidBronze"},{"floor":19.0,"key":"LiquidMemories"},{"floor":24.0,"key":"PowerPotion"}],"is_trial":false,"path_per_floor":["M","M","M","M","?","R","E","R","T","E","R","?","M","M","R","B",null,"M","M","?","M","?","R","E","R","T","R","M","E","R","M","R","B"],"character_chosen":"IRONCLAD","items_purchased":[],"campfire_rested":5,"item_purchase_floors":[],"current_hp_per_floor":[82,77,82,73,73,73,35,63,63,49,92,69,71,69,69,26,79,69,74,74,54,54,99,37,82,82,82,81,54,99,88,88,0,0],"gold":267,"neow_bonus":"TWENTY_PERCENT_HP_BONUS","is_daily":false,"chose_seed":false,"campfire_upgraded":3,"win_rate":0.0,"timestamp":1612544294,"path_taken":["M","M","M","M","?","R","E","R","T","E","R","?","M","M","R","BOSS","M","M","?","M","?","R","E","R","T","R","M","E","R","M","R","BOSS"],"items_purchased_type":[],"build_version":"2020-12-22","purchased_purges":0,"victory":false,"max_hp_per_floor":[96,96,96,96,96,96,96,96,96,96,96,96,96,96,96,96,96,96,96,96,101,101,101,101,101,101,101,101,101,101,101,101,101,101],"card_choices":[{"not_picked":["Burning Pact","Heavy Blade","Havoc"],"picked":"SKIP","floor":1.0},{"not_picked":["Pommel Strike","Clash"],"picked":"Inflame","floor":2.0},{"not_picked":["Entrench","Havoc"],"picked":"Power Through","floor":3.0},{"not_picked":["Pommel Strike","Metallicize"],"picked":"Seeing Red","floor":4.0},{"not_picked":["Combust","Clothesline"],"picked":"Thunderclap","floor":7.0},{"not_picked":["Intimidate","Bloodletting"],"picked":"Armaments","floor":10.0},{"not_picked":["Havoc","Cleave"],"picked":"Flame Barrier","floor":12.0},{"not_picked":["Dark Embrace","Pummel"],"picked":"Perfected Strike","floor":13.0},{"not_picked":["Heavy Blade","Infernal Blade"],"picked":"Headbutt","floor":14.0},{"not_picked":["Berserk","Barricade"],"picked":"Limit Break","floor":16.0},{"not_picked":["Thunderclap+1","Flex+1"],"picked":"Pommel Strike","floor":18.0},{"not_picked":["Sword Boomerang","Headbutt"],"picked":"Entrench+1","floor":19.0},{"not_picked":["Sword Boomerang","Iron Wave"],"picked":"Shrug It Off","floor":21.0},{"not_picked":["Pommel Strike","Inflame"],"picked":"Twin Strike","floor":24.0},{"not_picked":["Metallicize","Exhume"],"picked":"Fire Breathing+1","floor":28.0},{"not_picked":["Rupture","Warcry","Headbutt"],"picked":"SKIP","floor":29.0},{"not_picked":["Iron Wave+1","Sentinel"],"picked":"Heavy Blade","floor":31.0}],"player_experience":705978,"relics_obtained":[{"floor":7.0,"key":"Bag of Preparation"},{"floor":9.0,"key":"Regal Pillow"},{"floor":10.0,"key":"Bottled Tornado"},{"floor":12.0,"key":"Odd Mushroom"},{"floor":24.0,"key":"Pen Nib"},{"floor":29.0,"key":"Orichalcum"}],"event_choices":[{"cards_removed":["Defend_R"],"damage_healed":0.0,"max_hp_gain":0.0,"max_hp_loss":0.0,"gold_gain":0.0,"event_name":"The Cleric","player_choice":"Card Removal","floor":5.0,"gold_loss":50.0,"damage_taken":0.0},{"damage_healed":0.0,"max_hp_gain":0.0,"max_hp_loss":0.0,"gold_gain":0.0,"event_name":"Mushrooms","player_choice":"Fought Mushrooms","floor":12.0,"gold_loss":0.0,"damage_taken":0.0},{"damage_healed":0.0,"max_hp_gain":0.0,"max_hp_loss":0.0,"gold_gain":0.0,"event_name":"Vampires","player_choice":"Ignored","floor":20.0,"gold_loss":0.0,"damage_taken":0.0},{"cards_removed":["Defend_R"],"damage_healed":0.0,"max_hp_gain":0.0,"max_hp_loss":0.0,"gold_gain":0.0,"event_name":"Beggar","player_choice":"Gave Gold","floor":22.0,"gold_loss":75.0,"damage_taken":0.0}],"is_beta":false,"boss_relics":[{"not_picked":["Pandora\u0027s Box","Runic Dome"],"picked":"Black Blood"}],"items_purged_floors":[],"is_endless":false,"potions_floor_spawned":[1,4,10,13,16,19,24],"killed_by":"Collector","ascension_level":7}}