{"host":"oewe6473mh2zp5ss","time":1612567180,"event":{"mods":["AchievementEnabler","Aspiration","Bard","BaseMod","Challenge The Spire","Conspire","Curses Come First","Custom Start","Downfall","Emptier Cage","Gremlin Mod","Halation","Hubris","Infinite Spire","Minty Spire (QoL Compilation)","Permanent Neow","Reliquary","Replay The Spire","Robot Space Explorer","Somnambulant","Spikes Relics","StSLib","The Cursed","The Disciple","The Jungle","The Senshi","thorton"],"gold_per_floor":[111,1,15,27,27,27,39,55,100,116,116,291,291,291],"floor_reached":13,"language":"ENG","playtime":1113,"items_purged":["theSenshi:SailorKick"],"score":77,"play_id":"7eb72953-fdf1-44cc-9d85-7831286cc2fa","local_time":"20210205151940","is_ascension_mode":false,"campfire_choices":[{"data":"theSenshi:MoonPrismPowerMakeUp","floor":6,"key":"SMITH"},{"floor":11,"key":"REST"}],"circlet_count":0,"master_deck":["theSenshi:SailorKick","theSenshi:SailorKick","theSenshi:SailorKick","theSenshi:SailorBlock","theSenshi:SailorBlock","theSenshi:SailorBlock","theSenshi:SailorBlock","theSenshi:RoseThrow","theSenshi:MoonPrismPowerMakeUp+1","theSenshi:MoonPunch","theSenshi:SailorStarMakerAssists","theSenshi:MoonSpiralHeartAttack","theSenshi:MoonTiaraMagic","theSenshi:RainbowMoonHeartAche","theSenshi:SailorUranusAssists","theSenshi:TuxedoSmokingBomber","Doubt"],"relics":["theSenshi:TransformationBroochRelic","thethorton:BottledFunds","conspire:InfiniteJournal","halation:AfternoonTea"],"acts_visited":["Exordium"],"potions_floor_usage":[7,13],"damage_taken":[{"damage":8,"enemies":"Jaw Worm","floor":1,"turns":3},{"damage":2,"enemies":"Small Slimes","floor":3,"turns":5},{"damage":6,"enemies":"conspire:RoseBush","floor":4,"turns":3},{"damage":15,"enemies":"2 Fungi Beasts","floor":7,"turns":4},{"damage":23,"enemies":"Exordium Wildlife","floor":8,"turns":5},{"damage":13,"enemies":"Blue Slaver","floor":10,"turns":4},{"damage":46,"enemies":"Gremlin Nob","floor":13,"turns":5}],"seed_played":"6936157165810502663","potions_obtained":[{"floor":3,"key":"Block Potion"},{"floor":10,"key":"EssenceOfSteel"}],"is_trial":true,"path_per_floor":["M","$","M","M","?","R","M","M","T","M","R","?","E"],"character_chosen":"THE_SENSHI","items_purchased":["theSenshi:SailorStarMakerAssists"],"campfire_rested":1,"item_purchase_floors":[2],"current_hp_per_floor":[67,67,65,59,59,59,44,21,21,8,30,30,0,0],"gold":291,"neow_bonus":"","is_daily":false,"chose_seed":false,"campfire_upgraded":1,"win_rate":0.0,"timestamp":1612567180,"path_taken":["M","$","M","M","?","R","M","M","T","M","R","?","E"],"items_purchased_type":["Card"],"build_version":"2020-12-22","purchased_purges":1,"victory":false,"max_hp_per_floor":[75,75,75,75,75,75,75,75,75,75,75,75,75,75],"card_choices":[{"not_picked":["theSenshi:SailorVenusAssists","theSenshi:MoonCrystalPowerMakeUp"],"picked":"theSenshi:MoonPunch","floor":1},{"not_picked":["theSenshi:MoonPunch","theSenshi:TallSilhouette"],"picked":"theSenshi:MoonSpiralHeartAttack","floor":3},{"not_picked":["theSenshi:LunasBite","theSenshi:EncouragingSpeech"],"picked":"theSenshi:MoonTiaraMagic","floor":4},{"not_picked":["theSenshi:LunaWiseMentor","theSenshi:PlutosSolemnity"],"picked":"theSenshi:RainbowMoonHeartAche","floor":7},{"not_picked":["theSenshi:LateForSchool","theSenshi:NeptunesGrace"],"picked":"theSenshi:SailorUranusAssists","floor":8},{"not_picked":["theSenshi:MoonTiaraMagic","theSenshi:MoonPrincessHalation"],"picked":"theSenshi:TuxedoSmokingBomber","floor":10}],"player_experience":87166,"relics_obtained":[{"floor":9,"key":"halation:AfternoonTea"}],"event_choices":[{"damage_healed":0,"gold_gain":175,"player_choice":"AGREE","damage_taken":0,"max_hp_gain":0,"max_hp_loss":0,"event_name":"Liars Game","floor":12,"gold_loss":0,"cards_obtained":["Doubt"]}],"is_beta":false,"boss_relics":[],"items_purged_floors":[2],"is_endless":false,"potions_floor_spawned":[3,10],"killed_by":"Gremlin Nob","ascension_level":0}}