{"host":"la6t950uoatqs0xt","time":1612502779,"event":{"mods":["AchievementEnabler","BaseMod","Colored Powertips","Minty Spire (QoL Compilation)","Quick Restart","Rare Cards Sparkle"],"gold_per_floor":[110,128,128,128,144,178,178,212,212,229,229,14,31,31,31,128,128,142,159,4,4,20,20,119,132,156,0,0,0,0,18,18,18,18],"floor_reached":33,"language":"ENG","playtime":992,"items_purged":[],"score":318,"play_id":"7a5b494b-29f7-47c4-b2ef-063f6cf323e5","local_time":"20210205002619","is_ascension_mode":true,"campfire_choices":[{"floor":7,"key":"REST"},{"floor":11,"key":"REST"},{"floor":15,"key":"REST"},{"floor":23,"key":"REST"},{"floor":29,"key":"REST"},{"floor":32,"key":"REST"}],"circlet_count":0,"master_deck":["Strike_G","Strike_G","Strike_G","Strike_G+1","Strike_G","Defend_G","Defend_G","Defend_G","Defend_G","Survivor","Neutralize","Backflip","Deadly Poison+1","Deflect","Crippling Poison","Deadly Poison","Corpse Explosion","Bane","Deadly Poison"],"relics":["Ring of the Snake","Pear","Ancient Tea Set","Mummified Hand","Bag of Marbles","Black Star","Juzu Bracelet","Happy Flower"],"acts_visited":["Exordium","TheCity"],"potions_floor_usage":[16,16,16],"damage_taken":[{"damage":8,"enemies":"Jaw Worm","floor":1,"turns":5},{"damage":1,"enemies":"Small Slimes","floor":2,"turns":5},{"damage":0,"enemies":"Cultist","floor":5,"turns":3},{"damage":29,"enemies":"3 Sentries","floor":6,"turns":11},{"damage":11,"enemies":"Lagavulin","floor":8,"turns":6},{"damage":10,"enemies":"Gremlin Gang","floor":10,"turns":5},{"damage":1,"enemies":"2 Fungi Beasts","floor":13,"turns":3},{"damage":22,"enemies":"Hexaghost","floor":16,"turns":8},{"damage":0,"enemies":"Spheric Guardian","floor":18,"turns":3},{"damage":5,"enemies":"3 Byrds","floor":19,"turns":3},{"damage":38,"enemies":"Shelled Parasite and Fungi","floor":22,"turns":6},{"damage":21,"enemies":"Cultist and Chosen","floor":25,"turns":6},{"damage":18,"enemies":"Snecko","floor":31,"turns":5},{"damage":88,"enemies":"Collector","floor":33,"turns":6}],"seed_played":"3466166646124425720","potions_obtained":[{"floor":2,"key":"SkillPotion"},{"floor":5,"key":"Fire Potion"},{"floor":10,"key":"PowerPotion"},{"floor":22,"key":"SneckoOil"},{"floor":25,"key":"GamblersBrew"}],"is_trial":false,"path_per_floor":["M","M","?","?","M","E","R","E","T","M","R","$","M","$","R","B",null,"M","M","$","?","M","R","?","M","T","?","?","R","$","M","R","B"],"character_chosen":"THE_SILENT","items_purchased":["Crippling Poison","Bag of Marbles","Juzu Bracelet"],"campfire_rested":6,"item_purchase_floors":[12,12,20],"current_hp_per_floor":[62,61,47,47,47,28,52,41,41,31,55,55,54,54,78,56,80,80,75,75,60,22,47,47,26,26,26,26,51,51,33,58,0,0],"gold":18,"neow_bonus":"THREE_CARDS","is_daily":false,"chose_seed":false,"campfire_upgraded":0,"win_rate":0.0,"timestamp":1612502779,"path_taken":["M","M","?","?","?","E","R","E","T","M","R","$","M","$","R","BOSS","M","M","$","?","M","R","?","M","T","?","?","R","?","M","R","BOSS"],"items_purchased_type":["Card","Relic","Relic"],"build_version":"2020-12-22","purchased_purges":0,"victory":false,"max_hp_per_floor":[70,70,70,70,70,80,80,80,80,80,80,80,80,80,80,80,80,80,80,80,85,85,85,85,85,85,85,85,85,85,85,85,85,85],"card_choices":[{"not_picked":["Deflect","Blur"],"picked":"Backflip","floor":0},{"not_picked":["Slice","Reflex","Quick Slash"],"picked":"SKIP","floor":1},{"not_picked":["Sucker Punch","Tactician"],"picked":"Deadly Poison","floor":2},{"not_picked":["Blade Dance","Cloak And Dagger","Outmaneuver"],"picked":"SKIP","floor":5},{"not_picked":["Prepared","Quick Slash","Acrobatics"],"picked":"SKIP","floor":6},{"not_picked":["Setup","Masterful Stab","Flechettes"],"picked":"SKIP","floor":8},{"not_picked":["Blade Dance","Malaise"],"picked":"Deflect","floor":10},{"not_picked":["Sucker Punch","Underhanded Strike"],"picked":"Deadly Poison","floor":13},{"not_picked":["Wraith Form v2","A Thousand Cuts"],"picked":"Corpse Explosion","floor":16},{"not_picked":["Dagger Throw","Leg Sweep+1","Sucker Punch"],"picked":"SKIP","floor":18},{"not_picked":["Flechettes","Deadly Poison"],"picked":"Bane","floor":19},{"not_picked":["Cloak And Dagger","Deflect+1"],"picked":"Deadly Poison","floor":22},{"not_picked":["Terror","Blur","Slice"],"picked":"SKIP","floor":25},{"not_picked":["Unload","Underhanded Strike","Prepared"],"picked":"SKIP","floor":31}],"player_experience":280257,"relics_obtained":[{"floor":6,"key":"Pear"},{"floor":8,"key":"Ancient Tea Set"},{"floor":9,"key":"Mummified Hand"},{"floor":26,"key":"Happy Flower"}],"event_choices":[{"damage_healed":0,"gold_gain":0,"player_choice":"Entered Light","damage_taken":14,"max_hp_gain":0,"max_hp_loss":0,"event_name":"Shining Light","floor":3,"gold_loss":0,"cards_upgraded":["Strike_G","Deadly Poison"]},{"cards_removed":["Defend_G"],"damage_healed":0,"gold_gain":0,"player_choice":"Card Removal","damage_taken":0,"max_hp_gain":0,"max_hp_loss":0,"event_name":"Wheel of Change","floor":4,"gold_loss":0},{"damage_healed":0,"gold_gain":0,"player_choice":"Shed Blood","damage_taken":20,"max_hp_gain":5,"max_hp_loss":0,"event_name":"Forgotten Altar","floor":21,"gold_loss":0},{"damage_healed":0,"gold_gain":99,"player_choice":"Stole From Cult","damage_taken":0,"max_hp_gain":0,"max_hp_loss":0,"event_name":"Nest","floor":24,"gold_loss":0},{"damage_healed":0,"gold_gain":0,"player_choice":"Paid Fearfully","damage_taken":0,"max_hp_gain":0,"max_hp_loss":0,"event_name":"Masked Bandits","floor":27,"gold_loss":156},{"damage_healed":0,"gold_gain":0,"player_choice":"Ignored","damage_taken":0,"max_hp_gain":0,"max_hp_loss":0,"event_name":"Vampires","floor":28,"gold_loss":0}],"is_beta":false,"boss_relics":[{"not_picked":["HoveringKite","Coffee Dripper"],"picked":"Black Star"}],"items_purged_floors":[],"is_endless":false,"potions_floor_spawned":[2,5,10,13,22,25],"killed_by":"Collector","ascension_level":3}}