{"host":"l4he167voxkef95j","time":1612534388,"event":{"mods":["BaseMod","Infinite Spire","Minty Spire (QoL Compilation)","Rare Cards Sparkle","StSLib"],"gold_per_floor":[112,112,37,48,68,81,30,30,30,30,41,41,41,41,41,170,170,184,184,184,36,61,61,79,118,118,4,4,4,43,68,68,187,187,205,221,221,234,567,578,578,630,681,699,150,160,160,171,171,273,273,279,287,287,292,286,286,331,339,339,364,350,350,359,353,353,402,402,395,395,383,84,71,71,71,51,51,51,30,30,129,129,129,184,234,223,223,223,223,150,150,150,141,196,196,147,144,119,92,92,56,56],"floor_reached":101,"language":"RUS","playtime":4734,"items_purged":["Pain","Parasite","Shame","infinitespire:Pacifist"],"score":1761,"play_id":"5c07055a-1046-48a4-8fd0-b6031d9b4c93","local_time":"20210205181308","is_ascension_mode":false,"campfire_choices":[{"data":"JustLucky","floor":8.0,"key":"SMITH"},{"data":"JustLucky","floor":10.0,"key":"SMITH"},{"data":"Eruption","floor":12.0,"key":"SMITH"},{"floor":15.0,"key":"REST"},{"data":"CutThroughFate","floor":23.0,"key":"SMITH"},{"floor":28.0,"key":"REST"},{"floor":32.0,"key":"REST"},{"floor":49.0,"key":"REST"},{"floor":57.0,"key":"DIG"},{"floor":63.0,"key":"DIG"},{"floor":66.0,"key":"REST"},{"data":"BattleHymn","floor":74.0,"key":"SMITH"},{"data":"Apotheosis","floor":78.0,"key":"SMITH"},{"floor":83.0,"key":"DIG"},{"floor":92,"key":"DIG"},{"floor":100,"key":"REST"}],"circlet_count":0,"master_deck":["Defend_P","Defend_P","Defend_P","Defend_P","Eruption+1","Vigilance","JustLucky+1","Nirvana+1","EmptyFist","Adaptation","JustLucky+1","SandsOfTime","Vault+1","Evaluate","CutThroughFate+1","RitualDagger","FlurryOfBlows+1","FollowUp+1","BattleHymn+1","Trip","Necronomicurse","EmptyMind+1","Evaluate+1","Devotion","ThirdEye+1","Nirvana+1","infinitespire:Collect","infinitespire:SevenWalls","infinitespire:FinalStrike","MentalFortress+1","ClearTheMind","infinitespire:Starlight","Consecrate+1","JustLucky","Apotheosis+1","Flash of Steel","JustLucky+1","Blind","Wallop","Brilliance","DevaForm","Prostrate","Establishment","BattleHymn","MasterReality","CurseOfTheBell","infinitespire:TheBestDefense+1","LikeWater","FlyingSleeves+1","BowlingBash+1","Bite","Bite","Bite","Bite","Bite","Devotion","Consecrate+1","Finesse","Panacea","Enlightenment","Regret","TalkToTheHand"],"relics":["PureWater","WarpedTongs","Ornamental Fan","Cursed Key","Membership Card","Meat on the Bone","Mercury Hourglass","Necronomicon","infinitespire:PuzzleCube","Sozu","Sling","HolyWater","Shovel","Art of War","Dead Branch","Bottled Tornado","ClockworkSouvenir","Philosopher\u0027s Stone","Happy Flower","infinitespire:Lucky Rock","Anchor","StrikeDummy","Orichalcum","TeardropLocket","Darkstone Periapt","Calling Bell","Toy Ornithopter","HornCleat","CloakClasp","HandDrill","Mango","War Paint","Pantograph","Tiny House","infinitespire:Joker Card","Centennial Puzzle","Oddly Smooth Stone","Boot","Lantern"],"acts_visited":["Exordium","TheCity","TheBeyond","Exordium","TheCity","TheBeyond"],"potions_floor_usage":[],"damage_taken":[{"damage":3.0,"enemies":"Jaw Worm","floor":1.0,"turns":4.0},{"damage":0.0,"enemies":"Cultist","floor":4.0,"turns":2.0},{"damage":0.0,"enemies":"2 Louse","floor":5.0,"turns":4.0},{"damage":2.0,"enemies":"Looter","floor":6.0,"turns":4.0},{"damage":3.0,"enemies":"2 Fungi Beasts","floor":11.0,"turns":4.0},{"damage":30.0,"enemies":"Slime Boss","floor":16.0,"turns":10.0},{"damage":1.0,"enemies":"3 Byrds","floor":18.0,"turns":5.0},{"damage":0.0,"enemies":"Shell Parasite","floor":22.0,"turns":3.0},{"damage":4.0,"enemies":"Snake Plant","floor":24.0,"turns":3.0},{"damage":24.0,"enemies":"Gremlin Leader","floor":25.0,"turns":7.0},{"damage":34.0,"enemies":"Nightmare","floor":30.0,"turns":6.0},{"damage":0.0,"enemies":"Centurion and Healer","floor":31.0,"turns":3.0},{"damage":29.0,"enemies":"Automaton","floor":33.0,"turns":9.0},{"damage":22.0,"enemies":"3 Shapes","floor":35.0,"turns":3.0},{"damage":0.0,"enemies":"Orb Walker","floor":36.0,"turns":3.0},{"damage":8.0,"enemies":"Transient","floor":38.0,"turns":6.0},{"damage":0.0,"enemies":"Spire Growth","floor":40.0,"turns":3.0},{"damage":27.0,"enemies":"2 Orb Walkers","floor":42.0,"turns":4.0},{"damage":3.0,"enemies":"3 Darklings","floor":44.0,"turns":4.0},{"damage":18.0,"enemies":"4 Shapes","floor":46.0,"turns":4.0},{"damage":21.0,"enemies":"Writhing Mass","floor":48.0,"turns":4.0},{"damage":35.0,"enemies":"Awakened One","floor":50.0,"turns":8.0},{"damage":0.0,"enemies":"2 Louse","floor":52.0,"turns":1.0},{"damage":0.0,"enemies":"Small Slimes","floor":53.0,"turns":1.0},{"damage":3.0,"enemies":"Cultist","floor":55.0,"turns":2.0},{"damage":7.0,"enemies":"3 Louse","floor":56.0,"turns":2.0},{"damage":0.0,"enemies":"Lagavulin Event","floor":58.0,"turns":2.0},{"damage":0.0,"enemies":"Gremlin Nob","floor":59.0,"turns":2.0},{"damage":58.0,"enemies":"Nightmare","floor":62.0,"turns":7.0},{"damage":0.0,"enemies":"Large Slime","floor":64.0,"turns":1.0},{"damage":0.0,"enemies":"Exordium Wildlife","floor":65.0,"turns":1.0},{"damage":30.0,"enemies":"The Guardian","floor":67.0,"turns":5.0},{"damage":15.0,"enemies":"2 Thieves","floor":69.0,"turns":2.0},{"damage":7.0,"enemies":"Shell Parasite","floor":70.0,"turns":2.0},{"damage":0.0,"enemies":"Shelled Parasite and Fungi","floor":71.0,"turns":2.0},{"damage":21.0,"enemies":"Chosen and Byrds","floor":73.0,"turns":4.0},{"damage":29.0,"enemies":"Snecko","floor":76.0,"turns":4.0},{"damage":0.0,"enemies":"Centurion and Healer","floor":79.0,"turns":4.0},{"damage":0.0,"enemies":"Collector","floor":84.0,"turns":5.0},{"damage":0.0,"enemies":"3 Shapes","floor":86.0,"turns":2.0},{"damage":0,"enemies":"3 Darklings","floor":93,"turns":3},{"damage":16,"enemies":"Transient","floor":96,"turns":5},{"damage":39,"enemies":"Reptomancer","floor":97,"turns":4},{"damage":6,"enemies":"Writhing Mass","floor":98,"turns":3},{"damage":0,"enemies":"Maw","floor":99,"turns":4},{"damage":78,"enemies":"Time Eater","floor":101,"turns":4}],"seed_played":"4172237719043519412","potions_obtained":[{"floor":6.0,"key":"LiquidBronze"},{"floor":11.0,"key":"Weak Potion"},{"floor":22.0,"key":"Block Potion"},{"floor":25.0,"key":"LiquidBronze"},{"floor":31.0,"key":"LiquidMemories"}],"is_trial":false,"path_per_floor":["M","?","$","M","M","M","$","R","T","R","M","R","?","?","R","B",null,"M","?","?","$","M","R","M","E","T","$","R","?","NM","M","R","B",null,"M","M","AVR","M","?","M","?","?","T","M","$","M","?","M","R","B",null,"M","M","?","M","M","R","?","E","T","T","NM","R","M","M","R","B",null,"M","M","M","$","M","R","$","M","T","R","M","?","?","?","R","B",null,"M","AVR","?","?","$","?","R","M","T","?","M","E","M","M","R","B"],"character_chosen":"WATCHER","items_purchased":["JustLucky","Membership Card","BattleHymn","Trip","Dead Branch","Bottled Tornado","ClockworkSouvenir","Apotheosis","Flash of Steel","HandDrill","Mango","Centennial Puzzle"],"campfire_rested":6,"item_purchase_floors":[7,21,27,27,45,45,45,45,45,72,72,90],"current_hp_per_floor":[69,69,69,69,69,67,67,67,67,67,64,64,46,51,74,44,77,76,76,70,70,70,70,66,42,42,42,64,48,26,38,60,43,74,52,52,52,44,44,44,44,39,39,51,51,45,45,39,61,48,74,74,74,74,71,64,64,64,74,74,74,43,43,43,43,65,47,80,65,58,58,72,61,61,61,54,60,60,60,60,60,60,60,66,71,71,71,71,71,71,61,61,64,70,70,67,46,53,57,77,0,0],"gold":56,"neow_bonus":"THREE_CARDS","is_daily":false,"chose_seed":false,"campfire_upgraded":6,"win_rate":0.0,"timestamp":1612534388,"path_taken":["M","?","?","?","M","M","?","R","T","R","M","R","?","?","R","BOSS","M","?","?","?","?","R","M","E","T","$","R","?","NM","M","R","BOSS","M","M","AVR","M","?","M","?","?","T","M","$","M","?","M","R","BOSS","M","M","?","?","M","R","?","E","T","?","NM","R","M","M","R","BOSS","M","M","M","$","M","R","$","M","T","R","M","?","?","?","R","BOSS","M","AVR","?","?","?","?","R","M","T","?","M","E","M","M","R","BOSS"],"items_purchased_type":["Card","Relic","Card","Card","Relic","Relic","Relic","Card","Card","Relic","Relic","Relic"],"build_version":"2020-12-22","purchased_purges":4,"victory":false,"max_hp_per_floor":[72,72,72,72,72,72,72,72,72,72,72,72,72,77,77,77,77,77,77,77,77,77,77,77,77,77,74,74,74,74,74,74,74,74,74,74,74,74,74,74,74,74,74,74,74,74,74,74,74,74,74,74,74,74,74,74,74,74,74,74,74,74,74,74,74,74,74,80,80,80,80,94,94,94,94,94,100,100,100,69,69,66,66,66,71,71,71,71,71,71,71,71,71,77,77,77,77,77,77,77,77,77],"card_choices":[{"not_picked":["SashWhip","DeceiveReality"],"picked":"JustLucky","floor":0.0},{"not_picked":["InnerPeace","BowlingBash"],"picked":"FlurryOfBlows","floor":1.0},{"not_picked":["Meditate","InnerPeace"],"picked":"Nirvana","floor":4.0},{"not_picked":["Perseverance","EmptyBody"],"picked":"EmptyFist","floor":5.0},{"not_picked":["PathToVictory","BowlingBash"],"picked":"Adaptation","floor":6.0},{"not_picked":["CrushJoints","SashWhip"],"picked":"SandsOfTime","floor":11.0},{"not_picked":["Scrawl","Omniscience"],"picked":"Vault","floor":16.0},{"not_picked":["Conclude","Adaptation"],"picked":"Evaluate","floor":18.0},{"not_picked":["WindmillStrike","PathToVictory","Collect"],"picked":"SKIP","floor":22.0},{"not_picked":["Evaluate+1","FlyingSleeves+1"],"picked":"FlurryOfBlows+1","floor":24.0},{"not_picked":["Worship","Perseverance"],"picked":"FollowUp+1","floor":25.0},{"not_picked":["LikeWater","Vengeance+1"],"picked":"EmptyMind+1","floor":30.0},{"not_picked":["WheelKick","Study"],"picked":"Evaluate+1","floor":31.0},{"not_picked":["DeusExMachina","ConjureBlade"],"picked":"Devotion","floor":33.0},{"not_picked":["MentalFortress+1","Indignation+1"],"picked":"ThirdEye+1","floor":35.0},{"not_picked":["CrushJoints+1","FlurryOfBlows"],"picked":"Nirvana+1","floor":36.0},{"not_picked":["FlurryOfBlows","SashWhip"],"picked":"MentalFortress+1","floor":38.0},{"not_picked":["FearNoEvil","DeceiveReality+1"],"picked":"ClearTheMind","floor":40.0},{"not_picked":["infinitespire:DeathsTouch","infinitespire:Collect"],"picked":"infinitespire:Starlight","floor":41.0},{"not_picked":["PathToVictory+1","CutThroughFate+1"],"picked":"Consecrate+1","floor":42.0},{"not_picked":["Consecrate+1","Protect"],"picked":"JustLucky","floor":44.0},{"not_picked":["WaveOfTheHand+1","Fasting2"],"picked":"JustLucky+1","floor":46.0},{"not_picked":["EmptyFist","Wireheading"],"picked":"Brilliance","floor":48.0},{"not_picked":["Scrawl","SpiritShield"],"picked":"DevaForm","floor":50.0},{"not_picked":["JustLucky","PathToVictory","CutThroughFate"],"picked":"SKIP","floor":52.0},{"not_picked":["Crescendo","Protect","PathToVictory"],"picked":"SKIP","floor":53.0},{"not_picked":["Crescendo","FlyingSleeves"],"picked":"Prostrate","floor":55.0},{"not_picked":["Sanctity","EmptyMind"],"picked":"Establishment","floor":56.0},{"not_picked":["Pray","Collect","ThirdEye"],"picked":"SKIP","floor":59.0},{"not_picked":["PathToVictory","FlurryOfBlows","CutThroughFate"],"picked":"SKIP","floor":62.0},{"not_picked":["EmptyBody","Conclude"],"picked":"BattleHymn","floor":64.0},{"not_picked":["CrushJoints","WaveOfTheHand","EmptyFist"],"picked":"SKIP","floor":65.0},{"not_picked":["Alpha","ConjureBlade"],"picked":"MasterReality","floor":67.0},{"not_picked":["infinitespire:DeathsTouch","infinitespire:Oblivion"],"picked":"infinitespire:TheBestDefense","floor":68.0},{"not_picked":["Evaluate","Meditate","Protect"],"picked":"SKIP","floor":69.0},{"not_picked":["ClearTheMind","Prostrate"],"picked":"LikeWater","floor":70.0},{"not_picked":["Halt","Blasphemy"],"picked":"FlyingSleeves+1","floor":71.0},{"not_picked":["Wireheading","WreathOfFlame+1","ReachHeaven"],"picked":"SKIP","floor":73.0},{"not_picked":["Halt","Crescendo","ThirdEye"],"picked":"SKIP","floor":76.0},{"not_picked":["Crescendo","Consecrate"],"picked":"BowlingBash+1","floor":79.0},{"not_picked":["Omniscience","Wish"],"picked":"Devotion","floor":84.0},{"not_picked":["SashWhip+1","SignatureMove+1"],"picked":"Consecrate+1","floor":86.0},{"not_picked":["Bandage Up","Blind"],"picked":"Finesse","floor":91},{"not_picked":["Finesse","HandOfGreed"],"picked":"Panacea","floor":91},{"not_picked":["Mind Blast","Deep Breath"],"picked":"Enlightenment","floor":91},{"not_picked":["Wallop","SignatureMove","BowlingBash"],"picked":"SKIP","floor":93},{"not_picked":["Halt","Perseverance","JustLucky+1"],"picked":"SKIP","floor":96},{"not_picked":["PathToVictory","WheelKick"],"picked":"TalkToTheHand","floor":97},{"not_picked":["ThirdEye","FlyingSleeves","EmptyFist+1"],"picked":"SKIP","floor":98},{"not_picked":["Crescendo","Fasting2","Evaluate+1"],"picked":"SKIP","floor":99}],"player_experience":187333,"relics_obtained":[{"floor":9.0,"key":"Ornamental Fan"},{"floor":25.0,"key":"Meat on the Bone"},{"floor":26.0,"key":"Mercury Hourglass"},{"floor":29.0,"key":"Necronomicon"},{"floor":30.0,"key":"infinitespire:PuzzleCube"},{"floor":42.0,"key":"Shovel"},{"floor":43.0,"key":"Art of War"},{"floor":57.0,"key":"Happy Flower"},{"floor":58.0,"key":"infinitespire:Lucky Rock"},{"floor":59.0,"key":"Anchor"},{"floor":60.0,"key":"StrikeDummy"},{"floor":61.0,"key":"Orichalcum"},{"floor":62.0,"key":"TeardropLocket"},{"floor":63.0,"key":"Darkstone Periapt"},{"floor":68.0,"key":"Toy Ornithopter"},{"floor":68.0,"key":"HornCleat"},{"floor":68.0,"key":"CloakClasp"},{"floor":77.0,"key":"War Paint"},{"floor":83.0,"key":"Pantograph"},{"floor":92,"key":"Oddly Smooth Stone"},{"floor":94,"key":"Boot"},{"floor":97,"key":"Lantern"}],"event_choices":[{"damage_healed":0.0,"max_hp_gain":0.0,"max_hp_loss":0.0,"gold_gain":0.0,"event_name":"Accursed Blacksmith","player_choice":"Rummage","floor":2.0,"gold_loss":0.0,"damage_taken":0.0,"relics_obtained":["WarpedTongs"],"cards_obtained":["Pain"]},{"damage_healed":0.0,"max_hp_gain":0.0,"max_hp_loss":0.0,"gold_gain":0.0,"event_name":"Golden Idol","player_choice":"Take Damage","floor":13.0,"gold_loss":0.0,"damage_taken":18.0,"relics_obtained":["Golden Idol"]},{"damage_healed":0.0,"max_hp_gain":5.0,"max_hp_loss":0.0,"gold_gain":0.0,"event_name":"Big Fish","player_choice":"Donut","floor":14.0,"gold_loss":0.0,"damage_taken":0.0},{"damage_healed":0.0,"max_hp_gain":0.0,"max_hp_loss":0.0,"gold_gain":0.0,"event_name":"The Library","player_choice":"Read","floor":19.0,"gold_loss":0.0,"damage_taken":0.0,"cards_obtained":["CutThroughFate"]},{"damage_healed":0.0,"max_hp_gain":0.0,"max_hp_loss":0.0,"gold_gain":0.0,"event_name":"Nest","player_choice":"Joined the Cult","floor":20.0,"gold_loss":0.0,"damage_taken":6.0,"cards_obtained":["RitualDagger"]},{"damage_healed":0.0,"max_hp_gain":0.0,"max_hp_loss":0.0,"gold_gain":0.0,"event_name":"Cursed Tome","player_choice":"Obtained Book","floor":29.0,"gold_loss":0.0,"damage_taken":16.0},{"damage_healed":0.0,"max_hp_gain":0.0,"max_hp_loss":0.0,"gold_gain":333.0,"event_name":"The Moai Head","player_choice":"Gave Idol","floor":39.0,"relics_lost":["Golden Idol"],"gold_loss":0.0,"damage_taken":0.0},{"damage_healed":0.0,"max_hp_gain":0.0,"max_hp_loss":0.0,"gold_gain":0.0,"event_name":"Mysterious Sphere","player_choice":"Fight","floor":42.0,"gold_loss":0.0,"damage_taken":0.0},{"damage_healed":0.0,"max_hp_gain":0.0,"max_hp_loss":0.0,"gold_gain":0.0,"event_name":"Match and Keep!","player_choice":"2 cards matched","floor":47.0,"gold_loss":0.0,"damage_taken":0.0,"cards_obtained":["Blind","Wallop"]},{"damage_healed":0.0,"max_hp_gain":0.0,"max_hp_loss":0.0,"gold_gain":0.0,"event_name":"NoteForYourself","player_choice":"Ignored","floor":54.0,"gold_loss":0.0,"damage_taken":0.0},{"damage_healed":0.0,"max_hp_gain":0.0,"max_hp_loss":0.0,"gold_gain":0.0,"event_name":"Dead Adventurer","player_choice":"Searched \u00271\u0027 times","floor":58.0,"gold_loss":0.0,"damage_taken":0.0},{"damage_healed":0.0,"max_hp_gain":0.0,"max_hp_loss":31.0,"gold_gain":0.0,"event_name":"Vampires","player_choice":"Became a vampire","floor":80.0,"gold_loss":0.0,"damage_taken":0.0,"cards_obtained":["Bite","Bite","Bite","Bite","Bite"]},{"damage_healed":0.0,"max_hp_gain":0.0,"max_hp_loss":0.0,"gold_gain":99.0,"event_name":"Nest","player_choice":"Stole From Cult","floor":81.0,"gold_loss":0.0,"damage_taken":0.0},{"cards_removed":["Writhe","Parasite","Regret","Shame"],"damage_healed":0.0,"max_hp_gain":0.0,"max_hp_loss":0.0,"gold_gain":0.0,"event_name":"Fountain of Cleansing","player_choice":"Removed Curses","floor":82.0,"gold_loss":0.0,"damage_taken":0.0},{"cards_removed":["FlurryOfBlows"],"damage_healed":0,"gold_gain":0,"player_choice":"Removed Attack","damage_taken":0,"max_hp_gain":0,"max_hp_loss":0,"event_name":"Falling","floor":89,"gold_loss":0},{"damage_healed":0,"gold_gain":0,"player_choice":"Memory 3","damage_taken":10,"max_hp_gain":0,"max_hp_loss":0,"event_name":"SensoryStone","floor":91,"gold_loss":0},{"damage_healed":0,"gold_gain":0,"player_choice":"Ignored","damage_taken":0,"max_hp_gain":0,"max_hp_loss":0,"event_name":"Tomb of Lord Red Mask","floor":95,"gold_loss":0}],"is_beta":false,"boss_relics":[{"not_picked":["Astrolabe","Snecko Eye"],"picked":"Cursed Key"},{"not_picked":["infinitespire:Cupcake","Runic Dome"],"picked":"Sozu"},{"not_picked":["Empty Cage","Fusion Hammer"],"picked":"Philosopher\u0027s Stone"},{"not_picked":["infinitespire:Cupcake","Velvet Choker"],"picked":"Calling Bell"},{"not_picked":["Runic Pyramid","Snecko Eye"],"picked":"Tiny House"}],"items_purged_floors":[3,27,45,72],"is_endless":true,"potions_floor_spawned":[6,11,22,25,31,35,40,42,44,50,55,59,62,67,69,70,84,86,96,98],"killed_by":"Time Eater","ascension_level":0}}