{"host":"04x9isxu4s2lvye3","time":1612502200,"event":{"mods":["BaseMod","Colored Powertips","Highlight Path","Minty Spire (QoL Compilation)"],"gold_per_floor":[118,118,43,57,57,87,102,102,102,127,146,173,123,123,123,220,220,232,232,244,260,47,79,79,79,79,89,109,119,119,149,149,249,249,267,278,296,98,110,110,120,140,140,150,178,0,0,20,20,20],"floor_reached":51,"language":"ENG","playtime":3413,"items_purged":["Strike_G","Strike_G","Strike_G"],"score":969,"play_id":"3b24ed07-fdc5-4e9b-9df6-e3a5b7d41651","local_time":"20210205001640","is_ascension_mode":true,"campfire_choices":[{"data":"Leg Sweep","floor":15,"key":"SMITH"},{"data":"Prepared","floor":24,"key":"SMITH"},{"data":"Accuracy","floor":30,"key":"SMITH"},{"floor":32,"key":"REST"},{"floor":40,"key":"REST"},{"floor":47,"key":"REST"},{"floor":49,"key":"REST"}],"circlet_count":0,"master_deck":["Defend_G","Defend_G+1","Defend_G","Defend_G","Defend_G","Survivor","Neutralize","Dash","Backstab+1","Leg Sweep+1","Prepared+1","Dash","Blade Dance+1","Infinite Blades","Cloak And Dagger+1","Dramatic Entrance+1","Unload+1","Escape Plan+1","Choke+1","Cloak And Dagger+1","Outmaneuver+1","Impatience+1","Leg Sweep+1","Accuracy+1","Prepared+1","Flechettes+1","Dagger Throw+1","Storm of Steel+1","Calculated Gamble+1","Blade Dance+1","Tactician+1","Blade Dance+1","Reflex+1","Setup+1","Calculated Gamble+1","Eviscerate+1"],"relics":["Ring of the Snake","NeowsBlessing","InkBottle","Smiling Mask","Toxic Egg 2","Molten Egg 2","HoveringKite","Snake Skull","The Courier","Toy Ornithopter","Dream Catcher","Philosopher\u0027s Stone","Meat on the Bone","Bronze Scales","Red Mask"],"acts_visited":["Exordium","TheCity","TheBeyond"],"potions_floor_usage":[16,16,20,21,23,29,33,37,39,45,50],"damage_taken":[{"damage":0,"enemies":"Small Slimes","floor":1,"turns":1},{"damage":0,"enemies":"Cultist","floor":4,"turns":1},{"damage":0,"enemies":"Lagavulin","floor":6,"turns":1},{"damage":0,"enemies":"2 Louse","floor":7,"turns":3},{"damage":5,"enemies":"3 Sentries","floor":10,"turns":11},{"damage":0,"enemies":"Blue Slaver","floor":11,"turns":2},{"damage":12,"enemies":"Gremlin Nob","floor":12,"turns":4},{"damage":17,"enemies":"Slime Boss","floor":16,"turns":9},{"damage":6,"enemies":"Shell Parasite","floor":18,"turns":4},{"damage":0,"enemies":"3 Byrds","floor":20,"turns":5},{"damage":10,"enemies":"Snake Plant","floor":21,"turns":5},{"damage":0,"enemies":"Gremlin Leader","floor":23,"turns":5},{"damage":0,"enemies":"3 Cultists","floor":27,"turns":4},{"damage":6,"enemies":"Centurion and Healer","floor":28,"turns":5},{"damage":0,"enemies":"Sentry and Sphere","floor":29,"turns":4},{"damage":17,"enemies":"Slavers","floor":31,"turns":4},{"damage":36,"enemies":"Champ","floor":33,"turns":10},{"damage":8,"enemies":"3 Darklings","floor":35,"turns":7},{"damage":6,"enemies":"Orb Walker","floor":36,"turns":3},{"damage":10,"enemies":"Maw","floor":37,"turns":6},{"damage":7,"enemies":"Sphere and 2 Shapes","floor":39,"turns":3},{"damage":35,"enemies":"Spire Growth","floor":41,"turns":5},{"damage":5,"enemies":"Jaw Worm Horde","floor":42,"turns":2},{"damage":6,"enemies":"Maw","floor":44,"turns":6},{"damage":4,"enemies":"Giant Head","floor":45,"turns":5},{"damage":17,"enemies":"3 Darklings","floor":48,"turns":2},{"damage":78,"enemies":"Donu and Deca","floor":50,"turns":9}],"seed_played":"3015958817694113571","potions_obtained":[{"floor":7,"key":"Poison Potion"},{"floor":12,"key":"SkillPotion"},{"floor":16,"key":"DistilledChaos"},{"floor":18,"key":"DistilledChaos"},{"floor":20,"key":"PowerPotion"},{"floor":23,"key":"SkillPotion"},{"floor":35,"key":"SteroidPotion"},{"floor":36,"key":"Energy Potion"},{"floor":37,"key":"DistilledChaos"},{"floor":48,"key":"Fire Potion"}],"is_trial":false,"path_per_floor":["M","?","$","M","$","E","M","?","T","E","M","E","?","?","R","B",null,"M","?","M","M","$","E","R","T","T","M","M","M","R","E","R","B",null,"M","M","M","$","M","R","M","M","T","M","E","?","R","M","R","B",null],"character_chosen":"THE_SILENT","items_purchased":["CunningPotion","Impatience+1","Tactician+1","FairyPotion","Blade Dance+1"],"campfire_rested":4,"item_purchase_floors":[22,22,38,38,38],"current_hp_per_floor":[70,70,70,70,70,70,70,56,56,51,51,39,39,39,39,22,70,64,64,64,54,54,54,54,54,54,54,48,53,53,36,57,26,70,62,56,51,51,49,70,35,30,30,36,37,37,58,41,62,33],"gold":20,"neow_bonus":"THREE_ENEMY_KILL","is_daily":false,"chose_seed":false,"campfire_upgraded":3,"win_rate":0.0,"timestamp":1612502200,"path_taken":["M","?","$","M","?","E","M","?","T","E","M","E","?","?","R","BOSS","M","?","M","?","$","E","R","?","T","M","M","M","R","E","R","BOSS","M","M","M","$","M","R","M","M","T","M","E","?","R","M","R","BOSS"],"items_purchased_type":["Potion","Card","Card","Potion","Card"],"build_version":"2020-12-22","purchased_purges":3,"victory":true,"max_hp_per_floor":[70,70,70,70,70,70,70,70,70,70,70,70,70,70,70,70,70,70,70,70,70,70,70,70,70,70,70,70,70,70,70,70,70,70,70,70,70,70,70,70,70,70,70,70,70,70,70,70,70,70],"card_choices":[{"not_picked":["Bane","Terror"],"picked":"Dash","floor":1},{"not_picked":["Quick Slash","Riddle With Holes"],"picked":"Leg Sweep","floor":4},{"not_picked":["Deadly Poison","Outmaneuver"],"picked":"Prepared","floor":6},{"not_picked":["Concentrate","Slice"],"picked":"Dash","floor":7},{"not_picked":["Underhanded Strike","Expertise+1"],"picked":"Blade Dance+1","floor":10},{"not_picked":["Sucker Punch","Backflip+1"],"picked":"Infinite Blades","floor":11},{"not_picked":["Concentrate+1","Bane+1"],"picked":"Cloak And Dagger+1","floor":12},{"not_picked":["Wraith Form v2","Grand Finale+1"],"picked":"Unload+1","floor":16},{"not_picked":["Slice+1","Sucker Punch+1"],"picked":"Escape Plan+1","floor":18},{"not_picked":["Quick Slash+1","Heel Hook+1"],"picked":"Cloak And Dagger+1","floor":20},{"not_picked":["Prepared+1","Sucker Punch+1"],"picked":"Outmaneuver+1","floor":21},{"not_picked":["Deflect+1","Outmaneuver+1"],"picked":"Leg Sweep+1","floor":23},{"not_picked":["Slice+1","Blur+1"],"picked":"Accuracy","floor":27},{"not_picked":["Dagger Spray+1","Deadly Poison+1"],"picked":"Prepared+1","floor":28},{"not_picked":["Wraith Form v2","Quick Slash+1","Infinite Blades"],"picked":"SKIP","floor":29},{"not_picked":["Backstab+1","Dagger Spray+1"],"picked":"Flechettes+1","floor":31},{"not_picked":["Deadly Poison+1","Dagger Spray+1"],"picked":"Dagger Throw+1","floor":32},{"not_picked":["Adrenaline+1","Glass Knife+1"],"picked":"Storm of Steel+1","floor":33},{"not_picked":["Endless Agony+1","Distraction+1"],"picked":"Calculated Gamble+1","floor":35},{"not_picked":["Poisoned Stab+1","Flying Knee+1","Dagger Spray+1"],"picked":"SKIP","floor":36},{"not_picked":["Outmaneuver+1","Terror+1"],"picked":"Blade Dance+1","floor":37},{"not_picked":["Prepared+1","Sucker Punch+1"],"picked":"Reflex+1","floor":39},{"not_picked":["Poisoned Stab+1","Flying Knee+1","Escape Plan+1"],"picked":"SKIP","floor":41},{"not_picked":["Dagger Spray+1","Expertise+1"],"picked":"Setup+1","floor":42},{"not_picked":["Deadly Poison+1","Bouncing Flask+1"],"picked":"Calculated Gamble+1","floor":44},{"not_picked":["Dagger Throw+1","Calculated Gamble+1"],"picked":"Eviscerate+1","floor":45},{"not_picked":["Dagger Throw+1","Calculated Gamble+1","Underhanded Strike+1"],"picked":"SKIP","floor":48}],"player_experience":239978,"relics_obtained":[{"floor":6,"key":"InkBottle"},{"floor":9,"key":"Smiling Mask"},{"floor":10,"key":"Toxic Egg 2"},{"floor":12,"key":"Molten Egg 2"},{"floor":23,"key":"Snake Skull"},{"floor":25,"key":"The Courier"},{"floor":26,"key":"Toy Ornithopter"},{"floor":31,"key":"Dream Catcher"},{"floor":43,"key":"Meat on the Bone"},{"floor":45,"key":"Bronze Scales"}],"event_choices":[{"damage_healed":0,"gold_gain":0,"cards_transformed":["Strike_G"],"player_choice":"Transformed","damage_taken":0,"max_hp_gain":0,"max_hp_loss":0,"event_name":"Transmorgrifier","floor":2,"gold_loss":0,"cards_obtained":["Backstab"]},{"damage_healed":0,"gold_gain":0,"player_choice":"Entered Light","damage_taken":14,"max_hp_gain":0,"max_hp_loss":0,"event_name":"Shining Light","floor":8,"gold_loss":0,"cards_upgraded":["Backstab","Defend_G"]},{"cards_removed":["Strike_G"],"damage_healed":0,"gold_gain":0,"player_choice":"Card Removal","damage_taken":0,"max_hp_gain":0,"max_hp_loss":0,"event_name":"The Cleric","floor":13,"gold_loss":50},{"damage_healed":0,"gold_gain":0,"player_choice":"1 cards matched","damage_taken":0,"max_hp_gain":0,"max_hp_loss":0,"event_name":"Match and Keep!","floor":14,"gold_loss":0,"cards_obtained":["Dramatic Entrance"]},{"damage_healed":0,"gold_gain":0,"player_choice":"1 cards matched","damage_taken":0,"max_hp_gain":0,"max_hp_loss":0,"event_name":"Match and Keep!","floor":19,"gold_loss":0,"cards_obtained":["Choke"]},{"damage_healed":0,"gold_gain":0,"player_choice":"Paid","damage_taken":0,"relics_obtained":["Red Mask"],"max_hp_gain":0,"max_hp_loss":0,"event_name":"Tomb of Lord Red Mask","floor":46,"gold_loss":178}],"is_beta":false,"boss_relics":[{"not_picked":["Velvet Choker","Runic Dome"],"picked":"HoveringKite"},{"not_picked":["SacredBark","Empty Cage"],"picked":"Philosopher\u0027s Stone"}],"items_purged_floors":[3,22,38],"is_endless":false,"potions_floor_spawned":[7,12,16,18,20,23,35,36,37,48],"ascension_level":4}}