{"host":"1sqx9dmsrxu9kvq7","time":1612554343,"event":{"mods":["2.2 Compatiblity","Act Like it!","BaseMod","CapriCore","Chen","Colored Powertips","Custom Start","Friendly Minions","Highlight Path","HololiveMod","KinomotoSakuraMod(木之本?)","Kiyohime（清?）","Koishi","Marisa（霧雨　魔理沙）","Minty Spire (QoL Compilation)","Prisma Mod","Quick Restart","Rare Cards Sparkle","Reimu（博??梦）","Relic Stats","Remilia（蕾米莉?）","Shop Mod","Spicy Shops","StSLib","Td1madao Mod","The Administrix","The Alterego","The Blue Laboratory","The Immortal","The Servant 0.9.4","Waifu the Spire","WarShipGirlsR/??少女R mod","Yakumo Yukari mod","Yuyuko"],"gold_per_floor":[82,43,43,63,80,112,112,72,72,72,88,88,104,69,69,176,176,202,219,106,126,86,86,107,107,159,178,191,191,215,140,140,243,243,264,284,335,335,64,64,81,104,404,404,431,731,760,771,771,771,771,771,37,77,77],"floor_reached":56,"language":"ENG","playtime":2919,"items_purged":[],"score":1565,"play_id":"610eaadc-701a-4f25-888e-60887c6af8ea","local_time":"20210205134543","is_ascension_mode":true,"campfire_choices":[{"floor":7,"key":"RECALL"},{"data":"Hololive_CallAkiRosenthal","floor":10,"key":"SMITH"},{"data":"Hololive_CallSpadeEcho","floor":12,"key":"SMITH"},{"data":"Hololive_CallRoboco","floor":15,"key":"SMITH"},{"data":"Hololive_CallAkiRosenthal","floor":23,"key":"SMITH"},{"data":"Hololive_CallDoris","floor":29,"key":"SMITH"},{"data":"Hololive_CocoNews","floor":32,"key":"SMITH"},{"data":"Hololive_DDD","floor":40,"key":"SMITH"},{"data":"Hololive_Psychosis","floor":44,"key":"SMITH"},{"data":"Hololive_DDD","floor":49,"key":"SMITH"},{"data":"Hololive_CallHimemoriLuna","floor":52,"key":"SMITH"}],"circlet_count":0,"master_deck":["Hololive_Strike+1","Hololive_Defend","Hololive_Defend","Hololive_StrengthChampion","Hololive_CallShiranuiFlare","Hololive_CallArtia","Hololive_CallAkiRosenthal+1","Hololive_CallAkiRosenthal+1","Hololive_CallRoboco+1","Hololive_Trident","Hololive_CallNatsuiroMatsuri","Hololive_CallNakiriAyame","Hololive_CallSpadeEcho+1","Hololive_CallShirakamiFubuki","Hololive_OvertimeWork+1","Hololive_CocoNews+1","Hololive_MaximGun","Hololive_FlyingPonyTail+1","Hololive_Rebound","Hololive_ILoveYou","Hololive_Yoholoon","Hololive_CallYuzukiChoco+1","Hololive_CallShiroganeNoel+1","Hololive_CallDoris+1","Hololive_CallOmaruPolka+1","Hololive_MaximGun","Hololive_DDD+1","Hololive_DevilCharm+1","Hololive_IdolExercise","Hololive_Spy","Hololive_CallHimemoriLuna+1","Hololive_Thief","Hololive_BeCareful","Hololive_Psychosis+1","Hololive_FlyingPonyTail+1","Hololive_CocoNews+1","Hololive_DDD+1","Hololive_DevilCharm","Hololive_Rebirth"],"relics":["Hololive_TheStar","Letter Opener","PaintedHorse:ReiMu","Runic Pyramid","ZunR:ReiMu","Nloth\u0027s Gift","Whetstone","Hololive_Finger","WingedGreaves","Old Coin","Molten Egg 2","Mastiff:ReiMu","TentaclePot:ReiMu","Thread and Needle","Membership Card","Tea:ReiMu"],"acts_visited":["Exordium","TheCity","TheBeyond","TheEnding"],"potions_floor_usage":[],"damage_taken":[{"damage":0,"enemies":"Small Slimes","floor":1,"turns":4},{"damage":0,"enemies":"Jaw Worm","floor":4,"turns":4},{"damage":0,"enemies":"Cultist","floor":5,"turns":4},{"damage":0,"enemies":"Lagavulin","floor":6,"turns":7},{"damage":0,"enemies":"3 Louse","floor":11,"turns":2},{"damage":0,"enemies":"Looter","floor":13,"turns":3},{"damage":0,"enemies":"Slime Boss","floor":16,"turns":4},{"damage":0,"enemies":"Shell Parasite","floor":18,"turns":4},{"damage":0,"enemies":"Chosen","floor":19,"turns":3},{"damage":0,"enemies":"Snake Plant","floor":21,"turns":4},{"damage":0,"enemies":"Snecko","floor":24,"turns":4},{"damage":0,"enemies":"Centurion and Healer","floor":27,"turns":4},{"damage":0,"enemies":"Chosen and Byrds","floor":28,"turns":4},{"damage":0,"enemies":"Shelled Parasite and Fungi","floor":30,"turns":3},{"damage":0,"enemies":"Champ","floor":33,"turns":7},{"damage":0,"enemies":"3 Shapes","floor":35,"turns":3},{"damage":0,"enemies":"Orb Walker","floor":36,"turns":2},{"damage":7,"enemies":"2 Orb Walkers","floor":37,"turns":4},{"damage":0,"enemies":"Spire Growth","floor":41,"turns":3},{"damage":0,"enemies":"Writhing Mass","floor":42,"turns":4},{"damage":0,"enemies":"Reptomancer","floor":45,"turns":4},{"damage":0,"enemies":"Maw","floor":47,"turns":4},{"damage":0,"enemies":"Transient","floor":48,"turns":5},{"damage":0,"enemies":"Time Eater","floor":50,"turns":8},{"damage":0,"enemies":"Shield and Spear","floor":54,"turns":6},{"damage":0,"enemies":"The Heart","floor":55,"turns":7}],"seed_played":"8557181081129172726","potions_obtained":[{"floor":4,"key":"blueLaboratory:PyrophylliteBrew"},{"floor":5,"key":"Regen Potion"},{"floor":11,"key":"GrandPatriotsElixir:ReiMu"},{"floor":54,"key":"Block Potion"}],"is_trial":false,"path_per_floor":["M","$","?","M","M","E","R","?","T","R","M","R","M","?","R","B",null,"M","M","$","M","?","R","M","?","T","M","M","R","M","?","R","B",null,"M","M","?","?","$","R","M","M","T","R","E","?","M","M","R","B",null,"R","$","E","B",null],"character_chosen":"Hololive_HololiveCharacter","items_purchased":["Hololive_CallNatsuiroMatsuri","Hololive_ILoveYou","Hololive_Yoholoon","Hololive_CallHimemoriLuna","Hololive_Thief","Mastiff:ReiMu","TentaclePot:ReiMu","Thread and Needle","Membership Card","Hololive_DevilCharm"],"campfire_rested":0,"item_purchase_floors":[2,20,20,39,39,53,53,53,53,53],"current_hp_per_floor":[32,32,20,20,20,20,20,20,20,20,20,20,20,30,30,30,41,41,41,41,41,41,41,41,41,41,41,41,41,41,41,41,41,41,41,41,34,34,34,34,34,34,34,34,34,34,34,34,34,34,41,41,41,41,41],"gold":77,"neow_bonus":"TWENTY_PERCENT_HP_BONUS","is_daily":false,"chose_seed":false,"campfire_upgraded":10,"win_rate":0.0,"timestamp":1612554343,"path_taken":["M","$","?","M","M","E","R","?","T","R","?","R","?","?","R","BOSS","M","M","$","M","?","R","M","?","T","M","?","R","M","?","R","BOSS","M","M","?","?","$","R","?","M","T","R","E","?","M","?","R","BOSS","R","$","E","BOSS"],"items_purchased_type":["Card","Card","Card","Card","Card","Relic","Relic","Relic","Relic","Card"],"build_version":"2020-12-22","purchased_purges":0,"victory":true,"max_hp_per_floor":[41,41,41,41,41,41,41,41,41,41,41,41,41,41,41,41,41,41,41,41,41,41,41,41,41,41,41,41,41,41,41,41,41,41,41,41,41,41,41,41,41,41,41,41,41,41,41,41,41,41,41,41,41,41,41],"relic_stats":{"counters":[26,110],"Nloth\u0027s Gift":5,"Letter Opener":[110],"Whetstone":["Hololive_OvertimeWork","Hololive_Strike"],"obtain_stats":[{"TentaclePot:ReiMu":53,"ZunR:ReiMu":22,"Tea:ReiMu":54,"Thread and Needle":53,"Letter Opener":3,"Whetstone":26,"Mercury Hourglass":6,"Old Coin":43,"PaintedHorse:ReiMu":8,"Mastiff:ReiMu":53,"Hololive_TheStar":0,"Molten Egg 2":45,"WingedGreaves":37,"Nloth\u0027s Gift":25,"Hololive_Finger":34,"Membership Card":53,"Runic Pyramid":17},{"TentaclePot:ReiMu":24,"ZunR:ReiMu":10,"Tea:ReiMu":25,"Thread and Needle":24,"Letter Opener":1,"Whetstone":11,"Mercury Hourglass":4,"Old Coin":20,"PaintedHorse:ReiMu":4,"Mastiff:ReiMu":24,"Hololive_TheStar":0,"Molten Egg 2":21,"WingedGreaves":18,"Nloth\u0027s Gift":11,"Hololive_Finger":15,"Membership Card":24,"Runic Pyramid":7},{"TentaclePot:ReiMu":97,"ZunR:ReiMu":38,"Tea:ReiMu":103,"Thread and Needle":97,"Letter Opener":4,"Whetstone":42,"Mercury Hourglass":19,"Old Coin":76,"PaintedHorse:ReiMu":19,"Mastiff:ReiMu":97,"Hololive_TheStar":0,"Molten Egg 2":80,"WingedGreaves":69,"Nloth\u0027s Gift":42,"Hololive_Finger":60,"Membership Card":97,"Runic Pyramid":27}]},"card_choices":[{"not_picked":["Hololive_CallTokinoSora","Hololive_CallSakuraMiko","Hololive_FlyingPonyTail"],"picked":"Hololive_Trident","floor":1},{"not_picked":["Hololive_Sequa","Hololive_Psychosis","Hololive_CallNatsuiroMatsuri"],"picked":"Hololive_CallNakiriAyame","floor":4},{"not_picked":["Hololive_Sequa","Hololive_CallAiraniIofifteen","Hololive_Drill"],"picked":"Hololive_CallSpadeEcho","floor":5},{"not_picked":["Hololive_CallAyundaRisu","Hololive_Teleport","Hololive_Drill"],"picked":"Hololive_CallShirakamiFubuki","floor":6},{"not_picked":["Hololive_CallNakiriAyame","Hololive_CallShirakamiFubuki","Hololive_CallArtia"],"picked":"Hololive_OvertimeWork","floor":11},{"not_picked":["Hololive_CallFriendA","Hololive_Rebound","Hololive_LuckPotion"],"picked":"Hololive_CocoNews","floor":13},{"not_picked":["Hololive_FlareMind","Hololive_BeCareful","Hololive_DiamondStrike"],"picked":"Hololive_MaximGun","floor":16},{"not_picked":["Hololive_LuckPotion","Hololive_Drill","Hololive_CallHoshimachiSuisei+1"],"picked":"Hololive_FlyingPonyTail+1","floor":18},{"not_picked":["Hololive_OvertimeWork","Hololive_Drill+1","Hololive_StrengthChampion"],"picked":"Hololive_Rebound","floor":19},{"not_picked":["Hololive_CallNakiriAyame+1","Hololive_OvertimeWork+1","Hololive_Spy"],"picked":"Hololive_CallYuzukiChoco+1","floor":21},{"not_picked":["Hololive_CallFriendA","Hololive_Drill","Hololive_Trident+1"],"picked":"Hololive_CallShiroganeNoel+1","floor":24},{"not_picked":["Hololive_CallRosalyn+1","Hololive_Thief","Hololive_RevenueBasedLive"],"picked":"Hololive_CallDoris","floor":27},{"not_picked":["Hololive_HuntDinosaur","Hololive_Trident","Hololive_Breathe"],"picked":"Hololive_CallOmaruPolka+1","floor":28},{"not_picked":["Hololive_BringToTrial","Hololive_CallShiranuiFlare","Hololive_Psychosis"],"picked":"Hololive_MaximGun","floor":30},{"not_picked":["Hololive_ASMR","Hololive_Recruit","Hololive_Thief"],"picked":"Hololive_DDD","floor":33},{"not_picked":["Hololive_ManjiGathering+1","Hololive_CocoNews","Hololive_StrengthChampion"],"picked":"Hololive_DevilCharm+1","floor":35},{"not_picked":["Hololive_FlyingPonyTail+1","Hololive_Drill+1","Hololive_LuckPotion+1"],"picked":"Hololive_IdolExercise","floor":36},{"not_picked":["Hololive_CallOmaruPolka","Hololive_RevenueBasedLive+1","Hololive_LuckPotion"],"picked":"Hololive_Spy","floor":37},{"not_picked":["Hololive_RevenueBasedLive+1","Hololive_Watashimo","Hololive_Trident"],"picked":"Hololive_BeCareful","floor":41},{"not_picked":["Hololive_OvertimeWork+1","Hololive_Drill","Hololive_FlyingPonyTail+1"],"picked":"Hololive_Psychosis","floor":42},{"not_picked":["Hololive_BeCareful","Hololive_LuckPotion+1","Hololive_StrengthChampion+1"],"picked":"Hololive_FlyingPonyTail+1","floor":45},{"not_picked":["Hololive_ManjiGathering+1","Hololive_FlyingPonyTail+1","Hololive_CallYuzukiChoco+1"],"picked":"Hololive_CocoNews+1","floor":47},{"not_picked":["Hololive_Drill+1","Hololive_CallShiranuiFlare+1","Hololive_RevenueBasedLive"],"picked":"Hololive_DDD","floor":48},{"not_picked":["Hololive_CallArtia+1","Hololive_CocoNews+1","Hololive_Drill+1"],"picked":"Hololive_Rebirth","floor":54}],"player_experience":297193,"relics_obtained":[{"floor":6,"key":"Mercury Hourglass"},{"floor":26,"key":"Whetstone"},{"floor":37,"key":"WingedGreaves"},{"floor":43,"key":"Old Coin"},{"floor":45,"key":"Molten Egg 2"},{"floor":54,"key":"Tea:ReiMu"}],"event_choices":[{"damage_healed":0,"gold_gain":0,"player_choice":"Success","damage_taken":12,"relics_obtained":["Letter Opener"],"max_hp_gain":0,"max_hp_loss":0,"event_name":"Scrap Ooze","floor":3,"gold_loss":0},{"damage_healed":0,"gold_gain":0,"player_choice":"Donate","damage_taken":0,"relics_obtained":["PaintedHorse:ReiMu"],"max_hp_gain":0,"max_hp_loss":0,"event_name":"yidonshenshe","floor":8,"gold_loss":40},{"damage_healed":10,"gold_gain":0,"player_choice":"Healed","damage_taken":0,"max_hp_gain":0,"max_hp_loss":0,"event_name":"The Cleric","floor":14,"gold_loss":35},{"damage_healed":0,"gold_gain":0,"player_choice":"Keep O-miki","damage_taken":0,"relics_obtained":["ZunR:ReiMu"],"max_hp_gain":0,"max_hp_loss":0,"event_name":"ZunEvent","floor":22,"gold_loss":40},{"damage_healed":0,"gold_gain":0,"player_choice":"Traded Relic","damage_taken":0,"relics_obtained":["Nloth\u0027s Gift"],"max_hp_gain":0,"max_hp_loss":0,"event_name":"N\u0027loth","floor":25,"relics_lost":["Mercury Hourglass"],"gold_loss":0},{"cards_removed":["Hololive_Strike"],"damage_healed":0,"gold_gain":0,"player_choice":"Gave Gold","damage_taken":0,"max_hp_gain":0,"max_hp_loss":0,"event_name":"Beggar","floor":31,"gold_loss":75},{"damage_healed":0,"gold_gain":0,"player_choice":"Fight","damage_taken":0,"max_hp_gain":0,"max_hp_loss":0,"event_name":"Mysterious Sphere","floor":37,"gold_loss":0},{"damage_healed":0,"gold_gain":0,"player_choice":"Bought 0 Potions","damage_taken":0,"max_hp_gain":0,"max_hp_loss":0,"event_name":"The Woman in Blue","floor":38,"gold_loss":0},{"damage_healed":0,"gold_gain":300,"player_choice":"Gold","damage_taken":0,"max_hp_gain":0,"max_hp_loss":0,"event_name":"Wheel of Change","floor":46,"gold_loss":0}],"is_beta":false,"boss_relics":[{"not_picked":["Tiny House","Ectoplasm"],"picked":"Runic Pyramid"},{"not_picked":["Busted Crown","Philosopher\u0027s Stone"],"picked":"Hololive_Finger"}],"items_purged_floors":[],"is_endless":false,"potions_floor_spawned":[4,5,11,13,21,24,28,33,35,37,42,47,54],"ascension_level":1}}