{"host":"gk5m6v7zec9neb0j","time":1612556037,"event":{"mods":["AchievementEnabler","AlwaysNeverKeys","BaseMod","BetterRewards","Block Reminder","Minty Spire (QoL Compilation)","Rare Cards Sparkle","Relic Stats","StSLib"],"gold_per_floor":[111,111,129,143,162,162,178,178,203,50,50,50,60,71,71,171,171,96,106,106,106,123,123,137,137,137,137,154,166,45,64,64,161,161,172,472,492,509,140,140,153,164,164,164,191,202,202,212,212,212,212,212,76,106,106,106],"floor_reached":55,"language":"ENG","playtime":2320,"items_purged":["Strike_G","Strike_G","Strike_G"],"score":895,"play_id":"9e3ecfd9-adfe-4051-a408-f31de7d6fd14","local_time":"20210205151357","is_ascension_mode":false,"campfire_choices":[{"floor":6.0,"key":"REST"},{"data":"Neutralize","floor":8.0,"key":"SMITH"},{"data":"Accuracy","floor":12.0,"key":"SMITH"},{"floor":15.0,"key":"REST"},{"data":"Doppelganger","floor":23.0,"key":"SMITH"},{"data":"Blade Dance","floor":25.0,"key":"SMITH"},{"data":"Backstab","floor":27.0,"key":"SMITH"},{"data":"Blur","floor":32.0,"key":"SMITH"},{"data":"Adrenaline","floor":40.0,"key":"SMITH"},{"data":"Strike_G","floor":44.0,"key":"SMITH"},{"data":"Escape Plan","floor":47.0,"key":"SMITH"},{"floor":49.0,"key":"REST"},{"data":"Strike_G","floor":52.0,"key":"SMITH"}],"circlet_count":0,"master_deck":["Strike_G+1","Strike_G+1","Defend_G","Defend_G","Defend_G","Defend_G","Defend_G","Survivor","Neutralize+1","Accuracy+1","Footwork+1","Blade Dance+1","Backstab+1","Night Terror+1","Footwork+1","Footwork+1","Doppelganger+1","Blade Dance+1","Panache+1","Deflect","Blur+1","Adrenaline+1","Footwork+1","Escape Plan+1","Panache+1","Well Laid Plans+1","Collect+1","Night Terror+1"],"relics":["Ring of the Snake","Membership Card","Frozen Egg 2","Bag of Preparation","Snake Skull","Nunchaku","Sozu","TungstenRod","PrismaticShard","Bag of Marbles","Ninja Scroll","Toy Ornithopter","DollysMirror","Centennial Puzzle"],"acts_visited":["Exordium","TheCity","TheBeyond","TheEnding"],"potions_floor_usage":[],"damage_taken":[{"damage":6.0,"enemies":"2 Louse","floor":1.0,"turns":5.0},{"damage":0.0,"enemies":"Cultist","floor":3.0,"turns":4.0},{"damage":0.0,"enemies":"Small Slimes","floor":4.0,"turns":4.0},{"damage":14.0,"enemies":"Gremlin Gang","floor":5.0,"turns":6.0},{"damage":2.0,"enemies":"2 Fungi Beasts","floor":7.0,"turns":3.0},{"damage":4.0,"enemies":"Blue Slaver","floor":13.0,"turns":5.0},{"damage":11.0,"enemies":"Gremlin Gang","floor":14.0,"turns":5.0},{"damage":8.0,"enemies":"Hexaghost","floor":16.0,"turns":12.0},{"damage":3.0,"enemies":"2 Thieves","floor":18.0,"turns":5.0},{"damage":6.0,"enemies":"3 Byrds","floor":19.0,"turns":5.0},{"damage":5.0,"enemies":"Sentry and Sphere","floor":22.0,"turns":10.0},{"damage":1.0,"enemies":"3 Cultists","floor":24.0,"turns":6.0},{"damage":4.0,"enemies":"Snake Plant","floor":28.0,"turns":6.0},{"damage":0.0,"enemies":"Shelled Parasite and Fungi","floor":29.0,"turns":11.0},{"damage":0.0,"enemies":"Centurion and Healer","floor":31.0,"turns":4.0},{"damage":12.0,"enemies":"Collector","floor":33.0,"turns":8.0},{"damage":9.0,"enemies":"Orb Walker","floor":35.0,"turns":4.0},{"damage":0.0,"enemies":"3 Shapes","floor":37.0,"turns":3.0},{"damage":0.0,"enemies":"Maw","floor":38.0,"turns":8.0},{"damage":0.0,"enemies":"Sphere and 2 Shapes","floor":41.0,"turns":2.0},{"damage":5.0,"enemies":"4 Shapes","floor":42.0,"turns":2.0},{"damage":0.0,"enemies":"Giant Head","floor":45.0,"turns":8.0},{"damage":0.0,"enemies":"3 Darklings","floor":46.0,"turns":3.0},{"damage":7.0,"enemies":"Sphere and 2 Shapes","floor":48.0,"turns":4.0},{"damage":11.0,"enemies":"Donu and Deca","floor":50.0,"turns":12.0},{"damage":43.0,"enemies":"Shield and Spear","floor":54.0,"turns":8.0},{"damage":65,"enemies":"The Heart","floor":55,"turns":14}],"seed_played":"1789085205091260328","potions_obtained":[{"floor":5.0,"key":"ColorlessPotion"},{"floor":7.0,"key":"Energy Potion"},{"floor":14.0,"key":"SkillPotion"}],"is_trial":false,"path_per_floor":["M","?","M","M","M","R","M","R","T","$","?","R","M","M","R","B",null,"M","M","?","?","M","R","M","R","T","R","M","M","$","M","R","B",null,"M","?","M","M","$","R","M","M","T","R","E","M","R","M","R","B",null,"R","$","E","B"],"character_chosen":"THE_SILENT","items_purchased":["Membership Card","Accuracy","Frozen Egg 2","FairyPotion","Footwork+1","Bag of Preparation","Nunchaku","Footwork+1","Panache+1","Deflect","Footwork+1","Escape Plan","Panache+1","PrismaticShard","Bag of Marbles","DollysMirror"],"campfire_rested":3,"item_purchase_floors":[0,0,0,0,0,0,10,10,30,30,39,39,39,39,39,53],"current_hp_per_floor":[33,33,33,33,19,40,38,38,38,38,38,38,34,23,44,36,70,67,61,61,61,56,56,55,55,55,55,51,51,51,51,51,39,70,61,61,61,61,61,61,61,56,56,56,56,56,56,49,70,59,70,70,70,27,0,0],"gold":106,"neow_bonus":"","is_daily":false,"chose_seed":false,"campfire_upgraded":10,"win_rate":0.0,"timestamp":1612556037,"path_taken":["M","?","M","?","M","R","M","R","T","$","?","R","M","?","R","BOSS","M","M","?","?","M","R","M","R","T","R","?","M","$","M","R","BOSS","M","?","M","M","$","R","M","M","T","R","E","M","R","M","R","BOSS","R","$","E","BOSS"],"items_purchased_type":["Relic","Card","Relic","Potion","Card","Relic","Relic","Card","Card","Card","Card","Card","Card","Relic","Relic","Relic"],"build_version":"2020-12-22","purchased_purges":3,"victory":false,"max_hp_per_floor":[70,70,70,70,70,70,70,70,70,70,70,70,70,70,70,70,70,70,70,70,70,70,70,70,70,70,70,70,70,70,70,70,70,70,70,70,70,70,70,70,70,70,70,70,70,70,70,70,70,70,70,70,70,70,70,70],"relic_stats":{"Sozu":8,"Nunchaku":[62],"Centennial Puzzle":[45],"counters":[431,2434],"Snake Skull":[0],"Bag of Preparation":[42],"obtain_stats":[{"TwistedFunnel":0,"Ginger":0,"Whetstone":11,"Bottled Tornado":43,"Old Coin":34,"Blood Vial":17,"Sundial":24,"Kunai":0,"Pear":28,"Blue Candle":54,"Eternal Feather":54,"Tingsha":0,"Pen Nib":11,"Paper Crane":43,"SlaversCollar":17,"MutagenicStrength":19,"Bird Faced Urn":38,"StrikeDummy":27,"Unceasing Top":46,"Ring of the Serpent":17,"Regal Pillow":9,"Lantern":45,"Torii":0,"Singing Bowl":43,"StoneCalendar":42,"Bag of Preparation":26,"Ancient Tea Set":4,"Cursed Key":17,"Matryoshka":37,"WristBlade":34,"Ninja Scroll":0,"WingedGreaves":17,"Chemical X":37,"InkBottle":54,"Ring of the Snake":0,"Potion Belt":9,"The Specimen":0,"Golden Idol":3,"Thread and Needle":45,"The Courier":26,"PreservedInsect":38,"Omamori":39,"Frozen Egg 2":43,"MawBank":45,"Ornamental Fan":0,"Bloody Idol":31,"Orrery":0,"Turnip":38,"Art of War":17,"Bottled Lightning":43,"Toy Ornithopter":27,"Ice Cream":7,"Calipers":13,"CeramicFish":0,"HoveringKite":34,"Vajra":43,"Sozu":34,"Centennial Puzzle":6,"Lizard Tail":10,"DollysMirror":4,"Strawberry":26,"Prayer Wheel":38,"Toxic Egg 2":28,"Girya":0,"Happy Flower":13,"Astrolabe":34,"Oddly Smooth Stone":0,"Letter Opener":53,"War Paint":43,"Question Card":48,"Bottled Flame":25,"Shuriken":0,"Bronze Scales":10,"Molten Egg 2":9,"Black Star":17,"Meat on the Bone":17,"Pocketwatch":17,"Darkstone Periapt":23,"SacredBark":17,"Enchiridion":22,"Snake Skull":54,"Juzu Bracelet":43,"Empty Cage":17,"PrismaticShard":53,"ClockworkSouvenir":20,"Tough Bandages":25,"Nunchaku":31,"Dream Catcher":9,"Mummified Hand":30,"Pantograph":12,"Gambling Chip":0,"Tiny Chest":26,"Red Mask":47,"Orichalcum":26,"Medical Kit":37,"White Beast Statue":9,"Mercury Hourglass":54,"Peace Pipe":9,"Calling Bell":17,"Anchor":34,"CaptainsWheel":54,"Bag of Marbles":43,"Membership Card":36,"FossilizedHelix":0,"TungstenRod":26},{"TwistedFunnel":381,"Ginger":97,"Whetstone":100,"Bottled Tornado":52,"Old Coin":338,"Blood Vial":129,"Sundial":44,"Kunai":31,"Pear":315,"Blue Candle":249,"Eternal Feather":146,"Tingsha":274,"Pen Nib":356,"Paper Crane":322,"SlaversCollar":231,"MutagenicStrength":156,"Bird Faced Urn":189,"StrikeDummy":17,"Unceasing Top":193,"Ring of the Serpent":388,"Regal Pillow":36,"Lantern":269,"Torii":31,"Singing Bowl":116,"StoneCalendar":217,"Bag of Preparation":366,"Ancient Tea Set":2,"Cursed Key":281,"Matryoshka":137,"WristBlade":112,"Ninja Scroll":172,"WingedGreaves":80,"Chemical X":22,"InkBottle":57,"Ring of the Snake":0,"Potion Belt":3,"The Specimen":274,"Golden Idol":2,"Thread and Needle":245,"The Courier":183,"PreservedInsect":240,"Omamori":189,"Frozen Egg 2":398,"MawBank":245,"Ornamental Fan":72,"Bloody Idol":161,"Orrery":58,"Turnip":116,"Art of War":80,"Bottled Lightning":24,"Toy Ornithopter":17,"Ice Cream":11,"Calipers":154,"CeramicFish":172,"HoveringKite":21,"Vajra":91,"Sozu":136,"Centennial Puzzle":278,"Lizard Tail":329,"DollysMirror":123,"Strawberry":107,"Prayer Wheel":138,"Toxic Egg 2":108,"Girya":250,"Happy Flower":12,"Astrolabe":86,"Oddly Smooth Stone":122,"Letter Opener":272,"War Paint":191,"Question Card":94,"Bottled Flame":16,"Shuriken":97,"Bronze Scales":36,"Molten Egg 2":151,"Black Star":13,"Meat on the Bone":80,"Pocketwatch":129,"Darkstone Periapt":182,"SacredBark":360,"Enchiridion":68,"Snake Skull":273,"Juzu Bracelet":141,"Empty Cage":103,"PrismaticShard":272,"ClockworkSouvenir":41,"Tough Bandages":16,"Nunchaku":85,"Dream Catcher":355,"Mummified Hand":110,"Pantograph":11,"Gambling Chip":197,"Tiny Chest":16,"Red Mask":54,"Orichalcum":235,"Medical Kit":188,"White Beast Statue":11,"Mercury Hourglass":349,"Peace Pipe":62,"Calling Bell":80,"Anchor":338,"CaptainsWheel":349,"Bag of Marbles":267,"Membership Card":163,"FossilizedHelix":250,"TungstenRod":416},{"TwistedFunnel":2158,"Ginger":599,"Whetstone":611,"Bottled Tornado":309,"Old Coin":1918,"Blood Vial":722,"Sundial":249,"Kunai":183,"Pear":1796,"Blue Candle":1454,"Eternal Feather":781,"Tingsha":1567,"Pen Nib":2009,"Paper Crane":1834,"SlaversCollar":1359,"MutagenicStrength":843,"Bird Faced Urn":1121,"StrikeDummy":100,"Unceasing Top":1141,"Ring of the Serpent":2183,"Regal Pillow":206,"Lantern":1539,"Torii":183,"Singing Bowl":676,"StoneCalendar":1281,"Bag of Preparation":2061,"Ancient Tea Set":5,"Cursed Key":1617,"Matryoshka":750,"WristBlade":661,"Ninja Scroll":996,"WingedGreaves":500,"Chemical X":129,"InkBottle":364,"Ring of the Snake":0,"Potion Belt":9,"The Specimen":1567,"Golden Idol":5,"Thread and Needle":1436,"The Courier":1085,"PreservedInsect":1411,"Omamori":1121,"Frozen Egg 2":2226,"MawBank":1436,"Ornamental Fan":459,"Bloody Idol":873,"Orrery":367,"Turnip":676,"Art of War":500,"Bottled Lightning":139,"Toy Ornithopter":100,"Ice Cream":57,"Calipers":823,"CeramicFish":996,"HoveringKite":124,"Vajra":558,"Sozu":746,"Centennial Puzzle":1590,"Lizard Tail":1866,"DollysMirror":699,"Strawberry":637,"Prayer Wheel":755,"Toxic Egg 2":643,"Girya":1462,"Happy Flower":68,"Astrolabe":533,"Oddly Smooth Stone":696,"Letter Opener":1557,"War Paint":1131,"Question Card":574,"Bottled Flame":94,"Shuriken":599,"Bronze Scales":206,"Molten Egg 2":801,"Black Star":79,"Meat on the Bone":500,"Pocketwatch":722,"Darkstone Periapt":1075,"SacredBark":2027,"Enchiridion":435,"Snake Skull":1562,"Juzu Bracelet":766,"Empty Cage":621,"PrismaticShard":1557,"ClockworkSouvenir":234,"Tough Bandages":94,"Nunchaku":521,"Dream Catcher":2005,"Mummified Hand":652,"Pantograph":57,"Gambling Chip":1176,"Tiny Chest":94,"Red Mask":329,"Orichalcum":1384,"Medical Kit":1117,"White Beast Statue":57,"Mercury Hourglass":1972,"Peace Pipe":387,"Calling Bell":500,"Anchor":1918,"CaptainsWheel":1972,"Bag of Marbles":1530,"Membership Card":899,"FossilizedHelix":1462,"TungstenRod":2337}],"TungstenRod":51,"Toy Ornithopter":0,"Ring of the Snake":[54]},"card_choices":[{"not_picked":["Terror","Dagger Spray"],"picked":"Blade Dance","floor":1.0},{"not_picked":["Flying Knee","Dagger Spray","Leg Sweep"],"picked":"SKIP","floor":3.0},{"not_picked":["Eviscerate","Dagger Spray","Prepared"],"picked":"SKIP","floor":4.0},{"not_picked":["Sucker Punch","Backstab","PiercingWail"],"picked":"SKIP","floor":5.0},{"not_picked":["Sucker Punch","PiercingWail"],"picked":"Backstab","floor":5.0},{"not_picked":["Sucker Punch","Backstab"],"picked":"Night Terror","floor":7.0},{"not_picked":["PiercingWail","Dagger Throw"],"picked":"Footwork+1","floor":13.0},{"not_picked":["Flechettes","Caltrops+1","Backstab"],"picked":"SKIP","floor":14.0},{"not_picked":["Tools of the Trade+1","Malaise"],"picked":"Doppelganger","floor":16.0},{"not_picked":["Sucker Punch","Terror","Poisoned Stab"],"picked":"SKIP","floor":18.0},{"not_picked":["Dagger Throw+1","Masterful Stab","Eviscerate"],"picked":"SKIP","floor":19.0},{"not_picked":["Bane","Predator+1","Heel Hook"],"picked":"SKIP","floor":22.0},{"not_picked":["Underhanded Strike","Acrobatics+1","Slice"],"picked":"SKIP","floor":24.0},{"not_picked":["Flying Knee","Bane","Bouncing Flask"],"picked":"SKIP","floor":28.0},{"not_picked":["Dagger Spray","Grand Finale"],"picked":"Blade Dance+1","floor":29.0},{"not_picked":["Poisoned Stab","Bane"],"picked":"Blur","floor":31.0},{"not_picked":["After Image+1","Doppelganger"],"picked":"Adrenaline","floor":33.0},{"not_picked":["Underhanded Strike+1","Bane+1","Dash+1"],"picked":"SKIP","floor":35.0},{"not_picked":["Endless Agony+1","Heel Hook","Deadly Poison"],"picked":"SKIP","floor":37.0},{"not_picked":["Setup+1","Noxious Fumes+1","Riddle With Holes"],"picked":"SKIP","floor":38.0},{"not_picked":["Intimidate","WindmillStrike+1","Dagger Throw+1"],"picked":"SKIP","floor":41.0},{"not_picked":["Acrobatics","Fusion+1","SashWhip"],"picked":"SKIP","floor":42.0},{"not_picked":["Acrobatics","Fusion+1","SashWhip"],"picked":"SKIP","floor":42.0},{"not_picked":["Storm of Steel","Eviscerate+1","Dagger Spray+1"],"picked":"SKIP","floor":45.0},{"not_picked":["SandsOfTime+1","Leap+1"],"picked":"Well Laid Plans+1","floor":46.0},{"not_picked":["ReachHeaven","Redo"],"picked":"Collect+1","floor":48.0},{"not_picked":["PathToVictory+1","Loop+1","Scrawl"],"picked":"SKIP","floor":54.0}],"player_experience":786722,"relics_obtained":[{"floor":9.0,"key":"Snake Skull"},{"floor":26.0,"key":"TungstenRod"},{"floor":43.0,"key":"Ninja Scroll"},{"floor":45.0,"key":"Toy Ornithopter"},{"floor":54.0,"key":"Centennial Puzzle"}],"event_choices":[{"damage_healed":0.0,"max_hp_gain":0.0,"max_hp_loss":0.0,"gold_gain":0.0,"event_name":"NoteForYourself","player_choice":"Ignored","floor":2.0,"gold_loss":0.0,"damage_taken":0.0},{"damage_healed":0.0,"max_hp_gain":0.0,"max_hp_loss":0.0,"gold_gain":0.0,"event_name":"Upgrade Shrine","player_choice":"Upgraded","floor":11.0,"gold_loss":0.0,"damage_taken":0.0,"cards_upgraded":["Night Terror"]},{"damage_healed":0.0,"max_hp_gain":0.0,"max_hp_loss":0.0,"gold_gain":0.0,"event_name":"Vampires","player_choice":"Ignored","floor":20.0,"gold_loss":0.0,"damage_taken":0.0},{"damage_healed":0.0,"max_hp_gain":0.0,"max_hp_loss":0.0,"gold_gain":0.0,"event_name":"Lab","player_choice":"Got Potions","floor":21.0,"gold_loss":0.0,"damage_taken":0.0},{"damage_healed":0.0,"max_hp_gain":0.0,"max_hp_loss":0.0,"gold_gain":300.0,"event_name":"Wheel of Change","player_choice":"Gold","floor":36.0,"gold_loss":0.0,"damage_taken":0.0}],"is_beta":false,"boss_relics":[{"not_picked":["HoveringKite","Runic Dome"],"picked":"Sozu"},{"not_picked":["SacredBark","Runic Pyramid","Cursed Key"]}],"items_purged_floors":[10,39,53],"is_endless":false,"potions_floor_spawned":[1,5,7,14,19,24,28,29,33,38,41,45,46,54],"killed_by":"The Heart","ascension_level":0}}