{"host":"kbho7qfijxoxak3f","time":1612510846,"event":{"mods":["2.2 Compatiblity","Act Like it!","BaseMod","Challenge The Spire","Colored Map","Conspire","Highlight Path","Lobotomy","Minty Spire (QoL Compilation)","Pale of the Ancients","Quick Restart","StSLib"],"gold_per_floor":[116,126,144,39,214,214,214],"floor_reached":6,"language":"ZHS","playtime":207,"items_purged":[],"score":58,"play_id":"6272fff1-f27a-41f6-8f64-3efb0e9a3f88","local_time":"20210205154046","is_ascension_mode":true,"campfire_choices":[],"circlet_count":0,"master_deck":["AscendersBane","Strike_B","Strike_B","Strike_B","Strike_B","Defend_B","Defend_B","Defend_B","Defend_B","Zap","Dualcast","LittlePrince","SpiderBud","Defragment","Streamline","Loop","Doubt"],"relics":["Cracked Core","CogitoBucket"],"acts_visited":["Exordium"],"potions_floor_usage":[6],"damage_taken":[{"damage":1,"enemies":"Cultist","floor":1,"turns":3},{"damage":7,"enemies":"Jaw Worm","floor":2,"turns":3},{"damage":5,"enemies":"2 Louse","floor":3,"turns":4},{"damage":27,"enemies":"Gremlin Nob","floor":6,"turns":4}],"seed_played":"-859674222546508710","potions_obtained":[{"floor":2,"key":"ColorlessPotion"},{"floor":3,"key":"LiquidBronze"}],"is_trial":false,"path_per_floor":["M","M","M","$","?","E"],"character_chosen":"DEFECT","items_purchased":["Streamline","Loop"],"campfire_rested":0,"item_purchase_floors":[4,4],"current_hp_per_floor":[67,60,55,55,55,28,28],"gold":214,"neow_bonus":"","is_daily":false,"chose_seed":false,"campfire_upgraded":0,"win_rate":0.0,"timestamp":1612510846,"path_taken":["M","M","M","?","?","E"],"items_purchased_type":["Card","Card"],"build_version":"2020-12-22","purchased_purges":0,"victory":false,"max_hp_per_floor":[75,75,75,75,75,75,75],"card_choices":[{"not_picked":["BeautyBeast","SingingMachine"],"picked":"LittlePrince","floor":1},{"not_picked":["Sweeping Beam","Aggregate","Rebound"],"picked":"SKIP","floor":1},{"not_picked":["Darkness","FTL","Sweeping Beam"],"picked":"SKIP","floor":2},{"not_picked":["ShyLook","CrumblingArmor"],"picked":"SpiderBud","floor":3},{"not_picked":["Stack","Static Discharge"],"picked":"Defragment","floor":3}],"player_experience":552358,"relics_obtained":[],"event_choices":[{"damage_healed":0,"gold_gain":175,"player_choice":"AGREE","damage_taken":0,"max_hp_gain":0,"max_hp_loss":0,"event_name":"Liars Game","floor":5,"gold_loss":0,"cards_obtained":["Doubt"]}],"is_beta":false,"boss_relics":[],"items_purged_floors":[],"is_endless":false,"potions_floor_spawned":[2,3],"killed_by":"Gremlin Nob","ascension_level":12}}