{"host":"Kdaddybrian","time":1612566476,"event":{"mods":["AchievementEnabler","BaseMod","Bestiary","Colored Powertips","Minty Spire (QoL Compilation)","Potion Indicator Mod","Quick Restart","Rare Cards Sparkle","Relic Stats","StSLib","Uncapped"],"gold_per_floor":[114,124,299,30,85,110,110,160,160,214,226,317,393,437,449,563,575,600,13,13,13,26,26,76,76,152,202,59,90,121,154,154,255,255,270,287,323,348,361,394,394,409,409,409,442,453,453,107,107,107,107],"floor_reached":50,"language":"ENG","playtime":2452,"items_purged":["Doubt","Strike_P","Strike_P"],"score":1105,"play_id":"d959d738-3334-454d-8c6b-6753fb5675bc","local_time":"20210205180756","is_ascension_mode":true,"campfire_choices":[{"data":"HandOfGreed","floor":7.0,"key":"SMITH"},{"data":"TalkToTheHand","floor":11.0,"key":"SMITH"},{"data":"Ragnarok","floor":15.0,"key":"SMITH"},{"data":"Adaptation","floor":23.0,"key":"SMITH"},{"data":"Omniscience","floor":25.0,"key":"SMITH"},{"data":"Adaptation","floor":32.0,"key":"SMITH"},{"floor":41.0,"key":"RECALL"},{"data":"TalkToTheHand","floor":47.0,"key":"SMITH"},{"data":"Omniscience","floor":49.0,"key":"SMITH"}],"circlet_count":0,"master_deck":["Strike_P","Strike_P","Defend_P","Defend_P","Defend_P","Defend_P","Eruption","Vigilance","Tantrum","EmptyFist","HandOfGreed+1","FearNoEvil","DeusExMachina","TalkToTheHand+1","Meditate","Adaptation+1","Ragnarok+1","ConjureBlade","Halt","Prostrate","Adaptation+1","EmptyFist","Omniscience+1","Halt","EmptyMind+1","EmptyBody","EmptyMind","Vault","CurseOfTheBell","EmptyFist+1","EmptyBody+1","Prostrate+1","Evaluate+1","Tantrum+1","TalkToTheHand+1","Omniscience+1","Adaptation","Wallop+1","InnerPeace+1"],"relics":["Coffee Dripper","Anchor","Pantograph","MawBank","Bag of Preparation","Sozu","WingedGreaves","OrangePellets","MutagenicStrength","Mummified Hand","Mercury Hourglass","Strawberry","Bronze Scales","CloakClasp","Lantern","Smiling Mask","Calling Bell","Potion Belt","Sundial","Unceasing Top","Torii","Bottled Flame","MealTicket","Bag of Marbles","Orrery"],"acts_visited":["Exordium","TheCity","TheBeyond"],"potions_floor_usage":[],"damage_taken":[{"damage":0.0,"enemies":"Cultist","floor":1.0,"turns":3.0},{"damage":0.0,"enemies":"Small Slimes","floor":2.0,"turns":3.0},{"damage":0.0,"enemies":"2 Louse","floor":5.0,"turns":3.0},{"damage":40.0,"enemies":"Lagavulin","floor":6.0,"turns":4.0},{"damage":17.0,"enemies":"3 Sentries","floor":8.0,"turns":7.0},{"damage":0.0,"enemies":"Large Slime","floor":10.0,"turns":4.0},{"damage":0.0,"enemies":"Gremlin Gang","floor":13.0,"turns":4.0},{"damage":2.0,"enemies":"Gremlin Nob","floor":14.0,"turns":3.0},{"damage":15.0,"enemies":"The Guardian","floor":16.0,"turns":6.0},{"damage":1.0,"enemies":"2 Thieves","floor":18.0,"turns":3.0},{"damage":0.0,"enemies":"Shell Parasite","floor":22.0,"turns":3.0},{"damage":0.0,"enemies":"Book of Stabbing","floor":24.0,"turns":2.0},{"damage":17.0,"enemies":"Slavers","floor":27.0,"turns":3.0},{"damage":2.0,"enemies":"Book of Stabbing","floor":29.0,"turns":3.0},{"damage":12.0,"enemies":"Slavers","floor":30.0,"turns":3.0},{"damage":0.0,"enemies":"Gremlin Leader","floor":31.0,"turns":1.0},{"damage":12.0,"enemies":"Champ","floor":33.0,"turns":5.0},{"damage":22.0,"enemies":"3 Darklings","floor":35.0,"turns":3.0},{"damage":0.0,"enemies":"Orb Walker","floor":36.0,"turns":1.0},{"damage":0.0,"enemies":"Spire Growth","floor":37.0,"turns":3.0},{"damage":7.0,"enemies":"Sphere and 2 Shapes","floor":38.0,"turns":3.0},{"damage":31.0,"enemies":"Transient","floor":39.0,"turns":5.0},{"damage":7.0,"enemies":"Nemesis","floor":40.0,"turns":4.0},{"damage":0.0,"enemies":"Writhing Mass","floor":42.0,"turns":4.0},{"damage":0.0,"enemies":"Giant Head","floor":45.0,"turns":5.0},{"damage":0.0,"enemies":"3 Darklings","floor":46.0,"turns":3.0},{"damage":45,"enemies":"Time Eater","floor":50,"turns":4}],"seed_played":"4337241157009568141","potions_obtained":[{"floor":1.0,"key":"SteroidPotion"},{"floor":2.0,"key":"EntropicBrew"},{"floor":5.0,"key":"Energy Potion"},{"floor":10.0,"key":"SmokeBomb"}],"is_trial":false,"path_per_floor":["M","M","?","$","M","E","R","E","T","M","R","?","M","E","R","B",null,"M","$","?","?","M","R","E","R","T","E","$","E","E","E","R","B",null,"M","M","M","M","M","E","R","M","T","?","E","M","R","$","R","B"],"character_chosen":"WATCHER","items_purchased":["HandOfGreed","WingedGreaves","OrangePellets","Prostrate","Bronze Scales","Bag of Marbles","Orrery"],"campfire_rested":0,"item_purchase_floors":[4,19,19,19,28,48,48],"current_hp_per_floor":[65,65,65,65,65,25,25,8,8,8,8,8,8,6,6,16,58,57,57,57,57,57,57,57,57,57,47,47,45,33,33,33,46,71,49,49,49,42,11,4,4,4,4,4,4,4,4,19,19,0,0],"gold":107,"neow_bonus":"BOSS_RELIC","is_daily":false,"chose_seed":false,"campfire_upgraded":8,"win_rate":0.0,"timestamp":1612566476,"path_taken":["M","?","?","$","M","E","R","E","T","M","R","?","M","E","R","BOSS","M","$","?","?","?","R","E","R","T","E","$","E","E","E","R","BOSS","M","M","M","M","M","E","R","M","T","?","E","M","R","$","R","BOSS"],"items_purchased_type":["Card","Relic","Relic","Card","Relic","Relic","Relic"],"build_version":"2020-12-18","purchased_purges":3,"victory":false,"max_hp_per_floor":[72,72,72,72,72,72,72,72,72,72,72,72,72,72,72,72,72,72,72,72,72,72,72,72,72,72,79,79,79,79,79,79,79,79,79,79,79,79,79,79,79,79,79,79,79,79,79,79,79,79,79],"relic_stats":{"Torii":0,"counters":[27,95],"Bag of Preparation":[42],"CloakClasp":[107],"MawBank":120,"Smiling Mask":75,"Mercury Hourglass":[199],"Sozu":14,"OrangePellets":[16],"Mummified Hand":[32],"Sundial":[0],"Pantograph":75,"Bronze Scales":[92],"MealTicket":15,"obtain_stats":[{"Lantern":30,"Torii":40,"Bag of Preparation":14,"CloakClasp":29,"Smiling Mask":31,"Sozu":17,"Mummified Hand":24,"Sundial":34,"Pantograph":8,"Strawberry":27,"MealTicket":45,"WingedGreaves":19,"Potion Belt":34,"MawBank":9,"Mercury Hourglass":26,"Calling Bell":34,"OrangePellets":19,"Anchor":6,"Bottled Flame":43,"MutagenicStrength":20,"Bronze Scales":28,"Orrery":48,"Coffee Dripper":0,"Bag of Marbles":48,"PureWater":0,"Unceasing Top":34},{"Lantern":15,"Torii":23,"Bag of Preparation":8,"CloakClasp":14,"Smiling Mask":16,"Sozu":9,"Mummified Hand":12,"Sundial":17,"Pantograph":5,"Strawberry":13,"MealTicket":25,"WingedGreaves":10,"Potion Belt":17,"MawBank":5,"Mercury Hourglass":12,"Calling Bell":17,"OrangePellets":10,"Anchor":4,"Bottled Flame":24,"MutagenicStrength":10,"Bronze Scales":13,"Orrery":26,"Coffee Dripper":0,"Bag of Marbles":26,"PureWater":0,"Unceasing Top":17},{"Lantern":54,"Torii":79,"Bag of Preparation":31,"CloakClasp":51,"Smiling Mask":55,"Sozu":37,"Mummified Hand":45,"Sundial":60,"Pantograph":20,"Strawberry":48,"MealTicket":88,"WingedGreaves":40,"Potion Belt":60,"MawBank":20,"Mercury Hourglass":45,"Calling Bell":60,"OrangePellets":40,"Anchor":13,"Bottled Flame":83,"MutagenicStrength":40,"Bronze Scales":48,"Orrery":91,"Coffee Dripper":0,"Bag of Marbles":91,"PureWater":0,"Unceasing Top":60}],"Unceasing Top":[3]},"card_choices":[{"not_picked":["CarveReality","FollowUp"],"picked":"Tantrum","floor":1.0},{"not_picked":["EmptyBody","Meditate"],"picked":"EmptyFist","floor":2.0},{"not_picked":["SashWhip","FlyingSleeves"],"picked":"FearNoEvil","floor":5.0},{"not_picked":["FollowUp","Halt"],"picked":"DeusExMachina","floor":6.0},{"not_picked":["Fasting2","SpiritShield"],"picked":"TalkToTheHand","floor":8.0},{"not_picked":["BowlingBash","Halt"],"picked":"Meditate","floor":10.0},{"not_picked":["FlyingSleeves","Crescendo"],"picked":"Adaptation","floor":13.0},{"not_picked":["WindmillStrike","Crescendo"],"picked":"Ragnarok","floor":14.0},{"not_picked":["MasterReality","Alpha"],"picked":"ConjureBlade","floor":16.0},{"not_picked":["PathToVictory","JustLucky"],"picked":"Halt","floor":18.0},{"not_picked":["Adaptation","PathToVictory"],"picked":"EmptyFist","floor":22.0},{"not_picked":["Consecrate","WaveOfTheHand"],"picked":"Omniscience","floor":24.0},{"not_picked":["SashWhip","Nirvana+1"],"picked":"Halt","floor":27.0},{"not_picked":["CutThroughFate","BattleHymn"],"picked":"EmptyMind+1","floor":29.0},{"not_picked":["CutThroughFate","ClearTheMind"],"picked":"EmptyBody","floor":30.0},{"not_picked":["CarveReality","WreathOfFlame+1"],"picked":"EmptyMind","floor":31.0},{"not_picked":["Establishment","Scrawl"],"picked":"Vault","floor":33.0},{"not_picked":["CutThroughFate","ThirdEye"],"picked":"EmptyFist+1","floor":35.0},{"not_picked":["Brilliance","PathToVictory"],"picked":"EmptyBody+1","floor":36.0},{"not_picked":["FlyingSleeves","Sanctity+1"],"picked":"Prostrate+1","floor":37.0},{"not_picked":["Meditate","Adaptation+1"],"picked":"Evaluate+1","floor":39.0},{"not_picked":["CutThroughFate+1","WaveOfTheHand"],"picked":"Tantrum+1","floor":40.0},{"not_picked":["Indignation","Swivel+1"],"picked":"TalkToTheHand","floor":42.0},{"not_picked":["JustLucky+1","Evaluate+1","SandsOfTime"],"picked":"SKIP","floor":45.0},{"not_picked":["Consecrate","Sanctity+1","Evaluate+1"],"picked":"SKIP","floor":46.0},{"not_picked":["Pray+1","Crescendo"],"picked":"Omniscience","floor":48.0},{"not_picked":["FearNoEvil","Study+1"],"picked":"Adaptation","floor":48.0},{"not_picked":["Pray+1","Halt+1"],"picked":"Wallop+1","floor":48.0},{"not_picked":["WreathOfFlame","Blasphemy"],"picked":"InnerPeace+1","floor":48.0}],"player_experience":3018442,"relics_obtained":[{"floor":6.0,"key":"Anchor"},{"floor":8.0,"key":"Pantograph"},{"floor":9.0,"key":"MawBank"},{"floor":14.0,"key":"Bag of Preparation"},{"floor":24.0,"key":"Mummified Hand"},{"floor":26.0,"key":"Mercury Hourglass"},{"floor":27.0,"key":"Strawberry"},{"floor":29.0,"key":"CloakClasp"},{"floor":30.0,"key":"Lantern"},{"floor":31.0,"key":"Smiling Mask"},{"floor":34.0,"key":"Potion Belt"},{"floor":34.0,"key":"Sundial"},{"floor":34.0,"key":"Unceasing Top"},{"floor":40.0,"key":"Torii"},{"floor":43.0,"key":"Bottled Flame"},{"floor":45.0,"key":"MealTicket"}],"event_choices":[{"damage_healed":0.0,"max_hp_gain":0.0,"max_hp_loss":0.0,"gold_gain":175.0,"event_name":"Liars Game","player_choice":"AGREE","floor":3.0,"gold_loss":0.0,"damage_taken":0.0,"cards_obtained":["Doubt"]},{"damage_healed":0.0,"max_hp_gain":0.0,"max_hp_loss":0.0,"gold_gain":79.0,"event_name":"Golden Wing","player_choice":"Gained Gold","floor":12.0,"gold_loss":0.0,"damage_taken":0.0},{"damage_healed":0.0,"max_hp_gain":0.0,"max_hp_loss":0.0,"gold_gain":0.0,"event_name":"Drug Dealer","player_choice":"Inject Mutagens","floor":20.0,"gold_loss":0.0,"damage_taken":0.0,"relics_obtained":["MutagenicStrength"]},{"damage_healed":0.0,"max_hp_gain":0.0,"max_hp_loss":0.0,"gold_gain":0.0,"event_name":"Duplicator","player_choice":"Copied","floor":21.0,"gold_loss":0.0,"damage_taken":0.0,"cards_obtained":["Adaptation"]},{"damage_healed":0.0,"max_hp_gain":0.0,"max_hp_loss":0.0,"gold_gain":0.0,"event_name":"The Woman in Blue","player_choice":"Bought 0 Potions","floor":44.0,"gold_loss":0.0,"damage_taken":0.0}],"is_beta":true,"boss_relics":[{"not_picked":["Black Star","Philosopher\u0027s Stone"],"picked":"Sozu"},{"not_picked":["VioletLotus","Empty Cage"],"picked":"Calling Bell"}],"items_purged_floors":[4,19,48],"is_endless":false,"potions_floor_spawned":[1,2,5,10,13,18,22,30,31,33,35,39,45,46],"killed_by":"Time Eater","ascension_level":9}}