{"host":"pe2q1tocp309rrg9","time":1612515422,"event":{"mods":["2.2 Compatiblity","BaseMod","BetterRewards","Downfall","Ekko","Gremlin Mod","Hermit","Jorbs\u0027s Wanderer Trilogy","Minty Spire (QoL Compilation)","Quick Restart","Rare Cards Sparkle","Replay The Spire","StSLib","The Blue Laboratory","The Construct","The Hierophant","Uncapped"],"gold_per_floor":[114,125,141,153,173,203,203,203,256,275,275,289,289,305,305,405,405,417,9,9,9,27,27,58,58,83,106,123,123,143,160,160,265,265,282,302,225,225,418,418,418,169,169,189,200,200,228,228,228,228,228],"floor_reached":50,"language":"ENG","playtime":2201,"items_purged":[],"score":570,"play_id":"b37e8e6a-f254-4593-9933-9b56e170356f","local_time":"20210205025702","is_ascension_mode":true,"campfire_choices":[{"floor":13.0,"key":"REST"},{"floor":15,"key":"REST"},{"floor":23,"key":"REST"},{"floor":25,"key":"REST"},{"floor":29,"key":"REST"},{"floor":32,"key":"REST"},{"floor":40,"key":"REST"},{"floor":46,"key":"REST"},{"floor":49,"key":"REST"}],"circlet_count":0,"master_deck":["Strike_B","Strike_B","Strike_B","Defend_B","Defend_B","Defend_B","Defend_B","Zap","Dualcast","All For One","Turbo","Loop","Chaos","Defragment+1","Chaos","Consume","Auto Shields","Doom and Gloom","Ball Lightning","All For One","Conserve Battery","Hello World","Panache","Capacitor","ReplayTheSpireMod:Omega Cannon+1","Self Repair+1","Leap","Sunder+1","Chill+1","Stack","Amplify","Aggregate+1","Compile Driver+1","Ball Lightning+1","Redo","ReplayTheSpireMod:Splinters","Ball Lightning+1","Sunder+1","Defragment","Thunder Strike+1","Panic Button+1","Turbo+1","Loop+1","Cold Snap+1","Undo+1","Forethought","FIFO Queue+1"],"relics":["Cracked Core","Shovel","Blue Candle","Lantern","Inserter","Toolbox","Molten Egg 2","Replay:Rubber Ducky","Dream Catcher","PreservedInsect","SlaversCollar","Question Card","construct:FoamFinger","Unceasing Top"],"acts_visited":["Exordium","TheCity","TheBeyond"],"potions_floor_usage":[22,24,33],"damage_taken":[{"damage":0.0,"enemies":"Small Slimes","floor":1.0,"turns":4.0},{"damage":2.0,"enemies":"2 Louse","floor":2.0,"turns":3.0},{"damage":6.0,"enemies":"Cultist","floor":3.0,"turns":4.0},{"damage":17.0,"enemies":"3 Louse","floor":4.0,"turns":4.0},{"damage":23.0,"enemies":"Exordium Thugs","floor":5.0,"turns":5.0},{"damage":8.0,"enemies":"Lagavulin","floor":6.0,"turns":8.0},{"damage":5.0,"enemies":"Looter","floor":10.0,"turns":3.0},{"damage":0.0,"enemies":"Large Slime","floor":12.0,"turns":3.0},{"damage":8,"enemies":"Blue Slaver","floor":14,"turns":3},{"damage":32,"enemies":"Fading Forest","floor":16,"turns":11},{"damage":19,"enemies":"Spheric Guardian","floor":18,"turns":4},{"damage":5,"enemies":"Chosen","floor":22,"turns":4},{"damage":55,"enemies":"Gremlin Leader","floor":24,"turns":5},{"damage":0,"enemies":"Snecko","floor":28,"turns":4},{"damage":26,"enemies":"Sentry and Sphere","floor":30,"turns":5},{"damage":21,"enemies":"Centurion and Healer","floor":31,"turns":4},{"damage":31,"enemies":"Champ","floor":33,"turns":12},{"damage":6,"enemies":"3 Darklings","floor":35,"turns":5},{"damage":25,"enemies":"Orb Walker","floor":36,"turns":5},{"damage":32,"enemies":"Transient","floor":44,"turns":5},{"damage":6,"enemies":"Spire Growth","floor":45,"turns":4},{"damage":32,"enemies":"Giant Head","floor":47,"turns":7},{"damage":107,"enemies":"Awakened One","floor":50,"turns":9}],"seed_played":"-8897490657395847710","potions_obtained":[{"floor":2.0,"key":"Doom Potion"},{"floor":5.0,"key":"Slimebound:ThreeZeroPotion"},{"floor":6.0,"key":"Adrenaline Potion"},{"floor":24,"key":"champ:CounterPotion"},{"floor":30,"key":"BlessingOfTheForge"},{"floor":36,"key":"blueLaboratory:NullPotion"}],"is_trial":false,"path_per_floor":["M","M","M","M","M","E","?","?","T","M","?","M","R","M","R","B",null,"M","$","?","?","M","R","E","R","T","T","M","R","M","M","R","B",null,"M","M","$","?","?","R","T","$","T","M","M","R","E","?","R","B"],"character_chosen":"DEFECT","items_purchased":["Hello World","Panache","Toolbox","Ball Lightning+1","Redo","Defragment","Thunder Strike+1","Panic Button+1"],"campfire_rested":9,"item_purchase_floors":[19,19,19,37,37,42,42,42],"current_hp_per_floor":[75,73,67,50,27,19,14,14,14,9,9,9,31,23,45,23,75,56,56,56,42,37,61,6,30,30,30,30,54,38,27,51,30,80,74,49,49,49,49,73,73,73,73,51,55,79,57,57,80,0,0],"gold":228,"neow_bonus":"ONE_RANDOM_RARE_CARD","is_daily":false,"chose_seed":false,"campfire_upgraded":0,"win_rate":0.0,"timestamp":1612515422,"path_taken":["M","M","M","M","M","E","?","?","T","?","?","M","R","M","R","BOSS","M","$","?","?","M","R","E","R","T","?","M","R","M","M","R","BOSS","M","M","$","?","?","R","?","$","T","?","M","R","E","?","R","BOSS"],"items_purchased_type":["Card","Card","Relic","Card","Card","Card","Card","Card"],"build_version":"2020-12-22","purchased_purges":0,"victory":false,"max_hp_per_floor":[75,75,75,75,75,75,75,75,75,75,75,75,75,75,75,75,75,75,75,75,80,80,80,80,80,80,80,80,80,80,80,80,80,80,80,80,80,80,80,80,80,80,80,80,80,80,80,80,80,80,80],"card_choices":[{"not_picked":["Rebound","Hologram"],"picked":"Turbo","floor":1.0},{"not_picked":["Leap","Crystallizer"],"picked":"Loop","floor":2.0},{"not_picked":["Beam Cell","Panic Button"],"picked":"Chaos","floor":3.0},{"not_picked":["Compile Driver","Panic Button"],"picked":"Defragment","floor":4.0},{"not_picked":["Turbo","Auto Shields"],"picked":"Chaos","floor":5.0},{"not_picked":["Gash","Seek"],"picked":"Consume","floor":6.0},{"not_picked":["FTL","Stack"],"picked":"Auto Shields","floor":10.0},{"not_picked":["Steam","Hologram"],"picked":"Doom and Gloom","floor":12.0},{"not_picked":["Recycle","Reinforced Body"],"picked":"Ball Lightning","floor":14},{"not_picked":["Biased Cognition","Fission"],"picked":"All For One","floor":16},{"not_picked":["Sweeping Beam","BasicCrystalCard+1"],"picked":"Conserve Battery","floor":18},{"not_picked":["Sunder+1","Compile Driver+1"],"picked":"Capacitor","floor":22},{"not_picked":["Creative AI","Go for the Eyes+1"],"picked":"ReplayTheSpireMod:Omega Cannon+1","floor":24},{"not_picked":["Rebound+1","Hello World"],"picked":"Self Repair+1","floor":28},{"not_picked":["Skim","Coolheaded"],"picked":"Leap","floor":29},{"not_picked":["Compile Driver+1","White Noise"],"picked":"Sunder+1","floor":30},{"not_picked":["ReplaySolidLightProjector","Glacier"],"picked":"Chill+1","floor":31},{"not_picked":["Panic Button","Compile Driver+1"],"picked":"Stack","floor":32},{"not_picked":["Seek","Buffer"],"picked":"Amplify","floor":33},{"not_picked":["Go for the Eyes+1","Barrage+1"],"picked":"Aggregate+1","floor":35},{"not_picked":["Recycle+1","ReplayTheSpireMod:Reroute Power"],"picked":"Compile Driver+1","floor":36},{"not_picked":["Leap","Gash+1"],"picked":"Ball Lightning+1","floor":39},{"not_picked":["Steam Power+1","Barrage+1"],"picked":"Sunder+1","floor":40},{"not_picked":["Beam Cell+1","Gash+1","Sweeping Beam+1"],"picked":"Turbo+1","floor":44},{"not_picked":["Conserve Battery","Reprogram+1","Consume"],"picked":"Loop+1","floor":45},{"not_picked":["Sunder+1","Sweeping Beam+1","Steam"],"picked":"Cold Snap+1","floor":46},{"not_picked":["Rainbow","Sweeping Beam+1","ReplayTheSpireMod:Fabricate Wheel"],"picked":"Undo+1","floor":47},{"not_picked":["Metamorphosis","Purity","Jack Of All Trades"],"picked":"Forethought","floor":48},{"not_picked":["Coolheaded","Sweeping Beam+1","Genetic Algorithm"],"picked":"FIFO Queue+1","floor":49}],"player_experience":702478,"relics_obtained":[{"floor":6.0,"key":"Shovel"},{"floor":9.0,"key":"Lantern"},{"floor":24,"key":"Replay:Rubber Ducky"},{"floor":26,"key":"Dream Catcher"},{"floor":27,"key":"PreservedInsect"},{"floor":41,"key":"Question Card"},{"floor":43,"key":"construct:FoamFinger"},{"floor":47,"key":"Unceasing Top"}],"event_choices":[{"damage_healed":0.0,"max_hp_gain":0.0,"max_hp_loss":0.0,"gold_gain":0.0,"event_name":"Accursed Blacksmith","player_choice":"Forge","floor":8.0,"gold_loss":0.0,"damage_taken":0.0,"cards_upgraded":["Defragment"]},{"damage_healed":0.0,"max_hp_gain":0.0,"max_hp_loss":0.0,"gold_gain":0.0,"event_name":"Scrap Ooze","player_choice":"Fled","floor":11.0,"gold_loss":0.0,"damage_taken":0.0},{"damage_healed":0,"gold_gain":0,"player_choice":"Opened","damage_taken":0,"relics_obtained":["Molten Egg 2"],"max_hp_gain":0,"max_hp_loss":0,"event_name":"The Mausoleum","floor":20,"gold_loss":0},{"damage_healed":0,"gold_gain":0,"player_choice":"Shed Blood","damage_taken":19,"max_hp_gain":5,"max_hp_loss":0,"event_name":"Forgotten Altar","floor":21,"gold_loss":0},{"cards_removed":["Strike_B"],"damage_healed":0,"gold_gain":0,"player_choice":"Removed Attack","damage_taken":0,"max_hp_gain":0,"max_hp_loss":0,"event_name":"Falling","floor":38,"gold_loss":0},{"damage_healed":0,"gold_gain":0,"player_choice":"Memory 1","damage_taken":0,"max_hp_gain":0,"max_hp_loss":0,"event_name":"SensoryStone","floor":48,"gold_loss":0}],"is_beta":false,"boss_relics":[{"not_picked":["Replay:Ancient Bell","Pandora\u0027s Box"],"picked":"Inserter"},{"not_picked":["Coffee Dripper","Snecko Eye"],"picked":"SlaversCollar"}],"items_purged_floors":[],"is_endless":false,"potions_floor_spawned":[2,5,6,10,12,24,30,31,36,44,47],"killed_by":"Awakened One","ascension_level":1}}