{"host":"1sffrtwlowhx7ota","time":1612508034,"event":{"mods":["2.2 Compatiblity","Abigail Mod","AchievementEnabler","Aspiration","BaseMod","Better Altar","Better Match","Better Note","Better Sensory Stone","Better Skull","Better Synergies","Better Third Choice","BetterRewards","Colored Map","Colored Powertips","Defuse TimeMaze Blight","Displayed Cursed Tome","Downfall","Downfall-Rebalance","Gold Saver","Hubris","Infinite Spire","Minty Spire (QoL Compilation)","Permanent Neow","Poor People Problems","Quick Restart","Rare Cards Sparkle","Relic Sorter","Remove Card Discount Mod","Spicy Shops","StSLib","The Blue Laboratory","The Exalted","The Marked","The Vixen","Uncapped","Weighted Paths"],"gold_per_floor":[529,529,529,550,571,611,611,644,644,664,664,687,687,447,447,567,630,651,674,674,624,648,648,669,705,705,725,760,213,237,261,261,385,385,406,120,143,143,143,182,182,203,203,239,239,239],"floor_reached":45,"language":"ENG","playtime":2079,"items_purged":["Strike_B","Defend_B","Decay","Regret","Defend_B","Strike_B","Defend_B"],"score":786,"play_id":"729c5ec6-5174-4625-9e50-5137d01bc117","local_time":"20210205015354","is_ascension_mode":true,"campfire_choices":[{"floor":7,"key":"REST"},{"data":"Defragment","floor":11,"key":"SMITH"},{"data":"hubris:Fate","floor":15,"key":"SMITH"},{"data":"Consume","floor":23,"key":"SMITH"},{"data":"Capacitor","floor":32,"key":"SMITH"},{"data":"Creative AI","floor":41,"key":"SMITH"}],"circlet_count":0,"master_deck":["Strike_B+1","Defend_B","Zap","Dualcast","Capacitor+1","Cold Snap","Ball Lightning","Defragment+1","Loop","Cold Snap","hubris:Fate+1","Glacier","Cold Snap","Consume+1","Cold Snap","Capacitor+1","Ball Lightning+1","Genetic Algorithm","Storm","Trip","Creative AI+1","Conserve Battery+1","White Noise","Glacier","hubris:Fate"],"relics":["Cracked Core","Golden Idol","aspiration:AnachronicSnailShell","Bromod:ArcaneAwakening","Pear","Sling","Tiny House","hubris:TinFlute","Mercury Hourglass","infinitespire:BottledMercury","Lee\u0027s Waffle","Potion Belt","MealTicket","hubris:RunicObelisk","Bromod:ArcaneVictory","aspiration:Lifesprig","hubris:Icosahedron","Nunchaku","Bottled Tornado","infinitespire:Lychee Nut"],"acts_visited":["Exordium","TheCity","TheBeyond"],"potions_floor_usage":[6,8,22,22,25,28,33,42,44],"damage_taken":[{"damage":0,"enemies":"Small Slimes","floor":1,"turns":3},{"damage":9,"enemies":"2 Louse","floor":4,"turns":3},{"damage":0,"enemies":"Cultist","floor":5,"turns":4},{"damage":15,"enemies":"Lagavulin","floor":6,"turns":6},{"damage":18,"enemies":"Gremlin Nob","floor":8,"turns":4},{"damage":9,"enemies":"3 Louse","floor":10,"turns":3},{"damage":0,"enemies":"Large Slime","floor":12,"turns":4},{"damage":23,"enemies":"The Guardian","floor":16,"turns":10},{"damage":2,"enemies":"Chosen","floor":18,"turns":5},{"damage":22,"enemies":"2 Thieves","floor":19,"turns":4},{"damage":5,"enemies":"3 Cultists","floor":22,"turns":6},{"damage":11,"enemies":"Centurion and Healer","floor":24,"turns":6},{"damage":11,"enemies":"Nightmare","floor":25,"turns":11},{"damage":0,"enemies":"Sentry and Sphere","floor":27,"turns":2},{"damage":29,"enemies":"Gremlin Leader","floor":28,"turns":7},{"damage":20,"enemies":"Shelled Parasite and Fungi","floor":30,"turns":5},{"damage":6,"enemies":"3 Cultists","floor":31,"turns":5},{"damage":53,"enemies":"Automaton","floor":33,"turns":8},{"damage":6,"enemies":"Orb Walker","floor":35,"turns":3},{"damage":4,"enemies":"3 Shapes","floor":37,"turns":4},{"damage":0,"enemies":"Giant Head","floor":40,"turns":8},{"damage":33,"enemies":"Jaw Worm Horde","floor":42,"turns":4},{"damage":31,"enemies":"Nightmare","floor":44,"turns":7},{"damage":51,"enemies":"4 Shapes","floor":45,"turns":3}],"seed_played":"39122886178068017","potions_obtained":[{"floor":5,"key":"DistilledChaos"},{"floor":6,"key":"blueLaboratory:FrostheartPotion"},{"floor":16,"key":"PowerPotion"},{"floor":17,"key":"Strength Potion"},{"floor":18,"key":"Energy Potion"},{"floor":25,"key":"Energy Potion"},{"floor":30,"key":"Weak Potion"},{"floor":31,"key":"blueLaboratory:NullPotion"},{"floor":37,"key":"blueLaboratory:HeartbeatPotion"},{"floor":42,"key":"SkillPotion"}],"is_trial":false,"path_per_floor":["M","?","?","M","M","E","R","E","T","M","R","M","?","$","R","B",null,"M","M","?","?","M","R","M","NM","T","M","E","$","M","M","R","B",null,"M","$","M","?","?","E","R","M","T","NM","M"],"character_chosen":"DEFECT","items_purchased":["Capacitor","Cold Snap","Glacier","Sling","Lee\u0027s Waffle","Potion Belt","MealTicket","Storm","Trip","Bromod:ArcaneVictory","aspiration:Lifesprig"],"campfire_rested":1,"item_purchase_floors":[0,0,14,14,29,29,29,29,29,36,36],"current_hp_per_floor":[75,69,69,60,60,45,65,47,57,48,48,48,48,48,48,25,84,82,60,60,60,55,55,44,33,33,33,4,91,86,80,80,27,91,85,91,90,90,86,86,86,56,56,26,0,0],"gold":239,"neow_bonus":"","is_daily":false,"chose_seed":false,"campfire_upgraded":5,"win_rate":0.0,"timestamp":1612508034,"path_taken":["M","?","?","M","M","E","R","E","T","M","R","M","?","$","R","BOSS","M","M","?","?","M","R","M","NM","T","M","E","$","M","M","R","BOSS","M","$","M","?","?","E","R","M","T","NM","M"],"items_purchased_type":["Card","Card","Card","Relic","Relic","Relic","Relic","Card","Card","Relic","Relic"],"build_version":"2020-12-22","purchased_purges":7,"victory":false,"max_hp_per_floor":[75,69,69,69,69,69,69,69,79,79,79,79,79,79,79,79,84,84,84,84,84,84,84,84,84,84,84,84,91,91,91,91,91,91,91,91,91,91,86,86,86,86,86,64,64,64],"card_choices":[{"not_picked":["Fusion","Aggregate","Blizzard"],"picked":"SKIP","floor":1},{"not_picked":["Auto Shields","Storm","Aggregate"],"picked":"SKIP","floor":4},{"not_picked":["Compile Driver","Stack","Recycle"],"picked":"SKIP","floor":5},{"not_picked":["Leap","Compile Driver"],"picked":"Ball Lightning","floor":6},{"not_picked":["Rebound","Steam Power"],"picked":"Defragment","floor":8},{"not_picked":["Stack","aspiration:Polymerization"],"picked":"Loop","floor":10},{"not_picked":["Leap","Beam Cell"],"picked":"Cold Snap","floor":12},{"not_picked":["infinitespire:SevenWalls","hubris:Rewind"],"picked":"hubris:Fate","floor":13},{"not_picked":["Compile Driver+1","Fusion"],"picked":"Cold Snap","floor":18},{"not_picked":["Gash","Lockon"],"picked":"Consume","floor":19},{"not_picked":["Steam Power","Streamline+1","Steam"],"picked":"SKIP","floor":22},{"not_picked":["Redo","BootSequence"],"picked":"Capacitor","floor":24},{"not_picked":["Redo+1","Hyperbeam","hubris:Ukulele"],"picked":"SKIP","floor":25},{"not_picked":["Barrage","Streamline+1"],"picked":"Ball Lightning+1","floor":27},{"not_picked":["Barrage","Defragment+1"],"picked":"Genetic Algorithm","floor":28},{"not_picked":["Coolheaded+1","Hologram+1","Stack"],"picked":"SKIP","floor":30},{"not_picked":["aspiration:Polymerization","Cold Snap+1","Steam"],"picked":"SKIP","floor":31},{"not_picked":["hubris:Prefetch","Machine Learning"],"picked":"Creative AI","floor":33},{"not_picked":["Cold Snap","Streamline+1"],"picked":"Conserve Battery+1","floor":35},{"not_picked":["Conserve Battery+1","Barrage+1"],"picked":"White Noise","floor":37},{"not_picked":["Go for the Eyes","Redo+1","Reinforced Body+1"],"picked":"SKIP","floor":40},{"not_picked":["Hello World","Steam Power"],"picked":"Glacier","floor":42},{"not_picked":["infinitespire:FutureSight","infinitespire:DeathsTouch"],"picked":"hubris:Fate","floor":44},{"not_picked":["Conserve Battery+1","Ball Lightning+1","Rip and Tear"],"picked":"SKIP","floor":44}],"player_experience":941205,"relics_obtained":[{"floor":6,"key":"aspiration:AnachronicSnailShell"},{"floor":8,"key":"Bromod:ArcaneAwakening"},{"floor":9,"key":"Pear"},{"floor":25,"key":"hubris:TinFlute"},{"floor":26,"key":"Mercury Hourglass"},{"floor":28,"key":"infinitespire:BottledMercury"},{"floor":40,"key":"Nunchaku"},{"floor":43,"key":"Bottled Tornado"},{"floor":44,"key":"infinitespire:Lychee Nut"}],"event_choices":[{"damage_healed":0,"gold_gain":0,"player_choice":"Lose Max HP","damage_taken":0,"relics_obtained":["Golden Idol"],"max_hp_gain":0,"max_hp_loss":6,"event_name":"Golden Idol","floor":2,"gold_loss":0},{"damage_healed":0,"gold_gain":0,"player_choice":"Grow","damage_taken":0,"max_hp_gain":0,"max_hp_loss":0,"event_name":"Living Wall","floor":3,"gold_loss":0,"cards_upgraded":["Capacitor"]},{"damage_healed":0,"gold_gain":0,"cards_transformed":["Strike_B"],"player_choice":"Transformed","damage_taken":0,"max_hp_gain":0,"max_hp_loss":0,"event_name":"Transmorgrifier","floor":20,"gold_loss":0,"cards_obtained":["Cold Snap"]},{"damage_healed":0,"gold_gain":0,"player_choice":"Bet on Murderer","damage_taken":0,"max_hp_gain":0,"max_hp_loss":0,"event_name":"The Joust","floor":21,"gold_loss":50},{"damage_healed":0,"gold_gain":0,"player_choice":"Max HP","damage_taken":0,"max_hp_gain":0,"max_hp_loss":5,"event_name":"Winding Halls","floor":39,"gold_loss":0}],"is_beta":false,"boss_relics":[{"not_picked":["Bromod:ArcaneBarrier","aspiration:PoetsPen"],"picked":"Tiny House"},{"not_picked":["aspiration:RunicSpoon","infinitespire:Cupcake"],"picked":"hubris:RunicObelisk"}],"items_purged_floors":[0,0,14,14,14,29,36],"is_endless":true,"potions_floor_spawned":[5,6,16,18,19,25,30,31,37,42],"killed_by":"4 Shapes","ascension_level":1}}