{"host":"1ekl8hlbnopmdapi","time":1612510384,"event":{"mods":["AchievementEnabler","BaseMod","Colored Map","Colored Powertips","DeckTracker","Downfall","Googly Eyes","Highlight Path","Minty Spire (QoL Compilation)","Relic Sorter","StSLib","Synergy Search"],"gold_per_floor":[0,0,10,110,120,148,148,148,248,315,325,125,142,171,182,281,281,281,300,316,366,385,190,190,204,217,117,167,234,31,49,67,171,171,171,232,282,182,198,217,242,252,287,306,309,309,334,32,58,58,58,58,58,58],"floor_reached":52,"language":"ENG","playtime":4552,"items_purged":["bronze:Defend","bronze:Defend"],"score":727,"play_id":"52d984e3-a68a-4791-bfa2-7266fd7631ca","local_time":"20210205023304","is_ascension_mode":false,"campfire_choices":[{"data":"bronze:Replicate","floor":1,"key":"SMITH"},{"data":"bronze:DarkDash","floor":12,"key":"SMITH"},{"floor":18,"key":"RECALL"},{"data":"bronze:Virus","floor":27,"key":"SMITH"},{"data":"expansioncontent:QuickStudy","floor":35,"key":"SMITH"},{"floor":46,"key":"REST"}],"circlet_count":0,"master_deck":["bronze:Strike","bronze:Defend","bronze:Defend","bronze:Replicate+1","bronze:Goto","bronze:DarkDash+1","bronze:Separator","bronze:BronzeOrb+1","bronze:Virus+1","bronze:Overheat","bronze:Branch","bronze:CloningBeam","bronze:FollowUp+1","bronze:FollowUp","bronze:SpaghettiCode","bronze:Optimize+1","bronze:Flail","bronze:Branch","expansioncontent:QuickStudy+1","bronze:WildBeam","bronze:Safeguard","bronze:FineTuning","bronze:AlphaBuild","bronze:Iterate+1","expansioncontent:PrepareCrush","expansioncontent:AwakenDeath","expansioncontent:PrepareCrush","bronze:Constructor+1","bronze:Deprecate+1","bronze:Iterate","bronze:Branch+1","bronze:Constructor+1"],"relics":["bronze:BronzeCore","Sundial","bronze:BottledCode","downfall:CloakOfManyFaces","CultistMask","FaceOfCleric","NlothsMask","GremlinMask","SsserpentHead","downfall:HeartBlessingBlue","downfall:HeartBlessingGreen","Shuriken","SacredBark","downfall:HeartBlessingRed","Membership Card","CeramicFish","Question Card","ClockworkSouvenir","Whetstone","Oddly Smooth Stone","Pantograph","bronze:ProtectiveGoggles","Sling"],"acts_visited":["Exordium","TheCity","TheBeyond","TheEnding"],"potions_floor_usage":[13,20,22,30,33,42,43,50,50],"damage_taken":[{"damage":1,"enemies":"Jaw Worm","floor":3,"turns":4},{"damage":5,"enemies":"Small Slimes","floor":5,"turns":4},{"damage":17,"enemies":"Lagavulin","floor":6,"turns":6},{"damage":6,"enemies":"downfall:FaceTrader","floor":9,"turns":9},{"damage":0,"enemies":"Cultist","floor":10,"turns":2},{"damage":1,"enemies":"2 Fungi Beasts","floor":11,"turns":3},{"damage":10,"enemies":"Exordium Thugs","floor":13,"turns":3},{"damage":14,"enemies":"Gremlin Nob","floor":14,"turns":3},{"damage":2,"enemies":"Lots of Slimes","floor":15,"turns":3},{"damage":9,"enemies":"WA_ARCHETYPE_RETAIN","floor":16,"turns":6},{"damage":0,"enemies":"Spheric Guardian","floor":19,"turns":2},{"damage":6,"enemies":"3 Byrds","floor":20,"turns":4},{"damage":2,"enemies":"3 Cultists","floor":22,"turns":3},{"damage":0,"enemies":"downfall:FleeingMerchant","floor":23,"turns":4},{"damage":19,"enemies":"Shelled Parasite and Fungi","floor":25,"turns":4},{"damage":6,"enemies":"Centurion and Healer","floor":26,"turns":4},{"damage":9,"enemies":"Sentry and Sphere","floor":29,"turns":3},{"damage":4,"enemies":"downfall:FleeingMerchant","floor":30,"turns":4},{"damage":6,"enemies":"Snake Plant","floor":31,"turns":4},{"damage":0,"enemies":"3 Cultists","floor":32,"turns":3},{"damage":51,"enemies":"IC_MUSHROOM_ARCHETYPE","floor":33,"turns":8},{"damage":9,"enemies":"Orb Walker","floor":36,"turns":3},{"damage":23,"enemies":"3 Darklings","floor":39,"turns":4},{"damage":62,"enemies":"Spire Growth","floor":40,"turns":5},{"damage":9,"enemies":"Sphere and 2 Shapes","floor":42,"turns":3},{"damage":37,"enemies":"Nemesis","floor":43,"turns":5},{"damage":21,"enemies":"4 Shapes","floor":44,"turns":7},{"damage":4,"enemies":"downfall:FleeingMerchant","floor":45,"turns":3},{"damage":29,"enemies":"Maw","floor":47,"turns":7},{"damage":1,"enemies":"Jaw Worm Horde","floor":49,"turns":5},{"damage":142,"enemies":"SI_POISON_ARCHETYPE","floor":50,"turns":15},{"damage":188,"enemies":"downfall:CharBossMerchant","floor":52,"turns":8}],"seed_played":"6094104408066328861","potions_obtained":[{"floor":5,"key":"Fire Potion"},{"floor":11,"key":"SkillPotion"},{"floor":15,"key":"Energy Potion"},{"floor":19,"key":"Fruit Juice"},{"floor":25,"key":"LiquidBronze"},{"floor":26,"key":"SteroidPotion"},{"floor":28,"key":"FairyPotion"},{"floor":28,"key":"DuplicationPotion"},{"floor":32,"key":"SkillPotion"},{"floor":36,"key":"bronze:CleanCodePotion"},{"floor":39,"key":"hexamod:SoulburnPotion"},{"floor":40,"key":"DistilledChaos"}],"is_trial":false,"path_per_floor":["R","?","M","?","M","E","T","?","?","M","M","R","M","E","M","B",null,"R","M","M","?","M","$","T","M","M","R","?","M","$","M","M","B",null,"R","M","?","?","M","M","T","M","E","M","$","R","M","$","M","B",null,"E"],"character_chosen":"THE_AUTOMATON","items_purchased":["expansioncontent:QuickStudy","Membership Card","ClockworkSouvenir","Whetstone","Oddly Smooth Stone","FairyPotion","Pantograph","bronze:ProtectiveGoggles","Sling","champ:CounterPotion"],"campfire_rested":1,"item_purchase_floors":[23,30,45,45,45,45,48,48,48,48],"current_hp_per_floor":[70,70,69,69,64,47,47,47,41,42,42,52,43,30,29,21,76,76,77,82,82,81,82,82,64,59,59,59,51,48,43,44,58,97,97,89,79,108,86,25,25,17,19,19,16,50,22,22,22,2,117,0,0,0],"gold":58,"neow_bonus":"REMOVE_TWO","is_daily":false,"chose_seed":false,"campfire_upgraded":4,"win_rate":0.0,"timestamp":1612510384,"path_taken":["R","?","M","?","M","E","T","?","?","?","M","R","M","E","M","BOSS","R","M","M","?","M","$","T","M","M","R","?","?","$","M","M","BOSS","R","?","?","?","M","M","T","M","E","M","$","R","M","$","M","BOSS","E"],"items_purchased_type":["Card","Relic","Relic","Relic","Relic","Potion","Relic","Relic","Relic","Potion"],"build_version":"2020-12-22","purchased_purges":2,"victory":false,"max_hp_per_floor":[70,70,70,70,70,70,70,60,60,61,62,72,73,74,75,76,76,76,77,88,88,89,90,90,91,92,92,92,93,94,95,96,97,97,97,98,98,108,109,110,110,111,112,113,114,114,115,115,116,117,117,117,117,117],"card_choices":[{"not_picked":["bronze:BuggyMess","bronze:BitShift"],"picked":"bronze:DarkDash","floor":3},{"not_picked":["bronze:DelayedSlice","bronze:BuggyMess"],"picked":"bronze:Separator","floor":5},{"not_picked":["bronze:MaxOutput","bronze:Backtrace"],"picked":"bronze:BronzeOrb","floor":6},{"not_picked":["bronze:Shell","bronze:Separator"],"picked":"bronze:Virus","floor":9},{"not_picked":["bronze:Shell","bronze:WildBeam"],"picked":"bronze:Overheat","floor":10},{"not_picked":["bronze:BronzeArmor","bronze:ItsAFeature"],"picked":"bronze:Branch","floor":11},{"not_picked":["bronze:Deprecate","bronze:WildBeam"],"picked":"bronze:CloningBeam","floor":13},{"not_picked":["bronze:BitShift","bronze:Separator"],"picked":"bronze:FollowUp","floor":14},{"not_picked":["bronze:Shield","bronze:CutThrough"],"picked":"bronze:FollowUp","floor":15},{"not_picked":["bronze:Mutator","bronze:BurnOut"],"picked":"bronze:SpaghettiCode","floor":16},{"not_picked":["bronze:Terminator","bronze:Shield"],"picked":"bronze:Optimize+1","floor":19},{"not_picked":["bronze:BitShift","bronze:BronzeOrb+1","bronze:Repair"],"picked":"SKIP","floor":20},{"not_picked":["bronze:FollowUp","bronze:Frontload"],"picked":"bronze:Flail","floor":22},{"not_picked":["bronze:Constructor","bronze:DelayedGuard"],"picked":"bronze:Branch","floor":23},{"not_picked":["bronze:OilSpill","bronze:Verify"],"picked":"bronze:WildBeam","floor":25},{"not_picked":["bronze:Branch","bronze:BuggyMess+1","bronze:BitShift"],"picked":"SKIP","floor":26},{"not_picked":["bronze:CutThrough","bronze:Overheat+1","bronze:Philosophize+1"],"picked":"SKIP","floor":29},{"not_picked":["bronze:Terminator","bronze:Overload","bronze:Separator"],"picked":"SKIP","floor":30},{"not_picked":["bronze:BugBarrage+1","bronze:BuggyMess+1"],"picked":"bronze:Safeguard","floor":31},{"not_picked":["bronze:OilSpill","bronze:Shield"],"picked":"bronze:FineTuning","floor":32},{"not_picked":["bronze:CleanCode","bronze:SpaghettiCode"],"picked":"bronze:AlphaBuild","floor":33},{"not_picked":["bronze:Constructor+1","bronze:Overload+1"],"picked":"bronze:Iterate+1","floor":36},{"not_picked":["expansioncontent:YouAreMine","expansioncontent:GuardianWhirl"],"picked":"expansioncontent:PrepareCrush","floor":37},{"not_picked":["expansioncontent:GuardianWhirl","expansioncontent:Hexaburn"],"picked":"expansioncontent:AwakenDeath","floor":37},{"not_picked":["expansioncontent:Chronoboost","expansioncontent:YouAreMine"],"picked":"expansioncontent:PrepareCrush","floor":37},{"not_picked":["bronze:Constructor","bronze:Repulsor","bronze:Shield+1"],"picked":"SKIP","floor":39},{"not_picked":["bronze:Philosophize","bronze:Safeguard+1"],"picked":"bronze:Constructor+1","floor":40},{"not_picked":["bronze:DigitalCarnage+1","bronze:Invalidate+1","bronze:DarkDash"],"picked":"SKIP","floor":42},{"not_picked":["bronze:Flail+1","bronze:DelayedSlice+1"],"picked":"bronze:Deprecate+1","floor":43},{"not_picked":["bronze:Flail","bronze:Shield+1","bronze:ChildClass"],"picked":"bronze:Iterate","floor":44},{"not_picked":["bronze:WildBeam","bronze:ChosenStrike","bronze:CleanCode","bronze:OilSpill"],"picked":"SKIP","floor":45},{"not_picked":["bronze:WhirlingStrike+1","bronze:Iterate+1","bronze:ForLoop+1"],"picked":"bronze:Branch+1","floor":47},{"not_picked":["bronze:RecursiveStrike","bronze:BitShift+1","bronze:BronzeArmor+1"],"picked":"bronze:Constructor+1","floor":49}],"player_experience":531291,"relics_obtained":[{"floor":6,"key":"Sundial"},{"floor":9,"key":"downfall:CloakOfManyFaces"},{"floor":14,"key":"Shuriken"},{"floor":41,"key":"CeramicFish"},{"floor":43,"key":"Question Card"}],"event_choices":[{"damage_healed":0,"gold_gain":0,"player_choice":"Ignored","damage_taken":0,"max_hp_gain":0,"max_hp_loss":0,"event_name":"Ghosts","floor":21,"gold_loss":0},{"damage_healed":0,"gold_gain":0,"player_choice":"Got Potions","damage_taken":0,"max_hp_gain":0,"max_hp_loss":0,"event_name":"Lab","floor":28,"gold_loss":0}],"is_beta":false,"boss_relics":[{"not_picked":["Philosopher\u0027s Stone","Fusion Hammer"],"picked":"SacredBark"},{"not_picked":["Sozu","Runic Pyramid","Astrolabe"]}],"items_purged_floors":[30,45],"is_endless":false,"potions_floor_spawned":[5,11,15,19,25,26,32,36,39,40,49],"killed_by":"downfall:CharBossMerchant","ascension_level":0}}