{"host":"x000krxjblg8jdg4","time":1612485642,"event":{"mods":["BaseMod","Downfall","Hermit","Minty Spire (QoL Compilation)","StSLib","The Runesmith","The Servant 0.9.4"],"gold_per_floor":[114,189,189,189,11,11,11,39,90,90,123,137,154,182,182,280,280,292,292,391,391,391,391,391],"floor_reached":23,"language":"ENG","playtime":783,"items_purged":[],"score":278,"play_id":"5df3727a-bce4-4d64-af94-bd239155a6f3","local_time":"20210204224042","is_ascension_mode":false,"campfire_choices":[{"floor":6,"key":"REST"},{"data":"FanOfKnives","floor":10,"key":"SMITH"},{"data":"Luminosity","floor":15,"key":"SMITH"}],"circlet_count":0,"master_deck":["Strike_S","Strike_S","Strike_S","Defend_S","Defend_S","Defend_S+1","Defend_S+1","KidneyShot","Exchange","Ricochet","FanOfKnives+1","Luminosity+1","Revamp","Contraction","Rewind","Rearm","MurderousAura","Ricochet","FloweringNight+1"],"relics":["Uniform","NeowsBlessing","Bag of Marbles","Blue Candle","PreservedInsect","War Paint","Orichalcum","Gremlin Horn","Mummified Hand","MysterySword","Frozen Egg 2"],"acts_visited":["Exordium","TheCity"],"potions_floor_usage":[16,16],"damage_taken":[{"damage":0,"enemies":"Small Slimes","floor":1,"turns":1},{"damage":0,"enemies":"3 Sentries","floor":8,"turns":1},{"damage":0,"enemies":"Lagavulin","floor":11,"turns":1},{"damage":1,"enemies":"Jaw Worm","floor":12,"turns":3},{"damage":0,"enemies":"2 Louse","floor":13,"turns":1},{"damage":0,"enemies":"Gremlin Nob","floor":14,"turns":2},{"damage":19,"enemies":"The Guardian","floor":16,"turns":13},{"damage":20,"enemies":"Shell Parasite","floor":18,"turns":6},{"damage":46,"enemies":"Slavers","floor":23,"turns":3}],"seed_played":"-3385035648957233046","potions_obtained":[{"floor":12,"key":"Explosive Potion"},{"floor":14,"key":"hexamod:SoulburnPotion"}],"is_trial":false,"path_per_floor":["M","?","T","?","$","R","?","E","T","R","E","M","M","E","R","B",null,"M","?","?","?","?","E"],"character_chosen":"THE_SERVANT","items_purchased":["PreservedInsect","FanOfKnives"],"campfire_rested":1,"item_purchase_floors":[5,5],"current_hp_per_floor":[65,54,54,49,49,65,65,65,65,65,65,64,64,64,64,45,65,45,45,45,45,45,0,0],"gold":391,"neow_bonus":"THREE_ENEMY_KILL","is_daily":false,"chose_seed":false,"campfire_upgraded":2,"win_rate":0.0,"timestamp":1612485642,"path_taken":["M","?","?","?","$","R","?","E","T","R","E","M","M","E","R","BOSS","M","?","?","?","?","E"],"items_purchased_type":["Relic","Card"],"build_version":"2020-12-22","purchased_purges":0,"victory":false,"max_hp_per_floor":[65,65,65,65,65,65,65,65,65,65,65,65,65,65,65,65,65,65,65,65,65,65,65,65],"card_choices":[{"not_picked":["TimeWarp","DoubleEdge"],"picked":"Ricochet","floor":1},{"not_picked":["Rearm","Spin"],"picked":"Luminosity","floor":8},{"not_picked":["Collapse","Alleviate"],"picked":"Revamp","floor":11},{"not_picked":["Revamp","ShatteredReality"],"picked":"Contraction","floor":12},{"not_picked":["Spin","RealityMarble"],"picked":"Rewind","floor":13},{"not_picked":["FloweringNight","ShatteredReality"],"picked":"Rearm","floor":14},{"not_picked":["PendulumOfEternity","Initiator"],"picked":"MurderousAura","floor":16},{"not_picked":["Revamp","Replace"],"picked":"Ricochet","floor":18}],"player_experience":49429,"relics_obtained":[{"floor":3,"key":"Bag of Marbles"},{"floor":8,"key":"War Paint"},{"floor":9,"key":"Orichalcum"},{"floor":11,"key":"Gremlin Horn"},{"floor":14,"key":"Mummified Hand"}],"event_choices":[{"damage_healed":0,"gold_gain":75,"player_choice":"Gather Gold","damage_taken":11,"max_hp_gain":0,"max_hp_loss":0,"event_name":"World of Goop","floor":2,"gold_loss":0},{"damage_healed":0,"gold_gain":0,"player_choice":"Ignored","damage_taken":0,"max_hp_gain":0,"max_hp_loss":0,"event_name":"Liars Game","floor":7,"gold_loss":0},{"damage_healed":0,"gold_gain":0,"player_choice":"Ignored","damage_taken":0,"max_hp_gain":0,"max_hp_loss":0,"event_name":"Beggar","floor":19,"gold_loss":0},{"damage_healed":0,"gold_gain":99,"player_choice":"Stole From Cult","damage_taken":0,"max_hp_gain":0,"max_hp_loss":0,"event_name":"Nest","floor":20,"gold_loss":0},{"damage_healed":0,"gold_gain":0,"player_choice":"Opened","damage_taken":0,"relics_obtained":["Frozen Egg 2"],"max_hp_gain":0,"max_hp_loss":0,"event_name":"The Mausoleum","floor":21,"gold_loss":0},{"damage_healed":0,"gold_gain":0,"cards_transformed":["Strike_S"],"player_choice":"Transformed","damage_taken":0,"max_hp_gain":0,"max_hp_loss":0,"event_name":"Transmorgrifier","floor":22,"gold_loss":0,"cards_obtained":["FloweringNight"]}],"is_beta":false,"boss_relics":[{"not_picked":["SacredBark","Snecko Eye"],"picked":"MysterySword"}],"items_purged_floors":[],"is_endless":false,"potions_floor_spawned":[12,14],"killed_by":"Slavers","ascension_level":0}}