{"host":"dn2xyj3kd3d9cfyb","time":1612500926,"event":{"mods":["BaseMod","Colored Powertips","Downfall","Hubris","Marisa£®ÏF”Í°°ƒß¿Ì…≥£©","Minty Spire (QoL Compilation)","Remilia£®¿Ÿ√◊¿Ú—«£©","Replay The Spire","Shop Mod","StSLib","The Animator","The Construct","The Cursed","The Mystic","Youmu£®ªÍ∆«—˝√Œ£©","Yuri Mod","Yuyuko"],"gold_per_floor":[114,114,129,147,247,278,304,316,328,358,370,398,445,244,244,344,344,402,402,501,501,553,553,622,622,622,681,779,360,488,543,543,736,736,827,827,827,827,370,499,559,559,586,699,297,297,297,366,366,486,486,486,145,275,285,285],"floor_reached":55,"language":"ZHS","playtime":5716,"items_purged":["Faramita\u0027s Temptation","Dying Sakura","Phantom Butterflies","Dying Sakura","Regret"],"score":777,"play_id":"6bdca42e-24b5-449b-964a-7a1123013d6e","local_time":"20210205125526","is_ascension_mode":false,"campfire_choices":[{"data":"Float on Moon","floor":8.0,"key":"SMITH"},{"data":"Nihility","floor":11.0,"key":"SMITH"},{"floor":15.0,"key":"RECALL"},{"data":"Snowing Sakura","floor":23.0,"key":"SMITH"},{"data":"Elegance","floor":25.0,"key":"SMITH"},{"data":"Ghost Lead","floor":32.0,"key":"SMITH"},{"data":"Snowing Sakura","floor":42.0,"key":"SMITH"},{"data":"Open The Fan","floor":46,"key":"SMITH"},{"data":"Sweet of Phantom","floor":49,"key":"SMITH"},{"data":"Gauzy Sakura","floor":52,"key":"SMITH"}],"circlet_count":0,"master_deck":["Fantasy Butterflies","Fantasy Butterflies","Fantasy Butterflies","Fantasy Butterflies","Fantasy Butterflies","Dreamy Sakura","Dreamy Sakura","Dreamy Sakura","Dreamy Sakura","Dreamy Sakura","Deathly Ground+1","Gauzy Sakura+1","Elegance+1","Nihility+1","Float on Moon+1","Sweet of Phantom+1","Lunch","City of Death","Snowing Sakura+1","Bloom+1","Lunch","Open The Fan+1","Nihility+1","The Inky Sakura+1","The Inky Sakura+1","Replay:BasicMightCard","Ghost Lead+1","Living to Die","CurseOfTheBell","Mayhem+1","Unknown Petal","Snowing Sakura+1","Sakura","Phantom Butterflies","Unstable Ward+1","Cerasus Subhirtella+1","Master of Strategy+1","Postpone Bloom","Mini Ghostdom"],"relics":["Coronal","Yuyuko\u0027s fan","NeowsBlessing","MawBank","Matryoshka","Blue Doll","Membership Card","hubris:Backtick","Replay:Bandana","Blue Candle","MutagenicStrength","Nunchaku","ReplayTheSpireMod:Lightbulb","Quantum Egg","Molten Egg 2","Bag of Preparation","Chemical X","Calling Bell","ReplayFunnel","Replay:WaspNest","Durian","Turnip","Thread and Needle","Cauldron","Strawberry","Garlic","Art of War","OrangePellets","Happy Flower","MerchantsRug","hubris:EmptyBottle","Obi","Potion Belt","Toy Ornithopter","ReplayTheSpireMod:CursedCoin","FossilizedHelix","Orichalcum","Dead Branch"],"acts_visited":["Exordium","TheCity","TheBeyond","TheEnding"],"potions_floor_usage":[50,50,54,54,55,55,55,55,55,55],"damage_taken":[{"damage":1.0,"enemies":"Small Slimes","floor":1.0,"turns":1.0},{"damage":1.0,"enemies":"Cultist","floor":3.0,"turns":1.0},{"damage":1.0,"enemies":"Jaw Worm","floor":4.0,"turns":1.0},{"damage":52.0,"enemies":"Lagavulin","floor":6.0,"turns":13.0},{"damage":60.0,"enemies":"Exordium Thugs","floor":7.0,"turns":8.0},{"damage":4.0,"enemies":"Large Slime","floor":10.0,"turns":4.0},{"damage":19.0,"enemies":"Blue Slaver","floor":12.0,"turns":4.0},{"damage":17.0,"enemies":"Gremlin Nob","floor":13.0,"turns":3.0},{"damage":10.0,"enemies":"Hexaghost","floor":16.0,"turns":5.0},{"damage":21.0,"enemies":"Spheric Guardian","floor":18.0,"turns":4.0},{"damage":31.0,"enemies":"2 Thieves","floor":22.0,"turns":4.0},{"damage":27.0,"enemies":"Book of Stabbing","floor":24.0,"turns":4.0},{"damage":33.0,"enemies":"Snecko","floor":27.0,"turns":5.0},{"damage":69.0,"enemies":"Cultist and Chosen","floor":28.0,"turns":7.0},{"damage":19.0,"enemies":"3 Cultists","floor":30.0,"turns":5.0},{"damage":12.0,"enemies":"Snecko","floor":31.0,"turns":3.0},{"damage":49.0,"enemies":"Collector","floor":33.0,"turns":12.0},{"damage":54.0,"enemies":"3 Shapes","floor":35.0,"turns":4.0},{"damage":7.0,"enemies":"Nemesis","floor":40.0,"turns":7.0},{"damage":3.0,"enemies":"Orb Walker","floor":41.0,"turns":3.0},{"damage":18,"enemies":"Transient","floor":44,"turns":5},{"damage":4,"enemies":"Spire Growth","floor":48,"turns":4},{"damage":7,"enemies":"Replay:Hell Engine","floor":50,"turns":6},{"damage":0,"enemies":"Shield and Spear","floor":54,"turns":9},{"damage":2,"enemies":"The Heart","floor":55,"turns":1}],"seed_played":"-6548785056199835614","potions_obtained":[{"floor":6.0,"key":"Reflective Coating"},{"floor":12.0,"key":"champ:CounterPotion"},{"floor":13.0,"key":"Fire Potion"},{"floor":18.0,"key":"Fire Potion"},{"floor":22.0,"key":"SpeedPotion"},{"floor":28.0,"key":"DistilledChaos"},{"floor":31.0,"key":"Languid Potion"},{"floor":33.0,"key":"Fruit Juice"},{"floor":39.0,"key":"Strength Potion"},{"floor":39.0,"key":"champ:CounterPotion"},{"floor":39.0,"key":"Languid Potion"},{"floor":40.0,"key":"Toxic Potion"}],"is_trial":false,"path_per_floor":["M","?","M","M","?","E","M","R","T","M","R","M","E","$","R","B",null,"M","?","?","?","M","R","E","R","T","M","M","$","M","M","R","B",null,"M","?","?","?","$","E","M","R","T","M","$","R","$","M","R","B",null,"R","$","E","B"],"character_chosen":"YUYOKO","items_purchased":["Membership Card","Dying Sakura","Molten Egg 2","The Inky Sakura+1","Bag of Preparation","Chemical X","Replay:BasicMightCard","Turnip","Thread and Needle","Cauldron","Phantom Butterflies","Art of War","OrangePellets","Happy Flower","Cerasus Subhirtella+1","MerchantsRug","hubris:EmptyBottle","Obi","Potion Belt","Toy Ornithopter","Adrenaline Potion","ReplayTheSpireMod:CursedCoin","FossilizedHelix","Orichalcum","Master of Strategy+1","Strength Potion","EssenceOfSteel","Postpone Bloom","Mini Ghostdom"],"campfire_rested":0,"item_purchase_floors":[14,14,29,29,29,29,29,39,39,39,39,45,45,45,45,45,47,47,47,47,47,53,53,53,53,53,53,53,53],"current_hp_per_floor":[39,39,38,37,37,27,21,21,21,24,24,20,8,8,8,29,40,27,22,22,22,32,32,30,30,30,20,5,5,35,23,23,33,50,37,27,27,27,27,50,54,54,54,56,56,56,8,53,53,51,57,57,57,57,0,0],"gold":285,"neow_bonus":"THREE_ENEMY_KILL","is_daily":false,"chose_seed":false,"campfire_upgraded":9,"win_rate":0.0,"timestamp":1612500926,"path_taken":["M","?","?","M","?","E","M","R","T","M","R","M","E","?","R","BOSS","M","?","?","?","M","R","E","R","T","M","M","$","?","M","R","BOSS","M","?","?","?","$","E","M","R","T","?","$","R","?","M","R","BOSS","R","$","E","BOSS"],"items_purchased_type":["Relic","Card","Relic","Card","Relic","Relic","Card","Relic","Relic","Relic","Card","Relic","Relic","Relic","Card","Relic","Relic","Relic","Relic","Relic","Potion","Relic","Relic","Relic","Card","Potion","Potion","Card","Card"],"build_version":"2020-12-22","purchased_purges":5,"victory":false,"max_hp_per_floor":[40,40,40,40,40,40,40,40,40,40,40,40,40,40,40,40,40,40,40,40,40,40,40,40,40,40,40,40,40,40,40,40,45,50,50,50,50,50,50,57,57,57,57,57,57,57,57,57,57,57,57,57,57,57,57,57],"card_choices":[{"not_picked":["Final of Final","Gone"],"picked":"Gauzy Sakura","floor":1.0},{"not_picked":["Gather the Spring","Wandering Soul"],"picked":"Elegance","floor":3.0},{"not_picked":["The Nether","Linger over Flower"],"picked":"Nihility","floor":4.0},{"not_picked":["Bloom","Scenery of Papilio"],"picked":"Float on Moon","floor":6.0},{"not_picked":["Snow","Steamed Phantom","End of Faramita"],"picked":"SKIP","floor":7.0},{"not_picked":["Fondling of Papilio","All Wander"],"picked":"Sweet of Phantom","floor":10.0},{"not_picked":["Wandering Soul","Infinite Sin"],"picked":"Lunch","floor":12.0},{"not_picked":["Mini Ghostdom","Redemption of Death"],"picked":"City of Death","floor":13.0},{"not_picked":["Mirror of Mind","Home of Suicide"],"picked":"Snowing Sakura","floor":16.0},{"not_picked":["City of Death+1","Spear of Papilio"],"picked":"Bloom+1","floor":18.0},{"not_picked":["City of Death","Full Moon","Gone"],"picked":"SKIP","floor":22.0},{"not_picked":["Butterflies in Dream+1","Bomb+1"],"picked":"Lunch","floor":24.0},{"not_picked":["End of Faramita+1","Dark Wind"],"picked":"Open The Fan","floor":27.0},{"not_picked":["Bomb","Snow+1"],"picked":"Nihility+1","floor":28.0},{"not_picked":["Stifle+1","Gauzy Sakura"],"picked":"Ghost Lead","floor":30.0},{"not_picked":["Dying Sakura","Dancing Butterflies+1","Final of Final+1"],"picked":"SKIP","floor":31.0},{"not_picked":["Snowing Sakura","Ghost Spot"],"picked":"Living to Die","floor":33.0},{"not_picked":["Nihility","Gauzy Sakura+1","End of Faramita+1"],"picked":"SKIP","floor":35.0},{"not_picked":["Replay:Bootleg Shield Generator","Madness"],"picked":"Mayhem","floor":36.0},{"not_picked":["Fondling of Papilio+1","Dream of Spring"],"picked":"Unstable Ward+1","floor":40.0},{"not_picked":["Phantom Butterflies","Unknown Petal+1","Wandering Soul"],"picked":"SKIP","floor":41.0},{"not_picked":["Bomb+1","End of Faramita+1","City of Death"],"picked":"SKIP","floor":44},{"not_picked":["Wandering Soul+1","Redemption of Death+1","Dying Sakura"],"picked":"SKIP","floor":48},{"not_picked":["Chase The Sukhavati","Steamed Phantom+1","Wandering Soul+1"],"picked":"SKIP","floor":54}],"player_experience":611508,"relics_obtained":[{"floor":6.0,"key":"MawBank"},{"floor":9.0,"key":"Matryoshka"},{"floor":13.0,"key":"Blue Doll"},{"floor":24.0,"key":"Nunchaku"},{"floor":26.0,"key":"ReplayTheSpireMod:Lightbulb"},{"floor":26.0,"key":"Quantum Egg"},{"floor":34.0,"key":"ReplayFunnel"},{"floor":34.0,"key":"Replay:WaspNest"},{"floor":34.0,"key":"Durian"},{"floor":40.0,"key":"Strawberry"},{"floor":43.0,"key":"Garlic"},{"floor":54,"key":"Dead Branch"}],"event_choices":[{"damage_healed":0.0,"max_hp_gain":0.0,"max_hp_loss":0.0,"gold_gain":0.0,"event_name":"Accursed Blacksmith","player_choice":"Forge","floor":2.0,"gold_loss":0.0,"damage_taken":0.0,"cards_upgraded":["Deathly Ground"]},{"damage_healed":0.0,"max_hp_gain":0.0,"max_hp_loss":0.0,"gold_gain":100.0,"event_name":"Wheel of Change","player_choice":"Gold","floor":5.0,"gold_loss":0.0,"damage_taken":0.0},{"damage_healed":0.0,"max_hp_gain":0.0,"max_hp_loss":0.0,"gold_gain":99.0,"event_name":"Nest","player_choice":"Stole From Cult","floor":20.0,"gold_loss":0.0,"damage_taken":0.0},{"damage_healed":0.0,"max_hp_gain":0.0,"max_hp_loss":0.0,"gold_gain":0.0,"event_name":"Drug Dealer","player_choice":"Inject Mutagens","floor":21.0,"gold_loss":0.0,"damage_taken":0.0,"relics_obtained":["MutagenicStrength"]},{"damage_healed":0.0,"max_hp_gain":0.0,"max_hp_loss":0.0,"gold_gain":0.0,"event_name":"SensoryStone","player_choice":"Memory 3","floor":36.0,"gold_loss":0.0,"damage_taken":10.0},{"damage_healed":0.0,"max_hp_gain":0.0,"max_hp_loss":0.0,"gold_gain":0.0,"event_name":"Match and Keep!","player_choice":"3 cards matched","floor":38.0,"gold_loss":0.0,"damage_taken":0.0,"cards_obtained":["Unknown Petal","Snowing Sakura","Sakura"]}],"is_beta":false,"boss_relics":[{"not_picked":["Velvet Choker","hubris:CrackedHourglass"],"picked":"hubris:Backtick"},{"not_picked":["Replay:Wanted Poster","Empty Cage"],"picked":"Calling Bell"}],"items_purged_floors":[14,29,39,45,53],"is_endless":false,"potions_floor_spawned":[6,12,13,18,22,28,31,33,40,41],"killed_by":"The Heart","ascension_level":0}}