{"host":"Sylvester","time":1612496538,"event":{"mods":["BaseMod","Filter the Spire","Lobotomy","Minty Spire (QoL Compilation)","Replay The Spire","StSLib"],"gold_per_floor":[118,177,189,201,201,231,231,248,271,101,112,58,68,98,98,201,201,218,229,247,172,172,197,197,232,232,244,244,244,271,84,84,182,282,300,310,324,344,358,390,390,405,428,442,488,488,519,529,529,529,529],"floor_reached":50,"language":"ENG","playtime":3013,"items_purged":["BigBadWolf"],"score":794,"play_id":"808a8609-bedb-44fe-a308-fa462a1cd656","local_time":"20210204194218","is_ascension_mode":true,"campfire_choices":[{"floor":15.0,"key":"REST"},{"data":"Lamp+3","floor":24.0,"key":"SMITH"},{"floor":32.0,"key":"REST"},{"floor":46,"key":"RECALL"},{"data":"Lamp+16","floor":49,"key":"SMITH"}],"circlet_count":0,"master_deck":["SpecialBullet","SpecialBullet","SpecialBullet","SpecialBullet","SpecialBullet","SpecialBullet","SpecialBullet","CentralCode","TrainingCode","Justitia+1","Diffraction+1","VoidDream","BlueScar+1","OldLady","QueenOfHatred","CrimsonScar+1","Trip+1","Lamp+17","Loneliness","DaCapo+1","Hypocrisy+1","Adoration+1","SecurityCode","InTheNameOfLoveAndHate+1","Justitia+1","LittlePrince","Diffraction"],"relics":["CogitoBucket","ReplayTheSpireMod:TigerMarble","PreservedInsect","SkinProphecy","ReplayFunnel","Astrolabe","AdjustmentMirror","Pantograph","Ancient Tea Set","CultistMask","Golden Egg","Guide Book","Replay:Wanted Poster","AtMidnight","BehaviorAdjustment","StoneCalendar","Bronze Scales","Durian","Juzu Bracelet"],"acts_visited":["Exordium","TheCity","TheBeyond"],"potions_floor_usage":[],"damage_taken":[{"damage":2.0,"enemies":"2 Louse","floor":1.0,"turns":2.0},{"damage":8.0,"enemies":"Small Slimes","floor":3.0,"turns":2.0},{"damage":0.0,"enemies":"Cultist","floor":4.0,"turns":2.0},{"damage":0.0,"enemies":"Gremlin Nob","floor":6.0,"turns":2.0},{"damage":10.0,"enemies":"Gremlin Gang","floor":8.0,"turns":3.0},{"damage":24.0,"enemies":"Large Slime","floor":11.0,"turns":1.0},{"damage":0.0,"enemies":"3 Louse","floor":13.0,"turns":3.0},{"damage":5.0,"enemies":"3 Sentries","floor":14.0,"turns":3.0},{"damage":17.0,"enemies":"The Guardian","floor":16.0,"turns":16.0},{"damage":2.0,"enemies":"Chosen","floor":18.0,"turns":3.0},{"damage":8.0,"enemies":"Shell Parasite","floor":19.0,"turns":2.0},{"damage":5.0,"enemies":"Snecko","floor":20.0,"turns":4.0},{"damage":7.0,"enemies":"Slavers","floor":23.0,"turns":7.0},{"damage":2.0,"enemies":"Replay:Snechameleon","floor":25.0,"turns":2.0},{"damage":0.0,"enemies":"Sentry and Sphere","floor":27.0,"turns":3.0},{"damage":18.0,"enemies":"Gremlin Leader","floor":30.0,"turns":5.0},{"damage":77.0,"enemies":"Automaton","floor":33.0,"turns":13.0},{"damage":5.0,"enemies":"Orb Walker","floor":35.0,"turns":3.0},{"damage":0.0,"enemies":"3 Darklings","floor":36.0,"turns":2.0},{"damage":8.0,"enemies":"4 Shapes","floor":37.0,"turns":1.0},{"damage":3.0,"enemies":"Maw","floor":38.0,"turns":5.0},{"damage":12.0,"enemies":"3 Darklings","floor":39.0,"turns":5.0},{"damage":0.0,"enemies":"Nemesis","floor":40.0,"turns":1.0},{"damage":2.0,"enemies":"4 Shapes","floor":42.0,"turns":2.0},{"damage":6.0,"enemies":"Sphere and 2 Shapes","floor":44.0,"turns":5.0},{"damage":12,"enemies":"2 Orb Walkers","floor":45,"turns":3},{"damage":0,"enemies":"Reptomancer","floor":47,"turns":2},{"damage":0,"enemies":"Jaw Worm Horde","floor":48,"turns":1},{"damage":174,"enemies":"Awakened One","floor":50,"turns":7}],"seed_played":"-4220034024197548888","potions_obtained":[{"floor":1.0,"key":"FearPotion"},{"floor":5.0,"key":"BlessingOfTheForge"},{"floor":5.0,"key":"Energy Potion"},{"floor":6.0,"key":"Milkshake"},{"floor":16.0,"key":"FairyPotion"},{"floor":18.0,"key":"AttackPotion"},{"floor":23.0,"key":"EntropicBrew"},{"floor":27.0,"key":"GamblersBrew"},{"floor":33.0,"key":"AttackPotion"},{"floor":39.0,"key":"Reflective Coating"}],"is_trial":false,"path_per_floor":["M","?","M","M","?","E","R","M","T","$","M","$","M","E","R","B",null,"M","M","M","?","?","E","R","E","T","M","$","?","E","$","R","B",null,"M","M","M","M","M","E","?","M","T","M","?","R","E","M","R","B"],"character_chosen":"Angela","items_purchased":["Replay:Bootleg Shield Generator","BlueScar+1","Guide Book","Hypocrisy"],"campfire_rested":2,"item_purchase_floors":[10,12,31,31],"current_hp_per_floor":[68,68,60,60,60,60,60,50,50,50,26,26,22,13,35,14,76,76,60,57,57,57,52,52,52,52,48,48,48,29,29,56,18,94,87,83,71,72,70,74,74,86,86,88,89,89,97,123,123,0,0],"gold":529,"neow_bonus":"ONE_RANDOM_RARE_CARD","is_daily":false,"chose_seed":false,"campfire_upgraded":2,"win_rate":0.0,"timestamp":1612496538,"path_taken":["M","?","M","M","?","E","R","M","T","$","M","$","?","E","R","BOSS","M","M","M","?","?","E","R","E","T","?","$","?","E","?","R","BOSS","M","M","M","M","M","E","?","M","T","?","?","R","E","M","R","BOSS"],"items_purchased_type":["Card","Card","Relic","Card"],"build_version":"2020-11-17","purchased_purges":1,"victory":false,"max_hp_per_floor":[70,70,70,70,70,70,70,70,70,70,70,70,72,74,74,76,76,78,82,84,84,84,86,86,88,88,90,90,90,92,92,92,94,94,98,100,102,104,106,108,108,110,110,112,119,119,121,123,123,127,127],"card_choices":[{"not_picked":["FourthMatchFlame","Amita"],"picked":"SKIP","floor":1.0},{"not_picked":["Tough","CUTE"],"picked":"SKIP","floor":3.0},{"not_picked":["Rudolta","NakedNest"],"picked":"BigBadWolf","floor":4.0},{"not_picked":["GreenStem","BlackSwan_ego"],"picked":"SKIP","floor":4.0},{"not_picked":["Wingbeat"],"picked":"Diffraction","floor":6.0},{"not_picked":["Wellcheers","SpiderBud"],"picked":"LittleHelper","floor":8.0},{"not_picked":["GreenStem","Lantern"],"picked":"SKIP","floor":8.0},{"not_picked":["Scorched","MHz"],"picked":"VoidDream","floor":11.0},{"not_picked":["TheSmile","Penitence"],"picked":"SKIP","floor":11.0},{"not_picked":["BearPaw","Laetitia_ego"],"picked":"SKIP","floor":13.0},{"not_picked":["CherryBlossoms","Laetitia"],"picked":"OldLady","floor":14.0},{"not_picked":["Tough","Noise"],"picked":"SKIP","floor":14.0},{"not_picked":["FairyFestival","CrumblingArmor"],"picked":"QueenOfHatred","floor":16.0},{"not_picked":["Pleasure","RapturousDream"],"picked":"SKIP","floor":18.0},{"not_picked":["Pleasure","RapturousDream"],"picked":"SKIP","floor":18.0},{"not_picked":["Pleasure","RapturousDream"],"picked":"SKIP","floor":18.0},{"not_picked":["Hornet","RedEyes"],"picked":"SKIP","floor":19.0},{"not_picked":["CherryBlossom"],"picked":"Lamp+1","floor":20.0},{"not_picked":["SoundOfStar","Logging"],"picked":"SKIP","floor":23.0},{"not_picked":["Beak+1","Loneliness"],"picked":"SKIP","floor":25.0},{"not_picked":["FrostShard","Lamp"],"picked":"SKIP","floor":27.0},{"not_picked":["Laetitia_ego"],"picked":"DaCapo","floor":30.0},{"not_picked":["Rudolta","PunishingBird"],"picked":"Alriune","floor":33.0},{"not_picked":["SoundOfStar"],"picked":"Adoration","floor":33.0},{"not_picked":["TodaysExpression","WristCuter"],"picked":"SKIP","floor":35.0},{"not_picked":["Lantern","Soda+1"],"picked":"SKIP","floor":36.0},{"not_picked":["Justitia"],"picked":"InTheNameOfLoveAndHate+1","floor":37.0},{"not_picked":["RapturousDream","Wingbeat+1"],"picked":"SKIP","floor":38.0},{"not_picked":["BlueScar","RedEyes+1"],"picked":"SKIP","floor":39.0},{"not_picked":["Tough","FourthMatchFlame"],"picked":"SKIP","floor":40.0},{"not_picked":["Soda+1","MagicBullet+1"],"picked":"SKIP","floor":42.0},{"not_picked":["Noise+1","Beak"],"picked":"SKIP","floor":44.0},{"not_picked":["SingingMachine","BigBird"],"picked":"LittlePrince","floor":47},{"not_picked":["Penitence"],"picked":"Diffraction","floor":47},{"not_picked":["LifeForTheDareDevil+1","BlueScar+1"],"picked":"SKIP","floor":48}],"player_experience":207194,"relics_obtained":[{"floor":6.0,"key":"ReplayTheSpireMod:TigerMarble"},{"floor":9.0,"key":"PreservedInsect"},{"floor":14.0,"key":"ReplayFunnel"},{"floor":23.0,"key":"Pantograph"},{"floor":25.0,"key":"Ancient Tea Set"},{"floor":30.0,"key":"Golden Egg"},{"floor":35.0,"key":"AtMidnight"},{"floor":40.0,"key":"StoneCalendar"},{"floor":43.0,"key":"Bronze Scales"},{"floor":45,"key":"Durian"},{"floor":47,"key":"Juzu Bracelet"}],"event_choices":[{"damage_healed":0.0,"max_hp_gain":0.0,"max_hp_loss":0.0,"gold_gain":59.0,"event_name":"Golden Wing","player_choice":"Gained Gold","floor":2.0,"gold_loss":0.0,"damage_taken":0.0},{"damage_healed":0.0,"max_hp_gain":0.0,"max_hp_loss":0.0,"gold_gain":0.0,"event_name":"Lab","player_choice":"Got Potions","floor":5.0,"gold_loss":0.0,"damage_taken":0.0},{"cards_removed":["InformationCode"],"damage_healed":0.0,"max_hp_gain":0.0,"max_hp_loss":0.0,"gold_gain":0.0,"event_name":"Beggar","player_choice":"Gave Gold","floor":21.0,"gold_loss":75.0,"damage_taken":0.0},{"damage_healed":0.0,"max_hp_gain":0.0,"max_hp_loss":0.0,"gold_gain":0.0,"cards_transformed":["FeatherOfHonor"],"event_name":"Transmorgrifier","player_choice":"Transformed","floor":22.0,"gold_loss":0.0,"damage_taken":0.0,"cards_obtained":["Loneliness"]},{"damage_healed":0.0,"max_hp_gain":0.0,"max_hp_loss":0.0,"gold_gain":0.0,"event_name":"FaceTrader","player_choice":"Trade","floor":29.0,"gold_loss":0.0,"damage_taken":0.0,"relics_obtained":["CultistMask"]},{"damage_healed":0.0,"max_hp_gain":0.0,"max_hp_loss":0.0,"gold_gain":0.0,"cards_transformed":["Alriune"],"event_name":"Transmorgrifier","player_choice":"Transformed","floor":41.0,"gold_loss":0.0,"damage_taken":0.0,"cards_obtained":["Justitia"]},{"damage_healed":0,"gold_gain":0,"player_choice":"Fight","damage_taken":0,"max_hp_gain":0,"max_hp_loss":0,"event_name":"Mysterious Sphere","floor":45,"gold_loss":0}],"is_beta":true,"boss_relics":[{"not_picked":["Velvet Choker","Busted Crown"],"picked":"Astrolabe"},{"not_picked":["SacredBark","Kintsugi"],"picked":"Replay:Wanted Poster"}],"items_purged_floors":[10],"is_endless":false,"potions_floor_spawned":[1,6,13,16,18,23,27,33,35,39,44,47],"killed_by":"Awakened One","ascension_level":2}}