{"host":"7jl348xfsxr8glry","time":1612513671,"event":{"mods":["AchievementEnabler","BaseMod","Colored Map","Minty Spire (QoL Compilation)","Random Character Button","Unceasing Turn Reminder"],"gold_per_floor":[17,17,92,17,17,17,52,72,149,149,163,163,16,47,47,150,150,167,167,167,184,216,216,236,236,236,37,55,55,55,55,55,153,153,168,68,78,89,89,89,311,311,363,363,363,382,397,397,397,397,397],"floor_reached":50,"language":"ENG","playtime":2604,"items_purged":["Strike_R","Strike_R","Strike_R","Strike_R"],"score":614,"play_id":"e8464e0d-b2cf-4d78-bf21-7c99dfdb25d4","local_time":"20210205192751","is_ascension_mode":true,"campfire_choices":[{"floor":6,"key":"REST"},{"floor":10,"key":"REST"},{"data":"Armaments","floor":12,"key":"SMITH"},{"data":"Cleave","floor":15,"key":"SMITH"},{"floor":23,"key":"REST"},{"data":"RitualDagger","floor":25,"key":"SMITH"},{"floor":29,"key":"REST"},{"data":"Whirlwind","floor":32,"key":"SMITH"},{"floor":40,"key":"REST"},{"data":"Limit Break","floor":42,"key":"SMITH"},{"data":"Demon Form","floor":44,"key":"SMITH"},{"floor":49,"key":"REST"}],"circlet_count":0,"master_deck":["Defend_R+1","Defend_R","Defend_R","Defend_R","Bash+1","Rampage+1","Inflame","Cleave+1","Armaments+1","Pommel Strike","Limit Break+1","CurseOfTheBell","RitualDagger+1","Whirlwind+1","Cleave","Offering","Twin Strike+1","Demon Form+1","Rampage+1","Heavy Blade+1","Flex","Shrug It Off+1","Shrug It Off"],"relics":["Burning Blood","Charon\u0027s Ashes","Eternal Feather","Mummified Hand","Smiling Mask","Calling Bell","Centennial Puzzle","Pear","Mango","Red Mask","Question Card","Black Star"],"acts_visited":["Exordium","TheCity","TheBeyond"],"potions_floor_usage":[16,16,33,38,38,38,47],"damage_taken":[{"damage":10,"enemies":"Small Slimes","floor":1,"turns":5},{"damage":22,"enemies":"3 Sentries","floor":7,"turns":7},{"damage":9,"enemies":"2 Louse","floor":8,"turns":3},{"damage":7,"enemies":"Jaw Worm","floor":11,"turns":3},{"damage":14,"enemies":"Lagavulin","floor":14,"turns":5},{"damage":34,"enemies":"The Guardian","floor":16,"turns":10},{"damage":27,"enemies":"Spheric Guardian","floor":18,"turns":5},{"damage":42,"enemies":"3 Byrds","floor":21,"turns":7},{"damage":17,"enemies":"Masked Bandits","floor":22,"turns":3},{"damage":17,"enemies":"Centurion and Healer","floor":24,"turns":7},{"damage":25,"enemies":"Sentry and Sphere","floor":28,"turns":4},{"damage":113,"enemies":"Automaton","floor":33,"turns":12},{"damage":23,"enemies":"Orb Walker","floor":35,"turns":4},{"damage":10,"enemies":"3 Shapes","floor":37,"turns":6},{"damage":44,"enemies":"Writhing Mass","floor":38,"turns":5},{"damage":34,"enemies":"Sphere and 2 Shapes","floor":46,"turns":5},{"damage":60,"enemies":"Spire Growth","floor":47,"turns":5},{"damage":97,"enemies":"Donu and Deca","floor":50,"turns":5}],"seed_played":"2350410764132078628","potions_obtained":[{"floor":11,"key":"Energy Potion"},{"floor":14,"key":"Weak Potion"},{"floor":21,"key":"Swift Potion"},{"floor":37,"key":"EntropicBrew"},{"floor":46,"key":"SteroidPotion"}],"is_trial":false,"path_per_floor":["M","?","?","$","?","R","E","M","T","R","M","R","$","E","R","B",null,"M","?","?","M","?","R","M","R","T","$","M","R","?","?","R","B",null,"M","$","M","M","?","R","?","R","T","R","?","M","M","?","R","B"],"character_chosen":"IRONCLAD","items_purchased":["Pommel Strike","Offering","Shrug It Off"],"campfire_rested":6,"item_purchase_floors":[13,27,36],"current_hp_per_floor":[76,76,65,65,49,73,57,54,54,80,79,80,80,72,78,54,108,87,81,81,49,41,84,77,86,86,86,67,114,114,114,119,12,119,102,102,98,60,60,107,107,119,119,119,119,91,37,37,82,0,0],"gold":397,"neow_bonus":"ONE_RARE_RELIC","is_daily":false,"chose_seed":false,"campfire_upgraded":6,"win_rate":0.0,"timestamp":1612513671,"path_taken":["M","?","?","$","?","R","E","M","T","R","M","R","?","E","R","BOSS","M","?","?","?","?","R","M","R","T","$","M","R","?","?","R","BOSS","M","$","M","M","?","R","?","R","T","R","?","?","M","?","R","BOSS"],"items_purchased_type":["Card","Card","Card"],"build_version":"2020-12-22","purchased_purges":4,"victory":false,"max_hp_per_floor":[80,80,80,80,80,80,80,80,80,80,80,80,80,80,80,84,108,108,108,108,112,115,115,119,119,119,119,119,119,119,119,119,119,119,119,119,119,119,119,119,119,119,119,119,119,119,119,113,113,113,113],"card_choices":[{"not_picked":["Iron Wave","Warcry"],"picked":"Rampage","floor":1},{"not_picked":["Fiend Fire","Evolve"],"picked":"Inflame","floor":7},{"not_picked":["Iron Wave","Blood for Blood"],"picked":"Cleave","floor":8},{"not_picked":["Uppercut","Body Slam"],"picked":"Armaments","floor":11},{"not_picked":["Entrench","Power Through"],"picked":"Feed","floor":14},{"not_picked":["Berserk","Double Tap"],"picked":"Limit Break","floor":16},{"not_picked":["Anger+1","Perfected Strike","Pommel Strike"],"picked":"SKIP","floor":18},{"not_picked":["Dropkick+1","Shrug It Off"],"picked":"Whirlwind","floor":21},{"not_picked":["Rupture","Warcry"],"picked":"Cleave","floor":22},{"not_picked":["Battle Trance","Bloodletting","Burning Pact"],"picked":"SKIP","floor":24},{"not_picked":["Fiend Fire","Evolve","True Grit"],"picked":"Twin Strike+1","floor":28},{"not_picked":["Offering","Fiend Fire","Barricade"],"picked":"Demon Form","floor":33},{"not_picked":["Entrench+1","Sword Boomerang+1","Cleave+1"],"picked":"Rampage+1","floor":35},{"not_picked":["Metallicize+1","Clash","Armaments"],"picked":"Heavy Blade+1","floor":37},{"not_picked":["Havoc","Sword Boomerang","Pommel Strike+1"],"picked":"Flex","floor":38},{"not_picked":["Pummel+1","Twin Strike","Body Slam"],"picked":"Shrug It Off+1","floor":46},{"not_picked":["Perfected Strike","Pommel Strike","Dropkick"],"picked":"Shrug It Off","floor":47}],"player_experience":233654,"relics_obtained":[{"floor":7,"key":"Eternal Feather"},{"floor":9,"key":"Mummified Hand"},{"floor":14,"key":"Smiling Mask"},{"floor":17,"key":"Centennial Puzzle"},{"floor":17,"key":"Pear"},{"floor":17,"key":"Mango"},{"floor":22,"key":"Red Mask"},{"floor":26,"key":"Question Card"}],"event_choices":[{"damage_healed":0,"gold_gain":0,"player_choice":"Grow","damage_taken":0,"max_hp_gain":0,"max_hp_loss":0,"event_name":"Living Wall","floor":2,"gold_loss":0,"cards_upgraded":["Rampage"]},{"damage_healed":0,"gold_gain":75,"player_choice":"Gather Gold","damage_taken":11,"max_hp_gain":0,"max_hp_loss":0,"event_name":"World of Goop","floor":3,"gold_loss":0},{"damage_healed":0,"gold_gain":0,"player_choice":"Entered Light","damage_taken":16,"max_hp_gain":0,"max_hp_loss":0,"event_name":"Shining Light","floor":5,"gold_loss":0,"cards_upgraded":["Bash","Defend_R"]},{"damage_healed":0,"gold_gain":0,"player_choice":"Joined the Cult","damage_taken":6,"max_hp_gain":0,"max_hp_loss":0,"event_name":"Nest","floor":19,"gold_loss":0,"cards_obtained":["RitualDagger"]},{"damage_healed":0,"gold_gain":0,"player_choice":"0 cards matched","damage_taken":0,"max_hp_gain":0,"max_hp_loss":0,"event_name":"Match and Keep!","floor":20,"gold_loss":0,"cards_obtained":[]},{"damage_healed":0,"gold_gain":0,"player_choice":"Fought Bandits","damage_taken":0,"max_hp_gain":0,"max_hp_loss":0,"event_name":"Masked Bandits","floor":22,"gold_loss":0},{"cards_removed":["Strike_R"],"damage_healed":0,"gold_gain":0,"player_choice":"Elegance","damage_taken":0,"max_hp_gain":0,"max_hp_loss":0,"event_name":"Back to Basics","floor":30,"gold_loss":0},{"damage_healed":0,"gold_gain":0,"player_choice":"Ignored","damage_taken":0,"max_hp_gain":0,"max_hp_loss":0,"event_name":"Vampires","floor":31,"gold_loss":0},{"cards_removed":["Shrug It Off"],"damage_healed":0,"gold_gain":0,"player_choice":"Removed Skill","damage_taken":0,"max_hp_gain":0,"max_hp_loss":0,"event_name":"Falling","floor":39,"gold_loss":0},{"damage_healed":0,"gold_gain":222,"player_choice":"Wore Mask","damage_taken":0,"max_hp_gain":0,"max_hp_loss":0,"event_name":"Tomb of Lord Red Mask","floor":41,"gold_loss":0},{"cards_removed":["Feed"],"damage_healed":0,"gold_gain":0,"player_choice":"Purged","damage_taken":0,"max_hp_gain":0,"max_hp_loss":0,"event_name":"Purifier","floor":45,"gold_loss":0},{"damage_healed":0,"gold_gain":0,"player_choice":"Max HP","damage_taken":0,"max_hp_gain":0,"max_hp_loss":6,"event_name":"Winding Halls","floor":48,"gold_loss":0}],"is_beta":false,"boss_relics":[{"not_picked":["Tiny House","Philosopher\u0027s Stone"],"picked":"Calling Bell"},{"not_picked":["Pandora\u0027s Box","Busted Crown"],"picked":"Black Star"}],"items_purged_floors":[4,13,27,36],"is_endless":false,"potions_floor_spawned":[11,14,21,37,46],"killed_by":"Donu and Deca","ascension_level":3}}