{"host":"t9zjxed0utvsfjwc","time":1612552770,"event":{"mods":["2.2 Compatiblity","Aspiration","BaseMod","Better Altar","Better Match","Better Note","Better Sensory Stone","Better Skull","Better Third Choice","Block Reminder","Colored Map","Colored Powertips","Custom Start","Downfall","Hermit","Highlight Path","Hubris","Infinite Spire","Marisa????????","Minty Spire (QoL Compilation)","Quick Restart","Rare Cards Sparkle","Reliquary","Replay The Spire","StSLib","The Cursed","The Marked","The Runesmith","Unceasing Turn Reminder","everything is the same but u backflip on backflip"],"gold_per_floor":[113,113,67,67,67,94,113,38,61,148,166,214,241,266,266,266,266],"floor_reached":16,"language":"ENG","playtime":512,"items_purged":["OneTimeOff"],"score":135,"play_id":"30527cc4-bb71-4e67-a4c7-9c8bd9121211","local_time":"20210205191930","is_ascension_mode":false,"campfire_choices":[],"circlet_count":0,"master_deck":["Strike_MRS","Strike_MRS","Strike_MRS","Strike_MRS","Defend_MRS","Defend_MRS","Defend_MRS","Defend_MRS","MasterSpark","UpSweep","WitchOfGreed+1","Melter","Burn","WitchLeyline","WitchLeyline","PowerUp","GasGiant","WitchLeyline"],"relics":["MiniHakkero","NeowsBlessing","aspiration:BabyByrd","Matryoshka","Replay:Multitool","reliquary:Boomerang","Pear","ReplayTheSpireMod:Lightbulb","Potion Belt"],"acts_visited":["Exordium"],"potions_floor_usage":[11,12,13,14,16,16],"damage_taken":[{"damage":0,"enemies":"Small Slimes","floor":1,"turns":1},{"damage":0,"enemies":"Gremlin Nob","floor":6,"turns":1},{"damage":0,"enemies":"Jaw Worm","floor":7,"turns":1},{"damage":0,"enemies":"2 Louse","floor":11,"turns":2},{"damage":33,"enemies":"Lagavulin","floor":12,"turns":6},{"damage":9,"enemies":"2 Fungi Beasts","floor":13,"turns":4},{"damage":7,"enemies":"Gremlin Gang","floor":14,"turns":5},{"damage":37,"enemies":"Slime Boss","floor":16,"turns":3}],"seed_played":"-5192262461727178252","potions_obtained":[{"floor":1,"key":"LifebloodPotion"},{"floor":6,"key":"Guardian:BlockOnCardUsePotion"},{"floor":12,"key":"Block Potion"},{"floor":13,"key":"AttackPotion"},{"floor":14,"key":"champ:CounterPotion"},{"floor":14,"key":"champ:CounterPotion"}],"is_trial":false,"path_per_floor":["M","?","$","?","?","E","M","$","T","R","M","E","M","M","R","B"],"character_chosen":"MARISA","items_purchased":["WitchOfGreed"],"campfire_rested":0,"item_purchase_floors":[3],"current_hp_per_floor":[75,75,75,44,44,44,44,44,54,54,54,21,12,5,30,0,0],"gold":266,"neow_bonus":"THREE_ENEMY_KILL","is_daily":false,"chose_seed":false,"campfire_upgraded":0,"win_rate":0.0,"timestamp":1612552770,"path_taken":["M","?","$","?","?","E","M","$","T","R","M","E","M","M","R","BOSS"],"items_purchased_type":["Card"],"build_version":"2020-12-22","purchased_purges":1,"victory":false,"max_hp_per_floor":[75,75,75,75,75,75,75,75,85,85,85,85,85,85,85,85,85],"card_choices":[{"not_picked":["MagicChant","ShootingEcho"],"picked":"OneTimeOff","floor":1},{"not_picked":["IllusionStar","6A"],"picked":"WitchLeyline","floor":6},{"not_picked":["Acceleration","AsteroidBelt"],"picked":"WitchLeyline","floor":7},{"not_picked":["Acceleration","GrandCross","EventHorizon"],"picked":"SKIP","floor":11},{"not_picked":["EnergyFlow","GalacticHalo"],"picked":"PowerUp","floor":12},{"not_picked":["MysteriousBeam","PropBag"],"picked":"GasGiant","floor":13},{"not_picked":["Occultation","SporeBomb"],"picked":"WitchLeyline","floor":14}],"player_experience":490059,"relics_obtained":[{"floor":6,"key":"reliquary:Boomerang"},{"floor":9,"key":"Pear"},{"floor":9,"key":"ReplayTheSpireMod:Lightbulb"},{"floor":12,"key":"Potion Belt"}],"event_choices":[{"damage_healed":0,"gold_gain":1,"player_choice":"Card Relic Relic ","damage_taken":31,"max_hp_gain":0,"max_hp_loss":0,"event_name":"betterThird:BetterScrap","floor":4,"gold_loss":0,"cards_obtained":["Melter","hubris:Prefetch"]},{"damage_healed":44,"gold_gain":0,"player_choice":"Embrace Burn","damage_taken":0,"max_hp_gain":0,"max_hp_loss":75,"event_name":"betterThird:BetterShining","floor":5,"gold_loss":0}],"is_beta":false,"boss_relics":[],"items_purged_floors":[8],"is_endless":false,"potions_floor_spawned":[1,6,14],"killed_by":"Slime Boss","ascension_level":0}}