{"host":"tpbmol9dayg75a5s","time":1612561665,"event":{"mods":["BaseMod","Bestiary","Block Reminder","Colored Powertips","Dark Map","Downfall","Minty Spire (QoL Compilation)","Quick Restart","Relic Stats","Reliquary","Spire Arcade","StSLib"],"gold_per_floor":[99,110,124,143,161,187,187,187,187,204,20,20,20,33,51,150,150,50,65,77,94,111,137,137,137,37,55,87,87,112,112,126,222,222,122,142,142,157,207,207,207,220,247,397,410,176,176,296,310,310,310,343,14,14,14,14],"floor_reached":57,"language":"ENG","playtime":6014,"items_purged":["bronze:Strike"],"score":1251,"play_id":"c54559dc-48b3-44d1-baf3-3093e1730ad6","local_time":"20210205184745","is_ascension_mode":false,"campfire_choices":[{"floor":1,"key":"RECALL"},{"data":"bronze:Overheat","floor":13,"key":"SMITH"},{"data":"bronze:Optimize","floor":18,"key":"SMITH"},{"data":"bronze:Repulsor","floor":26,"key":"SMITH"},{"data":"bronze:Goto","floor":29,"key":"SMITH"},{"data":"bronze:Repulsor","floor":35,"key":"SMITH"},{"floor":40,"key":"REST"},{"data":"bronze:CleanCode","floor":47,"key":"SMITH"},{"floor":54,"key":"REST"}],"circlet_count":0,"master_deck":["bronze:Strike","bronze:Strike","bronze:Defend","bronze:Defend","bronze:Defend","bronze:Defend","bronze:Replicate","bronze:Goto+1","bronze:Repair","bronze:ChildClass+1","bronze:DelayedSlice","bronze:OilSpill+1","bronze:Overheat+1","bronze:NullPointer+1","bronze:Spike","bronze:Optimize+1","bronze:Shield+1","bronze:Philosophize+1","bronze:FindAndReplace+1","bronze:Invalidate+1","bronze:FineTuning+1","bronze:Format+1","bronze:Overheat+1","bronze:BitShift+1","bronze:Terminator+1","bronze:Repulsor+1","downfall:Icky","Shame","bronze:Iterate+1","Decay","bronze:Repulsor+1","bronze:CleanCode+1","bronze:Deprecate+1","bronze:Iterate+1","Clumsy","bronze:SpaghettiCode+1","bronze:Shell+1","bronze:Turbo+1","bronze:ForceShield+1","expansioncontent:QuickStudy+1","bronze:Verify","bronze:Fortify+1","bronze:BronzeOrb"],"relics":["bronze:PlatinumCore","FossilizedHelix","Toxic Egg 2","Cursed Key","downfall:HeartBlessingBlue","Smiling Mask","reliquary:SharkskinSheath","downfall:HeartBlessingGreen","reliquary:OuijaBoard","Bronze Scales","downfall:HeartBlessingRed","Du-Vu Doll","Thread and Needle","reliquary:QuartzCube","reliquary:WeakTea","Toy Ornithopter","Kunai"],"acts_visited":["Exordium","TheCity","TheBeyond","TheEnding"],"potions_floor_usage":[6,33,46,50,52,56],"damage_taken":[{"damage":2,"enemies":"Cultist","floor":2,"turns":4},{"damage":0,"enemies":"Jaw Worm","floor":3,"turns":4},{"damage":7,"enemies":"2 Louse","floor":4,"turns":2},{"damage":1,"enemies":"Exordium Thugs","floor":5,"turns":4},{"damage":3,"enemies":"Lagavulin","floor":6,"turns":6},{"damage":1,"enemies":"Lagavulin","floor":9,"turns":3},{"damage":0,"enemies":"Red Slaver","floor":10,"turns":3},{"damage":0,"enemies":"downfall:FleeingMerchant","floor":11,"turns":4},{"damage":0,"enemies":"3 Louse","floor":14,"turns":2},{"damage":0,"enemies":"Blue Slaver","floor":15,"turns":2},{"damage":27,"enemies":"IC_STATUS_ARCHETYPE","floor":16,"turns":6},{"damage":0,"enemies":"Chosen","floor":19,"turns":3},{"damage":0,"enemies":"3 Byrds","floor":20,"turns":3},{"damage":0,"enemies":"Snecko","floor":21,"turns":3},{"damage":8,"enemies":"Shelled Parasite and Fungi","floor":22,"turns":4},{"damage":0,"enemies":"Centurion and Healer","floor":27,"turns":4},{"damage":18,"enemies":"Slavers","floor":28,"turns":4},{"damage":0,"enemies":"Book of Stabbing","floor":30,"turns":4},{"damage":19,"enemies":"Snecko","floor":32,"turns":4},{"damage":12,"enemies":"SI_MIRROR_ARCHETYPE","floor":33,"turns":8},{"damage":1,"enemies":"Orb Walker","floor":36,"turns":3},{"damage":0,"enemies":"3 Shapes","floor":38,"turns":3},{"damage":49,"enemies":"3 Shapes","floor":39,"turns":6},{"damage":0,"enemies":"Jaw Worm Horde","floor":42,"turns":3},{"damage":0,"enemies":"Giant Head","floor":43,"turns":5},{"damage":0,"enemies":"4 Shapes","floor":45,"turns":3},{"damage":0,"enemies":"downfall:FleeingMerchant","floor":46,"turns":4},{"damage":0,"enemies":"Maw","floor":49,"turns":6},{"damage":35,"enemies":"WA_ARCHETYPE_DIVINITY","floor":50,"turns":10},{"damage":26,"enemies":"downfall:CharBossMerchant","floor":52,"turns":8},{"damage":0,"enemies":"downfall:NeowBoss","floor":55,"turns":15},{"damage":27,"enemies":"downfall:NeowBossFinal","floor":56,"turns":9}],"seed_played":"-5448951078985807878","potions_obtained":[{"floor":2,"key":"bronze:BurnAndBuffPotion"},{"floor":4,"key":"Weak Potion"},{"floor":10,"key":"champ:CounterPotion"},{"floor":14,"key":"ColorlessPotion"},{"floor":38,"key":"AttackPotion"},{"floor":48,"key":"CultistPotion"}],"is_trial":false,"path_per_floor":["R","M","M","M","M","E","T","?","?","M","$","?","R","M","M","B",null,"R","M","M","M","M","T","T","?","R","M","E","R","E","T","M","B",null,"R","M","?","M","?","R","T","M","E","?","M","$","R","?","M","B",null,"E","$","R","B","B",null],"character_chosen":"THE_AUTOMATON","items_purchased":["bronze:FindAndReplace+1","bronze:Invalidate+1","reliquary:WeakTea","bronze:ForceShield+1","expansioncontent:QuickStudy","DistilledChaos","Kunai","bronze:BronzeOrb"],"campfire_rested":2,"item_purchase_floors":[11,11,46,46,46,46,53,53],"current_hp_per_floor":[70,68,70,70,69,67,67,60,66,70,70,70,70,70,70,50,70,80,80,80,80,72,72,72,72,72,79,68,68,76,76,57,52,80,80,80,80,80,31,55,55,63,70,70,70,77,77,77,80,52,80,54,54,78,80,60],"gold":14,"neow_bonus":"TRANSFORM_CARD","is_daily":false,"chose_seed":false,"campfire_upgraded":6,"win_rate":0.0,"timestamp":1612561665,"path_taken":["R","M","M","?","M","E","T","?","?","M","$","?","R","?","M","BOSS","R","M","M","M","M","?","T","?","R","M","E","R","E","?","M","BOSS","R","M","?","M","?","R","T","M","E","?","?","$","R","?","M","BOSS","E","$","R","BOSS","BOSS"],"items_purchased_type":["Card","Card","Relic","Card","Card","Potion","Relic","Card"],"build_version":"2020-12-22","purchased_purges":1,"victory":true,"max_hp_per_floor":[70,70,70,70,70,70,70,70,70,70,70,70,70,70,70,70,70,80,80,80,80,80,80,80,80,80,80,80,80,80,80,80,80,80,80,80,80,80,80,80,80,80,80,80,80,80,80,80,80,80,80,80,80,80,80,80],"relic_stats":{"counters":[32,152],"Bronze Scales":[170],"Kunai":[8],"Cursed Key":4,"Smiling Mask":25,"obtain_stats":[{"reliquary:OuijaBoard":28,"bronze:PlatinumCore":34,"bronze:BronzeCore":0,"downfall:HeartBlessingRed":35,"downfall:HeartBlessingGreen":26,"Thread and Needle":41,"reliquary:TatteredRug":31,"reliquary:WeakTea":46,"Cursed Key":17,"Smiling Mask":23,"reliquary:QuartzCube":43,"Du-Vu Doll":39,"downfall:HeartBlessingBlue":18,"Bronze Scales":30,"Kunai":53,"Toxic Egg 2":8,"FossilizedHelix":6,"Toy Ornithopter":52,"reliquary:SharkskinSheath":24},{"reliquary:OuijaBoard":17,"bronze:PlatinumCore":20,"bronze:BronzeCore":0,"downfall:HeartBlessingRed":20,"downfall:HeartBlessingGreen":15,"Thread and Needle":23,"reliquary:TatteredRug":18,"reliquary:WeakTea":27,"Cursed Key":11,"Smiling Mask":15,"reliquary:QuartzCube":25,"Du-Vu Doll":23,"downfall:HeartBlessingBlue":11,"Bronze Scales":18,"Kunai":30,"Toxic Egg 2":5,"FossilizedHelix":5,"Toy Ornithopter":30,"reliquary:SharkskinSheath":15},{"reliquary:OuijaBoard":61,"bronze:PlatinumCore":77,"bronze:BronzeCore":0,"downfall:HeartBlessingRed":77,"downfall:HeartBlessingGreen":53,"Thread and Needle":89,"reliquary:TatteredRug":65,"reliquary:WeakTea":104,"Cursed Key":40,"Smiling Mask":53,"reliquary:QuartzCube":97,"Du-Vu Doll":89,"downfall:HeartBlessingBlue":40,"Bronze Scales":65,"Kunai":128,"Toxic Egg 2":20,"FossilizedHelix":20,"Toy Ornithopter":128,"reliquary:SharkskinSheath":53}],"Toy Ornithopter":0},"card_choices":[{"not_picked":["bronze:Frontload","bronze:CloningBeam"],"picked":"bronze:ChildClass","floor":2},{"not_picked":["bronze:Iterate","bronze:Constructor"],"picked":"bronze:DelayedSlice","floor":3},{"not_picked":["bronze:Constructor","bronze:ForceShield"],"picked":"bronze:OilSpill","floor":4},{"not_picked":["bronze:WhirlingStrike","bronze:Constructor"],"picked":"bronze:Overheat","floor":5},{"not_picked":["bronze:BuggyMess","bronze:Iterate"],"picked":"bronze:NullPointer","floor":6},{"not_picked":[],"picked":"bronze:Spike","floor":9},{"not_picked":["bronze:BuggyMess+1","bronze:DelayedSlice"],"picked":"bronze:Optimize","floor":9},{"not_picked":["bronze:Constructor+1","bronze:Invalidate+1"],"picked":"bronze:Shield+1","floor":10},{"not_picked":["bronze:Turbo+1","bronze:MaxOutput"],"picked":"bronze:Philosophize+1","floor":11},{"not_picked":["bronze:FineTuning+1","bronze:CutThrough","bronze:ThunderWave"],"picked":"SKIP","floor":14},{"not_picked":["bronze:CutThrough","bronze:ThunderWave"],"picked":"bronze:FineTuning+1","floor":14},{"not_picked":["bronze:Branch","bronze:CutThrough","bronze:Separator"],"picked":"SKIP","floor":15},{"not_picked":["bronze:RecursiveStrike","bronze:Assembly+1"],"picked":"bronze:Format+1","floor":16},{"not_picked":["bronze:Iterate","bronze:Shield+1"],"picked":"bronze:Overheat+1","floor":19},{"not_picked":["bronze:CloningBeam+1","bronze:Safeguard+1"],"picked":"bronze:BitShift+1","floor":20},{"not_picked":["bronze:ShipIt","bronze:Overheat+1"],"picked":"bronze:Terminator+1","floor":21},{"not_picked":["bronze:ForceShield+1","bronze:ClassDefault"],"picked":"bronze:Repulsor","floor":22},{"not_picked":["bronze:Branch","bronze:Frontload+1","bronze:WhirlingStrike"],"picked":"SKIP","floor":27},{"not_picked":["bronze:Shield+1","bronze:Constructor+1","bronze:BuggyMess+1"],"picked":"SKIP","floor":28},{"not_picked":["bronze:Turbo+1","bronze:DigitalCarnage"],"picked":"bronze:Iterate+1","floor":30},{"not_picked":["bronze:BuggyMess+1","bronze:ChildClass+1"],"picked":"bronze:Repulsor","floor":32},{"not_picked":["bronze:ThunderWave","bronze:Verify"],"picked":"bronze:CleanCode","floor":33},{"not_picked":["bronze:BronzeOrb+1","bronze:DelayedGuard+1"],"picked":"bronze:Deprecate+1","floor":36},{"not_picked":["bronze:BuggyMess+1","bronze:Deprecate+1"],"picked":"bronze:Iterate+1","floor":38},{"not_picked":["bronze:DelayedGuard+1","bronze:CutThrough"],"picked":"bronze:SpaghettiCode+1","floor":42},{"not_picked":["bronze:BurnOut","bronze:Invalidate+1"],"picked":"bronze:Shell+1","floor":43},{"not_picked":["bronze:WhirlingStrike","bronze:FineTuning+1"],"picked":"bronze:Turbo+1","floor":45},{"not_picked":["bronze:DelayedGuard+1","bronze:Constructor+1","bronze:Branch+1"],"picked":"SKIP","floor":46},{"not_picked":["bronze:CleanCode","bronze:ShipIt"],"picked":"bronze:Verify","floor":48},{"not_picked":["bronze:FindAndReplace+1","bronze:OilSpill+1"],"picked":"bronze:Fortify+1","floor":49},{"not_picked":["bronze:Deprecate+1","bronze:DigitalCarnage","bronze:Branch"],"picked":"SKIP","floor":52}],"player_experience":1104025,"relics_obtained":[{"floor":6,"key":"FossilizedHelix"},{"floor":23,"key":"Smiling Mask"},{"floor":24,"key":"reliquary:SharkskinSheath"},{"floor":28,"key":"reliquary:OuijaBoard"},{"floor":30,"key":"Bronze Scales"},{"floor":31,"key":"reliquary:TatteredRug"},{"floor":39,"key":"Du-Vu Doll"},{"floor":41,"key":"Thread and Needle"},{"floor":43,"key":"reliquary:QuartzCube"},{"floor":52,"key":"Toy Ornithopter"}],"event_choices":[{"damage_healed":0,"gold_gain":0,"player_choice":"Success","damage_taken":7,"relics_obtained":["Toxic Egg 2"],"max_hp_gain":0,"max_hp_loss":0,"event_name":"Scrap Ooze","floor":8,"gold_loss":0}],"is_beta":false,"boss_relics":[{"not_picked":["Tiny House","Pandora\u0027s Box"],"picked":"Cursed Key"},{"not_picked":["Fusion Hammer","SlaversCollar"],"picked":"bronze:PlatinumCore"}],"items_purged_floors":[46],"is_endless":false,"potions_floor_spawned":[2,4,10,14,15,16,20,30,32,38,39],"ascension_level":0}}