{"host":"1ooxfz79hmpvpehx","time":1612487827,"event":{"mods":["BaseMod","Minty Spire (QoL Compilation)","Quick Restart","Replay The Spire","StSLib","SuperFastMode"],"gold_per_floor":[119,137,137,137,32,32,32,32,64,64,64,97,149,49,59,59],"floor_reached":15,"language":"ENG","playtime":312,"items_purged":["Regret","Parasite"],"score":93,"play_id":"a95951d9-61ea-4de3-bd30-7ed8950e0533","local_time":"20210204221707","is_ascension_mode":false,"campfire_choices":[{"data":"Crow Ritual","floor":6,"key":"SMITH"},{"data":"Neutralize","floor":10,"key":"SMITH"}],"circlet_count":0,"master_deck":["Strike_G","Strike_G","Strike_G","Strike_G","Strike_G","Defend_G","Defend_G","Defend_G+1","Defend_G","Defend_G+1","Survivor","Neutralize+1","Spreading Infection","Crow Ritual+1"],"relics":["Ring of the Snake","Replay:Towering Pillar of Hats","Replay:Bandana","ReplayTheSpireMod:CursedCoin","Matryoshka","Calipers"],"acts_visited":["Exordium"],"potions_floor_usage":[13,13,13],"damage_taken":[{"damage":10,"enemies":"Jaw Worm","floor":1,"turns":4},{"damage":4,"enemies":"2 Louse","floor":2,"turns":3},{"damage":7,"enemies":"Small Slimes","floor":9,"turns":5},{"damage":11,"enemies":"3 Louse","floor":12,"turns":5},{"damage":16,"enemies":"Lagavulin","floor":13,"turns":6},{"damage":11,"enemies":"3 Sentries","floor":15,"turns":2}],"seed_played":"6885665212000628192","potions_obtained":[{"floor":1,"key":"SkillPotion"},{"floor":9,"key":"Venom Potion"},{"floor":12,"key":"CunningPotion"}],"is_trial":false,"path_per_floor":["M","M","?","?","$","R","PTL","PTL","M","R","T","M","E","$","E"],"character_chosen":"THE_SILENT","items_purchased":["ReplayTheSpireMod:CursedCoin","Crow Ritual"],"campfire_rested":0,"item_purchase_floors":[5,5],"current_hp_per_floor":[60,56,56,42,42,42,42,42,35,35,35,24,8,8,0,0],"gold":59,"neow_bonus":"ONE_RARE_RELIC","is_daily":false,"chose_seed":false,"campfire_upgraded":2,"win_rate":0.0,"timestamp":1612487827,"path_taken":["M","M","?","?","$","R","PTL","PTL","M","R","T","M","E","$","E"],"items_purchased_type":["Relic","Card"],"build_version":"2020-12-22","purchased_purges":2,"victory":false,"max_hp_per_floor":[70,70,70,70,70,70,70,70,70,70,70,70,70,67,67,67],"card_choices":[{"not_picked":["Slice","Calculated Gamble","Leg Sweep"],"picked":"SKIP","floor":1},{"not_picked":["Poisoned Stab","Deadly Poison","All Out Attack"],"picked":"SKIP","floor":2},{"not_picked":["Eviscerate","Tactician","Sucker Punch"],"picked":"SKIP","floor":9},{"not_picked":["Predator","Leg Sweep","Heel Hook"],"picked":"SKIP","floor":12},{"not_picked":["Endless Agony","ReplayTheSpireMod:Exploit Weakness","Doppelganger"],"picked":"SKIP","floor":13}],"player_experience":6496,"relics_obtained":[{"floor":11,"key":"Matryoshka"},{"floor":13,"key":"Calipers"}],"event_choices":[{"damage_healed":0,"gold_gain":0,"player_choice":"Box","damage_taken":0,"relics_obtained":["Replay:Bandana"],"max_hp_gain":0,"max_hp_loss":0,"event_name":"Big Fish","floor":3,"gold_loss":0,"cards_obtained":["Regret"]},{"damage_healed":0,"gold_gain":0,"player_choice":"Entered Light","damage_taken":14,"max_hp_gain":0,"max_hp_loss":0,"event_name":"Shining Light","floor":4,"gold_loss":0,"cards_upgraded":["Defend_G","Defend_G"]}],"is_beta":false,"boss_relics":[],"items_purged_floors":[5,14],"is_endless":false,"potions_floor_spawned":[1,9,12],"killed_by":"3 Sentries","ascension_level":0}}