{"host":"ak97kadm4gobvh6l","time":1612569124,"event":{"mods":["BaseMod","Colored Map","Downfall","Minty Spire (QoL Compilation)","StSLib"],"gold_per_floor":[99,115,115,115,115,129,156,174,70,96,96,107,7,20,37,142,142,42,54,54,254,354,389,389,389,389,389],"floor_reached":25,"language":"ENG","playtime":1769,"items_purged":["champ:Defend"],"score":309,"play_id":"bbc65d9e-3146-44d1-81f5-88595cea1b55","local_time":"20210206005204","is_ascension_mode":true,"campfire_choices":[{"floor":1,"key":"RECALL"},{"data":"champ:Taunt","floor":11,"key":"SMITH"},{"data":"champ:Improvising","floor":13,"key":"SMITH"},{"data":"champ:GladiatorForm","floor":18,"key":"SMITH"}],"circlet_count":0,"master_deck":["champ:Strike","champ:Strike","champ:Defend","champ:Defend","champ:Execute","champ:Taunt+1","champ:Endure","champ:GutPunch","champ:AdrenalArmor","champ:AdrenalArmor","champ:FaceSlap","champ:Improvising+1","champ:PreciseThrust","champ:BringItOn","champ:DefensiveShout","champ:GladiatorForm+1","champ:CrownThrow","champ:BladeFlurry","J.A.X.","champ:Improvising","champ:RageSigil+1","champ:Devastate"],"relics":["champ:ChampionCrown","Smiling Mask","champ:LiftRelic","PreservedInsect","Potion Belt","downfall:HeartBlessingRed","Philosopher\u0027s Stone","downfall:HeartBlessingGreen","MutagenicStrength","Ice Cream"],"acts_visited":["Exordium","TheCity"],"potions_floor_usage":[12,23],"damage_taken":[{"damage":10,"enemies":"Small Slimes","floor":2,"turns":3},{"damage":10,"enemies":"Jaw Worm","floor":6,"turns":3},{"damage":10,"enemies":"2 Louse","floor":8,"turns":2},{"damage":25,"enemies":"downfall:FleeingMerchant","floor":9,"turns":4},{"damage":36,"enemies":"Gremlin Nob","floor":10,"turns":3},{"damage":31,"enemies":"Exordium Thugs","floor":12,"turns":4},{"damage":10,"enemies":"2 Fungi Beasts","floor":14,"turns":3},{"damage":0,"enemies":"3 Louse","floor":15,"turns":2},{"damage":35,"enemies":"SI_SHIV_ARCHETYPE","floor":16,"turns":5},{"damage":42,"enemies":"Chosen","floor":19,"turns":5},{"damage":28,"enemies":"Chosen","floor":21,"turns":5},{"damage":49,"enemies":"downfall:Augmenter","floor":22,"turns":4},{"damage":39,"enemies":"Slavers","floor":23,"turns":3},{"damage":18,"enemies":"Spheric Guardian","floor":25,"turns":3}],"seed_played":"1402033328607109761","potions_obtained":[{"floor":6,"key":"champ:CounterPotion"},{"floor":8,"key":"SteroidPotion"},{"floor":10,"key":"Swift Potion"},{"floor":16,"key":"bronze:BurnAndBuffPotion"},{"floor":20,"key":"CultistPotion"},{"floor":23,"key":"Ancient Potion"}],"is_trial":false,"path_per_floor":["R","M","?","?","?","M","T","M","$","E","R","M","R","M","M","B",null,"R","M","?","?","?","E","T","M"],"character_chosen":"THE_CHAMP","items_purchased":["champ:FaceSlap"],"campfire_rested":0,"item_purchase_floors":[9],"current_hp_per_floor":[99,99,99,57,57,57,57,57,57,41,41,40,40,40,40,40,99,99,82,82,69,40,18,18,0,0,0],"gold":389,"neow_bonus":"TEN_PERCENT_HP_BONUS","is_daily":false,"chose_seed":false,"campfire_upgraded":3,"win_rate":0.0,"timestamp":1612569124,"path_taken":["R","M","?","?","?","M","T","M","$","E","R","?","R","M","M","BOSS","R","M","?","?","?","E","T","M"],"items_purchased_type":["Card"],"build_version":"2020-12-22","purchased_purges":1,"victory":false,"max_hp_per_floor":[99,99,99,99,99,99,99,99,99,99,99,99,99,99,99,99,99,99,99,99,99,99,99,99,99,99,99],"card_choices":[{"not_picked":["champ:EndlessRage","champ:SwordSigil"],"picked":"champ:Endure","floor":2},{"not_picked":["champ:BladeFlurry","champ:BringItOn"],"picked":"champ:GutPunch","floor":6},{"not_picked":["champ:TornadoPunch","champ:BringItOn"],"picked":"champ:AdrenalArmor","floor":8},{"not_picked":["champ:ViciousMockery","champ:TornadoPunch"],"picked":"champ:AdrenalArmor","floor":9},{"not_picked":["champ:CheapShot","champ:ArenaPreparation"],"picked":"champ:Improvising","floor":10},{"not_picked":["champ:RisingSlash","champ:ShieldWall"],"picked":"champ:PreciseThrust","floor":12},{"not_picked":["champ:TornadoPunch","champ:ShieldSigil"],"picked":"champ:BringItOn","floor":14},{"not_picked":["champ:BerserkersShout","champ:CrookedStrike"],"picked":"champ:DefensiveShout","floor":15},{"not_picked":["champ:IgnorePain","champ:HeavySlash"],"picked":"champ:GladiatorForm","floor":16},{"not_picked":["champ:DefensiveStyle","champ:AdrenalArmor"],"picked":"champ:CrownThrow","floor":19},{"not_picked":[],"picked":"J.A.X.","floor":22},{"not_picked":["champ:ArenaPreparation","champ:EnGarde"],"picked":"champ:RageSigil+1","floor":22},{"not_picked":["champ:ShieldSigil+1","champ:DefensiveStyle"],"picked":"champ:Devastate","floor":23}],"player_experience":1086495,"relics_obtained":[{"floor":7,"key":"PreservedInsect"},{"floor":10,"key":"Potion Belt"},{"floor":22,"key":"MutagenicStrength"},{"floor":23,"key":"Ice Cream"}],"event_choices":[{"cards_removed":["champ:Defend"],"damage_healed":0,"gold_gain":0,"player_choice":"Card Removal","damage_taken":0,"max_hp_gain":0,"max_hp_loss":0,"event_name":"The Cleric","floor":3,"gold_loss":0},{"damage_healed":0,"gold_gain":0,"player_choice":"Success","damage_taken":42,"relics_obtained":["Smiling Mask"],"max_hp_gain":0,"max_hp_loss":0,"event_name":"Scrap Ooze","floor":4,"gold_loss":0}],"is_beta":false,"boss_relics":[{"not_picked":["Pandora\u0027s Box","Tiny House"],"picked":"Philosopher\u0027s Stone"}],"items_purged_floors":[9],"is_endless":false,"potions_floor_spawned":[6,8,10,16,21,23],"killed_by":"Spheric Guardian","ascension_level":3}}