{"host":"vumwfieg2b2mnrfl","time":1612485733,"event":{"mods":["AchievementEnabler","BaseMod","Minty Spire (QoL Compilation)","Rare Cards Sparkle","Relic Stats"],"gold_per_floor":[112,112,62,79,97,126,126,152,152,152,171,184,217,233,233,338,338,356,369,383,68,80,107,137,137,160,176,176,192,220,233,233,337,337,381,481,501,333,333,333,333],"floor_reached":40,"language":"ENG","playtime":1651,"items_purged":["Strike_P","Defend_P"],"score":668,"play_id":"9b65a2e5-d58d-457c-b21c-97d1a5a83c67","local_time":"20210204184213","is_ascension_mode":true,"campfire_choices":[{"data":"Conclude","floor":7,"key":"SMITH"},{"floor":15,"key":"REST"},{"floor":25,"key":"REST"},{"floor":28,"key":"REST"},{"floor":32,"key":"REST"}],"circlet_count":0,"master_deck":["Strike_P","Strike_P","Strike_P+1","Defend_P+1","Defend_P","Eruption","Vigilance+1","Conclude+1","EmptyBody+1","Consecrate+1","FollowUp+1","ClearTheMind+1","FearNoEvil","FearNoEvil+1","Meditate","Halt+1","LessonLearned+1","Tantrum","Omniscience+1","FlurryOfBlows+1","EmptyMind+1","Wish+1","EmptyMind+1"],"relics":["PureWater","Prayer Wheel","Kunai","White Beast Statue","Lizard Tail","Busted Crown","Molten Egg 2","Toxic Egg 2","Red Mask","Potion Belt","StoneCalendar","Fusion Hammer"],"acts_visited":["Exordium","TheCity","TheBeyond"],"potions_floor_usage":[13,14,14,16,19,19,20,23,24,24,24,24,30,33,39,39],"damage_taken":[{"damage":0,"enemies":"Jaw Worm","floor":1,"turns":3},{"damage":1,"enemies":"2 Louse","floor":4,"turns":2},{"damage":0,"enemies":"Cultist","floor":5,"turns":3},{"damage":14,"enemies":"Lagavulin","floor":6,"turns":7},{"damage":16,"enemies":"Gremlin Nob","floor":8,"turns":3},{"damage":0,"enemies":"3 Louse","floor":11,"turns":1},{"damage":2,"enemies":"Blue Slaver","floor":12,"turns":2},{"damage":2,"enemies":"Lagavulin","floor":13,"turns":5},{"damage":0,"enemies":"Gremlin Gang","floor":14,"turns":3},{"damage":10,"enemies":"Hexaghost","floor":16,"turns":9},{"damage":16,"enemies":"3 Byrds","floor":18,"turns":4},{"damage":18,"enemies":"Shell Parasite","floor":19,"turns":4},{"damage":27,"enemies":"Shelled Parasite and Fungi","floor":20,"turns":4},{"damage":0,"enemies":"Centurion and Healer","floor":22,"turns":6},{"damage":14,"enemies":"Slavers","floor":23,"turns":3},{"damage":16,"enemies":"Masked Bandits","floor":24,"turns":5},{"damage":3,"enemies":"Snecko","floor":27,"turns":4},{"damage":10,"enemies":"Chosen and Byrds","floor":29,"turns":5},{"damage":0,"enemies":"Gremlin Leader","floor":30,"turns":6},{"damage":1,"enemies":"Cultist and Chosen","floor":31,"turns":3},{"damage":50,"enemies":"Collector","floor":33,"turns":8},{"damage":4,"enemies":"3 Shapes","floor":35,"turns":4},{"damage":16,"enemies":"Orb Walker","floor":37,"turns":4},{"damage":0,"enemies":"Sphere and 2 Shapes","floor":39,"turns":1},{"damage":46,"enemies":"Nemesis","floor":40,"turns":6}],"seed_played":"6551892013486865937","potions_obtained":[{"floor":4,"key":"Block Potion"},{"floor":11,"key":"Block Potion"},{"floor":12,"key":"Fire Potion"},{"floor":13,"key":"Explosive Potion"},{"floor":14,"key":"Block Potion"},{"floor":16,"key":"Dexterity Potion"},{"floor":18,"key":"PowerPotion"},{"floor":19,"key":"ColorlessPotion"},{"floor":20,"key":"EntropicBrew"},{"floor":22,"key":"Explosive Potion"},{"floor":23,"key":"Fire Potion"},{"floor":24,"key":"FearPotion"},{"floor":27,"key":"BottledMiracle"},{"floor":29,"key":"SmokeBomb"},{"floor":30,"key":"AttackPotion"},{"floor":33,"key":"LiquidBronze"}],"is_trial":false,"path_per_floor":["M","?","?","M","M","E","R","E","T","?","M","M","E","M","R","B",null,"M","M","M","$","M","E","?","R","T","M","R","M","E","M","R","B",null,"M","?","M","$","M","E"],"character_chosen":"WATCHER","items_purchased":["Molten Egg 2","EmptyMind+1"],"campfire_rested":4,"item_purchase_floors":[21,38],"current_hp_per_floor":[65,51,51,50,50,36,36,20,20,13,13,11,9,9,30,20,59,43,25,36,36,36,22,6,27,27,24,45,35,35,34,55,5,55,51,51,35,35,35,0,0],"gold":333,"neow_bonus":"THREE_CARDS","is_daily":false,"chose_seed":false,"campfire_upgraded":1,"win_rate":0.0,"timestamp":1612485733,"path_taken":["M","?","?","M","M","E","R","E","T","?","M","M","E","M","R","BOSS","M","?","M","$","M","E","?","R","T","M","R","M","E","M","R","BOSS","M","?","?","?","M","E"],"items_purchased_type":["Relic","Card"],"build_version":"2020-12-22","purchased_purges":2,"victory":false,"max_hp_per_floor":[72,72,72,72,72,72,72,72,72,72,72,72,72,72,72,72,72,72,72,72,72,72,72,72,72,72,72,72,72,72,72,72,72,72,72,72,72,72,72,72,72],"relic_stats":{"Lizard Tail":36,"Busted Crown":44,"counters":[25,105],"Prayer Wheel":12,"StoneCalendar":[108],"Kunai":[55],"obtain_stats":[{"Potion Belt":26,"Lizard Tail":13,"Busted Crown":17,"Prayer Wheel":6,"Molten Egg 2":21,"StoneCalendar":30,"Fusion Hammer":34,"Red Mask":24,"Kunai":8,"PureWater":0,"Toxic Egg 2":23,"White Beast Statue":9},{"Potion Belt":16,"Lizard Tail":8,"Busted Crown":10,"Prayer Wheel":4,"Molten Egg 2":13,"StoneCalendar":19,"Fusion Hammer":21,"Red Mask":16,"Kunai":5,"PureWater":0,"Toxic Egg 2":15,"White Beast Statue":5},{"Potion Belt":64,"Lizard Tail":26,"Busted Crown":38,"Prayer Wheel":15,"Molten Egg 2":50,"StoneCalendar":79,"Fusion Hammer":90,"Red Mask":64,"Kunai":18,"PureWater":0,"Toxic Egg 2":59,"White Beast Statue":18}]},"card_choices":[{"not_picked":["FollowUp","WindmillStrike"],"picked":"Conclude","floor":0},{"not_picked":["JustLucky","InnerPeace"],"picked":"EmptyBody","floor":1},{"not_picked":["Crescendo","FlyingSleeves"],"picked":"Consecrate","floor":4},{"not_picked":["BattleHymn","EmptyBody","EmptyFist"],"picked":"SKIP","floor":5},{"not_picked":["Indignation","LikeWater"],"picked":"FollowUp","floor":6},{"not_picked":["BowlingBash","Collect"],"picked":"ClearTheMind","floor":8},{"not_picked":["Nirvana","SashWhip"],"picked":"FearNoEvil","floor":11},{"not_picked":["Wish","WheelKick","ReachHeaven"],"picked":"SKIP","floor":11},{"not_picked":["CutThroughFate","SandsOfTime"],"picked":"FearNoEvil","floor":12},{"not_picked":["CutThroughFate","BowlingBash","Wireheading"],"picked":"SKIP","floor":12},{"not_picked":["ReachHeaven","Nirvana"],"picked":"Meditate","floor":13},{"not_picked":["EmptyFist","BattleHymn"],"picked":"Halt","floor":14},{"not_picked":["Consecrate","ThirdEye","ClearTheMind"],"picked":"SKIP","floor":14},{"not_picked":["Scrawl","DevaForm"],"picked":"LessonLearned","floor":16},{"not_picked":["Swivel"],"picked":"SKIP","floor":18},{"not_picked":["Meditate"],"picked":"SKIP","floor":18},{"not_picked":[],"picked":"Tantrum","floor":19},{"not_picked":["Prostrate"],"picked":"SKIP","floor":19},{"not_picked":["BattleHymn+1"],"picked":"SKIP","floor":20},{"not_picked":["FollowUp+1"],"picked":"SKIP","floor":20},{"not_picked":["EmptyBody"],"picked":"SKIP","floor":22},{"not_picked":["Prostrate"],"picked":"SKIP","floor":22},{"not_picked":[],"picked":"Omniscience+1","floor":23},{"not_picked":["BattleHymn"],"picked":"SKIP","floor":27},{"not_picked":["SignatureMove+1"],"picked":"SKIP","floor":27},{"not_picked":[],"picked":"FlurryOfBlows+1","floor":29},{"not_picked":["Indignation+1"],"picked":"SKIP","floor":29},{"not_picked":["CutThroughFate+1"],"picked":"SKIP","floor":30},{"not_picked":[],"picked":"EmptyMind+1","floor":31},{"not_picked":["ForeignInfluence+1"],"picked":"SKIP","floor":31},{"not_picked":[],"picked":"Wish+1","floor":33},{"not_picked":["Pray+1"],"picked":"SKIP","floor":35},{"not_picked":["CrushJoints+1"],"picked":"SKIP","floor":35},{"not_picked":["Conclude+1"],"picked":"SKIP","floor":37},{"not_picked":["SashWhip+1"],"picked":"SKIP","floor":37}],"player_experience":525021,"relics_obtained":[{"floor":6,"key":"Prayer Wheel"},{"floor":8,"key":"Kunai"},{"floor":9,"key":"White Beast Statue"},{"floor":13,"key":"Lizard Tail"},{"floor":23,"key":"Toxic Egg 2"},{"floor":24,"key":"Red Mask"},{"floor":26,"key":"Potion Belt"},{"floor":30,"key":"StoneCalendar"}],"event_choices":[{"damage_healed":0,"gold_gain":0,"player_choice":"Entered Light","damage_taken":14,"max_hp_gain":0,"max_hp_loss":0,"event_name":"Shining Light","floor":2,"gold_loss":0,"cards_upgraded":["EmptyBody","Strike_P"]},{"cards_removed":["Defend_P"],"damage_healed":0,"gold_gain":0,"player_choice":"Card Removal","damage_taken":0,"max_hp_gain":0,"max_hp_loss":0,"event_name":"The Cleric","floor":3,"gold_loss":50},{"damage_healed":0,"gold_gain":0,"player_choice":"Damaged","damage_taken":7,"max_hp_gain":0,"max_hp_loss":0,"event_name":"Wheel of Change","floor":10,"gold_loss":0},{"damage_healed":0,"gold_gain":0,"player_choice":"Fought Bandits","damage_taken":0,"max_hp_gain":0,"max_hp_loss":0,"event_name":"Masked Bandits","floor":24,"gold_loss":0},{"damage_healed":0,"gold_gain":100,"player_choice":"Pray","damage_taken":0,"max_hp_gain":0,"max_hp_loss":0,"event_name":"Golden Shrine","floor":36,"gold_loss":0}],"is_beta":false,"boss_relics":[{"not_picked":["Runic Dome","Black Star"],"picked":"Busted Crown"},{"not_picked":["Pandora\u0027s Box","Velvet Choker"],"picked":"Fusion Hammer"}],"items_purged_floors":[21,38],"is_endless":false,"potions_floor_spawned":[4,11,12,13,14,16,18,19,20,22,23,24,27,29,30,31,33,35,37,39],"killed_by":"Nemesis","ascension_level":8}}