{"host":"52lujqhsyicpcskq","time":1612530897,"event":{"mods":["BaseMod","Colored Map","Minty Spire (QoL Compilation)","Permanent Neow","StSLib","SuperFastMode","everything is the same but u backflip on backflip"],"gold_per_floor":[109,129,129,146,163,192,192,208,208,242,242,254,106,106,106,179,179,189,189,41,55,55,55],"floor_reached":22,"language":"KOR","playtime":966,"items_purged":[],"score":323,"play_id":"77ae6311-85f4-47ac-8274-9037c2e11595","local_time":"20210205221457","is_ascension_mode":true,"campfire_choices":[{"data":"Neutralize","floor":7,"key":"SMITH"},{"floor":11,"key":"REST"},{"data":"Endless Agony","floor":15,"key":"SMITH"}],"circlet_count":0,"master_deck":["AscendersBane","Strike_G","Strike_G","Strike_G","Strike_G","Strike_G","Defend_G","Defend_G","Defend_G","Defend_G","Defend_G","Survivor","Neutralize+1","Die Die Die","PiercingWail","Endless Agony+1","Choke","Backstab","PiercingWail","Dagger Throw","Dodge and Roll","PiercingWail","Neutralize","Burst","Die Die Die","Poisoned Stab+1"],"relics":["Ring of the Snake","Regal Pillow","Dead Branch","Singing Bowl","TwistedFunnel","SacredBark","PreservedInsect"],"acts_visited":["Exordium","TheCity"],"potions_floor_usage":[5,10,16],"damage_taken":[{"damage":0,"enemies":"Small Slimes","floor":1,"turns":2},{"damage":1,"enemies":"Jaw Worm","floor":2,"turns":4},{"damage":0,"enemies":"Cultist","floor":4,"turns":4},{"damage":0,"enemies":"Red Slaver","floor":5,"turns":4},{"damage":20,"enemies":"3 Sentries","floor":6,"turns":7},{"damage":0,"enemies":"Exordium Wildlife","floor":8,"turns":2},{"damage":5,"enemies":"Lagavulin","floor":10,"turns":4},{"damage":0,"enemies":"2 Fungi Beasts","floor":12,"turns":2},{"damage":25,"enemies":"Slime Boss","floor":16,"turns":10},{"damage":26,"enemies":"Shell Parasite","floor":18,"turns":10},{"damage":8,"enemies":"2 Thieves","floor":21,"turns":3},{"damage":21,"enemies":"Centurion and Healer","floor":22,"turns":5}],"seed_played":"6921186302867338552","potions_obtained":[{"floor":2,"key":"BlessingOfTheForge"},{"floor":5,"key":"DistilledChaos"},{"floor":10,"key":"Swift Potion"},{"floor":16,"key":"EssenceOfSteel"},{"floor":21,"key":"BlessingOfTheForge"}],"is_trial":false,"path_per_floor":["M","M","?","M","M","E","R","M","T","E","R","M","$","?","R","B",null,"M","?","$","M","M"],"character_chosen":"THE_SILENT","items_purchased":["TwistedFunnel","PreservedInsect"],"campfire_rested":1,"item_purchase_floors":[13,20],"current_hp_per_floor":[63,62,62,62,62,42,42,42,42,37,70,70,70,70,70,45,64,40,40,40,32,11,11],"gold":55,"neow_bonus":"ONE_RANDOM_RARE_CARD","is_daily":false,"chose_seed":false,"campfire_upgraded":2,"win_rate":0.0,"timestamp":1612530897,"path_taken":["M","M","?","M","M","E","R","M","T","E","R","M","$","?","R","BOSS","M","?","$","M","?"],"items_purchased_type":["Relic","Relic"],"build_version":"2020-12-22","purchased_purges":0,"victory":false,"max_hp_per_floor":[70,70,70,70,70,70,70,70,70,70,70,70,70,70,70,70,70,72,72,72,72,72,72],"card_choices":[{"not_picked":["Quick Slash","Prepared"],"picked":"PiercingWail","floor":1},{"not_picked":["Cloak And Dagger","Reflex"],"picked":"Endless Agony","floor":2},{"not_picked":["Distraction","Dagger Throw"],"picked":"Choke","floor":4},{"not_picked":["Quick Slash","Well Laid Plans"],"picked":"Backstab","floor":5},{"not_picked":["Prepared","Slice"],"picked":"PiercingWail","floor":6},{"not_picked":["Underhanded Strike","Eviscerate"],"picked":"Dagger Throw","floor":8},{"not_picked":["Accuracy","Prepared"],"picked":"Dodge and Roll","floor":10},{"not_picked":["Eviscerate","Catalyst"],"picked":"PiercingWail","floor":12},{"not_picked":["Glass Knife","Grand Finale"],"picked":"Burst","floor":16},{"not_picked":["Flechettes","Dagger Throw+1","Flying Knee"],"picked":"Singing Bowl","floor":18},{"not_picked":["Deflect","Blade Dance"],"picked":"Poisoned Stab+1","floor":21}],"player_experience":757789,"relics_obtained":[{"floor":6,"key":"Regal Pillow"},{"floor":9,"key":"Dead Branch"},{"floor":10,"key":"Singing Bowl"}],"event_choices":[{"damage_healed":0,"gold_gain":0,"player_choice":"Ignored","damage_taken":0,"max_hp_gain":0,"max_hp_loss":0,"event_name":"Liars Game","floor":3,"gold_loss":0},{"damage_healed":0,"gold_gain":0,"player_choice":"1 cards matched","damage_taken":0,"max_hp_gain":0,"max_hp_loss":0,"event_name":"Match and Keep!","floor":14,"gold_loss":0,"cards_obtained":["Neutralize"]},{"damage_healed":0,"gold_gain":0,"player_choice":"Copied","damage_taken":0,"max_hp_gain":0,"max_hp_loss":0,"event_name":"Duplicator","floor":19,"gold_loss":0,"cards_obtained":["Die Die Die"]}],"is_beta":false,"boss_relics":[{"not_picked":["Fusion Hammer","Velvet Choker"],"picked":"SacredBark"}],"items_purged_floors":[],"is_endless":false,"potions_floor_spawned":[2,5,10,16,21],"killed_by":"Centurion and Healer","ascension_level":13}}