{"host":"ELF","time":1612508246,"event":{"mods":["BaseMod","Bestiary","Minty Spire (QoL Compilation)","Relic Stats","Slay the Relics Exporter"],"gold_per_floor":[110,110,84,9,109,144,161,195,266,276,276,303,303,323,323,397,397,412,412,428,353,81,106,120,120,147,147,14,14,48,62,62,136,136,148,148,164,180,180,180,180,180],"floor_reached":41,"language":"ENG","playtime":1669,"items_purged":["Strike_B","Strike_B"],"score":944,"play_id":"9ff25cd4-eb94-4833-b32f-85c84e2b30c2","local_time":"20210205005726","is_ascension_mode":true,"campfire_choices":[{"floor":11.0,"key":"REST"},{"data":"Hologram","floor":13.0,"key":"SMITH"},{"floor":15.0,"key":"REST"},{"floor":25,"key":"REST"},{"floor":27,"key":"REST"},{"floor":29,"key":"RECALL"},{"floor":32,"key":"REST"},{"floor":40,"key":"REST"}],"circlet_count":0,"master_deck":["AscendersBane","Defend_B","Zap","Dualcast","Gash+1","Beam Cell+1","Gash","Gash","Hologram+1","Steam","Steam","Reboot","Go for the Eyes","Apotheosis","Coolheaded","Redo+1","Coolheaded","Auto Shields","Creative AI","Force Field+1","Hologram+1","Core Surge+1","Rebound","Coolheaded"],"relics":["Cracked Core","NeowsBlessing","Anchor","White Beast Statue","Mercury Hourglass","Strawberry","Fusion Hammer","Enchiridion","Nunchaku","Smiling Mask","Whetstone","Astrolabe"],"acts_visited":["Exordium","TheCity","TheBeyond"],"potions_floor_usage":[23,30,33,35,35,35,38,41],"damage_taken":[{"damage":0.0,"enemies":"Jaw Worm","floor":1.0,"turns":1.0},{"damage":0.0,"enemies":"Gremlin Nob","floor":6.0,"turns":1.0},{"damage":0.0,"enemies":"2 Louse","floor":7.0,"turns":1.0},{"damage":55.0,"enemies":"3 Sentries","floor":8.0,"turns":9.0},{"damage":0.0,"enemies":"Small Slimes","floor":10.0,"turns":3.0},{"damage":21.0,"enemies":"Lagavulin","floor":12.0,"turns":6.0},{"damage":0.0,"enemies":"Exordium Thugs","floor":14.0,"turns":3.0},{"damage":29.0,"enemies":"The Guardian","floor":16.0,"turns":11.0},{"damage":3.0,"enemies":"2 Thieves","floor":18.0,"turns":3.0},{"damage":8.0,"enemies":"Shell Parasite","floor":20.0,"turns":4.0},{"damage":4,"enemies":"Book of Stabbing","floor":23,"turns":4},{"damage":32,"enemies":"Chosen and Byrds","floor":24,"turns":7},{"damage":43,"enemies":"Gremlin Leader","floor":30,"turns":5},{"damage":0,"enemies":"Centurion and Healer","floor":31,"turns":5},{"damage":15,"enemies":"Champ","floor":33,"turns":12},{"damage":27,"enemies":"3 Darklings","floor":35,"turns":4},{"damage":14,"enemies":"Orb Walker","floor":37,"turns":3},{"damage":23,"enemies":"Maw","floor":38,"turns":8},{"damage":31,"enemies":"Reptomancer","floor":41,"turns":2}],"seed_played":"1639163466701900385","potions_obtained":[{"floor":6.0,"key":"FearPotion"},{"floor":8.0,"key":"BlessingOfTheForge"},{"floor":10.0,"key":"DuplicationPotion"},{"floor":12.0,"key":"SpeedPotion"},{"floor":14.0,"key":"Weak Potion"},{"floor":16.0,"key":"Regen Potion"},{"floor":20.0,"key":"Ancient Potion"},{"floor":23,"key":"BlessingOfTheForge"},{"floor":24,"key":"Block Potion"},{"floor":30,"key":"Dexterity Potion"},{"floor":33,"key":"EntropicBrew"},{"floor":35,"key":"DuplicationPotion"},{"floor":37,"key":"LiquidMemories"},{"floor":38,"key":"Swift Potion"}],"is_trial":false,"path_per_floor":["M","?","$","?","?","E","M","E","T","M","R","E","R","M","R","B",null,"M","?","M","?","$","E","M","R","T","R","$","R","E","M","R","B",null,"M","?","M","M","?","R","E"],"character_chosen":"DEFECT","items_purchased":["Beam Cell","Apotheosis","Static Discharge"],"campfire_rested":6,"item_purchase_floors":[3,22,28],"current_hp_per_floor":[64,69,69,69,69,69,69,14,14,14,36,22,22,22,46,17,67,64,43,35,35,35,36,4,28,28,52,52,52,9,9,33,18,67,40,40,26,3,3,27,0,0],"gold":180,"neow_bonus":"THREE_ENEMY_KILL","is_daily":false,"chose_seed":false,"campfire_upgraded":1,"win_rate":0.0,"timestamp":1612508246,"path_taken":["M","?","$","?","?","E","M","E","T","M","R","E","R","M","R","BOSS","M","?","M","?","$","E","M","R","T","R","?","R","E","M","R","BOSS","M","?","M","M","?","R","E"],"items_purchased_type":["Card","Card","Card"],"build_version":"2020-12-18","purchased_purges":2,"victory":false,"max_hp_per_floor":[71,76,76,76,76,76,76,76,76,76,76,83,83,83,83,83,83,83,83,83,83,83,83,83,83,83,83,83,83,83,83,83,83,83,83,83,83,83,83,83,83,83],"relic_stats":{"Nunchaku":[9],"counters":[19,92],"Astrolabe":["Force Field","Hologram","Core Surge"],"Whetstone":["Gash","Beam Cell"],"Smiling Mask":50,"obtain_stats":[{"Anchor":6,"Nunchaku":23,"NeowsBlessing":0,"Strawberry":12,"Astrolabe":34,"Enchiridion":19,"Fusion Hammer":17,"Whetstone":30,"Cracked Core":0,"Smiling Mask":26,"White Beast Statue":8,"Mercury Hourglass":9},{"Anchor":2,"Nunchaku":11,"NeowsBlessing":0,"Strawberry":6,"Astrolabe":15,"Enchiridion":9,"Fusion Hammer":8,"Whetstone":13,"Cracked Core":0,"Smiling Mask":12,"White Beast Statue":4,"Mercury Hourglass":4},{"Anchor":2,"Nunchaku":46,"NeowsBlessing":0,"Strawberry":21,"Astrolabe":75,"Enchiridion":38,"Fusion Hammer":35,"Whetstone":58,"Cracked Core":0,"Smiling Mask":53,"White Beast Statue":12,"Mercury Hourglass":12}],"Mercury Hourglass":[278]},"card_choices":[{"not_picked":["Turbo","Coolheaded"],"picked":"Gash","floor":1.0},{"not_picked":["Glacier","Undo"],"picked":"Gash","floor":6.0},{"not_picked":["Cold Snap","Barrage"],"picked":"Gash","floor":7.0},{"not_picked":["Consume","Amplify"],"picked":"Hologram","floor":8.0},{"not_picked":["Cold Snap","Hologram"],"picked":"Steam","floor":10.0},{"not_picked":["Barrage","Conserve Battery"],"picked":"Steam","floor":12.0},{"not_picked":["Conserve Battery","Cold Snap","Capacitor"],"picked":"SKIP","floor":14.0},{"not_picked":["Thunder Strike","Amplify"],"picked":"Reboot","floor":16.0},{"not_picked":["Fusion","Hologram"],"picked":"Go for the Eyes","floor":18.0},{"not_picked":["Fusion","Compile Driver","Conserve Battery"],"picked":"SKIP","floor":20.0},{"not_picked":["Tempest","Storm"],"picked":"Coolheaded","floor":23},{"not_picked":["Turbo","Hello World+1"],"picked":"Redo+1","floor":24},{"not_picked":["Redo","Chaos"],"picked":"Coolheaded","floor":30},{"not_picked":["Heatsinks","Beam Cell"],"picked":"Auto Shields","floor":31},{"not_picked":["Meteor Strike","Seek"],"picked":"Creative AI","floor":33},{"not_picked":["Redo","Turbo"],"picked":"Rebound","floor":35},{"not_picked":["Turbo","Lockon"],"picked":"Coolheaded","floor":37},{"not_picked":["Ball Lightning","Compile Driver","Conserve Battery"],"picked":"SKIP","floor":38}],"player_experience":3399281,"relics_obtained":[{"floor":6.0,"key":"Anchor"},{"floor":8.0,"key":"White Beast Statue"},{"floor":9.0,"key":"Mercury Hourglass"},{"floor":12.0,"key":"Strawberry"},{"floor":19.0,"key":"Enchiridion"},{"floor":23,"key":"Nunchaku"},{"floor":26,"key":"Smiling Mask"},{"floor":30,"key":"Whetstone"}],"event_choices":[{"damage_healed":0.0,"max_hp_gain":5.0,"max_hp_loss":0.0,"gold_gain":0.0,"event_name":"Big Fish","player_choice":"Donut","floor":2.0,"gold_loss":0.0,"damage_taken":0.0},{"cards_removed":["Strike_B"],"damage_healed":0.0,"max_hp_gain":0.0,"max_hp_loss":0.0,"gold_gain":0.0,"event_name":"The Cleric","player_choice":"Card Removal","floor":4.0,"gold_loss":75.0,"damage_taken":0.0},{"damage_healed":0.0,"max_hp_gain":0.0,"max_hp_loss":0.0,"gold_gain":100.0,"event_name":"Wheel of Change","player_choice":"Gold","floor":5.0,"gold_loss":0.0,"damage_taken":0.0},{"damage_healed":0.0,"max_hp_gain":0.0,"max_hp_loss":0.0,"gold_gain":0.0,"event_name":"Cursed Tome","player_choice":"Obtained Book","floor":19.0,"gold_loss":0.0,"damage_taken":21.0},{"cards_removed":["Strike_B"],"damage_healed":0.0,"max_hp_gain":0.0,"max_hp_loss":0.0,"gold_gain":0.0,"event_name":"Beggar","player_choice":"Gave Gold","floor":21.0,"gold_loss":75.0,"damage_taken":0.0},{"damage_healed":0,"gold_gain":0,"player_choice":"Ignored","damage_taken":0,"max_hp_gain":0,"max_hp_loss":0,"event_name":"Mysterious Sphere","floor":36,"gold_loss":0},{"cards_removed":["Static Discharge"],"damage_healed":0,"gold_gain":0,"player_choice":"Removed Power","damage_taken":0,"max_hp_gain":0,"max_hp_loss":0,"event_name":"Falling","floor":39,"gold_loss":0}],"is_beta":true,"boss_relics":[{"not_picked":["Tiny House","Sozu"],"picked":"Fusion Hammer"},{"not_picked":["Busted Crown","Nuclear Battery"],"picked":"Astrolabe"}],"items_purged_floors":[22,28],"is_endless":false,"potions_floor_spawned":[6,8,10,12,14,16,18,20,23,24,30,31,33,35,37,38],"killed_by":"Reptomancer","ascension_level":20}}