{"host":"7wi4qgm5yw4j7oz0","time":1612551621,"event":{"mods":["AchievementEnabler","BaseMod","Block Reminder","Colored Map","Colored Powertips","Highlight Path","Minty Spire (QoL Compilation)","Permanent Neow","Quick Restart","Random Character Button","Rare Cards Sparkle","StSLib","everything is the same but u backflip on backflip"],"gold_per_floor":[112,112,124,74,84,109,109,123,149,168,168,49,64,83,83,182,182,209,109,125,150,150,150],"floor_reached":22,"language":"KOR","playtime":1411,"items_purged":["Strike_R","Strike_R"],"score":235,"play_id":"b8071583-3508-4234-b9c8-92a0edd408e7","local_time":"20210206040021","is_ascension_mode":true,"campfire_choices":[{"data":"Body Slam","floor":7.0,"key":"SMITH"},{"floor":11.0,"key":"REST"},{"data":"Rampage","floor":15.0,"key":"SMITH"}],"circlet_count":0,"master_deck":["Strike_R","Strike_R","Defend_R","Defend_R","Defend_R","Defend_R","Bash","Double Tap+1","Battle Trance","Spot Weakness","Body Slam+1","Rampage+1","Headbutt","Warcry+1"],"relics":["Burning Blood","Anchor","CeramicFish","Red Mask"],"acts_visited":["Exordium","TheCity"],"potions_floor_usage":[21,21],"damage_taken":[{"damage":4.0,"enemies":"Small Slimes","floor":1.0,"turns":4.0},{"damage":1.0,"enemies":"Cultist","floor":3.0,"turns":4.0},{"damage":6.0,"enemies":"2 Louse","floor":5.0,"turns":2.0},{"damage":50.0,"enemies":"Gremlin Nob","floor":6.0,"turns":5.0},{"damage":20.0,"enemies":"Large Slime","floor":8.0,"turns":6.0},{"damage":0.0,"enemies":"3 Louse","floor":10.0,"turns":3.0},{"damage":10.0,"enemies":"2 Fungi Beasts","floor":13.0,"turns":3.0},{"damage":6.0,"enemies":"Exordium Wildlife","floor":14.0,"turns":4.0},{"damage":30.0,"enemies":"The Guardian","floor":16.0,"turns":9.0},{"damage":20.0,"enemies":"Shell Parasite","floor":18.0,"turns":6.0},{"damage":8.0,"enemies":"3 Byrds","floor":20.0,"turns":4.0},{"damage":16,"enemies":"Masked Bandits","floor":21,"turns":4},{"damage":44,"enemies":"Centurion and Healer","floor":22,"turns":6}],"seed_played":"-9133899164935976802","potions_obtained":[{"floor":8.0,"key":"Strength Potion"},{"floor":10.0,"key":"Weak Potion"},{"floor":13.0,"key":"ElixirPotion"},{"floor":14.0,"key":"EssenceOfSteel"},{"floor":16.0,"key":"SpeedPotion"},{"floor":18.0,"key":"Fire Potion"},{"floor":20.0,"key":"Strength Potion"}],"is_trial":false,"path_per_floor":["M","?","M","?","M","E","R","M","T","M","R","$","M","M","R","B",null,"M","$","M","?","M"],"character_chosen":"IRONCLAD","items_purchased":["Headbutt"],"campfire_rested":1,"item_purchase_floors":[12],"current_hp_per_floor":[80,80,80,80,80,36,36,22,22,28,52,52,48,48,48,24,66,52,52,50,40,0,0],"gold":150,"neow_bonus":"ONE_RANDOM_RARE_CARD","is_daily":false,"chose_seed":false,"campfire_upgraded":2,"win_rate":0.0,"timestamp":1612551621,"path_taken":["M","?","?","?","M","E","R","M","T","M","R","$","M","M","R","BOSS","M","$","M","?","M"],"items_purchased_type":["Card"],"build_version":"2020-12-22","purchased_purges":2,"victory":false,"max_hp_per_floor":[80,80,80,80,80,80,80,80,80,80,80,80,80,80,80,80,80,80,80,80,80,80,80],"card_choices":[{"not_picked":["Wild Strike","Warcry","Seeing Red"],"picked":"SKIP","floor":1.0},{"not_picked":["Sword Boomerang","Headbutt"],"picked":"Battle Trance","floor":3.0},{"not_picked":["True Grit","Seeing Red"],"picked":"Spot Weakness","floor":5.0},{"not_picked":["Dark Embrace","Warcry"],"picked":"Body Slam","floor":6.0},{"not_picked":["Combust","Fiend Fire"],"picked":"Rampage","floor":8.0},{"not_picked":["Anger","Shockwave","Cleave"],"picked":"SKIP","floor":10.0},{"not_picked":["Wild Strike","Body Slam","Pummel"],"picked":"SKIP","floor":13.0},{"not_picked":["Sword Boomerang","Armaments","Rage"],"picked":"SKIP","floor":14.0},{"not_picked":["Flex","Heavy Blade"],"picked":"Warcry+1","floor":18.0},{"not_picked":["True Grit","Body Slam","Anger"],"picked":"SKIP","floor":20.0}],"player_experience":239159,"relics_obtained":[{"floor":6.0,"key":"Anchor"},{"floor":9.0,"key":"CeramicFish"},{"floor":21,"key":"Red Mask"}],"event_choices":[{"damage_healed":0.0,"max_hp_gain":0.0,"max_hp_loss":0.0,"gold_gain":0.0,"event_name":"Accursed Blacksmith","player_choice":"Forge","floor":2.0,"gold_loss":0.0,"damage_taken":0.0,"cards_upgraded":["Double Tap"]},{"cards_removed":["Strike_R"],"damage_healed":0.0,"max_hp_gain":0.0,"max_hp_loss":0.0,"gold_gain":0.0,"event_name":"The Cleric","player_choice":"Card Removal","floor":4.0,"gold_loss":50.0,"damage_taken":0.0},{"damage_healed":0,"gold_gain":0,"player_choice":"Fought Bandits","damage_taken":0,"max_hp_gain":0,"max_hp_loss":0,"event_name":"Masked Bandits","floor":21,"gold_loss":0}],"is_beta":false,"boss_relics":[{"not_picked":["Pandora\u0027s Box","Cursed Key","Mark of Pain"]}],"items_purged_floors":[12,19],"is_endless":false,"potions_floor_spawned":[8,10,13,14,16,18,20],"killed_by":"Centurion and Healer","ascension_level":5}}