{"host":"1ooxfz79hmpvpehx","time":1612546282,"event":{"mods":["BaseMod","Minty Spire (QoL Compilation)","Quick Restart","Replay The Spire","StSLib","SuperFastMode"],"gold_per_floor":[111,111,41,57,67,101,101,134,158,158,34,34,34],"floor_reached":12,"language":"ENG","playtime":203,"items_purged":["Defend_B"],"score":90,"play_id":"74c55fbe-61fd-4719-a068-9c898d0ae700","local_time":"20210205143122","is_ascension_mode":true,"campfire_choices":[{"data":"Gash","floor":7,"key":"SMITH"}],"circlet_count":0,"master_deck":["Strike_B","Strike_B","Strike_B","Strike_B","Defend_B","Defend_B","Defend_B","Zap","Dualcast","Loop","Gash+1"],"relics":["Cracked Core","NeowsBlessing","Replay:Rubber Ducky","Orichalcum","Replay:Antivirus Software"],"acts_visited":["Exordium"],"potions_floor_usage":[6,12],"damage_taken":[{"damage":0,"enemies":"Cultist","floor":1,"turns":1},{"damage":0,"enemies":"Jaw Worm","floor":4,"turns":1},{"damage":0,"enemies":"2 Louse","floor":5,"turns":1},{"damage":26,"enemies":"3 Sentries","floor":6,"turns":5},{"damage":31,"enemies":"Gremlin Nob","floor":8,"turns":5},{"damage":20,"enemies":"3 Sentries","floor":12,"turns":3}],"seed_played":"8327418773644441713","potions_obtained":[{"floor":4,"key":"Explosive Potion"}],"is_trial":false,"path_per_floor":["M","?","$","M","M","E","R","E","T","T","$","E"],"character_chosen":"DEFECT","items_purchased":["Loop","AttackPotion"],"campfire_rested":0,"item_purchase_floors":[3,11],"current_hp_per_floor":[75,75,75,75,75,49,49,18,18,18,18,0,0],"gold":34,"neow_bonus":"THREE_ENEMY_KILL","is_daily":false,"chose_seed":false,"campfire_upgraded":1,"win_rate":0.0,"timestamp":1612546282,"path_taken":["M","?","?","?","?","E","R","E","T","?","$","E"],"items_purchased_type":["Card","Potion"],"build_version":"2020-12-22","purchased_purges":1,"victory":false,"max_hp_per_floor":[75,75,75,75,75,75,75,75,75,75,75,75,75],"card_choices":[{"not_picked":["Compile Driver","Leap","Barrage"],"picked":"SKIP","floor":1},{"not_picked":["Redo","Lockon"],"picked":"Gash","floor":4},{"not_picked":["Turbo","ReplayTheSpireMod:Reroute Power","Rebound"],"picked":"SKIP","floor":5},{"not_picked":["ReplayTheSpireMod:Calculation Training","Blizzard","Hello World"],"picked":"SKIP","floor":6},{"not_picked":["Auto Shields","ReplayRNGCard","Compile Driver"],"picked":"SKIP","floor":8}],"player_experience":18735,"relics_obtained":[{"floor":6,"key":"Replay:Rubber Ducky"},{"floor":8,"key":"Orichalcum"},{"floor":9,"key":"Replay:Antivirus Software"}],"event_choices":[{"damage_healed":0,"gold_gain":0,"player_choice":"0 cards matched","damage_taken":0,"max_hp_gain":0,"max_hp_loss":0,"event_name":"Match and Keep!","floor":2,"gold_loss":0,"cards_obtained":[]}],"is_beta":false,"boss_relics":[],"items_purged_floors":[11],"is_endless":false,"potions_floor_spawned":[4],"killed_by":"3 Sentries","ascension_level":1}}