{"host":"ac6e1xz8pi3qqstb","time":1612515545,"event":{"mods":["BaseMod","Minty Spire (QoL Compilation)","MostiFishMod","Relic Stats","Replay The Spire","StSLib","[IsaacMod]ÒÔÈö¼âËþ"],"gold_per_floor":[111,27,102,118,132,132,144,144,192,266,295,295,24,324,324,422,422,439,257,267,277,277,277,296,296,350,449,389,415,50,65,65,165,165,180,56,67,82,82,82,97,97,97,110,110,110,160,190,190,190],"floor_reached":51,"language":"ZHS","playtime":1526,"items_purged":["Regret"],"score":818,"play_id":"bd5befba-2911-4f20-a366-f947ac50eedd","local_time":"20210205165905","is_ascension_mode":false,"campfire_choices":[{"data":"Armaments","floor":6.0,"key":"SMITH"},{"data":"Feed","floor":8.0,"key":"SMITH"},{"data":"ReplayTheSpireMod:Limb From Limb","floor":12.0,"key":"SMITH"},{"data":"BloodyBrimstone","floor":15.0,"key":"SMITH"},{"data":"Limit Break","floor":23.0,"key":"SMITH"},{"data":"Flex","floor":25.0,"key":"SMITH"},{"data":"Apotheosis","floor":32,"key":"SMITH"},{"data":"MostiFishMod:ChineseTea","floor":40,"key":"SMITH"},{"data":"Shrug It Off","floor":45,"key":"SMITH"},{"data":"Massacre","floor":49,"key":"SMITH"}],"circlet_count":0,"master_deck":["Strike_R","Strike_R+1","Strike_R+1","Strike_R","Defend_R","Defend_R","Defend_R","Defend_R","Bash","BloodyBrimstone+1","Armaments+1","ReplayTheSpireMod:Limb From Limb+1","Flex+1","Shrug It Off+1","Inflame","Feed+1","Limit Break+1","Spot Weakness","Heavy Blade","Flex","Inflame","Heavy Blade","Apotheosis+1","MostiFishMod:KnuckleDown","Anger+1","MostiFishMod:ChineseTea+1","Heavy Blade+1","Dramatic Entrance","Massacre+1"],"relics":["Burning Blood","DaveBox","HushsDoor","SteamSale","Brimstone","ReplayFunnel","SynthV:TestCard","Simple Rune","DoctorsRemote","Ice Cream","Gremlin Horn","MoneyPower","Dream Catcher","TheBean","Lee\u0027s Waffle","Paper Frog","RhineSuit","Mercury Hourglass","CaptainsWheel","Replay:Accelerometer","Orichalcum","DianDianMeat"],"acts_visited":["Exordium","TheCity","TheBeyond"],"potions_floor_usage":[41],"damage_taken":[{"damage":6.0,"enemies":"Small Slimes","floor":1.0,"turns":3.0},{"damage":3.0,"enemies":"Cultist","floor":4.0,"turns":4.0},{"damage":4.0,"enemies":"Jaw Worm","floor":5.0,"turns":2.0},{"damage":11.0,"enemies":"Exordium Wildlife","floor":7.0,"turns":6.0},{"damage":2.0,"enemies":"3 Sentries","floor":11.0,"turns":2.0},{"damage":8.0,"enemies":"Slime Boss","floor":16.0,"turns":7.0},{"damage":10.0,"enemies":"3 Byrds","floor":18.0,"turns":2.0},{"damage":0.0,"enemies":"Spheric Guardian","floor":20.0,"turns":2.0},{"damage":8.0,"enemies":"Snecko","floor":21.0,"turns":3.0},{"damage":22.0,"enemies":"Chosen and Byrds","floor":24.0,"turns":3.0},{"damage":5.0,"enemies":"Gremlin Leader","floor":29.0,"turns":4.0},{"damage":23,"enemies":"3 Cultists","floor":31,"turns":4},{"damage":47,"enemies":"Automaton","floor":33,"turns":6},{"damage":2,"enemies":"3 Shapes","floor":35,"turns":4},{"damage":3,"enemies":"Orb Walker","floor":37,"turns":4},{"damage":0,"enemies":"Jaw Worm Horde","floor":38,"turns":2},{"damage":28,"enemies":"Writhing Mass","floor":41,"turns":3},{"damage":0,"enemies":"3 Darklings","floor":44,"turns":1},{"damage":0,"enemies":"Hiden Room Battle","floor":47,"turns":2},{"damage":0,"enemies":"Reptomancer","floor":48,"turns":1},{"damage":28,"enemies":"Awakened One","floor":50,"turns":4}],"seed_played":"8784906979201095371","potions_obtained":[{"floor":5.0,"key":"LiquidMemories"},{"floor":18.0,"key":"Strength Potion"},{"floor":20.0,"key":"Fruit Juice"},{"floor":24.0,"key":"Swift Potion"},{"floor":29.0,"key":"Swift Potion"},{"floor":38,"key":"AttackPotion"},{"floor":41,"key":"Elixir"}],"is_trial":false,"path_per_floor":["M","$","?","M","M","R","M","R","T","?","E","R","$","?","R","B",null,"M","$","M","M","?","R","M","R","T","?","?","E","$","M","R","B",null,"M","$","M","M","?","R","M","?","T","M","R","$","?","E","R","B",null],"character_chosen":"IRONCLAD","items_purchased":["ReplayTheSpireMod:Limb From Limb","Flex","Shrug It Off","Ice Cream","Gremlin Horn","MoneyPower","Lee\u0027s Waffle","Inflame","Heavy Blade","Apotheosis","Paper Frog","Mercury Hourglass"],"campfire_rested":0,"item_purchase_floors":[2,2,2,13,13,19,30,30,30,30,30,36],"current_hp_per_floor":[80,80,69,72,74,74,69,69,69,69,73,73,73,73,73,75,81,77,77,80,75,75,75,59,59,59,59,59,64,85,72,72,31,86,86,86,86,86,86,86,72,72,72,78,78,78,87,84,84,62],"gold":190,"neow_bonus":"RANDOM_EVENT","is_daily":false,"chose_seed":false,"campfire_upgraded":10,"win_rate":0.0,"timestamp":1612515545,"path_taken":["M","$","?","M","M","R","?","R","T","?","E","R","$","?","R","BOSS","M","$","M","M","?","R","M","R","T","?","?","E","$","M","R","BOSS","M","$","M","M","?","R","M","?","T","M","R","$","?","E","R","BOSS"],"items_purchased_type":["Card","Card","Card","Relic","Relic","Relic","Relic","Card","Card","Card","Relic","Relic"],"build_version":"2020-12-22","purchased_purges":1,"victory":true,"max_hp_per_floor":[80,80,80,80,80,80,80,80,80,80,77,77,77,77,77,81,81,78,78,80,77,77,77,74,74,74,74,74,78,85,89,89,86,86,86,86,86,86,86,86,86,86,86,83,83,83,87,84,84,81],"relic_stats":{"Dream Catcher":0,"Lee\u0027s Waffle":21,"Gremlin Horn":[21,21],"counters":[21,69],"Orichalcum":[6],"obtain_stats":[{"KeepersGift":0,"ReplayFunnel":0,"Ice Cream":13,"DianDianMeat":48,"DoctorsRemote":11,"Replay:Accelerometer":47,"Lee\u0027s Waffle":30,"DaveBox":0,"Gremlin Horn":13,"RhineSuit":34,"MoneyPower":19,"Orichalcum":47,"SteamSale":0,"Burning Blood":0,"Mercury Hourglass":36,"Dream Catcher":26,"CaptainsWheel":43,"SynthV:TestCard":1,"TheBean":29,"Brimstone":0,"Simple Rune":9,"HushsDoor":0,"Paper Frog":30},{"KeepersGift":0,"ReplayFunnel":0,"Ice Cream":5,"DianDianMeat":20,"DoctorsRemote":5,"Replay:Accelerometer":19,"Lee\u0027s Waffle":11,"DaveBox":0,"Gremlin Horn":5,"RhineSuit":13,"MoneyPower":7,"Orichalcum":19,"SteamSale":0,"Burning Blood":0,"Mercury Hourglass":14,"Dream Catcher":10,"CaptainsWheel":17,"SynthV:TestCard":1,"TheBean":11,"Brimstone":0,"Simple Rune":4,"HushsDoor":0,"Paper Frog":11},{"KeepersGift":0,"ReplayFunnel":0,"Ice Cream":17,"DianDianMeat":65,"DoctorsRemote":17,"Replay:Accelerometer":64,"Lee\u0027s Waffle":38,"DaveBox":0,"Gremlin Horn":17,"RhineSuit":48,"MoneyPower":26,"Orichalcum":64,"SteamSale":0,"Burning Blood":0,"Mercury Hourglass":52,"Dream Catcher":34,"CaptainsWheel":61,"SynthV:TestCard":3,"TheBean":38,"Brimstone":0,"Simple Rune":15,"HushsDoor":0,"Paper Frog":38}],"Burning Blood":100,"Mercury Hourglass":[79]},"card_choices":[{"not_picked":[],"picked":"BloodyBrimstone","floor":0.0},{"not_picked":["Anger","Headbutt"],"picked":"Armaments","floor":1.0},{"not_picked":["True Grit","Thunderclap","Dark Embrace","Bomb"],"picked":"Inflame","floor":4.0},{"not_picked":["Clash","Shockwave","Combust","Body Slam","ReplayTheSpireMod:Limb From Limb"],"picked":"SKIP","floor":5.0},{"not_picked":["Perfected Strike","Whirlwind","Run Through","Dropkick"],"picked":"Feed","floor":7.0},{"not_picked":["Wild Strike","Shockwave","Headbutt","ReplayTheSpireMod:Strike From Hell","Replay:Undeath\u0027s Touch"],"picked":"SKIP","floor":11.0},{"not_picked":["MostiFishMod:DoubleSword","Brutality","Juggernaut","MostiFishMod:FireWorks"],"picked":"Limit Break","floor":16.0},{"not_picked":["True Grit","Armaments","Shrug It Off","Body Slam","Headbutt"],"picked":"SKIP","floor":18.0},{"not_picked":["Perfected Strike","Armaments","Twin Strike","Replay:Undeath\u0027s Touch"],"picked":"Spot Weakness","floor":20.0},{"not_picked":["Flame Barrier","Hemogenesis","ReplayTheSpireMod:Limb From Limb","Havoc"],"picked":"Heavy Blade","floor":21.0},{"not_picked":["Havoc","Disarm","Twin Strike","Warcry"],"picked":"Flex","floor":24.0},{"not_picked":["MostiFishMod:#F4004","Twin Strike","Searing Blow","Second Wind","MostiFishMod:FireWorks"],"picked":"SKIP","floor":29.0},{"not_picked":["Flex","Pommel Strike","Havoc","Blood for Blood","Perfected Strike"],"picked":"SKIP","floor":31},{"not_picked":["MostiFishMod:UltimateDefense","MostiFishMod:ChineseTea","MostiFishMod:WingOfPhoenix","Demonic Infusion"],"picked":"MostiFishMod:KnuckleDown","floor":33},{"not_picked":["Sword Boomerang+1","True Grit","Burning Pact+1","Run Through+1"],"picked":"Anger+1","floor":35},{"not_picked":["Thunderclap","Havoc+1","Warcry","Feel No Pain","Rage+1"],"picked":"SKIP","floor":37},{"not_picked":["Flex","Hemokinesis+1","Uppercut+1","Shrug It Off+1"],"picked":"MostiFishMod:ChineseTea","floor":38},{"not_picked":["Clash+1","Thunderclap","Iron Wave","Burning Pact"],"picked":"Heavy Blade+1","floor":41},{"not_picked":["Crow Ritual","Apotheosis","HandOfGreed","Discovery"],"picked":"Dramatic Entrance","floor":42},{"not_picked":["Iron Wave","Reckless Charge+1","Dark Embrace+1","Thunderclap","Second Wind"],"picked":"SKIP","floor":44},{"not_picked":["Replay:Undeath\u0027s Touch+1","Twin Strike","Pommel Strike+1","Perfected Strike+1"],"picked":"Massacre","floor":47},{"not_picked":["Pommel Strike","MostiFishMod:PerfectStrikeMKII","Heavy Blade+1","Evolve","Searing Blow"],"picked":"SKIP","floor":48}],"player_experience":435487,"relics_obtained":[{"floor":1.0,"key":"SynthV:TestCard"},{"floor":9.0,"key":"Simple Rune"},{"floor":11.0,"key":"DoctorsRemote"},{"floor":26.0,"key":"Dream Catcher"},{"floor":29.0,"key":"TheBean"},{"floor":43,"key":"CaptainsWheel"},{"floor":47,"key":"Replay:Accelerometer"},{"floor":47,"key":"Orichalcum"},{"floor":48,"key":"DianDianMeat"}],"event_choices":[{"damage_healed":0.0,"max_hp_gain":0.0,"max_hp_loss":0.0,"gold_gain":0.0,"event_name":"Big Fish","player_choice":"Box","floor":0.0,"gold_loss":0.0,"damage_taken":0.0,"relics_obtained":["ReplayFunnel"],"cards_obtained":["Regret"]},{"damage_healed":0.0,"max_hp_gain":0.0,"max_hp_loss":0.0,"gold_gain":75.0,"event_name":"World of Goop","player_choice":"Gather Gold","floor":3.0,"gold_loss":0.0,"damage_taken":11.0},{"damage_healed":0.0,"max_hp_gain":0.0,"max_hp_loss":0.0,"gold_gain":74.0,"event_name":"Golden Wing","player_choice":"Gained Gold","floor":10.0,"gold_loss":0.0,"damage_taken":0.0},{"damage_healed":0.0,"max_hp_gain":0.0,"max_hp_loss":0.0,"gold_gain":99.0,"event_name":"Nest","player_choice":"Stole From Cult","floor":27.0,"gold_loss":0.0,"damage_taken":0.0},{"cards_removed":["Strike_R"],"damage_healed":0,"gold_gain":0,"player_choice":"Removed Attack","damage_taken":0,"max_hp_gain":0,"max_hp_loss":0,"event_name":"Falling","floor":39,"gold_loss":0},{"damage_healed":0,"gold_gain":0,"player_choice":"Memory 1","damage_taken":0,"max_hp_gain":0,"max_hp_loss":0,"event_name":"SensoryStone","floor":42,"gold_loss":0},{"damage_healed":0,"gold_gain":0,"player_choice":"Fight","damage_taken":0,"max_hp_gain":0,"max_hp_loss":0,"event_name":"HidenRoomEvent","floor":47,"gold_loss":0}],"is_beta":false,"boss_relics":[{"not_picked":["Runic Pyramid","EE1DDrone","NightmareShop"]},{"not_picked":["HereWithMe","ExusiaiGun"],"picked":"RhineSuit"},{"not_picked":[]}],"items_purged_floors":[19],"is_endless":false,"potions_floor_spawned":[5,18,20,24,29,35,38,41],"ascension_level":0}}