{"host":"bpu2gs45py12xda8","time":1612534081,"event":{"mods":["BaseMod","Downfall","Minty Spire (QoL Compilation)","StSLib"],"gold_per_floor":[113,32,48,68,85,85,120,120,143,168,168,168,181,209,209,313,313,330,330,255,255,32,82,107,107,107,121,171,187,215,235,235,235,235],"floor_reached":33,"language":"ENG","playtime":3080,"items_purged":[],"score":328,"play_id":"9b1aee5e-cc81-471d-91c8-271f23fae7da","local_time":"20210205160801","is_ascension_mode":false,"campfire_choices":[{"data":"Tempest","floor":6,"key":"SMITH"},{"data":"Genetic Algorithm","floor":8,"key":"SMITH"},{"floor":12,"key":"REST"},{"data":"Reinforced Body","floor":15,"key":"SMITH"},{"floor":25,"key":"RECALL"},{"floor":32,"key":"REST"}],"circlet_count":0,"master_deck":["Strike_B+1","Strike_B","Strike_B+1","Defend_B","Defend_B","Defend_B","Defend_B","Zap","Dualcast","Redo","Tempest+1","Glacier","Static Discharge","Streamline","Genetic Algorithm+1","Reinforced Body+1","Thunder Strike","Rebound+1","Skim","White Noise","Steam Power","Seek","Stack+1","Redo+1"],"relics":["Cracked Core","Whetstone","Potion Belt","Anchor","Tiny Chest","Philosopher\u0027s Stone","Membership Card","Bronze Scales","Lantern","Boot","Incense Burner","Orichalcum"],"acts_visited":["Exordium","TheCity"],"potions_floor_usage":[10,14,14,16,24,24,24,29,30],"damage_taken":[{"damage":1,"enemies":"Cultist","floor":1,"turns":4},{"damage":0,"enemies":"Small Slimes","floor":3,"turns":3},{"damage":0,"enemies":"2 Louse","floor":4,"turns":2},{"damage":5,"enemies":"2 Fungi Beasts","floor":5,"turns":4},{"damage":6,"enemies":"Gremlin Nob","floor":7,"turns":3},{"damage":28,"enemies":"3 Sentries","floor":10,"turns":7},{"damage":0,"enemies":"Large Slime","floor":13,"turns":3},{"damage":29,"enemies":"Lagavulin","floor":14,"turns":5},{"damage":23,"enemies":"The Guardian","floor":16,"turns":13},{"damage":7,"enemies":"Shell Parasite","floor":18,"turns":5},{"damage":0,"enemies":"Gremlin Leader","floor":24,"turns":5},{"damage":22,"enemies":"2 Thieves","floor":27,"turns":4},{"damage":8,"enemies":"3 Cultists","floor":29,"turns":5},{"damage":1,"enemies":"Book of Stabbing","floor":30,"turns":4},{"damage":12,"enemies":"Chosen and Byrds","floor":31,"turns":3},{"damage":59,"enemies":"Automaton","floor":33,"turns":6}],"seed_played":"-4935093040171355265","potions_obtained":[{"floor":3,"key":"Strength Potion"},{"floor":4,"key":"Fire Potion"},{"floor":10,"key":"AttackPotion"},{"floor":13,"key":"Strength Potion"},{"floor":18,"key":"EntropicBrew"},{"floor":27,"key":"FearPotion"}],"is_trial":false,"path_per_floor":["M","$","M","M","M","R","E","R","T","E","T","R","M","E","R","B",null,"M","?","?","?","$","T","E","R","T","M","?","M","E","M","R","B"],"character_chosen":"DEFECT","items_purchased":["Tempest","Membership Card","Bronze Scales"],"campfire_rested":2,"item_purchase_floors":[2,22,22],"current_hp_per_floor":[81,81,81,81,76,76,70,70,70,42,42,66,66,37,37,14,82,75,59,59,59,59,59,59,59,59,37,37,29,28,16,42,0,0],"gold":235,"neow_bonus":"TEN_PERCENT_HP_BONUS","is_daily":false,"chose_seed":false,"campfire_upgraded":3,"win_rate":0.0,"timestamp":1612534081,"path_taken":["M","$","?","M","M","R","E","R","T","E","?","R","M","E","R","BOSS","M","?","?","?","$","?","E","R","T","M","?","M","E","M","R","BOSS"],"items_purchased_type":["Card","Relic","Relic"],"build_version":"2020-12-22","purchased_purges":0,"victory":false,"max_hp_per_floor":[82,82,82,82,82,82,82,82,82,82,82,82,82,82,82,82,82,82,87,87,87,87,87,87,87,87,87,87,87,87,87,87,87,87],"card_choices":[{"not_picked":["Rebound","Hologram"],"picked":"Redo","floor":1},{"not_picked":["Compile Driver","Gash"],"picked":"Glacier","floor":3},{"not_picked":["Compile Driver","Recycle"],"picked":"Static Discharge","floor":4},{"not_picked":["Rebound","Rainbow"],"picked":"Streamline","floor":5},{"not_picked":["Leap","Cold Snap"],"picked":"Genetic Algorithm","floor":7},{"not_picked":["Gash","Genetic Algorithm","Echo Form"],"picked":"SKIP","floor":10},{"not_picked":["Beam Cell","Gash","Sweeping Beam"],"picked":"SKIP","floor":13},{"not_picked":["BootSequence","Beam Cell"],"picked":"Reinforced Body","floor":14},{"not_picked":["Buffer","Hyperbeam"],"picked":"Thunder Strike","floor":16},{"not_picked":["Conserve Battery","Cold Snap"],"picked":"Rebound+1","floor":18},{"not_picked":["Hologram","Coolheaded"],"picked":"White Noise","floor":24},{"not_picked":["Conserve Battery+1","White Noise"],"picked":"Steam Power","floor":27},{"not_picked":["Conserve Battery","Hello World+1"],"picked":"Seek","floor":29},{"not_picked":["Go for the Eyes","Conserve Battery"],"picked":"Stack+1","floor":30},{"not_picked":["Go for the Eyes","Reinforced Body"],"picked":"Redo+1","floor":31}],"player_experience":349088,"relics_obtained":[{"floor":7,"key":"Whetstone"},{"floor":10,"key":"Potion Belt"},{"floor":11,"key":"Anchor"},{"floor":14,"key":"Tiny Chest"},{"floor":23,"key":"Lantern"},{"floor":24,"key":"Boot"},{"floor":26,"key":"Incense Burner"},{"floor":30,"key":"Orichalcum"}],"event_choices":[{"damage_healed":0,"gold_gain":0,"player_choice":"Shed Blood","damage_taken":21,"max_hp_gain":5,"max_hp_loss":0,"event_name":"Forgotten Altar","floor":19,"gold_loss":0},{"cards_removed":["Strike_B"],"damage_healed":0,"gold_gain":0,"player_choice":"Gave Gold","damage_taken":0,"max_hp_gain":0,"max_hp_loss":0,"event_name":"Beggar","floor":20,"gold_loss":75},{"damage_healed":0,"gold_gain":0,"player_choice":"Read","damage_taken":0,"max_hp_gain":0,"max_hp_loss":0,"event_name":"The Library","floor":21,"gold_loss":0,"cards_obtained":["Skim"]},{"damage_healed":0,"gold_gain":100,"player_choice":"Bet on Murderer","damage_taken":0,"max_hp_gain":0,"max_hp_loss":0,"event_name":"The Joust","floor":28,"gold_loss":50}],"is_beta":false,"boss_relics":[{"not_picked":["Empty Cage","Inserter"],"picked":"Philosopher\u0027s Stone"}],"items_purged_floors":[],"is_endless":false,"potions_floor_spawned":[3,4,10,13,18,27],"killed_by":"Automaton","ascension_level":0}}