{"host":"fff5e1uasnm04x18","time":1612537692,"event":{"mods":["BaseMod","Minty Spire (QoL Compilation)"],"gold_per_floor":[116,116,130,130,149,149,2,2,70,70,93,109,109,153,153,153,153],"floor_reached":16,"language":"ENG","playtime":565,"items_purged":[],"score":120,"play_id":"3495f858-3847-4954-b958-c4242becdaa4","local_time":"20210205100812","is_ascension_mode":true,"campfire_choices":[{"floor":6,"key":"REST"},{"data":"Twin Strike","floor":8,"key":"SMITH"},{"data":"Bash","floor":10,"key":"SMITH"},{"floor":15,"key":"REST"}],"circlet_count":0,"master_deck":["Strike_R","Strike_R","Strike_R","Strike_R","Strike_R","Defend_R","Defend_R","Defend_R","Defend_R","Bash+1","Twin Strike+1","Pain"],"relics":["Burning Blood","Golden Idol","WarpedTongs","Membership Card","Toxic Egg 2","Nunchaku"],"acts_visited":["Exordium"],"potions_floor_usage":[5,14,16,16],"damage_taken":[{"damage":13,"enemies":"Jaw Worm","floor":1,"turns":4},{"damage":8,"enemies":"Small Slimes","floor":3,"turns":3},{"damage":2,"enemies":"Cultist","floor":5,"turns":2},{"damage":24,"enemies":"Red Slaver","floor":11,"turns":7},{"damage":15,"enemies":"Blue Slaver","floor":12,"turns":3},{"damage":35,"enemies":"Lagavulin","floor":14,"turns":5},{"damage":18,"enemies":"The Guardian","floor":16,"turns":7}],"seed_played":"-8654057828002084958","potions_obtained":[{"floor":5,"key":"EntropicBrew"},{"floor":12,"key":"FearPotion"},{"floor":14,"key":"FearPotion"}],"is_trial":false,"path_per_floor":["M","?","M","?","M","R","$","R","T","R","M","M","?","E","R","B"],"character_chosen":"IRONCLAD","items_purchased":["Membership Card"],"campfire_rested":2,"item_purchase_floors":[7],"current_hp_per_floor":[81,59,57,57,61,87,87,87,87,87,69,60,60,31,57,39,39],"gold":153,"neow_bonus":"TEN_PERCENT_HP_BONUS","is_daily":false,"chose_seed":false,"campfire_upgraded":2,"win_rate":0.0,"timestamp":1612537692,"path_taken":["M","?","M","?","?","R","?","R","T","R","M","M","?","E","R","BOSS"],"items_purchased_type":["Relic"],"build_version":"2020-12-22","purchased_purges":0,"victory":false,"max_hp_per_floor":[88,88,88,88,88,88,88,88,88,88,88,88,88,88,88,88,88],"card_choices":[{"not_picked":["Dark Embrace","Reckless Charge"],"picked":"Twin Strike","floor":1},{"not_picked":["Clash","Carnage","Battle Trance"],"picked":"SKIP","floor":3},{"not_picked":["Dropkick","Uppercut","Metallicize"],"picked":"SKIP","floor":5},{"not_picked":["Reckless Charge","Armaments+1","Sentinel+1"],"picked":"SKIP","floor":11},{"not_picked":["Battle Trance+1","Havoc+1","Flame Barrier+1"],"picked":"SKIP","floor":12},{"not_picked":["Sever Soul","Fire Breathing","Sentinel+1"],"picked":"SKIP","floor":14}],"player_experience":498000,"relics_obtained":[{"floor":9,"key":"Toxic Egg 2"},{"floor":14,"key":"Nunchaku"}],"event_choices":[{"damage_healed":0,"gold_gain":0,"player_choice":"Take Damage","damage_taken":22,"relics_obtained":["Golden Idol"],"max_hp_gain":0,"max_hp_loss":0,"event_name":"Golden Idol","floor":2,"gold_loss":0},{"damage_healed":0,"gold_gain":0,"player_choice":"Rummage","damage_taken":0,"relics_obtained":["WarpedTongs"],"max_hp_gain":0,"max_hp_loss":0,"event_name":"Accursed Blacksmith","floor":4,"gold_loss":0,"cards_obtained":["Pain"]},{"damage_healed":0,"gold_gain":0,"player_choice":"Bought 0 Potions","damage_taken":0,"max_hp_gain":0,"max_hp_loss":0,"event_name":"The Woman in Blue","floor":13,"gold_loss":0}],"is_beta":false,"boss_relics":[],"items_purged_floors":[],"is_endless":false,"potions_floor_spawned":[5,12,14],"killed_by":"The Guardian","ascension_level":4}}