{"host":"fj97s2ebyjeio3oc","time":1612526472,"event":{"mods":["AchievementEnabler","BaseMod","Colored Map","Colored Powertips","Hermit","Hubris","Infinite Spire","Koishi","Minty Spire (QoL Compilation)","StSLib","The Animator","The Bug Knight","The Cursed","The Disciple","The Jungle","The Necromancer"],"gold_per_floor":[109,33,33,52,6,6,33,208,232,232,262,274,293,37,37,37,37],"floor_reached":16,"language":"ENG","playtime":1488,"items_purged":[],"score":155,"play_id":"528ccc5a-f8f0-4359-b699-02cabf529443","local_time":"20210205130112","is_ascension_mode":true,"campfire_choices":[{"data":"Blade Dance","floor":6,"key":"SMITH"},{"data":"hubris:Sniper","floor":10,"key":"SMITH"},{"floor":15,"key":"REST"}],"circlet_count":0,"master_deck":["Strike_G","Strike_G","Strike_G","Strike_G","Strike_G","Defend_G","Defend_G","Defend_G","Defend_G","Defend_G","Survivor+1","Neutralize","hubris:Sniper+1","Well Laid Plans","Deadly Poison","Blade Dance+1","Blade Dance","Doubt","Blade Dance","Blade Dance"],"relics":["Vampire_Amulet","infinitespire:Cubic Diamond","Nunchaku","Kunai","Molten Egg 2"],"acts_visited":["Exordium"],"potions_floor_usage":[7,16],"damage_taken":[{"damage":0,"enemies":"2 Louse","floor":1,"turns":4},{"damage":8,"enemies":"Small Slimes","floor":4,"turns":6},{"damage":30,"enemies":"3 Sentries","floor":7,"turns":9},{"damage":8,"enemies":"HollowMod:MossKnight","floor":11,"turns":10},{"damage":7,"enemies":"Jaw Worm","floor":12,"turns":3},{"damage":3,"enemies":"Blue Slaver","floor":13,"turns":3},{"damage":58,"enemies":"Slime Boss","floor":16,"turns":8}],"seed_played":"6680220918968231930","potions_obtained":[{"floor":1,"key":"Explosive Potion"},{"floor":12,"key":"FearPotion"}],"is_trial":false,"path_per_floor":["M","$","?","M","$","R","E","?","T","R","E","M","M","$","R","B"],"character_chosen":"THE_SILENT","items_purchased":["Well Laid Plans","Blade Dance","Molten Egg 2"],"campfire_rested":1,"item_purchase_floors":[2,5,14],"current_hp_per_floor":[70,70,70,64,64,64,40,40,40,40,36,31,30,30,51,0,0],"gold":37,"neow_bonus":"UPGRADE_CARD","is_daily":false,"chose_seed":false,"campfire_upgraded":2,"win_rate":0.0,"timestamp":1612526472,"path_taken":["M","$","?","M","$","R","E","?","T","R","E","M","M","?","R","BOSS"],"items_purchased_type":["Card","Card","Relic"],"build_version":"2020-12-22","purchased_purges":0,"victory":false,"max_hp_per_floor":[70,70,70,70,70,70,70,70,70,70,70,70,70,70,70,70,70],"card_choices":[{"not_picked":["PiercingWail","Outmaneuver"],"picked":"hubris:Sniper","floor":1},{"not_picked":["Flechettes","PiercingWail"],"picked":"Deadly Poison","floor":4},{"not_picked":["Footwork","Slice"],"picked":"Blade Dance","floor":7},{"not_picked":["Doppelganger","Dagger Spray"],"picked":"Blade Dance","floor":11},{"not_picked":["Heel Hook","Bouncing Flask","Sucker Punch"],"picked":"SKIP","floor":12},{"not_picked":["Dagger Spray","Backflip"],"picked":"Blade Dance","floor":13}],"player_experience":463356,"relics_obtained":[{"floor":7,"key":"Nunchaku"},{"floor":11,"key":"Kunai"}],"event_choices":[{"damage_healed":0,"gold_gain":175,"player_choice":"AGREE","damage_taken":0,"max_hp_gain":0,"max_hp_loss":0,"event_name":"Liars Game","floor":8,"gold_loss":0,"cards_obtained":["Doubt"]}],"is_beta":false,"boss_relics":[],"items_purged_floors":[],"is_endless":false,"potions_floor_spawned":[1,12],"killed_by":"Slime Boss","ascension_level":4}}