{"host":"1ekl8hlbnopmdapi","time":1611350669,"event":{"mods":["AchievementEnabler","BaseMod","Colored Map","Colored Powertips","DeckTracker","Googly Eyes","Highlight Path","Minty Spire (QoL Compilation)","Relic Sorter","StSLib","Synergy Search"],"gold_per_floor":[118,118,118,129,129,129,154,154,154,174,190,190,206,236,236,337,337,357,357,357,372,372,372,372,385,461,202,202,222,238,248,248,248,248],"floor_reached":33,"language":"ENG","playtime":788,"items_purged":[],"score":353,"play_id":"debc40a8-c635-499c-923f-29b4a86c9b26","local_time":"20210122162429","is_ascension_mode":true,"campfire_choices":[{"floor":6,"key":"REST"},{"floor":8,"key":"RECALL"},{"floor":15,"key":"REST"},{"floor":23,"key":"REST"},{"floor":32,"key":"REST"}],"circlet_count":0,"master_deck":["Strike_G+1","Defend_G+1","Defend_G","Defend_G+1","Defend_G","Defend_G+1","Survivor","Neutralize","Bane","Cloak And Dagger","Sucker Punch","Cloak And Dagger","Cloak And Dagger","Bouncing Flask","Finisher","Dagger Spray","Glass Knife","Blade Dance","Writhe","Dash","Poisoned Stab","Mayhem","Blade Dance","Flying Knee+1","Dagger Spray+1"],"relics":["Ring of the Snake","NeowsBlessing","Letter Opener","War Paint","InkBottle","TungstenRod","Empty Cage","Strawberry","MutagenicStrength"],"acts_visited":["Exordium","TheCity"],"potions_floor_usage":[11,14,16,29,30,31],"damage_taken":[{"damage":0,"enemies":"Jaw Worm","floor":1,"turns":1},{"damage":0,"enemies":"Small Slimes","floor":4,"turns":1},{"damage":0,"enemies":"Lagavulin","floor":7,"turns":1},{"damage":2,"enemies":"Cultist","floor":10,"turns":4},{"damage":12,"enemies":"Large Slime","floor":11,"turns":8},{"damage":5,"enemies":"Looter","floor":13,"turns":3},{"damage":10,"enemies":"Gremlin Nob","floor":14,"turns":4},{"damage":11,"enemies":"The Guardian","floor":16,"turns":10},{"damage":31,"enemies":"Spheric Guardian","floor":18,"turns":7},{"damage":2,"enemies":"3 Byrds","floor":21,"turns":4},{"damage":21,"enemies":"Snecko","floor":25,"turns":7},{"damage":20,"enemies":"Snake Plant","floor":29,"turns":5},{"damage":21,"enemies":"3 Cultists","floor":30,"turns":5},{"damage":6,"enemies":"Centurion and Healer","floor":31,"turns":7},{"damage":66,"enemies":"Collector","floor":33,"turns":6}],"seed_played":"5113352520814550846","potions_obtained":[{"floor":10,"key":"DistilledChaos"},{"floor":13,"key":"SpeedPotion"},{"floor":14,"key":"EssenceOfSteel"},{"floor":29,"key":"Strength Potion"},{"floor":30,"key":"Explosive Potion"}],"is_trial":false,"path_per_floor":["M","?","?","M","?","R","E","R","T","M","M","?","M","E","R","B",null,"M","?","?","M","?","R","?","M","T","$","?","M","M","M","R","B"],"character_chosen":"THE_SILENT","items_purchased":["Mayhem","Regen Potion"],"campfire_rested":4,"item_purchase_floors":[27,27],"current_hp_per_floor":[70,56,56,56,31,52,52,52,52,50,38,38,33,23,44,33,61,30,37,24,22,22,46,73,52,52,52,52,47,26,20,44,0,0],"gold":248,"neow_bonus":"THREE_ENEMY_KILL","is_daily":false,"chose_seed":false,"campfire_upgraded":0,"win_rate":0.0,"timestamp":1611350669,"path_taken":["M","?","?","M","?","R","E","R","T","M","M","?","?","E","R","BOSS","M","?","?","M","?","R","?","M","T","$","?","M","M","M","R","BOSS"],"items_purchased_type":["Card","Potion"],"build_version":"2020-12-22","purchased_purges":0,"victory":false,"max_hp_per_floor":[70,70,70,70,70,70,70,70,70,70,70,70,70,70,70,70,70,70,77,82,82,82,82,82,82,82,82,82,82,82,82,82,82,82],"card_choices":[{"not_picked":["Prepared","Outmaneuver"],"picked":"Bane","floor":1},{"not_picked":["Backflip","Heel Hook"],"picked":"Cloak And Dagger","floor":4},{"not_picked":["Acrobatics","PiercingWail"],"picked":"Sucker Punch","floor":7},{"not_picked":["Slice","Acrobatics"],"picked":"Cloak And Dagger","floor":10},{"not_picked":["Slice","Setup"],"picked":"Cloak And Dagger","floor":11},{"not_picked":["Dodge and Roll","Flechettes"],"picked":"Finisher","floor":13},{"not_picked":["Masterful Stab","Endless Agony"],"picked":"Dagger Spray","floor":14},{"not_picked":["Malaise","Die Die Die"],"picked":"Glass Knife","floor":16},{"not_picked":["Sucker Punch","Catalyst"],"picked":"Blade Dance","floor":18},{"not_picked":["Dagger Throw+1","Eviscerate"],"picked":"Dash","floor":21},{"not_picked":["Deadly Poison","Underhanded Strike"],"picked":"Poisoned Stab","floor":25},{"not_picked":["Cloak And Dagger","Quick Slash"],"picked":"Blade Dance","floor":29},{"not_picked":["Deadly Poison","Reflex"],"picked":"Flying Knee+1","floor":30},{"not_picked":["Distraction","Deflect"],"picked":"Dagger Spray+1","floor":31}],"player_experience":487329,"relics_obtained":[{"floor":7,"key":"War Paint"},{"floor":9,"key":"InkBottle"},{"floor":14,"key":"TungstenRod"}],"event_choices":[{"damage_healed":0,"gold_gain":0,"player_choice":"Entered Light","damage_taken":14,"max_hp_gain":0,"max_hp_loss":0,"event_name":"Shining Light","floor":2,"gold_loss":0,"cards_upgraded":["Strike_G","Defend_G"]},{"damage_healed":0,"gold_gain":0,"player_choice":"Ignored","damage_taken":0,"max_hp_gain":0,"max_hp_loss":0,"event_name":"Liars Game","floor":3,"gold_loss":0},{"damage_healed":0,"gold_gain":0,"player_choice":"Success","damage_taken":25,"relics_obtained":["Letter Opener"],"max_hp_gain":0,"max_hp_loss":0,"event_name":"Scrap Ooze","floor":5,"gold_loss":0},{"damage_healed":0,"gold_gain":0,"cards_transformed":["Strike_G"],"player_choice":"Transformed","damage_taken":0,"max_hp_gain":0,"max_hp_loss":0,"event_name":"Transmorgrifier","floor":12,"gold_loss":0,"cards_obtained":["Bouncing Flask"]},{"damage_healed":0,"gold_gain":0,"player_choice":"Opened","damage_taken":0,"relics_obtained":["Strawberry"],"max_hp_gain":0,"max_hp_loss":0,"event_name":"The Mausoleum","floor":19,"gold_loss":0,"cards_obtained":["Writhe"]},{"damage_healed":0,"gold_gain":0,"player_choice":"Shed Blood","damage_taken":19,"max_hp_gain":5,"max_hp_loss":0,"event_name":"Forgotten Altar","floor":20,"gold_loss":0},{"damage_healed":0,"gold_gain":0,"player_choice":"Inject Mutagens","damage_taken":0,"relics_obtained":["MutagenicStrength"],"max_hp_gain":0,"max_hp_loss":0,"event_name":"Drug Dealer","floor":22,"gold_loss":0},{"damage_healed":27,"gold_gain":0,"player_choice":"Heal","damage_taken":0,"max_hp_gain":0,"max_hp_loss":0,"event_name":"The Library","floor":24,"gold_loss":0},{"cards_removed":["Strike_G"],"damage_healed":0,"gold_gain":0,"player_choice":"Card Removal","damage_taken":0,"max_hp_gain":0,"max_hp_loss":0,"event_name":"Wheel of Change","floor":28,"gold_loss":0}],"is_beta":false,"boss_relics":[{"not_picked":["Snecko Eye","Coffee Dripper"],"picked":"Empty Cage"}],"items_purged_floors":[],"is_endless":false,"potions_floor_spawned":[10,13,14,29,30],"killed_by":"Collector","ascension_level":5}}