{"host":"wogey4gsknv4ot2d","time":1611302969,"event":{"mods":["2.2 Compatiblity","AchievementEnabler","Act Like it!","Alarm Clock","BaseMod","Bestiary","Better Match","Better Third Choice","Colored Map","Colored Powertips","Googly Eyes","Key Reminder","Minty Spire (QoL Compilation)","Permanent Neow","Rare Cards Sparkle","Relic Stats","Spicy Shops","StSLib"],"gold_per_floor":[110,124,136,136,136,163,163,189,266,282,293,293,293,293],"floor_reached":13,"language":"ENG","playtime":333,"items_purged":[],"score":105,"play_id":"6f68cebd-2764-4049-bb3c-9f0ff23d6b6d","local_time":"20210122020929","is_ascension_mode":true,"campfire_choices":[{"floor":7,"key":"RECALL"}],"circlet_count":0,"master_deck":["Strike_B","Strike_B","Strike_B","Defend_B","Defend_B","Defend_B","Defend_B","Zap","Dualcast","Sweeping Beam","Sweeping Beam","Go for the Eyes","Blind","Biased Cognition","Blizzard","Capacitor","Conserve Battery","Streamline"],"relics":["Cracked Core","NeowsBlessing","Lizard Tail","keyreminder:keyreminder","Toy Ornithopter"],"acts_visited":[],"potions_floor_usage":[6,10],"damage_taken":[{"damage":0,"enemies":"Small Slimes","floor":1,"turns":1},{"damage":0,"enemies":"Cultist","floor":2,"turns":1},{"damage":0,"enemies":"Jaw Worm","floor":3,"turns":1},{"damage":25,"enemies":"Gremlin Nob","floor":6,"turns":4},{"damage":29,"enemies":"Lagavulin","floor":8,"turns":7},{"damage":15,"enemies":"Large Slime","floor":10,"turns":4},{"damage":27,"enemies":"Lots of Slimes","floor":11,"turns":4},{"damage":22,"enemies":"Gremlin Nob","floor":13,"turns":3}],"seed_played":"7858653486384376724","potions_obtained":[{"floor":2,"key":"AttackPotion"},{"floor":8,"key":"Explosive Potion"}],"is_trial":false,"path_per_floor":["M","M","M","?","?","E","R","E","T","M","M","?","E"],"character_chosen":"DEFECT","items_purchased":[],"campfire_rested":0,"item_purchase_floors":[],"current_hp_per_floor":[75,75,75,75,75,50,50,21,21,11,21,21,0,0],"gold":293,"neow_bonus":"THREE_ENEMY_KILL","is_daily":false,"chose_seed":false,"campfire_upgraded":0,"win_rate":0.0,"timestamp":1611302969,"path_taken":["M","M","M","?","?","E","R","E","T","?","?","?","E"],"items_purchased_type":[],"build_version":"2020-12-22","purchased_purges":0,"victory":false,"max_hp_per_floor":[75,75,75,75,75,75,75,75,75,75,75,75,75,75],"relic_stats":{"Lizard Tail":37,"counters":[8,25],"obtain_stats":[{"keyreminder:keyreminder":7,"Lizard Tail":6,"NeowsBlessing":0,"Cracked Core":0,"Toy Ornithopter":8},{"keyreminder:keyreminder":4,"Lizard Tail":4,"NeowsBlessing":0,"Cracked Core":0,"Toy Ornithopter":5},{"keyreminder:keyreminder":7,"Lizard Tail":7,"NeowsBlessing":0,"Cracked Core":0,"Toy Ornithopter":14}],"Toy Ornithopter":5},"card_choices":[{"not_picked":["Gash","Heatsinks"],"picked":"Sweeping Beam","floor":1},{"not_picked":["Undo","Recycle"],"picked":"Sweeping Beam","floor":2},{"not_picked":["Recycle","Gash"],"picked":"Go for the Eyes","floor":3},{"not_picked":["Deep Breath","Finesse"],"picked":"Blind","floor":4},{"not_picked":["Turbo","Steam"],"picked":"Blizzard","floor":6},{"not_picked":["Steam","Aggregate"],"picked":"Capacitor","floor":8},{"not_picked":["Streamline","Blizzard"],"picked":"Conserve Battery","floor":10},{"not_picked":["All For One","Sweeping Beam"],"picked":"Streamline","floor":11}],"player_experience":69166,"relics_obtained":[{"floor":6,"key":"Lizard Tail"},{"floor":8,"key":"Toy Ornithopter"}],"event_choices":[{"damage_healed":0,"gold_gain":0,"player_choice":"1","damage_taken":0,"max_hp_gain":0,"max_hp_loss":0,"event_name":"betterMatch:BetterMatch","floor":4,"gold_loss":0,"cards_obtained":["betterMatch:ColorlessUncommonCard"]},{"damage_healed":0,"gold_gain":0,"cards_transformed":["Strike_B"],"player_choice":"Transformed","damage_taken":0,"max_hp_gain":0,"max_hp_loss":0,"event_name":"Transmorgrifier","floor":5,"gold_loss":0,"cards_obtained":["Biased Cognition"]},{"damage_healed":0,"gold_gain":0,"player_choice":"Ignored","damage_taken":293,"max_hp_gain":0,"max_hp_loss":0,"event_name":"betterThird:BetterSerpent","floor":12,"gold_loss":0}],"is_beta":false,"boss_relics":[],"items_purged_floors":[],"is_endless":false,"potions_floor_spawned":[2,6,8],"killed_by":"Gremlin Nob","ascension_level":2}}