{"host":"qmnyg5dk1o6rw6mz","time":1611336995,"event":{"mods":["100% Spire Juice","2.2 Compatiblity","AchievementEnabler","Act Like it!","Arknights The Spire","Aspiration","Astrologer","BaseMod","Better Third Choice","CapriCore","Challenge The Spire","Colored Map","Colored Powertips","Conjunction","Conspire","DeckTracker","Defuse TimeMaze Blight","Disable Question Mark Monsters","Energized Spire","Friendly Minions","Gensokyo","GifTheSpireLib","Hermit","Highlight Path","HololiveMod","HornydragonMod","Hubris","Infinite Spire","Jedi Mod","KinomotoSakuraMod(木之本?)","Kiyohime（清姬）","Koishi","KomeijiMod","Marisa（霧雨　魔理沙）","Minty Spire (QoL Compilation)","Pale of the Ancients","Permanent Neow","Prisma Mod","Quick Restart","Reimu（博???）","SIMod","StSLib","Stuff the Spire","The Alterego","The Animator","The Cursed","The Gatherer","The Immortal","The Marked","The Mystic","The Runesmith","The Senshi","The Showman","Unceasing Turn Reminder","WarShipGirlsR/??少女R mod","Yuri Mod","Yuyuko","vexMod"],"gold_per_floor":[209,226,226,226,57,57,57],"floor_reached":6,"language":"ZHS","playtime":280,"items_purged":[],"score":34,"play_id":"88bcc852-9f36-423b-8934-38b4055f7bcf","local_time":"20210123013635","is_ascension_mode":false,"campfire_choices":[],"circlet_count":0,"master_deck":["Fantasy Butterflies","Fantasy Butterflies","Fantasy Butterflies","Fantasy Butterflies","Fantasy Butterflies","Dreamy Sakura","Dreamy Sakura","Dreamy Sakura","Dreamy Sakura","Dreamy Sakura","Deathly Ground","Faramita\u0027s Temptation","Linger over Flower","Butterflies Rainbow","Gensokyo:TarnishedGold","Gensokyo:MysteriousEgg","Gensokyo:BlemishedSteel"],"relics":["Coronal","Yuyuko\u0027s fan","infinitespire:WardingShard"],"acts_visited":["Gensokyo:Gensokyo"],"potions_floor_usage":[],"damage_taken":[{"damage":9,"enemies":"Gensokyo:3_Fairies","floor":1,"turns":5},{"damage":28,"enemies":"Gensokyo:Gryphon","floor":2,"turns":5},{"damage":48,"enemies":"Gensokyo:Aya","floor":6,"turns":5}],"seed_played":"-4043252108919337080","potions_obtained":[{"floor":1,"key":"Firefly"},{"floor":2,"key":"Pckles"}],"is_trial":false,"path_per_floor":["M","M","T","?","COS","E"],"character_chosen":"YUYOKO","items_purchased":[],"campfire_rested":0,"item_purchase_floors":[],"current_hp_per_floor":[31,26,26,26,26,0,0],"gold":57,"neow_bonus":"HUNDRED_GOLD","is_daily":false,"chose_seed":false,"campfire_upgraded":0,"win_rate":0.0,"timestamp":1611336995,"path_taken":["M","M","?","?","COS","E"],"items_purchased_type":[],"build_version":"2020-12-22","purchased_purges":0,"victory":false,"max_hp_per_floor":[40,40,40,40,40,40,40],"card_choices":[{"not_picked":["Unborn Light","Become Phantom"],"picked":"Linger over Flower","floor":1},{"not_picked":["Full Moon","Mini Ghostdom"],"picked":"Butterflies Rainbow","floor":2}],"player_experience":213796,"relics_obtained":[{"floor":3,"key":"infinitespire:WardingShard"}],"event_choices":[],"is_beta":false,"boss_relics":[],"items_purged_floors":[],"is_endless":false,"potions_floor_spawned":[1,2],"killed_by":"Gensokyo:Aya","ascension_level":0}}