{"host":"vb9tx51ayxprrw9u","time":1611290266,"event":{"mods":["AchievementEnabler","BaseMod","Colored Map","Colored Powertips","Highlight Path","Minty Spire (QoL Compilation)","StSLib"],"gold_per_floor":[217,70,145,70,80,80,106,136,162,162,194,194,194,211,211,312,312,331,406,18,35,51,82,82,82,82],"floor_reached":25,"language":"ENG","playtime":1391,"items_purged":["Defend_R","Strike_R"],"score":250,"play_id":"03a7a2a3-6fa9-4537-b571-14e0709d8656","local_time":"20210121223746","is_ascension_mode":true,"campfire_choices":[{"data":"Infernal Blade","floor":6,"key":"SMITH"},{"data":"Warcry","floor":10,"key":"SMITH"},{"floor":13,"key":"REST"},{"data":"Demon Form","floor":15,"key":"SMITH"}],"circlet_count":0,"master_deck":["Strike_R","Strike_R","Strike_R","Strike_R","Defend_R","Defend_R","Defend_R","Bash","Spot Weakness","Iron Wave","Infernal Blade+1","Thunderclap","Shrug It Off","Warcry+1","Demon Form+1","Shrug It Off","Clothesline","Headbutt","Sword Boomerang","Limit Break","Thunderclap+1","Feed","Sword Boomerang","Cleave","Feed"],"relics":["Black Blood","Orrery","Pocketwatch","Odd Mushroom","Dream Catcher","Gremlin Horn","Orichalcum","Toxic Egg 2"],"acts_visited":["Exordium","TheCity"],"potions_floor_usage":[22,23,25,25,25],"damage_taken":[{"damage":6,"enemies":"Cultist","floor":1,"turns":3},{"damage":0,"enemies":"Small Slimes","floor":5,"turns":3},{"damage":19,"enemies":"3 Sentries","floor":7,"turns":6},{"damage":14,"enemies":"The Mushroom Lair","floor":8,"turns":4},{"damage":24,"enemies":"Gremlin Nob","floor":11,"turns":4},{"damage":0,"enemies":"2 Louse","floor":14,"turns":3},{"damage":17,"enemies":"The Guardian","floor":16,"turns":7},{"damage":18,"enemies":"Shell Parasite","floor":18,"turns":4},{"damage":7,"enemies":"Chosen","floor":21,"turns":3},{"damage":13,"enemies":"Centurion and Healer","floor":22,"turns":6},{"damage":37,"enemies":"Gremlin Leader","floor":23,"turns":5},{"damage":67,"enemies":"Slavers","floor":25,"turns":5}],"seed_played":"-1273016006027510518","potions_obtained":[{"floor":5,"key":"HeartOfIron"},{"floor":8,"key":"LiquidBronze"},{"floor":14,"key":"SteroidPotion"},{"floor":22,"key":"SpeedPotion"},{"floor":23,"key":"BlessingOfTheForge"}],"is_trial":false,"path_per_floor":["M","$","?","$","M","R","E","?","T","R","E","?","R","M","R","B",null,"M","?","$","M","M","E","$","E"],"character_chosen":"IRONCLAD","items_purchased":["Orrery","Feed","Orichalcum"],"campfire_rested":1,"item_purchase_floors":[2,20,20],"current_hp_per_floor":[80,80,69,69,75,75,62,54,54,54,36,36,60,66,66,55,80,74,66,66,74,76,54,54,0,0],"gold":82,"neow_bonus":"HUNDRED_GOLD","is_daily":false,"chose_seed":false,"campfire_upgraded":3,"win_rate":0.0,"timestamp":1611290266,"path_taken":["M","$","?","$","M","R","E","?","T","R","E","?","R","M","R","BOSS","M","?","$","M","?","E","$","E"],"items_purchased_type":["Relic","Card","Relic"],"build_version":"2020-12-22","purchased_purges":2,"victory":false,"max_hp_per_floor":[80,80,80,80,80,80,80,80,80,80,80,80,80,80,80,80,80,80,80,80,83,86,89,89,93,93],"card_choices":[{"not_picked":["Sword Boomerang","Dual Wield"],"picked":"Spot Weakness","floor":1},{"not_picked":["Clothesline","Body Slam"],"picked":"Iron Wave","floor":2},{"not_picked":["Double Tap","Power Through"],"picked":"Infernal Blade","floor":2},{"not_picked":["Searing Blow","Heavy Blade"],"picked":"Thunderclap","floor":2},{"not_picked":["Carnage","Berserk"],"picked":"Shrug It Off","floor":2},{"not_picked":["Thunderclap","Shockwave"],"picked":"Warcry","floor":5},{"not_picked":["Wild Strike","Warcry"],"picked":"Demon Form","floor":7},{"not_picked":["Evolve","Second Wind"],"picked":"Shrug It Off","floor":8},{"not_picked":["Clash","Feel No Pain"],"picked":"Clothesline","floor":11},{"not_picked":["Combust","Twin Strike"],"picked":"Headbutt","floor":13},{"not_picked":["Body Slam","Second Wind"],"picked":"Sword Boomerang","floor":14},{"not_picked":["Barricade","Offering"],"picked":"Limit Break","floor":16},{"not_picked":["True Grit","Inflame"],"picked":"Thunderclap+1","floor":18},{"not_picked":["Shrug It Off","Clash"],"picked":"Sword Boomerang","floor":21},{"not_picked":["Infernal Blade","Dark Embrace+1"],"picked":"Cleave","floor":22},{"not_picked":["Heavy Blade","Warcry+1"],"picked":"Feed","floor":23}],"player_experience":166408,"relics_obtained":[{"floor":7,"key":"Pocketwatch"},{"floor":8,"key":"Odd Mushroom"},{"floor":9,"key":"Dream Catcher"},{"floor":11,"key":"Gremlin Horn"},{"floor":23,"key":"Toxic Egg 2"}],"event_choices":[{"damage_healed":0,"gold_gain":75,"player_choice":"Gather Gold","damage_taken":11,"max_hp_gain":0,"max_hp_loss":0,"event_name":"World of Goop","floor":3,"gold_loss":0},{"damage_healed":0,"gold_gain":0,"player_choice":"Fought Mushrooms","damage_taken":0,"max_hp_gain":0,"max_hp_loss":0,"event_name":"Mushrooms","floor":8,"gold_loss":0},{"damage_healed":0,"gold_gain":0,"player_choice":"Ignored","damage_taken":0,"max_hp_gain":0,"max_hp_loss":0,"event_name":"Liars Game","floor":12,"gold_loss":0},{"damage_healed":0,"gold_gain":75,"player_choice":"Touch","damage_taken":8,"max_hp_gain":0,"max_hp_loss":0,"event_name":"FaceTrader","floor":19,"gold_loss":0}],"is_beta":false,"boss_relics":[{"not_picked":["Calling Bell","Astrolabe"],"picked":"Black Blood"}],"items_purged_floors":[4,20],"is_endless":false,"potions_floor_spawned":[5,8,14,22,23],"killed_by":"Slavers","ascension_level":2}}