{"host":"l60rmjjsfi0fipmi","time":1611356315,"event":{"mods":["BaseMod","Colored Map","DeckTracker","Highlight Path","Minty Spire (QoL Compilation)","StSLib","The Cursed","The Servant 0.9.4"],"gold_per_floor":[118,137,157,157,157,157,191,202,227,227,304,338,150,137,137,137,137],"floor_reached":16,"language":"ENG","playtime":1014,"items_purged":[],"score":132,"play_id":"73dec446-798d-4f11-bc95-bb3fd285bcd5","local_time":"20210122175835","is_ascension_mode":true,"campfire_choices":[{"data":"Bash","floor":6,"key":"SMITH"},{"floor":10,"key":"REST"},{"floor":15,"key":"REST"}],"circlet_count":0,"master_deck":["Strike_R","Strike_R","Strike_R","Strike_R","Defend_R","Defend_R","Defend_R","Bash+1","Ghostly Armor","Berserk+1","Shrug It Off","Spot Weakness","Heavy Blade","Twin Strike","Rage","Pommel Strike"],"relics":["Burning Blood","Strawberry","Pen Nib","Bag of Marbles","Sling"],"acts_visited":["Exordium"],"potions_floor_usage":[16],"damage_taken":[{"damage":5,"enemies":"Small Slimes","floor":1,"turns":4},{"damage":0,"enemies":"Jaw Worm","floor":2,"turns":4},{"damage":12,"enemies":"2 Louse","floor":3,"turns":4},{"damage":45,"enemies":"Gremlin Nob","floor":7,"turns":5},{"damage":21,"enemies":"Blue Slaver","floor":8,"turns":4},{"damage":40,"enemies":"3 Sentries","floor":12,"turns":7},{"damage":1,"enemies":"Exordium Thugs","floor":14,"turns":4},{"damage":36,"enemies":"The Guardian","floor":16,"turns":2}],"seed_played":"-215841074651197460","potions_obtained":[{"floor":1,"key":"LiquidBronze"},{"floor":3,"key":"SteroidPotion"},{"floor":8,"key":"Ancient Potion"}],"is_trial":false,"path_per_floor":["M","M","M","?","?","R","E","M","T","R","?","E","$","M","R","B"],"character_chosen":"IRONCLAD","items_purchased":["Rage","Sling"],"campfire_rested":2,"item_purchase_floors":[13,13],"current_hp_per_floor":[72,72,66,66,66,66,34,19,19,42,42,8,8,13,36,0,0],"gold":137,"neow_bonus":"TRANSFORM_TWO_CARDS","is_daily":false,"chose_seed":false,"campfire_upgraded":1,"win_rate":0.0,"timestamp":1611356315,"path_taken":["M","M","M","?","?","R","E","M","T","R","?","E","?","M","R","BOSS"],"items_purchased_type":["Card","Relic"],"build_version":"2020-12-22","purchased_purges":0,"victory":false,"max_hp_per_floor":[72,72,72,72,72,72,79,79,79,79,79,79,79,79,79,79,79],"card_choices":[{"not_picked":["Bloodletting","Pummel"],"picked":"Shrug It Off","floor":1},{"not_picked":["Seeing Red","Cleave"],"picked":"Spot Weakness","floor":2},{"not_picked":["Seeing Red","Rupture"],"picked":"Heavy Blade","floor":3},{"not_picked":["Sword Boomerang","Warcry","Dual Wield"],"picked":"SKIP","floor":7},{"not_picked":["True Grit","Clash"],"picked":"Twin Strike","floor":8},{"not_picked":["Clash","Havoc","Pummel"],"picked":"SKIP","floor":12},{"not_picked":["Body Slam","Twin Strike"],"picked":"Pommel Strike","floor":14}],"player_experience":549286,"relics_obtained":[{"floor":7,"key":"Strawberry"},{"floor":9,"key":"Pen Nib"},{"floor":12,"key":"Bag of Marbles"}],"event_choices":[{"damage_healed":0,"gold_gain":0,"player_choice":"Grow","damage_taken":0,"max_hp_gain":0,"max_hp_loss":0,"event_name":"Living Wall","floor":4,"gold_loss":0,"cards_upgraded":["Berserk"]},{"damage_healed":0,"gold_gain":0,"player_choice":"Ignored","damage_taken":0,"max_hp_gain":0,"max_hp_loss":0,"event_name":"Liars Game","floor":5,"gold_loss":0},{"damage_healed":0,"gold_gain":77,"player_choice":"Gained Gold","damage_taken":0,"max_hp_gain":0,"max_hp_loss":0,"event_name":"Golden Wing","floor":11,"gold_loss":0}],"is_beta":false,"boss_relics":[],"items_purged_floors":[],"is_endless":false,"potions_floor_spawned":[1,3,8],"killed_by":"The Guardian","ascension_level":4}}