{"host":"n6qxj7a4gnapjcui","time":1611349140,"event":{"mods":["2.2 Compatiblity","AchievementEnabler","BaseMod","Colored Map","Minty Spire (QoL Compilation)","Random Character Button","Rare Cards Sparkle"],"gold_per_floor":[119,119,139,151,151,151,168,187,264,297,309,309,348,348,348,348,348],"floor_reached":16,"language":"POL","playtime":865,"items_purged":[],"score":140,"play_id":"a5c65568-dd7c-432c-ad22-0d4548f4bbd9","local_time":"20210122215900","is_ascension_mode":true,"campfire_choices":[{"data":"Bash","floor":6,"key":"SMITH"},{"floor":15,"key":"REST"}],"circlet_count":0,"master_deck":["Strike_R","Strike_R","Strike_R","Strike_R","Defend_R","Defend_R","Defend_R","Defend_R","Bash+1","Armaments+1","True Grit","Headbutt","Iron Wave","Dropkick","Bloodletting","Anger","Pommel Strike"],"relics":["Burning Blood","Self Forming Clay","Dead Branch","Golden Idol","Orichalcum"],"acts_visited":["Exordium"],"potions_floor_usage":[8,16,16,16],"damage_taken":[{"damage":10,"enemies":"Jaw Worm","floor":1,"turns":7},{"damage":15,"enemies":"Cultist","floor":3,"turns":5},{"damage":1,"enemies":"2 Louse","floor":4,"turns":4},{"damage":11,"enemies":"Large Slime","floor":7,"turns":9},{"damage":0,"enemies":"Lots of Slimes","floor":8,"turns":1},{"damage":24,"enemies":"3 Sentries","floor":10,"turns":10},{"damage":8,"enemies":"Exordium Thugs","floor":11,"turns":6},{"damage":15,"enemies":"Gremlin Nob","floor":13,"turns":4},{"damage":48,"enemies":"Hexaghost","floor":16,"turns":9}],"seed_played":"-7791453841625751458","potions_obtained":[{"floor":1,"key":"BlessingOfTheForge"},{"floor":7,"key":"Explosive Potion"},{"floor":8,"key":"Energy Potion"},{"floor":13,"key":"SteroidPotion"}],"is_trial":false,"path_per_floor":["M","?","M","M","?","R","M","M","T","E","M","?","E","?","R","B"],"character_chosen":"IRONCLAD","items_purchased":[],"campfire_rested":1,"item_purchase_floors":[],"current_hp_per_floor":[76,76,67,72,72,72,67,73,73,55,53,33,24,24,48,0,0],"gold":348,"neow_bonus":"REMOVE_CARD","is_daily":false,"chose_seed":false,"campfire_upgraded":1,"win_rate":0.0,"timestamp":1611349140,"path_taken":["M","?","M","M","?","R","?","M","T","E","M","?","E","?","R","BOSS"],"items_purchased_type":[],"build_version":"2020-12-22","purchased_purges":0,"victory":false,"max_hp_per_floor":[80,80,80,80,80,80,80,80,80,80,80,80,80,80,80,80,80],"card_choices":[{"not_picked":["Entrench","True Grit"],"picked":"Armaments","floor":1},{"not_picked":["Fire Breathing","Sword Boomerang"],"picked":"True Grit","floor":3},{"not_picked":["Shrug It Off","Power Through"],"picked":"Headbutt","floor":4},{"not_picked":["Heavy Blade","Exhume"],"picked":"Iron Wave","floor":7},{"not_picked":["Havoc","Body Slam"],"picked":"Dropkick","floor":8},{"not_picked":["Headbutt","Uppercut"],"picked":"Bloodletting","floor":10},{"not_picked":["Heavy Blade","Demon Form"],"picked":"Anger","floor":11},{"not_picked":["Sword Boomerang","Shrug It Off"],"picked":"Pommel Strike","floor":13}],"player_experience":291497,"relics_obtained":[{"floor":9,"key":"Self Forming Clay"},{"floor":10,"key":"Dead Branch"},{"floor":13,"key":"Orichalcum"}],"event_choices":[{"damage_healed":0,"gold_gain":0,"player_choice":"Ignored","damage_taken":0,"max_hp_gain":0,"max_hp_loss":0,"event_name":"Liars Game","floor":2,"gold_loss":0},{"damage_healed":0,"gold_gain":0,"player_choice":"Forge","damage_taken":0,"max_hp_gain":0,"max_hp_loss":0,"event_name":"Accursed Blacksmith","floor":5,"gold_loss":0,"cards_upgraded":["Armaments"]},{"damage_healed":0,"gold_gain":0,"player_choice":"Take Damage","damage_taken":20,"relics_obtained":["Golden Idol"],"max_hp_gain":0,"max_hp_loss":0,"event_name":"Golden Idol","floor":12,"gold_loss":0},{"damage_healed":0,"gold_gain":0,"player_choice":"Got Potions","damage_taken":0,"max_hp_gain":0,"max_hp_loss":0,"event_name":"Lab","floor":14,"gold_loss":0}],"is_beta":false,"boss_relics":[],"items_purged_floors":[],"is_endless":false,"potions_floor_spawned":[1,7,8,13],"killed_by":"Hexaghost","ascension_level":5}}