{"host":"mlczotyo8j5fj6lt","time":1611293558,"event":{"mods":["AchievementEnabler","BaseMod","Better Third Choice","BetterRewards","Conspire","Defective Defect","Fox Events","Good Game Mod","Googly Eyes","Hubris","Minty Spire (QoL Compilation)","Quick Restart","Replay The Spire","StS++","StSLib","everything is the same but u backflip on backflip"],"gold_per_floor":[119,219,233,247,261,261,261,67,90,128,128,128,128,153,153,282,282,222,146,166,190,209,209,259,259,309,309,309],"floor_reached":27,"language":"ENG","playtime":977,"items_purged":[],"score":211,"play_id":"26112f45-7358-4dab-8f9b-888a92a6f985","local_time":"20210122063238","is_ascension_mode":false,"campfire_choices":[{"floor":11.0,"key":"REST"},{"floor":13.0,"key":"REST"},{"data":"Zap","floor":15.0,"key":"SMITH"},{"floor":23.0,"key":"REST"}],"circlet_count":0,"master_deck":["Strike_B+1","Defend_B+1","Defend_B","Defend_B","Defend_B","Zap+1","Dualcast","Ball Lightning","FIFO Queue","White Noise","Adrenaline","Genetic Algorithm","Leap","Creative AI","Gash+1","Gash","Leap","Go for the Eyes+1","Looming Evil"],"relics":["Cracked Core","REME:ComplimentaryCards","NeowsBlessing","hubris:Icosahedron","Golden Idol","Replay:Baseball","Bag of Marbles","Toy Ornithopter","Replay:Drink Me","Replay:Wax Seal","Ring of Greed","ReplayTheSpireMod:Ring of Collecting","Blue Doll","Membership Card","Ring of Peace","Simple Rune"],"acts_visited":["Exordium","TheCity"],"potions_floor_usage":[],"damage_taken":[{"damage":0.0,"enemies":"Jaw Worm","floor":1.0,"turns":1.0},{"damage":0.0,"enemies":"Cultist","floor":3.0,"turns":1.0},{"damage":0.0,"enemies":"Small Slimes","floor":4.0,"turns":1.0},{"damage":8.0,"enemies":"Gremlin Gang","floor":5.0,"turns":3.0},{"damage":34.0,"enemies":"Lagavulin","floor":10.0,"turns":6.0},{"damage":3.0,"enemies":"Lots of Slimes","floor":14.0,"turns":4.0},{"damage":52.0,"enemies":"Hexaghost","floor":16.0,"turns":9.0},{"damage":2.0,"enemies":"2 Thieves","floor":18.0,"turns":4.0},{"damage":0.0,"enemies":"Chosen","floor":20.0,"turns":5.0},{"damage":19.0,"enemies":"Sentry and Sphere","floor":21.0,"turns":6.0},{"damage":9.0,"enemies":"Shelled Parasite and Fungi","floor":22.0,"turns":5.0},{"damage":0,"enemies":"Centurion and Healer","floor":27,"turns":1}],"seed_played":"-8720318994004894438","potions_obtained":[{"floor":3.0,"key":"SkillPotion"},{"floor":10.0,"key":"BlessingOfTheForge"},{"floor":14.0,"key":"Fire Potion"},{"floor":22.0,"key":"Reflective Coating"}],"is_trial":false,"path_per_floor":["M","?","M","M","M","?","?","$","T","E","R","?","R","M","R","B",null,"M","$","M","M","M","R","?","?","T","M"],"character_chosen":"DEFECT","items_purchased":["Replay:Baseball","Fire Potion","Replay:Wax Seal"],"campfire_rested":3,"item_purchase_floors":[8,8,19],"current_hp_per_floor":[75,75,75,75,67,67,67,67,67,33,53,53,69,66,66,22,52,50,50,50,31,22,37,37,37,37,37,37],"gold":309,"neow_bonus":"THREE_ENEMY_KILL","is_daily":false,"chose_seed":false,"campfire_upgraded":1,"win_rate":0.0,"timestamp":1611293558,"path_taken":["M","?","M","?","?","?","?","$","T","E","R","?","R","M","R","BOSS","M","$","?","M","?","R","?","?","T","?"],"items_purchased_type":["Relic","Potion","Relic"],"build_version":"2020-12-22","purchased_purges":0,"victory":false,"max_hp_per_floor":[75,75,75,75,75,75,69,69,69,69,69,69,69,69,69,69,52,52,52,52,52,52,52,52,52,52,52,52],"card_choices":[{"not_picked":["conspire:Rain","ReplaySort"],"picked":"Ball Lightning","floor":1.0},{"not_picked":["StSpp:Mask","Steam Power"],"picked":"FIFO Queue","floor":3.0},{"not_picked":["Doom and Gloom","Cold Snap"],"picked":"White Noise","floor":4.0},{"not_picked":["BasicCrystalCard","Leap"],"picked":"Genetic Algorithm","floor":5.0},{"not_picked":["Time Bomb","Rebound"],"picked":"Leap","floor":10.0},{"not_picked":["Scrape","Beam Cell"],"picked":"Creative AI","floor":14.0},{"not_picked":["Biased Cognition","ReplayTheSpireMod:Omega Cannon"],"picked":"Machine Learning","floor":16.0},{"not_picked":["Heatsinks","Streamline"],"picked":"Gash+1","floor":18.0},{"not_picked":["Steam+1","Recycle"],"picked":"Gash","floor":20.0},{"not_picked":["Glacier","Reinforced Body"],"picked":"Leap","floor":21.0},{"not_picked":["White Noise","BasicCrystalCard"],"picked":"Go for the Eyes+1","floor":22.0}],"player_experience":216927,"relics_obtained":[{"floor":9.0,"key":"Bag of Marbles"},{"floor":10.0,"key":"Toy Ornithopter"},{"floor":24.0,"key":"Ring of Greed"},{"floor":24.0,"key":"ReplayTheSpireMod:Ring of Collecting"},{"floor":24.0,"key":"Blue Doll"},{"floor":24.0,"key":"Membership Card"},{"floor":26.0,"key":"Ring of Peace"},{"floor":26.0,"key":"Simple Rune"}],"event_choices":[{"damage_healed":0.0,"max_hp_gain":0.0,"max_hp_loss":0.0,"gold_gain":100.0,"event_name":"Golden Shrine","player_choice":"Pray","floor":2.0,"gold_loss":0.0,"damage_taken":0.0},{"damage_healed":0.0,"max_hp_gain":0.0,"max_hp_loss":6.0,"gold_gain":0.0,"event_name":"Golden Idol","player_choice":"Lose Max HP","floor":7.0,"gold_loss":0.0,"damage_taken":0.0,"relics_obtained":["Golden Idol"]},{"cards_removed":["Strike_B"],"damage_healed":0.0,"max_hp_gain":0.0,"max_hp_loss":0.0,"gold_gain":0.0,"event_name":"Purifier","player_choice":"Purged","floor":12.0,"gold_loss":0.0,"damage_taken":0.0},{"damage_healed":0.0,"max_hp_gain":0.0,"max_hp_loss":0.0,"gold_gain":0.0,"event_name":"Match and Keep!","player_choice":"0 cards matched","floor":25.0,"gold_loss":0.0,"damage_taken":0.0,"cards_obtained":[]}],"is_beta":false,"boss_relics":[{"not_picked":["hubris:BlackHole","Busted Crown"],"picked":"Replay:Drink Me"}],"items_purged_floors":[],"is_endless":false,"potions_floor_spawned":[3,10,14,22],"killed_by":"Centurion and Healer","ascension_level":0}}