{"host":"1tl36azeqm6yhdgj","time":1611281028,"event":{"mods":["AchievementEnabler","BaseMod","Minty Spire (QoL Compilation)","StSLib","The IronCluck","everything is the same but u backflip on backflip"],"gold_per_floor":[109,384,404,11,37,49,90,122,134,157,187,228,257,282,294,385,397,429,461,473,501,529,541,553,595,607,48,48,60,60,60,60,137,137,147,167,184,0,19,19,39,71,71,71,102,116,11,57,57,57,57,57],"floor_reached":51,"language":"ENG","playtime":2995,"items_purged":["Regret","Defend_R"],"score":1607,"play_id":"fbe0796a-771a-460f-8729-f2c2cbf80630","local_time":"20210121210348","is_ascension_mode":true,"campfire_choices":[{"data":"Jack Of All Trades","floor":6.0,"key":"SMITH"},{"floor":15.0,"key":"REST"},{"floor":23.0,"key":"REST"},{"data":"Limit Break","floor":28.0,"key":"SMITH"},{"floor":30.0,"key":"RECALL"},{"data":"Heavy Blade","floor":32.0,"key":"SMITH"},{"data":"Dark Embrace","floor":40.0,"key":"SMITH"},{"floor":49.0,"key":"REST"}],"circlet_count":0,"master_deck":["AscendersBane","Defend_R","Defend_R","Defend_R+1","Bash","Whirlwind","Inflame","Jack Of All Trades+1","Thunderclap","Disarm","Juggernaut","Flame Barrier+1","Metallicize","Limit Break+1","Impervious+1","Flex+1","Dropkick","Heavy Blade+1","Dark Embrace+1","Anger","Shrug It Off","Anger","Fiend Fire","Armaments+1","Offering","Feel No Pain","Battle Trance","Clash","Deep Breath"],"relics":["Burning Blood","NeowsBlessing","Vajra","MawBank","Ice Cream","Self Forming Clay","Bag of Marbles","Astrolabe","White Beast Statue","Toy Ornithopter","War Paint","ClockworkSouvenir","Busted Crown","Red Mask","Gremlin Horn","Peace Pipe","FossilizedHelix"],"acts_visited":["Exordium","TheCity","TheBeyond"],"potions_floor_usage":[51],"damage_taken":[{"damage":0.0,"enemies":"Small Slimes","floor":1.0,"turns":1.0},{"damage":0.0,"enemies":"Cultist","floor":3.0,"turns":1.0},{"damage":0.0,"enemies":"3 Sentries","floor":7.0,"turns":1.0},{"damage":14.0,"enemies":"Jaw Worm","floor":8.0,"turns":4.0},{"damage":35.0,"enemies":"Large Slime","floor":10.0,"turns":6.0},{"damage":7.0,"enemies":"Exordium Wildlife","floor":11.0,"turns":3.0},{"damage":19.0,"enemies":"Gremlin Nob","floor":12.0,"turns":4.0},{"damage":12.0,"enemies":"Gremlin Gang","floor":13.0,"turns":2.0},{"damage":2.0,"enemies":"Large Slime","floor":14.0,"turns":5.0},{"damage":28.0,"enemies":"The Guardian","floor":16.0,"turns":14.0},{"damage":22.0,"enemies":"3 Byrds","floor":18.0,"turns":5.0},{"damage":26.0,"enemies":"Chosen","floor":19.0,"turns":6.0},{"damage":13.0,"enemies":"Snake Plant","floor":21.0,"turns":3.0},{"damage":10.0,"enemies":"Cultist and Chosen","floor":22.0,"turns":5.0},{"damage":0.0,"enemies":"Slavers","floor":25.0,"turns":2.0},{"damage":6.0,"enemies":"3 Cultists","floor":29.0,"turns":4.0},{"damage":38.0,"enemies":"Automaton","floor":33.0,"turns":9.0},{"damage":11.0,"enemies":"Orb Walker","floor":35.0,"turns":3.0},{"damage":26.0,"enemies":"3 Shapes","floor":36.0,"turns":6.0},{"damage":6.0,"enemies":"Maw","floor":37.0,"turns":6.0},{"damage":21.0,"enemies":"Transient","floor":39.0,"turns":6.0},{"damage":6.0,"enemies":"4 Shapes","floor":41.0,"turns":5.0},{"damage":8.0,"enemies":"Nemesis","floor":42.0,"turns":3.0},{"damage":0.0,"enemies":"Reptomancer","floor":45.0,"turns":2.0},{"damage":6.0,"enemies":"Spire Growth","floor":46.0,"turns":4.0},{"damage":61.0,"enemies":"2 Orb Walkers","floor":48.0,"turns":7.0},{"damage":47.0,"enemies":"Donu and Deca","floor":50.0,"turns":7.0},{"damage":51,"enemies":"Time Eater","floor":51,"turns":5}],"seed_played":"1742266681665492037","potions_obtained":[{"floor":3.0,"key":"FearPotion"},{"floor":7.0,"key":"PowerPotion"},{"floor":11.0,"key":"SteroidPotion"},{"floor":12.0,"key":"FearPotion"},{"floor":18.0,"key":"Energy Potion"},{"floor":22.0,"key":"Explosive Potion"},{"floor":25.0,"key":"BloodPotion"},{"floor":29.0,"key":"ElixirPotion"},{"floor":33.0,"key":"Strength Potion"},{"floor":35.0,"key":"LiquidBronze"},{"floor":36.0,"key":"SpeedPotion"},{"floor":37.0,"key":"HeartOfIron"},{"floor":39.0,"key":"BlessingOfTheForge"},{"floor":41.0,"key":"BloodPotion"},{"floor":42.0,"key":"Swift Potion"},{"floor":45.0,"key":"Regen Potion"},{"floor":46.0,"key":"Regen Potion"},{"floor":48.0,"key":"BloodPotion"}],"is_trial":false,"path_per_floor":["M","?","M","$","T","R","E","M","T","M","M","E","M","M","R","B",null,"M","M","?","M","M","R","?","E","T","$","R","M","R","?","R","B",null,"M","M","M","?","M","R","M","E","T","?","E","M","$","?","R","B","B"],"character_chosen":"IRONCLAD","items_purchased":["Vajra","Jack Of All Trades","Thunderclap","War Paint","ClockworkSouvenir","BloodPotion","LiquidMemories","Deep Breath"],"campfire_rested":3,"item_purchase_floors":[4,4,4,27,27,27,27,47],"current_hp_per_floor":[74,74,75,75,75,75,75,67,67,38,37,24,18,22,44,22,62,46,26,26,19,15,37,37,43,43,63,63,68,68,68,68,36,65,75,60,65,65,55,55,75,75,75,75,75,75,75,49,71,30,0,0],"gold":57,"neow_bonus":"THREE_ENEMY_KILL","is_daily":false,"chose_seed":false,"campfire_upgraded":4,"win_rate":0.0,"timestamp":1611281028,"path_taken":["M","?","M","$","?","R","E","?","T","M","M","E","M","M","R","BOSS","M","M","?","M","M","R","?","E","T","?","R","?","R","?","R","BOSS","M","M","M","?","M","R","M","E","T","?","E","?","$","?","R","BOSS","BOSS"],"items_purchased_type":["Relic","Card","Card","Relic","Relic","Potion","Potion","Card"],"build_version":"2020-12-22","purchased_purges":2,"victory":false,"max_hp_per_floor":[75,75,75,75,75,75,75,75,75,75,75,75,75,75,75,75,75,75,75,75,75,75,75,75,75,75,75,75,75,75,75,75,75,75,75,75,75,75,75,75,75,75,75,75,75,75,75,75,75,75,75,75],"card_choices":[{"not_picked":["Iron Wave","Perfected Strike"],"picked":"Whirlwind","floor":1.0},{"not_picked":["Havoc","Shrug It Off"],"picked":"Inflame","floor":3.0},{"not_picked":["Ghostly Armor","Rampage"],"picked":"Disarm","floor":7.0},{"not_picked":["Perfected Strike","Rupture","Pommel Strike"],"picked":"SKIP","floor":8.0},{"not_picked":["True Grit","Pommel Strike","Armaments"],"picked":"SKIP","floor":10.0},{"not_picked":["Twin Strike","Havoc","True Grit"],"picked":"SKIP","floor":11.0},{"not_picked":["Twin Strike","Clothesline"],"picked":"Juggernaut","floor":12.0},{"not_picked":["Combust","Uppercut"],"picked":"Flame Barrier","floor":13.0},{"not_picked":["Cleave","Whirlwind"],"picked":"Metallicize","floor":14.0},{"not_picked":["Juggernaut","Corruption"],"picked":"Limit Break","floor":16.0},{"not_picked":["Headbutt","Sword Boomerang"],"picked":"Dropkick","floor":18.0},{"not_picked":["Headbutt","Pommel Strike"],"picked":"Heavy Blade","floor":19.0},{"not_picked":["Perfected Strike","Armaments"],"picked":"Shrug It Off","floor":21.0},{"not_picked":["Intimidate","Inflame"],"picked":"Anger","floor":22.0},{"not_picked":["Perfected Strike","Sever Soul"],"picked":"Fiend Fire","floor":25.0},{"not_picked":["Heavy Blade","Twin Strike"],"picked":"Armaments+1","floor":29.0},{"not_picked":["Fiend Fire","Impervious"],"picked":"Offering","floor":33.0},{"not_picked":[],"picked":"Feel No Pain","floor":35.0},{"not_picked":["Havoc"],"picked":"SKIP","floor":36.0},{"not_picked":[],"picked":"Battle Trance","floor":37.0},{"not_picked":["Anger+1"],"picked":"SKIP","floor":39.0},{"not_picked":["Sever Soul"],"picked":"SKIP","floor":41.0},{"not_picked":[],"picked":"Clash","floor":42.0},{"not_picked":["Flex"],"picked":"SKIP","floor":45.0},{"not_picked":["Dark Embrace"],"picked":"SKIP","floor":46.0}],"player_experience":2012374,"relics_obtained":[{"floor":5.0,"key":"MawBank"},{"floor":7.0,"key":"Ice Cream"},{"floor":9.0,"key":"Self Forming Clay"},{"floor":12.0,"key":"Bag of Marbles"},{"floor":25.0,"key":"White Beast Statue"},{"floor":26.0,"key":"Toy Ornithopter"},{"floor":42.0,"key":"Gremlin Horn"},{"floor":45.0,"key":"Peace Pipe"},{"floor":48.0,"key":"FossilizedHelix"}],"event_choices":[{"damage_healed":0.0,"max_hp_gain":0.0,"max_hp_loss":0.0,"gold_gain":275.0,"event_name":"Golden Shrine","player_choice":"Desecrate","floor":2.0,"gold_loss":0.0,"damage_taken":0.0,"cards_obtained":["Regret"]},{"damage_healed":0.0,"max_hp_gain":0.0,"max_hp_loss":0.0,"gold_gain":0.0,"cards_transformed":["Strike_R","Strike_R"],"event_name":"Drug Dealer","player_choice":"Became Test Subject","floor":20.0,"gold_loss":0.0,"damage_taken":0.0,"cards_obtained":["Dark Embrace","Anger"]},{"damage_healed":0.0,"max_hp_gain":0.0,"max_hp_loss":0.0,"gold_gain":0.0,"event_name":"Vampires","player_choice":"Ignored","floor":24.0,"gold_loss":0.0,"damage_taken":0.0},{"cards_removed":["Combust"],"damage_healed":0.0,"max_hp_gain":0.0,"max_hp_loss":0.0,"gold_gain":0.0,"event_name":"Back to Basics","player_choice":"Elegance","floor":31.0,"gold_loss":0.0,"damage_taken":0.0},{"damage_healed":0.0,"max_hp_gain":0.0,"max_hp_loss":0.0,"gold_gain":0.0,"event_name":"Tomb of Lord Red Mask","player_choice":"Paid","floor":38.0,"gold_loss":184.0,"damage_taken":0.0,"relics_obtained":["Red Mask"]},{"damage_healed":0.0,"max_hp_gain":0.0,"max_hp_loss":0.0,"gold_gain":0.0,"event_name":"Match and Keep!","player_choice":"0 cards matched","floor":44.0,"gold_loss":0.0,"damage_taken":0.0,"cards_obtained":[]},{"damage_healed":0.0,"max_hp_gain":0.0,"max_hp_loss":0.0,"gold_gain":0.0,"event_name":"Mysterious Sphere","player_choice":"Fight","floor":48.0,"gold_loss":0.0,"damage_taken":0.0}],"is_beta":false,"boss_relics":[{"not_picked":["SacredBark","Black Blood"],"picked":"Astrolabe"},{"not_picked":["Mark of Pain","Runic Dome"],"picked":"Busted Crown"}],"items_purged_floors":[4,27],"is_endless":false,"potions_floor_spawned":[3,7,11,12,18,22,25,29,33,35,36,37,39,41,42,45,46,48],"killed_by":"Time Eater","ascension_level":20}}