{"host":"oehe2dxjvdgux73m","time":1611321172,"event":{"mods":["AchievementEnabler","BaseMod","Colored Map","Colored Powertips","DeckTracker","Keyboard Shortcuts","Minty Spire (QoL Compilation)","Permanent Neow","Quick Restart","StSLib","SuperFastMode"],"gold_per_floor":[112,112,37,37,47,47,72,72,72,72,100,112,112,112,112,210,210,228,318,339,364,364,364],"floor_reached":22,"language":"KOR","playtime":670,"items_purged":["Strike_R"],"score":361,"play_id":"b080755a-5e37-4e11-8fa5-33037fd877be","local_time":"20210122221252","is_ascension_mode":true,"campfire_choices":[{"data":"Feed","floor":6.0,"key":"SMITH"},{"floor":10.0,"key":"REST"},{"data":"Shockwave","floor":15.0,"key":"SMITH"}],"circlet_count":0,"master_deck":["AscendersBane","Bash","Feed+1","Wild Strike","Headbutt","Ghostly Armor","Shockwave+1","Corruption+1","Exhume","Feed","Twin Strike","Reckless Charge","Bludgeon","Evolve+1","Whirlwind","Exhume","Armaments"],"relics":["Burning Blood","FaceOfCleric","Red Skull","Frozen Egg 2","Vajra","Golden Idol","Pandora\u0027s Box"],"acts_visited":["Exordium","TheCity"],"potions_floor_usage":[22],"damage_taken":[{"damage":0.0,"enemies":"Small Slimes","floor":1.0,"turns":4.0},{"damage":0.0,"enemies":"Cultist","floor":5.0,"turns":3.0},{"damage":66.0,"enemies":"Lagavulin","floor":7.0,"turns":7.0},{"damage":35.0,"enemies":"3 Sentries","floor":11.0,"turns":7.0},{"damage":2.0,"enemies":"Jaw Worm","floor":12.0,"turns":2.0},{"damage":22.0,"enemies":"Slime Boss","floor":16.0,"turns":9.0},{"damage":34,"enemies":"3 Byrds","floor":18,"turns":5},{"damage":14,"enemies":"2 Thieves","floor":20,"turns":3},{"damage":21,"enemies":"Cultist and Chosen","floor":21,"turns":5},{"damage":19,"enemies":"Snake Plant","floor":22,"turns":2}],"seed_played":"1375738830961241361","potions_obtained":[{"floor":12.0,"key":"EssenceOfSteel"},{"floor":16.0,"key":"ElixirPotion"},{"floor":21,"key":"EssenceOfSteel"}],"is_trial":false,"path_per_floor":["M","?","$","?","M","R","E","$","T","R","E","M","?","?","R","B",null,"M","?","M","M","M"],"character_chosen":"IRONCLAD","items_purchased":[],"campfire_rested":1,"item_purchase_floors":[],"current_hp_per_floor":[77,77,77,82,87,87,28,28,28,54,26,31,31,31,31,16,66,43,31,28,18,0,0],"gold":364,"neow_bonus":"ONE_RANDOM_RARE_CARD","is_daily":false,"chose_seed":false,"campfire_upgraded":2,"win_rate":0.0,"timestamp":1611321172,"path_taken":["M","?","?","?","M","R","E","$","T","R","E","M","?","?","R","BOSS","M","?","M","?","M"],"items_purchased_type":[],"build_version":"2020-12-22","purchased_purges":1,"victory":false,"max_hp_per_floor":[78,78,78,83,87,87,88,88,88,88,89,90,81,81,81,82,82,87,87,92,97,97,97],"card_choices":[{"not_picked":["Flex","Clothesline"],"picked":"Wild Strike","floor":1.0},{"not_picked":["Wild Strike","Cleave","Anger"],"picked":"SKIP","floor":5.0},{"not_picked":["Iron Wave","Exhume"],"picked":"Headbutt","floor":7.0},{"not_picked":["Heavy Blade","Sword Boomerang"],"picked":"Ghostly Armor","floor":11.0},{"not_picked":["Combust+1","Body Slam"],"picked":"Shockwave","floor":12.0},{"not_picked":["Feed","Brutality+1"],"picked":"Corruption+1","floor":16.0},{"not_picked":["Headbutt","Iron Wave+1","Wild Strike"],"picked":"SKIP","floor":18},{"not_picked":["Metallicize+1","Cleave"],"picked":"Armaments","floor":20},{"not_picked":["Warcry","Rupture+1","Pommel Strike"],"picked":"SKIP","floor":21}],"player_experience":297120,"relics_obtained":[{"floor":7.0,"key":"Red Skull"},{"floor":9.0,"key":"Frozen Egg 2"},{"floor":11.0,"key":"Vajra"}],"event_choices":[{"damage_healed":0.0,"max_hp_gain":0.0,"max_hp_loss":0.0,"gold_gain":0.0,"event_name":"FaceTrader","player_choice":"Trade","floor":2.0,"gold_loss":0.0,"damage_taken":0.0,"relics_obtained":["FaceOfCleric"]},{"damage_healed":0.0,"max_hp_gain":5.0,"max_hp_loss":0.0,"gold_gain":0.0,"event_name":"Big Fish","player_choice":"Donut","floor":4.0,"gold_loss":0.0,"damage_taken":0.0},{"damage_healed":0.0,"max_hp_gain":0.0,"max_hp_loss":9.0,"gold_gain":0.0,"event_name":"Golden Idol","player_choice":"Lose Max HP","floor":13.0,"gold_loss":0.0,"damage_taken":0.0,"relics_obtained":["Golden Idol"]},{"damage_healed":0.0,"max_hp_gain":0.0,"max_hp_loss":0.0,"gold_gain":0.0,"event_name":"Liars Game","player_choice":"Ignored","floor":14.0,"gold_loss":0.0,"damage_taken":0.0},{"damage_healed":0,"gold_gain":90,"player_choice":"GOLD ","damage_taken":12,"max_hp_gain":0,"max_hp_loss":0,"event_name":"Knowing Skull","floor":19,"potions_obtained":[],"gold_loss":0,"cards_obtained":[]}],"is_beta":false,"boss_relics":[{"not_picked":["Mark of Pain","Velvet Choker"],"picked":"Pandora\u0027s Box"}],"items_purged_floors":[3],"is_endless":false,"potions_floor_spawned":[12,16,21],"killed_by":"Snake Plant","ascension_level":15}}