{"host":"vb9tx51ayxprrw9u","time":1611303153,"event":{"mods":["AchievementEnabler","BaseMod","Colored Map","Colored Powertips","Highlight Path","Minty Spire (QoL Compilation)","StSLib"],"gold_per_floor":[118,118,118,136,136,136,176,176,176,199,74,115,115,115,115,244,244,267,192,216,12,28,67,90,90,116,135,135,168,80,95,95,218,218,237,237,570,583,583,583,603,6,75,75,93,120,134,149,149,149,149,149,46,78,78,78],"floor_reached":55,"language":"ENG","playtime":2843,"items_purged":["Defend_B","Strike_B","Defend_B","Dualcast+1","Pain"],"score":795,"play_id":"f6bcd875-c6b0-40e8-8907-618c3a46719c","local_time":"20210122021233","is_ascension_mode":false,"campfire_choices":[{"data":"Dualcast","floor":6,"key":"SMITH"},{"data":"Defragment","floor":13,"key":"SMITH"},{"data":"Coolheaded","floor":15,"key":"SMITH"},{"floor":28,"key":"RECALL"},{"floor":32,"key":"REST"},{"data":"Fission","floor":40,"key":"SMITH"},{"data":"Capacitor","floor":44,"key":"SMITH"},{"floor":49,"key":"REST"},{"data":"Multi-Cast","floor":52,"key":"SMITH"}],"circlet_count":0,"master_deck":["Strike_B","Defend_B","Zap+1","Defragment+1","Coolheaded+1","BootSequence","Streamline+1","Cold Snap+1","Reboot","Go for the Eyes+1","Blizzard+1","Streamline+1","Cold Snap+1","Cold Snap+1","Multi-Cast+1","Echo Form","Fission+1","Capacitor+1","Melter+1","Meteor Strike+1","Lockon+1","Self Repair+1","Streamline+1","Redo+1","Barrage+1","Rainbow"],"relics":["Cracked Core","NeowsBlessing","Cables","Molten Egg 2","Smiling Mask","Velvet Choker","Vajra","Ice Cream","Akabeko","Cursed Key","Symbiotic Virus","ClockworkSouvenir","HornCleat","Du-Vu Doll","Bottled Tornado"],"acts_visited":["Exordium","TheCity","TheBeyond","TheEnding"],"potions_floor_usage":[27,31,33,33,38,45,47,50,50,50],"damage_taken":[{"damage":0,"enemies":"2 Louse","floor":1,"turns":1},{"damage":0,"enemies":"Cultist","floor":4,"turns":1},{"damage":0,"enemies":"3 Sentries","floor":7,"turns":1},{"damage":3,"enemies":"Jaw Worm","floor":10,"turns":3},{"damage":15,"enemies":"Gremlin Nob","floor":12,"turns":4},{"damage":27,"enemies":"Hexaghost","floor":16,"turns":9},{"damage":2,"enemies":"Shell Parasite","floor":18,"turns":3},{"damage":10,"enemies":"2 Thieves","floor":20,"turns":4},{"damage":13,"enemies":"Snake Plant","floor":22,"turns":4},{"damage":0,"enemies":"Gremlin Leader","floor":23,"turns":7},{"damage":0,"enemies":"Centurion and Healer","floor":24,"turns":5},{"damage":9,"enemies":"Snecko","floor":27,"turns":3},{"damage":2,"enemies":"Book of Stabbing","floor":29,"turns":5},{"damage":7,"enemies":"Shelled Parasite and Fungi","floor":31,"turns":3},{"damage":14,"enemies":"Automaton","floor":33,"turns":9},{"damage":21,"enemies":"3 Shapes","floor":35,"turns":4},{"damage":21,"enemies":"3 Darklings","floor":38,"turns":3},{"damage":2,"enemies":"Transient","floor":41,"turns":5},{"damage":8,"enemies":"Jaw Worm Horde","floor":45,"turns":4},{"damage":44,"enemies":"Reptomancer","floor":46,"turns":6},{"damage":3,"enemies":"4 Shapes","floor":47,"turns":5},{"damage":2,"enemies":"Transient","floor":48,"turns":5},{"damage":37,"enemies":"Time Eater","floor":50,"turns":8},{"damage":27,"enemies":"Shield and Spear","floor":54,"turns":5},{"damage":64,"enemies":"The Heart","floor":55,"turns":8}],"seed_played":"-1762191788306514283","potions_obtained":[{"floor":1,"key":"BlessingOfTheForge"},{"floor":22,"key":"SpeedPotion"},{"floor":24,"key":"GamblersBrew"},{"floor":27,"key":"EssenceOfSteel"},{"floor":31,"key":"Ancient Potion"},{"floor":35,"key":"Swift Potion"},{"floor":46,"key":"Dexterity Potion"},{"floor":48,"key":"Weak Potion"}],"is_trial":false,"path_per_floor":["M","?","?","M","?","R","E","?","T","M","$","E","R","?","R","B",null,"M","?","M","$","M","E","M","?","T","M","R","E","$","M","R","B",null,"M","?","?","M","?","R","M","$","T","R","M","E","M","M","R","B",null,"R","$","E","B"],"character_chosen":"DEFECT","items_purchased":["Streamline+1","Vajra","Capacitor","Symbiotic Virus","ClockworkSouvenir","Fruit Juice","PowerPotion","Barrage+1"],"campfire_rested":2,"item_purchase_floors":[11,21,30,42,42,42,42,53],"current_hp_per_floor":[75,80,80,80,80,80,80,80,80,77,77,62,62,62,62,35,80,78,78,68,68,55,55,55,55,55,46,46,44,44,37,61,47,80,59,59,59,38,38,38,46,46,46,46,53,19,26,44,68,31,81,81,81,64,0,0],"gold":78,"neow_bonus":"THREE_ENEMY_KILL","is_daily":false,"chose_seed":false,"campfire_upgraded":6,"win_rate":0.0,"timestamp":1611303153,"path_taken":["M","?","?","?","?","R","E","?","T","M","$","E","R","?","R","BOSS","M","?","M","$","M","E","M","?","T","M","R","E","$","M","R","BOSS","M","?","?","M","?","R","M","$","T","R","M","E","M","M","R","BOSS","R","$","E","BOSS"],"items_purchased_type":["Card","Relic","Card","Relic","Relic","Potion","Potion","Card"],"build_version":"2020-12-22","purchased_purges":5,"victory":false,"max_hp_per_floor":[75,80,80,80,80,80,80,80,80,80,80,80,80,80,80,80,80,80,80,80,80,80,80,80,80,80,80,80,80,80,80,80,80,80,80,76,76,76,76,76,76,76,76,76,81,81,81,81,81,81,81,81,81,81,81,81],"card_choices":[{"not_picked":["Melter","Turbo","Leap"],"picked":"SKIP","floor":1},{"not_picked":["Leap","Hello World"],"picked":"Defragment","floor":4},{"not_picked":["Gash","Hello World"],"picked":"Coolheaded","floor":7},{"not_picked":["Coolheaded","Steam"],"picked":"BootSequence","floor":10},{"not_picked":["Chill","Amplify"],"picked":"Cold Snap+1","floor":12},{"not_picked":["Biased Cognition","Meteor Strike+1"],"picked":"Reboot","floor":16},{"not_picked":["FTL+1","Streamline+1"],"picked":"Go for the Eyes+1","floor":18},{"not_picked":["Gash+1","Sweeping Beam+1"],"picked":"Blizzard+1","floor":20},{"not_picked":["FTL+1","Compile Driver+1"],"picked":"Streamline+1","floor":22},{"not_picked":["Undo+1","FTL+1"],"picked":"Cold Snap+1","floor":23},{"not_picked":["Ball Lightning+1","Beam Cell+1"],"picked":"Cold Snap+1","floor":24},{"not_picked":["Darkness","Stack","White Noise"],"picked":"SKIP","floor":27},{"not_picked":["BootSequence","Chaos"],"picked":"Fission","floor":29},{"not_picked":["Rebound+1","Go for the Eyes+1"],"picked":"Melter+1","floor":31},{"not_picked":["Biased Cognition","Creative AI"],"picked":"Meteor Strike+1","floor":33},{"not_picked":["Gash+1","Skim+1"],"picked":"Lockon+1","floor":35},{"not_picked":["Loop","Ball Lightning+1"],"picked":"Self Repair+1","floor":38},{"not_picked":["Leap","Hologram+1","Gash+1"],"picked":"SKIP","floor":41},{"not_picked":["Redo+1","FTL+1"],"picked":"Streamline+1","floor":45},{"not_picked":["Fusion+1","Compile Driver+1","Go for the Eyes+1"],"picked":"SKIP","floor":46},{"not_picked":["Rebound+1","Beam Cell+1"],"picked":"Redo+1","floor":47},{"not_picked":["Stack","Chaos+1","Heatsinks+1"],"picked":"SKIP","floor":48},{"not_picked":["Force Field+1","Rainbow","Sweeping Beam+1"],"picked":"SKIP","floor":54},{"not_picked":["Force Field+1","Sweeping Beam+1"],"picked":"Rainbow","floor":54}],"player_experience":173089,"relics_obtained":[{"floor":7,"key":"Cables"},{"floor":9,"key":"Molten Egg 2"},{"floor":12,"key":"Smiling Mask"},{"floor":23,"key":"Ice Cream"},{"floor":29,"key":"Akabeko"},{"floor":43,"key":"HornCleat"},{"floor":46,"key":"Du-Vu Doll"},{"floor":54,"key":"Bottled Tornado"}],"event_choices":[{"damage_healed":0,"gold_gain":0,"player_choice":"Donut","damage_taken":0,"max_hp_gain":5,"max_hp_loss":0,"event_name":"Big Fish","floor":2,"gold_loss":0},{"damage_healed":0,"gold_gain":0,"player_choice":"Upgraded","damage_taken":0,"max_hp_gain":0,"max_hp_loss":0,"event_name":"Upgrade Shrine","floor":3,"gold_loss":0,"cards_upgraded":["Zap"]},{"damage_healed":0,"gold_gain":0,"player_choice":"Take Wound","damage_taken":0,"relics_obtained":["Golden Idol"],"max_hp_gain":0,"max_hp_loss":0,"event_name":"Golden Idol","floor":5,"gold_loss":0,"cards_obtained":["Injury"]},{"cards_removed":["Injury"],"damage_healed":0,"gold_gain":0,"player_choice":"Forget","damage_taken":0,"max_hp_gain":0,"max_hp_loss":0,"event_name":"Living Wall","floor":8,"gold_loss":0},{"damage_healed":0,"gold_gain":0,"player_choice":"Ignored","damage_taken":0,"max_hp_gain":0,"max_hp_loss":0,"event_name":"Liars Game","floor":14,"gold_loss":0},{"cards_removed":["Strike_B"],"damage_healed":0,"gold_gain":0,"player_choice":"Gave Gold","damage_taken":0,"max_hp_gain":0,"max_hp_loss":0,"event_name":"Beggar","floor":19,"gold_loss":75},{"damage_healed":0,"gold_gain":0,"cards_transformed":["Defend_B","Strike_B"],"player_choice":"Became Test Subject","damage_taken":0,"max_hp_gain":0,"max_hp_loss":0,"event_name":"Drug Dealer","floor":25,"gold_loss":0,"cards_obtained":["Multi-Cast","Echo Form"]},{"damage_healed":0,"gold_gain":0,"player_choice":"Max HP","damage_taken":0,"max_hp_gain":0,"max_hp_loss":4,"event_name":"Winding Halls","floor":36,"gold_loss":0},{"damage_healed":0,"gold_gain":333,"player_choice":"Gave Idol","damage_taken":0,"max_hp_gain":0,"max_hp_loss":0,"event_name":"The Moai Head","floor":37,"relics_lost":["Golden Idol"],"gold_loss":0},{"damage_healed":0,"gold_gain":0,"player_choice":"Ignored","damage_taken":0,"max_hp_gain":0,"max_hp_loss":0,"event_name":"Tomb of Lord Red Mask","floor":39,"gold_loss":0}],"is_beta":false,"boss_relics":[{"not_picked":["SacredBark","Ectoplasm"],"picked":"Velvet Choker"},{"not_picked":["Runic Dome","Empty Cage"],"picked":"Cursed Key"}],"items_purged_floors":[11,21,30,42,53],"is_endless":false,"potions_floor_spawned":[1,22,24,27,31,35,46,48],"killed_by":"The Heart","ascension_level":0}}