{"host":"70jy76jvzy076wi7","time":1611333729,"event":{"mods":["BaseMod","Better Third Choice","Infinite Spire","Library of Ruina","Library of Ruina Extra","Lobotomy","LobotomyExtend","Minty Spire (QoL Compilation)","Permanent Neow","Ryuuou¡˙Õı","Spicy Shops","StSLib"],"gold_per_floor":[118,136,136,149,0,0,35,50,50,50,50,70,70,82,82,186,186,202,49,64,80,35,65,65,97,97,97,128,128,46,31,31,130,130,130,145,145,158,181,209,227,227,227,227,239,254,254,279,279,279,279,279,279,39,68,68],"floor_reached":57,"language":"ZHS","playtime":4284,"items_purged":["Funeral","Doubt"],"score":1415,"play_id":"015d2857-bae3-4f38-add0-d5aa034801a4","local_time":"20210123004209","is_ascension_mode":true,"campfire_choices":[{"data":"SunsetBlade","floor":6.0,"key":"SMITH"},{"data":"SunsetBlade","floor":10.0,"key":"SMITH"},{"data":"ViolentFlame","floor":15.0,"key":"SMITH"},{"data":"ViolentFlame","floor":24.0,"key":"SMITH"},{"data":"UnforgettableMelody","floor":27.0,"key":"SMITH"},{"data":"RepressedFlesh","floor":32.0,"key":"SMITH"},{"data":"infinitespire:UltimateForm","floor":42.0,"key":"SMITH"},{"data":"BlazingStrike","floor":44.0,"key":"SMITH"},{"floor":49,"key":"RECALL"},{"data":"UnforgettableMelody","floor":53,"key":"SMITH"}],"circlet_count":0,"master_deck":["ApocalypseBird","PunishingBird","LongBird","BigBird","Woodsman","Mercenary","HereticApostle","QueenOfHatred","LightAttack","LightAttack","LightDefense","LightDefense","LightDefense","ChargeAndCover","SunsetBlade+1","VoidDream","ViolentFlame+1","RedShoes","IronWall","BlazingStrike+1","SunsetBlade+1","Freischutz","Reload+1","FierceCharge","ViolentFlame+1","UnforgettableMelody+1","RepressedFlesh+1","Blind+1","UnforgettableMelody+1","TieShanKao","SilentMist+1","Reload+1","infinitespire:UltimateForm+1","Parasite","BlackArmy","Faith+1","LeRegole+1"],"relics":["PageOfLibrarian","CogitoBucket","RabbitCall","LetterFromLob","ClockworkSouvenir","infinitespire:Eraser","Meat on the Bone","AspirationHeart","Amita_r","Cursed Key","SolemnVow_r","PageOfSingingMachine","SkinProphecy","Matryoshka","PageOfBloodbath","Bronze Scales","Toxic Egg 2","Tiny Chest","Gaze_r","Justitia_r","WantedRequest","PageOfTheQueenOfHatred","Philosopher\u0027s Stone","InTheNameOfLoveAndHate_r","Twilight","CrimsonScar_r","Lamp_r","TreeSap","AtMidnight","PageOfTheKnightOfDespair","PageOfGreed","PageOfWrath","Logging_r","PageOfNihil","PageOfForsakenMurderer","Letter Opener"],"acts_visited":["Exordium","TheCity","TheBeyond","TheEnding"],"potions_floor_usage":[56,56],"damage_taken":[{"damage":0.0,"enemies":"Jaw Worm","floor":1.0,"turns":4.0},{"damage":8.0,"enemies":"2 Louse","floor":2.0,"turns":3.0},{"damage":8.0,"enemies":"Small Slimes","floor":4.0,"turns":5.0},{"damage":31.0,"enemies":"Gremlin Nob","floor":7.0,"turns":5.0},{"damage":0.0,"enemies":"Blue Slaver","floor":8.0,"turns":5.0},{"damage":14.0,"enemies":"Looter","floor":12.0,"turns":8.0},{"damage":11.0,"enemies":"Exordium Wildlife","floor":14.0,"turns":11.0},{"damage":8.0,"enemies":"Hexaghost","floor":16.0,"turns":7.0},{"damage":4.0,"enemies":"Spheric Guardian","floor":18.0,"turns":6.0},{"damage":11.0,"enemies":"3 Byrds","floor":20.0,"turns":5.0},{"damage":11.0,"enemies":"Shelled Parasite and Fungi","floor":21.0,"turns":5.0},{"damage":0.0,"enemies":"Snecko","floor":22.0,"turns":2.0},{"damage":7.0,"enemies":"Book of Stabbing","floor":23.0,"turns":5.0},{"damage":14.0,"enemies":"Nightmare","floor":25.0,"turns":6.0},{"damage":12.0,"enemies":"Gremlin Leader","floor":28.0,"turns":4.0},{"damage":13.0,"enemies":"Gremlin Leader","floor":29.0,"turns":2.0},{"damage":45.0,"enemies":"Slavers","floor":31.0,"turns":8.0},{"damage":34.0,"enemies":"Collector","floor":33.0,"turns":4.0},{"damage":59.0,"enemies":"3 Shapes","floor":35.0,"turns":6.0},{"damage":29.0,"enemies":"3 Shapes","floor":36.0,"turns":5.0},{"damage":4.0,"enemies":"3 Darklings","floor":38.0,"turns":3.0},{"damage":35.0,"enemies":"Reptomancer","floor":40.0,"turns":1.0},{"damage":2.0,"enemies":"Spire Growth","floor":41.0,"turns":2.0},{"damage":28.0,"enemies":"Nemesis","floor":45.0,"turns":5.0},{"damage":9.0,"enemies":"Maw","floor":46.0,"turns":2.0},{"damage":44.0,"enemies":"Sphere and 2 Shapes","floor":47.0,"turns":5.0},{"damage":6.0,"enemies":"Nemesis","floor":48.0,"turns":3.0},{"damage":38,"enemies":"infinitespire:MassOfShapes","floor":50,"turns":6},{"damage":59,"enemies":"Shield and Spear","floor":55,"turns":3},{"damage":58,"enemies":"The Heart","floor":56,"turns":5}],"seed_played":"-4790892784466839325","potions_obtained":[{"floor":2.0,"key":"SteroidPotion"},{"floor":12.0,"key":"SpeedPotion"},{"floor":14.0,"key":"Strength Potion"},{"floor":23.0,"key":"DuplicationPotion"},{"floor":47.0,"key":"PowerPotion"}],"is_trial":false,"path_per_floor":["M","M","?","M","$","R","E","M","T","R","E","M","?","M","R","B",null,"M","$","M","M","M","E","R","NM","T","R","E","?","$","E","R","B",null,"M","M","AVR","M","T","E","M","R","T","R","E","M","M","E","R","B",null,null,"R","$","E","B",null],"character_chosen":"Librarian","items_purchased":["ClockworkSouvenir","PageOfSingingMachine","Blind+1","LeRegole+1"],"campfire_rested":0,"item_purchase_floors":[5,19,30,54],"current_hp_per_floor":[60,52,57,49,49,49,18,18,18,18,18,26,26,29,29,57,98,98,98,101,96,92,91,91,98,98,98,84,105,105,108,108,74,137,94,75,75,83,83,71,77,77,77,77,73,78,75,85,85,72,72,208,208,208,163,123],"gold":68,"neow_bonus":"","is_daily":false,"chose_seed":false,"campfire_upgraded":9,"win_rate":0.0,"timestamp":1611333729,"path_taken":["M","M","?","M","$","R","E","M","T","R","E","M","?","M","R","BOSS","M","?","M","M","M","E","R","NM","T","R","E","?","?","E","R","BOSS","M","?","AVR","M","?","E","M","R","T","R","E","M","M","E","R","BOSS","R","$","E","BOSS"],"items_purchased_type":["Relic","Relic","Card","Card"],"build_version":"2020-12-22","purchased_purges":2,"victory":true,"max_hp_per_floor":[74,74,79,79,79,79,79,75,75,75,75,85,85,97,97,98,98,100,100,103,106,109,113,113,117,117,117,121,124,124,133,133,137,137,147,158,158,168,168,173,176,176,176,176,186,189,200,203,203,208,208,208,208,208,218,221],"card_choices":[{"not_picked":["Wellcheers","FairyFestival","WhitesApple"],"picked":"Singing Bowl","floor":1.0},{"not_picked":["Outburst","SnakesPrey","WillOfThePrescript"],"picked":"SunsetBlade","floor":1.0},{"not_picked":["GalaxyChild","Woodsman"],"picked":"VoidDream","floor":2.0},{"not_picked":["GaleKick","WillBeTasty","DefenseOrder"],"picked":"ViolentFlame","floor":2.0},{"not_picked":["BigBird","SpiderBud","BeautyBeast"],"picked":"Singing Bowl","floor":4.0},{"not_picked":["FairyFestival","BeautyBeast"],"picked":"DespairKnight","floor":4.0},{"not_picked":["HighKick","Standoff","BlazingStrike"],"picked":"SunsetBlade","floor":4.0},{"not_picked":["Wellcheers","BeautyBeast","Murderer"],"picked":"Singing Bowl","floor":7.0},{"not_picked":["ShockingBlow","Punishment","SmokingPipe","GuardingStance"],"picked":"SKIP","floor":7.0},{"not_picked":["UniverseFragment","LittlePrince"],"picked":"PunishingBird","floor":8.0},{"not_picked":["Standoff","BackAttack","DefenseOrder","EnergyShield"],"picked":"SKIP","floor":8.0},{"not_picked":["Bloodbath","Porccubus","FairyFestival"],"picked":"Singing Bowl","floor":12.0},{"not_picked":["BeautyBeast","Wellcheers"],"picked":"RedShoes","floor":12.0},{"not_picked":["Diversion","BayonetCombat","GuidanceOfTheGears"],"picked":"IronWall","floor":12.0},{"not_picked":["Scarecrow","OldLady","CherryBlossoms"],"picked":"Singing Bowl","floor":14.0},{"not_picked":["LoosenUp","UnavoidableGaze","Creak","ClassAndRespect"],"picked":"SKIP","floor":14.0},{"not_picked":["Wellcheers","Yin"],"picked":"Funeral","floor":16.0},{"not_picked":["Punishment","ScratchThat"],"picked":"BlazingStrike","floor":16.0},{"not_picked":["DreamingCurrent","CherryBlossoms","Scorched"],"picked":"Singing Bowl","floor":18.0},{"not_picked":["QueenBee","BlackSwan"],"picked":"QueenOfHatred","floor":18.0},{"not_picked":["Creak","ForcefulGesture","SharpSwipe","SuppressingShot"],"picked":"SKIP","floor":18.0},{"not_picked":["OldLady","CherryBlossoms","SpiderBud"],"picked":"Singing Bowl","floor":20.0},{"not_picked":["AbsorbImpact","StructuralAnalysis","Reload"],"picked":"SunsetBlade+1","floor":20.0},{"not_picked":["BodiesMountain","SnowQueen"],"picked":"Freischutz","floor":21.0},{"not_picked":["UndertakePrescript+1","EnergyBeam","GuidanceOfTheGears+1"],"picked":"Reload+1","floor":21.0},{"not_picked":["SingingMachine","UniverseFragment","MHz"],"picked":"Singing Bowl","floor":22.0},{"not_picked":["Faith+1","SuppressingShot","AGoldenOpportunity"],"picked":"FierceCharge","floor":22.0},{"not_picked":["HeroicMonk","BlueStar","Porccubus"],"picked":"Singing Bowl","floor":23.0},{"not_picked":["SmokingPipe+1","ForcefulGesture","FierceCharge"],"picked":"ViolentFlame","floor":23.0},{"not_picked":["WhiteNight","OldLady","BeautyBeast"],"picked":"Singing Bowl","floor":25.0},{"not_picked":["BeautyBeast","SingingMachine"],"picked":"Mercenary","floor":25.0},{"not_picked":["TraceOfFumes","Standoff","ShrineToMusic"],"picked":"UnforgettableMelody","floor":25.0},{"not_picked":["FieryBird","Wellcheers"],"picked":"LongBird","floor":28.0},{"not_picked":["Reload+1","Execute_lor","HighKick"],"picked":"RepressedFlesh","floor":28.0},{"not_picked":["WhitesApple","HeroicMonk"],"picked":"BigBird","floor":31.0},{"not_picked":["Reload+1","ToWhereThePrescriptPoints+1","ProselytesBlade"],"picked":"UnforgettableMelody","floor":31.0},{"not_picked":["MeatLantern","Porccubus","OldLady"],"picked":"Singing Bowl","floor":33.0},{"not_picked":["UnforgettableMelody","BlazingStrike"],"picked":"TieShanKao","floor":33.0},{"not_picked":["ShyLook","DreamingCurrent","BeautyBeast"],"picked":"Singing Bowl","floor":35.0},{"not_picked":["SuppressingShot+1","Endure+1","HighKick+1"],"picked":"SilentMist+1","floor":35.0},{"not_picked":["CENSORED","Alriune","FieryBird"],"picked":"Singing Bowl","floor":36.0},{"not_picked":["Diversion","StructuralAnalysis+1","HighKick"],"picked":"Reload+1","floor":36.0},{"not_picked":["LittlePrince","BigBadWolf"],"picked":"Woodsman","floor":38.0},{"not_picked":["FocusFire","ShockRound+1","AsThePrescriptOrders+1","ViolentFlame"],"picked":"SKIP","floor":38.0},{"not_picked":["LittlePrince","UniverseFragment","WhitesApple"],"picked":"Singing Bowl","floor":40.0},{"not_picked":["ClassAndRespect","WillOfThePrescript+1","SharpSwipe","SunsetBlade"],"picked":"SKIP","floor":40.0},{"not_picked":["CherryBlossoms","Bloodbath","CENSORED"],"picked":"Singing Bowl","floor":41.0},{"not_picked":["IllEndYou","StructuralAnalysis+1","DefenseOrder+1","OpportunitySpotted"],"picked":"SKIP","floor":41.0},{"not_picked":["DreamingCurrent","Scarecrow"],"picked":"BlackArmy","floor":45.0},{"not_picked":["ShockingBlow","YouOnlyLiveOnce+1","BayonetCombat+1"],"picked":"Faith+1","floor":45.0},{"not_picked":["Laetitia","CrumblingArmor"],"picked":"WhiteNight","floor":46.0},{"not_picked":["Outburst+1","ChargeUp","StructuralAnalysis+1","ViolentFlame"],"picked":"SKIP","floor":46.0},{"not_picked":["Outburst+1","ChargeUp","StructuralAnalysis+1","ViolentFlame"],"picked":"SKIP","floor":46.0},{"not_picked":["GalaxyChild","DreamingCurrent","WallGazer"],"picked":"Singing Bowl","floor":47.0},{"not_picked":["WallGazer","Laetitia","FieryBird"],"picked":"Singing Bowl","floor":48.0},{"not_picked":["FocusFire+1","SnakesPrey+1","WillOfThePrescript+1","FierceCharge+1"],"picked":"SKIP","floor":48.0},{"not_picked":["LittlePrince","HeroicMonk","BlueStar"],"picked":"Singing Bowl","floor":55},{"not_picked":["FierceCharge+1","GuidanceOfTheGears+1","CutIn+1","ShockingBlow"],"picked":"SKIP","floor":55}],"player_experience":1628199,"relics_obtained":[{"floor":1.0,"key":"LetterFromLob"},{"floor":7.0,"key":"infinitespire:Eraser"},{"floor":9.0,"key":"Meat on the Bone"},{"floor":23.0,"key":"Matryoshka"},{"floor":25.0,"key":"PageOfBloodbath"},{"floor":26.0,"key":"Bronze Scales"},{"floor":26.0,"key":"Toxic Egg 2"},{"floor":28.0,"key":"Tiny Chest"},{"floor":31.0,"key":"PageOfTheQueenOfHatred"},{"floor":35.0,"key":"Twilight"},{"floor":36.0,"key":"AtMidnight"},{"floor":39.0,"key":"PageOfTheKnightOfDespair"},{"floor":40.0,"key":"PageOfGreed"},{"floor":43.0,"key":"PageOfWrath"},{"floor":45.0,"key":"PageOfNihil"},{"floor":48.0,"key":"PageOfForsakenMurderer"},{"floor":55,"key":"Letter Opener"}],"event_choices":[{"damage_healed":0.0,"max_hp_gain":5.0,"max_hp_loss":0.0,"gold_gain":0.0,"event_name":"Big Fish","player_choice":"Donut","floor":3.0,"gold_loss":0.0,"damage_taken":0.0},{"cards_removed":["LightDefense"],"damage_healed":0.0,"max_hp_gain":0.0,"max_hp_loss":0.0,"gold_gain":0.0,"event_name":"Bonfire Elementals","player_choice":"Offered Basic","floor":13.0,"gold_loss":0.0,"damage_taken":0.0}],"is_beta":false,"boss_relics":[{"not_picked":["Calling Bell","Empty Cage"],"picked":"Cursed Key"},{"not_picked":["Velvet Choker","SlaversCollar"],"picked":"Philosopher\u0027s Stone"}],"items_purged_floors":[19,54],"is_endless":false,"potions_floor_spawned":[2,12,14,20,23,29,31,38,40,46,47,55],"ascension_level":1}}