{"host":"wogey4gsknv4ot2d","time":1611298019,"event":{"mods":["2.2 Compatiblity","AchievementEnabler","Act Like it!","Alarm Clock","BaseMod","Bestiary","Better Match","Better Third Choice","Colored Map","Colored Powertips","Googly Eyes","Key Reminder","Minty Spire (QoL Compilation)","Permanent Neow","Rare Cards Sparkle","Relic Stats","Spicy Shops","StSLib"],"gold_per_floor":[117,136,136,211,9,35,46,75,75,134,99,99,116,169,169,264,264,284,7,106,106,64,64,81,81,108,124,151,151,151,182,182,182,182],"floor_reached":33,"language":"ENG","playtime":727,"items_purged":[],"score":307,"play_id":"2ef0c7af-0ced-4641-a7ee-4d00bd720adc","local_time":"20210122004659","is_ascension_mode":true,"campfire_choices":[{"floor":12,"key":"RECALL"},{"floor":15,"key":"REST"},{"data":"Deadly Poison","floor":23,"key":"SMITH"},{"floor":30,"key":"REST"},{"floor":32,"key":"REST"}],"circlet_count":0,"master_deck":["Strike_G","Strike_G+1","Strike_G","Strike_G+1","Strike_G","Defend_G","Defend_G","Defend_G","Defend_G","Defend_G","Survivor","Neutralize","Bane","Slice","Deadly Poison+1","Dagger Spray+1","Quick Slash+1","Heel Hook+1","Poisoned Stab+1","Die Die Die+1","PiercingWail","Dramatic Entrance+1","Slice+1","Necronomicurse","Quick Slash+1","Deflect+1"],"relics":["Ring of the Snake","Snake Skull","Molten Egg 2","Bottled Flame","keyreminder:keyreminder","Bottled Lightning","SacredBark","Membership Card","Pear","Necronomicon","Orichalcum","PreservedInsect","Sundial"],"acts_visited":["Exordium","TheCity"],"potions_floor_usage":[6,8,10,16,16,31,33],"damage_taken":[{"damage":1,"enemies":"Cultist","floor":1,"turns":4},{"damage":7,"enemies":"2 Louse","floor":2,"turns":3},{"damage":8,"enemies":"3 Sentries","floor":6,"turns":9},{"damage":1,"enemies":"Jaw Worm","floor":7,"turns":3},{"damage":6,"enemies":"Gremlin Nob","floor":8,"turns":3},{"damage":0,"enemies":"Gremlin Nob","floor":10,"turns":2},{"damage":4,"enemies":"Large Slime","floor":13,"turns":5},{"damage":45,"enemies":"The Guardian","floor":16,"turns":8},{"damage":16,"enemies":"Shell Parasite","floor":18,"turns":5},{"damage":22,"enemies":"3 Byrds","floor":24,"turns":4},{"damage":9,"enemies":"Snake Plant","floor":27,"turns":3},{"damage":14,"enemies":"Book of Stabbing","floor":31,"turns":3},{"damage":69,"enemies":"Automaton","floor":33,"turns":6}],"seed_played":"-6372227446980496078","potions_obtained":[{"floor":2,"key":"EssenceOfSteel"},{"floor":7,"key":"CultistPotion"},{"floor":10,"key":"Energy Potion"},{"floor":13,"key":"Swift Potion"},{"floor":18,"key":"Poison Potion"},{"floor":31,"key":"Explosive Potion"}],"is_trial":false,"path_per_floor":["M","M","?","?","$","E","M","E","T","?","?","R","M","?","R","B",null,"M","$","?","?","$","R","M","?","T","M","T","?","R","E","R","B"],"character_chosen":"THE_SILENT","items_purchased":["Snake Skull","Fire Potion","Membership Card","Pear","Dramatic Entrance+1"],"campfire_rested":3,"item_purchase_floors":[5,5,19,19,22],"current_hp_per_floor":[76,69,54,43,43,35,34,28,28,28,47,47,43,43,66,21,77,61,71,71,71,71,71,49,33,33,24,24,24,50,36,62,0,0],"gold":182,"neow_bonus":"TEN_PERCENT_HP_BONUS","is_daily":false,"chose_seed":false,"campfire_upgraded":1,"win_rate":0.0,"timestamp":1611298019,"path_taken":["M","?","?","?","$","E","M","E","T","?","?","R","?","?","R","BOSS","M","$","?","?","$","R","M","?","T","M","?","?","R","E","R","BOSS"],"items_purchased_type":["Relic","Potion","Relic","Relic","Card"],"build_version":"2020-12-22","purchased_purges":0,"victory":false,"max_hp_per_floor":[77,77,77,77,77,77,77,77,77,77,77,77,77,77,77,77,77,77,87,87,87,87,87,87,87,87,87,87,87,87,87,87,87,87],"relic_stats":{"counters":[13,58],"Sundial":[0],"Snake Skull":[20],"PreservedInsect":41,"Necronomicon":[0],"Orichalcum":[24],"obtain_stats":[{"Pear":19,"SacredBark":17,"Snake Skull":5,"PreservedInsect":28,"Orichalcum":26,"keyreminder:keyreminder":9,"Bottled Flame":8,"Sundial":31,"Molten Egg 2":6,"Necronomicon":25,"Bottled Lightning":10,"Membership Card":19,"Ring of the Snake":0},{"Pear":9,"SacredBark":8,"Snake Skull":2,"PreservedInsect":11,"Orichalcum":10,"keyreminder:keyreminder":5,"Bottled Flame":5,"Sundial":12,"Molten Egg 2":3,"Necronomicon":10,"Bottled Lightning":6,"Membership Card":9,"Ring of the Snake":0},{"Pear":42,"SacredBark":37,"Snake Skull":7,"PreservedInsect":49,"Orichalcum":46,"keyreminder:keyreminder":22,"Bottled Flame":22,"Sundial":52,"Molten Egg 2":16,"Necronomicon":46,"Bottled Lightning":24,"Membership Card":42,"Ring of the Snake":0}],"Ring of the Snake":[26]},"card_choices":[{"not_picked":["Acrobatics","Predator"],"picked":"Bane","floor":1},{"not_picked":["Underhanded Strike","Caltrops"],"picked":"Slice","floor":2},{"not_picked":["Unload+1","After Image"],"picked":"Deadly Poison","floor":6},{"not_picked":["Well Laid Plans","Footwork"],"picked":"Dagger Spray+1","floor":7},{"not_picked":["Crippling Poison","Outmaneuver"],"picked":"Quick Slash+1","floor":8},{"not_picked":["Dodge and Roll","Terror"],"picked":"Heel Hook+1","floor":10},{"not_picked":["Sucker Punch+1","Malaise"],"picked":"Poisoned Stab+1","floor":13},{"not_picked":["Glass Knife+1","Envenom"],"picked":"Die Die Die+1","floor":16},{"not_picked":["Acrobatics","Infinite Blades"],"picked":"PiercingWail","floor":18},{"not_picked":["Infinite Blades","Reflex"],"picked":"Slice+1","floor":24},{"not_picked":["After Image","Eviscerate+1"],"picked":"Quick Slash+1","floor":27},{"not_picked":["Acrobatics+1","After Image"],"picked":"Deflect+1","floor":31}],"player_experience":67875,"relics_obtained":[{"floor":6,"key":"Molten Egg 2"},{"floor":8,"key":"Bottled Flame"},{"floor":10,"key":"Bottled Lightning"},{"floor":25,"key":"Necronomicon"},{"floor":26,"key":"Orichalcum"},{"floor":28,"key":"PreservedInsect"},{"floor":31,"key":"Sundial"}],"event_choices":[{"damage_healed":69,"gold_gain":0,"player_choice":"Upgrade","damage_taken":15,"max_hp_gain":0,"max_hp_loss":77,"event_name":"betterThird:BetterShining","floor":3,"gold_loss":0,"cards_upgraded":["Strike_G","Strike_G"]},{"damage_healed":0,"gold_gain":75,"player_choice":"Gold","damage_taken":11,"max_hp_gain":0,"max_hp_loss":0,"event_name":"betterThird:BetterGoop","floor":4,"gold_loss":0},{"damage_healed":0,"gold_gain":0,"player_choice":"Searched \u00271\u0027 times","damage_taken":0,"max_hp_gain":0,"max_hp_loss":0,"event_name":"Dead Adventurer","floor":10,"gold_loss":0},{"damage_healed":19,"gold_gain":0,"player_choice":"Healed","damage_taken":0,"max_hp_gain":0,"max_hp_loss":0,"event_name":"The Cleric","floor":11,"gold_loss":35},{"damage_healed":0,"gold_gain":53,"player_choice":"Gained Gold","damage_taken":0,"max_hp_gain":0,"max_hp_loss":0,"event_name":"Golden Wing","floor":14,"gold_loss":0},{"damage_healed":0,"gold_gain":99,"player_choice":"Steal","damage_taken":0,"max_hp_gain":0,"max_hp_loss":0,"event_name":"betterThird:BetterNest","floor":20,"gold_loss":0},{"damage_healed":0,"gold_gain":0,"player_choice":"Ignored","damage_taken":0,"max_hp_gain":0,"max_hp_loss":0,"event_name":"Vampires","floor":21,"gold_loss":0},{"damage_healed":0,"gold_gain":0,"player_choice":"Obtained Book","damage_taken":16,"max_hp_gain":0,"max_hp_loss":0,"event_name":"Cursed Tome","floor":25,"gold_loss":0},{"damage_healed":0,"gold_gain":0,"player_choice":"Ignored","damage_taken":0,"max_hp_gain":0,"max_hp_loss":0,"event_name":"The Mausoleum","floor":29,"gold_loss":0}],"is_beta":false,"boss_relics":[{"not_picked":["Philosopher\u0027s Stone","Cursed Key"],"picked":"SacredBark"}],"items_purged_floors":[],"is_endless":false,"potions_floor_spawned":[2,7,10,13,18,24,31],"killed_by":"Automaton","ascension_level":1}}