{"host":"8i58hvcssdezoe94","time":1611299394,"event":{"mods":["Act Like it!","BaseMod","Colored Map","Conspire","Gensokyo","KinomotoSakuraMod(木之本樱)","Marisa（F雨　魔理沙）","Minty Spire (QoL Compilation)","Quick Restart","Remilia（蕾米莉亚）","Replay The Spire","StSLib","The Animator","The Bug Knight","The Construct","The Cursed","The Hierophant","The Jungle","The Servant 0.9.4"],"gold_per_floor":[109,3,20,20,20,20,39,39,87,298,615,635,663,675,675,675,675],"floor_reached":16,"language":"ZHS","playtime":637,"items_purged":[],"score":104,"play_id":"969b2189-7af7-4377-8c06-925e55d6c824","local_time":"20210122150954","is_ascension_mode":false,"campfire_choices":[{"floor":6,"key":"RECALL"},{"data":"Sunder","floor":8,"key":"SMITH"},{"data":"Streamline","floor":15,"key":"SMITH"}],"circlet_count":0,"master_deck":["Strike_B","Strike_B","Strike_B","Strike_B","Defend_B","Defend_B","Defend_B","Defend_B","Zap","Dualcast","Sunder+1","Conserve Battery","Cold Snap","Sweeping Beam","Rip and Tear","Streamline+1","Ball Lightning","Doom and Gloom"],"relics":["Cracked Core","NeowsBlessing","Oddly Smooth Stone","conspire:BottledYoYo"],"acts_visited":["Gensokyo:Gensokyo"],"potions_floor_usage":[],"damage_taken":[{"damage":0,"enemies":"Gensokyo:2_Kodama","floor":1,"turns":1},{"damage":0,"enemies":"Gensokyo:3_Fairies","floor":3,"turns":2},{"damage":0,"enemies":"Gensokyo:Python","floor":7,"turns":1},{"damage":8,"enemies":"Gensokyo:VengefulSpirit","floor":10,"turns":7},{"damage":15,"enemies":"Gensokyo:Kitsune","floor":11,"turns":5},{"damage":1,"enemies":"Gensokyo:Python_and_Kodama","floor":12,"turns":3},{"damage":27,"enemies":"Gensokyo:Aya","floor":13,"turns":6},{"damage":1,"enemies":"Gensokyo:5_Fairies","floor":14,"turns":4},{"damage":28,"enemies":"Gensokyo:Reimu","floor":16,"turns":5}],"seed_played":"-4414895533417565347","potions_obtained":[{"floor":7,"key":"Toxic Potion"},{"floor":10,"key":"SteroidPotion"},{"floor":12,"key":"Swift Potion"}],"is_trial":false,"path_per_floor":["M","COS","M","?","?","R","M","R","T","M","M","M","E","M","R","B"],"character_chosen":"DEFECT","items_purchased":[],"campfire_rested":0,"item_purchase_floors":[],"current_hp_per_floor":[75,75,75,75,75,75,75,75,75,67,52,51,24,23,23,0,0],"gold":675,"neow_bonus":"THREE_ENEMY_KILL","is_daily":false,"chose_seed":false,"campfire_upgraded":2,"win_rate":0.0,"timestamp":1611299394,"path_taken":["M","COS","M","?","?","R","?","R","T","M","M","?","E","M","R","BOSS"],"items_purchased_type":[],"build_version":"2020-12-22","purchased_purges":0,"victory":false,"max_hp_per_floor":[75,75,75,75,75,75,75,75,75,75,75,75,75,75,75,75,75],"card_choices":[{"not_picked":["Streamline","Conserve Battery"],"picked":"Sunder","floor":1},{"not_picked":["Compile Driver","Stack"],"picked":"Conserve Battery","floor":3},{"not_picked":["Stack","BasicCrystalCard"],"picked":"Cold Snap","floor":7},{"not_picked":["Redo","Cold Snap"],"picked":"Sweeping Beam","floor":10},{"not_picked":["Beam Cell","Force Field"],"picked":"Rip and Tear","floor":11},{"not_picked":["ReplayTheSpireMod:Reroute Power","Cold Snap"],"picked":"Streamline","floor":12},{"not_picked":["Crystallizer","Seek"],"picked":"Ball Lightning","floor":13},{"not_picked":["Coolheaded","Ball Lightning"],"picked":"Doom and Gloom","floor":14}],"player_experience":75331,"relics_obtained":[{"floor":13,"key":"conspire:BottledYoYo"}],"event_choices":[],"is_beta":false,"boss_relics":[],"items_purged_floors":[],"is_endless":false,"potions_floor_spawned":[7,10,12],"killed_by":"Gensokyo:Reimu","ascension_level":0}}