{"host":"6xsbn6ynqlzwllfm","time":1611325969,"event":{"mods":["2.2 Compatiblity","BaseMod","Bestiary","Colored Map","Colored Powertips","Curses Come First","Highlight Path","Keyboard Shortcuts","Minty Spire (QoL Compilation)","Quick Restart","Relic Stats","Slay the Relics Exporter","StSLib","SuperFastMode"],"gold_per_floor":[99,99,99,24,24,24,24,24,24,0,0,0,0,0,0,0,0],"floor_reached":16,"language":"ENG","playtime":482,"items_purged":["Strike_B"],"score":207,"play_id":"f41ac348-a544-45a9-81eb-b204f2566fa8","local_time":"20210122093249","is_ascension_mode":true,"campfire_choices":[{"data":"Zap","floor":7,"key":"SMITH"},{"floor":11,"key":"REST"},{"data":"Scrape","floor":13,"key":"SMITH"},{"data":"Reboot","floor":15,"key":"SMITH"}],"circlet_count":0,"master_deck":["AscendersBane","Strike_B","Strike_B","Defend_B","Defend_B","Defend_B","Defend_B","Zap+1","Dualcast","Streamline","Stack","Self Repair","Cold Snap","Scrape+1","Gash","Reboot+1","Undo","Gash"],"relics":["Ectoplasm","Gremlin Horn","Question Card","Bottled Lightning"],"acts_visited":["Exordium"],"potions_floor_usage":[16,16],"damage_taken":[{"damage":10,"enemies":"2 Louse","floor":1,"turns":2},{"damage":0,"enemies":"Cultist","floor":3,"turns":3},{"damage":4,"enemies":"Jaw Worm","floor":5,"turns":5},{"damage":22,"enemies":"3 Sentries","floor":6,"turns":11},{"damage":36,"enemies":"Gremlin Nob","floor":8,"turns":5},{"damage":6,"enemies":"Looter","floor":10,"turns":3},{"damage":12,"enemies":"Exordium Wildlife","floor":12,"turns":4},{"damage":0,"enemies":"Blue Slaver","floor":14,"turns":3},{"damage":31,"enemies":"The Guardian","floor":16,"turns":7}],"seed_played":"-2673723110818518793","potions_obtained":[{"floor":8,"key":"BlessingOfTheForge"},{"floor":12,"key":"DistilledChaos"}],"is_trial":false,"path_per_floor":["M","?","M","$","M","E","R","E","T","M","R","M","R","M","R","B"],"character_chosen":"DEFECT","items_purchased":[],"campfire_rested":1,"item_purchase_floors":[],"current_hp_per_floor":[54,54,54,54,57,42,42,13,13,14,35,30,30,30,30,0,0],"gold":0,"neow_bonus":"BOSS_RELIC","is_daily":false,"chose_seed":false,"campfire_upgraded":3,"win_rate":0.0,"timestamp":1611325969,"path_taken":["M","?","M","$","M","E","R","E","T","M","R","M","R","?","R","BOSS"],"items_purchased_type":[],"build_version":"2020-12-22","purchased_purges":1,"victory":false,"max_hp_per_floor":[71,71,71,71,71,71,71,71,71,71,71,71,71,71,71,71,71],"relic_stats":{"Gremlin Horn":[1,1],"counters":[9,43],"Ectoplasm":167,"Question Card":3,"obtain_stats":[{"Gremlin Horn":6,"Ectoplasm":0,"Bottled Lightning":9,"Cracked Core":0,"Question Card":8},{"Gremlin Horn":4,"Ectoplasm":0,"Bottled Lightning":5,"Cracked Core":0,"Question Card":5},{"Gremlin Horn":21,"Ectoplasm":0,"Bottled Lightning":26,"Cracked Core":0,"Question Card":26}]},"card_choices":[{"not_picked":["Redo","Stack"],"picked":"Streamline","floor":1},{"not_picked":["Beam Cell","Streamline"],"picked":"Self Repair","floor":3},{"not_picked":["Aggregate","Stack"],"picked":"Cold Snap","floor":5},{"not_picked":["BootSequence","Turbo"],"picked":"Scrape","floor":6},{"not_picked":["Redo","Lockon"],"picked":"Gash","floor":8},{"not_picked":["Gash","Conserve Battery","Reinforced Body"],"picked":"Reboot","floor":10},{"not_picked":["Barrage","Sweeping Beam","Hologram"],"picked":"Undo","floor":12},{"not_picked":["Reprogram","Rebound","Compile Driver"],"picked":"Gash","floor":14}],"player_experience":1079278,"relics_obtained":[{"floor":6,"key":"Gremlin Horn"},{"floor":8,"key":"Question Card"},{"floor":9,"key":"Bottled Lightning"}],"event_choices":[{"damage_healed":0,"gold_gain":0,"cards_transformed":["Strike_B"],"player_choice":"Transformed","damage_taken":0,"max_hp_gain":0,"max_hp_loss":0,"event_name":"Transmorgrifier","floor":2,"gold_loss":0,"cards_obtained":["Stack"]}],"is_beta":false,"boss_relics":[],"items_purged_floors":[4],"is_endless":false,"potions_floor_spawned":[8,12,14],"killed_by":"The Guardian","ascension_level":17}}