{"host":"9viy3memdfgcf4vy","time":1611344602,"event":{"mods":["BaseMod","Colored Map","Downfall","Minty Spire (QoL Compilation)","StSLib"],"gold_per_floor":[0,11,11,22,22,54,54,135,169,69,84,84,9,22,33,131,131,131,141,141,155,60,88,170,70,99,133,153,153,153,153,173,277,277,277,296,307,327,377,377,402,434,444,152,52,84,84,135,152,152,152,177,17,17,17,17],"floor_reached":57,"language":"ENG","playtime":5688,"items_purged":["downfall:Malfunctioning","champ:Defend","Parasite"],"score":1615,"play_id":"25c05220-1b2e-4a4b-960b-ff9bee516924","local_time":"20210122214322","is_ascension_mode":true,"campfire_choices":[{"floor":1,"key":"RECALL"},{"data":"champ:PerfectedStrike","floor":10,"key":"SMITH"},{"floor":12,"key":"REST"},{"data":"champ:StrikeOfGenius","floor":18,"key":"SMITH"},{"data":"champ:GladiatorForm","floor":25,"key":"SMITH"},{"data":"champ:PerfectedStrike","floor":29,"key":"SMITH"},{"data":"champ:ArenaPreparation","floor":35,"key":"SMITH"},{"data":"champ:FlashCut","floor":40,"key":"SMITH"},{"floor":45,"key":"DIG"},{"floor":54,"key":"DIG"}],"circlet_count":0,"master_deck":["champ:Strike","champ:Strike+1","champ:Strike","champ:Strike","champ:Defend","champ:Defend","champ:Defend+1","champ:Execute","champ:Taunt+1","champ:BladeFlurry","champ:StanceDance","champ:PerfectedStrike+1","champ:ArenaPreparation+1","champ:GladiatorForm+1","champ:PerfectedStrike+1","champ:FocusedDefense","champ:FocusedDefense","champ:StrikeOfGenius+1","champ:FlashCut+1","champ:FlashCut+1","champ:FaceSlap+1","champ:PreemptiveStrike+1","champ:FlashCut+1","champ:Devastate+1","champ:CalledShot+1","champ:PerfectedStrike+1","champ:FlashCut+1","champ:Devastate+1","champ:PerfectedStrike+1"],"relics":["champ:ChampionCrown","Ice Cream","champ:SignatureFinisher","Nunchaku","Matryoshka","Darkstone Periapt","The Courier","White Beast Statue","downfall:HeartBlessingRed","champ:PowerArmor","Ancient Tea Set","Bottled Flame","Juzu Bracelet","Molten Egg 2","downfall:HeartBlessingGreen","Singing Bowl","Red Mask","Sozu","Incense Burner","Mummified Hand","champ:DuelingGlove","Shovel","downfall:HeartBlessingBlue","HornCleat","Lizard Tail","Bird Faced Urn","PreservedInsect","Lantern","Sundial"],"acts_visited":["Exordium","TheCity","TheBeyond","TheEnding"],"potions_floor_usage":[23,26,56,56,56],"damage_taken":[{"damage":11,"enemies":"Cultist","floor":2,"turns":3},{"damage":10,"enemies":"Small Slimes","floor":4,"turns":3},{"damage":27,"enemies":"Gremlin Nob","floor":6,"turns":4},{"damage":19,"enemies":"Lagavulin","floor":9,"turns":6},{"damage":10,"enemies":"Jaw Worm","floor":11,"turns":3},{"damage":25,"enemies":"downfall:FleeingMerchant","floor":13,"turns":4},{"damage":8,"enemies":"Red Slaver","floor":14,"turns":2},{"damage":10,"enemies":"Exordium Wildlife","floor":15,"turns":3},{"damage":32,"enemies":"IC_STATUS_ARCHETYPE","floor":16,"turns":6},{"damage":13,"enemies":"3 Byrds","floor":19,"turns":4},{"damage":0,"enemies":"Chosen","floor":21,"turns":4},{"damage":15,"enemies":"downfall:FleeingMerchant","floor":22,"turns":4},{"damage":20,"enemies":"Gremlin Leader","floor":23,"turns":4},{"damage":20,"enemies":"Book of Stabbing","floor":26,"turns":3},{"damage":0,"enemies":"Masked Bandits","floor":27,"turns":2},{"damage":5,"enemies":"3 Cultists","floor":28,"turns":3},{"damage":6,"enemies":"Cultist and Chosen","floor":32,"turns":2},{"damage":14,"enemies":"WA_ARCHETYPE_CALM","floor":33,"turns":5},{"damage":0,"enemies":"3 Darklings","floor":36,"turns":3},{"damage":10,"enemies":"3 Shapes","floor":37,"turns":2},{"damage":31,"enemies":"Writhing Mass","floor":38,"turns":4},{"damage":11,"enemies":"Writhing Mass","floor":39,"turns":5},{"damage":20,"enemies":"Giant Head","floor":42,"turns":4},{"damage":10,"enemies":"3 Darklings","floor":43,"turns":3},{"damage":15,"enemies":"downfall:FleeingMerchant","floor":44,"turns":4},{"damage":15,"enemies":"Reptomancer","floor":46,"turns":3},{"damage":10,"enemies":"2 Orb Walkers","floor":48,"turns":2},{"damage":10,"enemies":"Transient","floor":49,"turns":5},{"damage":0,"enemies":"DF_ARCHETYPE_ORBS","floor":50,"turns":5},{"damage":20,"enemies":"downfall:CharBossMerchant","floor":52,"turns":5},{"damage":36,"enemies":"downfall:NeowBoss","floor":55,"turns":11},{"damage":27,"enemies":"downfall:NeowBossFinal","floor":56,"turns":5}],"seed_played":"934495609280672877","potions_obtained":[{"floor":2,"key":"Dexterity Potion"},{"floor":6,"key":"champ:TechniquePotion"},{"floor":11,"key":"Fire Potion"},{"floor":13,"key":"SkillPotion"},{"floor":14,"key":"PowerPotion"},{"floor":23,"key":"Explosive Potion"},{"floor":26,"key":"Explosive Potion"},{"floor":27,"key":"Block Potion"},{"floor":32,"key":"DistilledChaos"}],"is_trial":false,"path_per_floor":["R","M","?","M","?","E","T","T","E","R","M","R","$","M","M","B",null,"R","M","?","M","$","E","T","R","E","?","M","R","?","?","M","B",null,"R","M","M","M","?","R","T","E","M","$","R","E","$","?","M","B",null,"E","$","R","B","B",null],"character_chosen":"THE_CHAMP","items_purchased":["champ:DuelingGlove","champ:PerfectedStrike+1","Shovel","champ:PerfectedStrike+1","Lantern"],"campfire_rested":1,"item_purchase_floors":[44,44,44,53,53],"current_hp_per_floor":[90,89,77,77,77,60,60,60,41,41,41,68,68,60,60,43,90,90,87,87,87,87,87,87,87,89,91,91,91,91,91,87,83,96,96,98,100,95,96,96,96,98,100,102,112,114,114,114,120,122,125,125,125,125,111,108],"gold":17,"neow_bonus":"ONE_RARE_RELIC","is_daily":false,"chose_seed":false,"campfire_upgraded":6,"win_rate":0.0,"timestamp":1611344602,"path_taken":["R","M","?","M","?","E","T","?","E","R","M","R","$","?","M","BOSS","R","M","?","?","$","E","T","R","E","?","M","R","?","?","M","BOSS","R","M","M","M","?","R","T","E","M","$","R","E","$","?","M","BOSS","E","$","R","BOSS","BOSS"],"items_purchased_type":["Relic","Card","Relic","Card","Relic"],"build_version":"2020-12-22","purchased_purges":3,"victory":true,"max_hp_per_floor":[90,90,90,90,90,90,90,90,90,90,90,90,90,90,90,90,90,90,90,90,90,90,90,90,90,92,94,94,94,94,94,96,96,96,96,98,100,106,108,108,108,110,112,111,121,123,123,123,125,125,125,125,125,125,125,125],"card_choices":[{"not_picked":["champ:DeathBlow","champ:Haymaker"],"picked":"champ:BladeFlurry","floor":2},{"not_picked":["champ:Backstep","champ:CrownThrow"],"picked":"champ:StanceDance","floor":4},{"not_picked":["champ:SteelEdge","champ:PreemptiveStrike"],"picked":"champ:PerfectedStrike","floor":6},{"not_picked":["champ:ShieldSlam","champ:DefensiveShout"],"picked":"champ:ArenaPreparation","floor":9},{"not_picked":["champ:BerserkersShout","champ:Backstep"],"picked":"champ:GladiatorForm","floor":11},{"not_picked":["champ:Haymaker","champ:Circumvent"],"picked":"champ:PerfectedStrike","floor":13},{"not_picked":["champ:GutPunch","champ:RecklessLeap"],"picked":"champ:FocusedDefense","floor":14},{"not_picked":["champ:CrownThrow","champ:FanOfKnives"],"picked":"champ:FocusedDefense","floor":15},{"not_picked":["champ:Devastate","champ:GladiatorForm"],"picked":"champ:StrikeOfGenius","floor":16},{"not_picked":["champ:ShieldSigil","champ:RecklessLeap"],"picked":"champ:FlashCut+1","floor":19},{"not_picked":["champ:SkillfulDodge","champ:PreciseThrust"],"picked":"champ:FlashCut","floor":21},{"not_picked":["champ:ViciousMockery","champ:AdrenalArmor"],"picked":"champ:FaceSlap+1","floor":22},{"not_picked":["champ:DefensiveShout","champ:BringItOn"],"picked":"champ:PreemptiveStrike+1","floor":23},{"not_picked":["champ:Backstep","champ:Encircle+1","champ:GutPunch+1"],"picked":"Singing Bowl","floor":26},{"not_picked":["champ:CrownThrow+1","champ:FanOfKnives+1","champ:BladeFlurry+1"],"picked":"Singing Bowl","floor":27},{"not_picked":["champ:CrownThrow+1","champ:Haymaker+1"],"picked":"champ:FlashCut+1","floor":28},{"not_picked":["champ:SetATrap+1","champ:CrownThrow+1","champ:ShieldSigil"],"picked":"Singing Bowl","floor":32},{"not_picked":["champ:HoldFirm","champ:DancingMaster"],"picked":"champ:Devastate+1","floor":33},{"not_picked":["champ:AdrenalArmor","champ:RecklessLeap+1","champ:EndlessRage+1"],"picked":"Singing Bowl","floor":36},{"not_picked":["champ:DefensiveShout+1","champ:BerserkersShout","champ:RapidStrikes+1"],"picked":"Singing Bowl","floor":37},{"not_picked":["champ:Shatter+1","champ:DefensiveShout"],"picked":"champ:CalledShot+1","floor":38},{"not_picked":["champ:BerserkersShout+1","champ:SetATrap+1","champ:EnGarde+1"],"picked":"Singing Bowl","floor":39},{"not_picked":["champ:SetATrap","champ:Shatter+1","champ:EnchantSword"],"picked":"Singing Bowl","floor":42},{"not_picked":["champ:Endure+1","champ:ViciousMockery","champ:EnGarde+1"],"picked":"Singing Bowl","floor":43},{"not_picked":["champ:Circumvent","champ:Haymaker+1","champ:SwordSigil+1"],"picked":"Singing Bowl","floor":44},{"not_picked":["champ:EndlessRage+1","champ:BerserkersShout","champ:Endure+1"],"picked":"Singing Bowl","floor":46},{"not_picked":["champ:ShieldSigil+1","champ:FancyFootwork+1"],"picked":"champ:FlashCut+1","floor":48},{"not_picked":["champ:FancyFootwork","champ:Backstep","champ:EndlessRage+1"],"picked":"Singing Bowl","floor":49},{"not_picked":["champ:Parry+1","champ:GutPunch+1"],"picked":"champ:Devastate+1","floor":52}],"player_experience":363095,"relics_obtained":[{"floor":6,"key":"Nunchaku"},{"floor":7,"key":"Matryoshka"},{"floor":8,"key":"Darkstone Periapt"},{"floor":8,"key":"The Courier"},{"floor":9,"key":"White Beast Statue"},{"floor":20,"key":"Ancient Tea Set"},{"floor":23,"key":"Bottled Flame"},{"floor":24,"key":"Juzu Bracelet"},{"floor":24,"key":"Molten Egg 2"},{"floor":26,"key":"Singing Bowl"},{"floor":27,"key":"Red Mask"},{"floor":39,"key":"Incense Burner"},{"floor":42,"key":"Mummified Hand"},{"floor":45,"key":"HornCleat"},{"floor":46,"key":"Lizard Tail"},{"floor":48,"key":"Bird Faced Urn"},{"floor":52,"key":"PreservedInsect"},{"floor":54,"key":"Sundial"}],"event_choices":[{"damage_healed":0,"gold_gain":0,"player_choice":"Success","damage_taken":12,"relics_obtained":["champ:SignatureFinisher"],"max_hp_gain":0,"max_hp_loss":0,"event_name":"Scrap Ooze","floor":3,"gold_loss":0},{"damage_healed":0,"gold_gain":0,"player_choice":"Relic","damage_taken":0,"max_hp_gain":0,"max_hp_loss":0,"event_name":"Wheel of Change","floor":20,"gold_loss":0},{"damage_healed":0,"gold_gain":0,"player_choice":"Fought Bandits","damage_taken":0,"max_hp_gain":0,"max_hp_loss":0,"event_name":"Masked Bandits","floor":27,"gold_loss":0},{"damage_healed":0,"gold_gain":0,"player_choice":"Ignored","damage_taken":0,"max_hp_gain":0,"max_hp_loss":0,"event_name":"Vampires","floor":31,"gold_loss":0},{"damage_healed":0,"gold_gain":0,"player_choice":"Fight","damage_taken":0,"max_hp_gain":0,"max_hp_loss":0,"event_name":"Mysterious Sphere","floor":48,"gold_loss":0}],"is_beta":false,"boss_relics":[{"not_picked":["SlaversCollar","Snecko Eye"],"picked":"champ:PowerArmor"},{"not_picked":["SacredBark","Runic Dome"],"picked":"Sozu"}],"items_purged_floors":[13,22,44],"is_endless":false,"potions_floor_spawned":[2,6,11,13,14,15,16,19,21,22,23,26,27,28,32,33,36,37,38,39,42,43,44,46,48,49,52],"ascension_level":1}}