{"host":"gfmw02tnhhvp9jba","time":1611345106,"event":{"mods":["AchievementEnabler","BaseMod","Colored Map","Downfall","Highlight Path","Minty Spire (QoL Compilation)","StSLib"],"gold_per_floor":[99,116,136,136,236,247,247,270,10,23,49,64,83,83,93,93,93,93],"floor_reached":16,"language":"ENG","playtime":725,"items_purged":[],"score":109,"play_id":"a2a98915-a83d-44a1-9ed0-293616a2ac8c","local_time":"20210122205146","is_ascension_mode":true,"campfire_choices":[{"data":"Slimebound:Split","floor":1,"key":"SMITH"}],"circlet_count":0,"master_deck":["Slimebound:Strike_Slimebound","Slimebound:Strike_Slimebound","Slimebound:Tackle","Slimebound:Defend_Slimebound","Slimebound:Defend_Slimebound","Slimebound:Defend_Slimebound","Slimebound:Defend_Slimebound","Slimebound:Split+1","Slimebound:CorrosiveSpit","Impatience","Slimebound:SamplingLick","Slimebound:Schlurp","Slimebound:LeechEnergy","Slimebound:MinionMaster","Slimebound:Repurpose","Slimebound:SlimeBarrage","Slimebound:SpikyOuterGoop","Slimebound:PressTheAttack","Slimebound:SplitMire","Slimebound:Equalize"],"relics":["Slimebound:AbsorbEndCombat","Happy Flower","The Courier","Prayer Wheel","Vajra"],"acts_visited":["Exordium"],"potions_floor_usage":[11,12],"damage_taken":[{"damage":3,"enemies":"Jaw Worm","floor":2,"turns":4},{"damage":6,"enemies":"Small Slimes","floor":3,"turns":4},{"damage":0,"enemies":"2 Louse","floor":6,"turns":3},{"damage":6,"enemies":"downfall:FleeingMerchant","floor":9,"turns":4},{"damage":17,"enemies":"Lots of Slimes","floor":10,"turns":4},{"damage":28,"enemies":"Gremlin Nob","floor":11,"turns":4},{"damage":13,"enemies":"Gremlin Gang","floor":12,"turns":4},{"damage":2,"enemies":"2 Fungi Beasts","floor":13,"turns":3},{"damage":6,"enemies":"Exordium Thugs","floor":15,"turns":4},{"damage":24,"enemies":"WA_ARCHETYPE_RETAIN","floor":16,"turns":4}],"seed_played":"4057494984693384214","potions_obtained":[{"floor":3,"key":"AttackPotion"},{"floor":10,"key":"Fire Potion"}],"is_trial":false,"path_per_floor":["R","M","M","?","?","M","T","T","$","M","E","M","M","?","M","B"],"character_chosen":"SLIMEBOUND","items_purchased":["Prayer Wheel"],"campfire_rested":0,"item_purchase_floors":[9],"current_hp_per_floor":[65,65,61,43,43,45,45,45,45,34,14,3,5,5,15,0,0,0],"gold":93,"neow_bonus":"RANDOM_COLORLESS","is_daily":false,"chose_seed":false,"campfire_upgraded":1,"win_rate":0.0,"timestamp":1611345106,"path_taken":["R","M","M","?","?","M","T","?","$","M","E","M","M","?","M","BOSS"],"items_purchased_type":["Relic"],"build_version":"2020-12-22","purchased_purges":0,"victory":false,"max_hp_per_floor":[65,65,65,65,65,65,65,65,65,65,65,65,65,65,65,65,65,65],"card_choices":[{"not_picked":["Purity","Discovery"],"picked":"Impatience","floor":0},{"not_picked":["Slimebound:Gluttony","Slimebound:Dissolve"],"picked":"Slimebound:SamplingLick","floor":2},{"not_picked":["Slimebound:LeechingTouch","Slimebound:FinishingTackle"],"picked":"Slimebound:Schlurp","floor":3},{"not_picked":["Slimebound:ComboTackle","Slimebound:ViciousTackle"],"picked":"Slimebound:LeechEnergy","floor":6},{"not_picked":["Slimebound:SlimeSpikes","Slimebound:TongueLash"],"picked":"Slimebound:MinionMaster","floor":9},{"not_picked":["Slimebound:GrowthPunch","Slimebound:Prepare"],"picked":"Slimebound:Repurpose","floor":10},{"not_picked":["Slimebound:DivideAndConquer","Slimebound:FinishingTackle"],"picked":"Slimebound:SlimeBarrage","floor":10},{"not_picked":["Slimebound:Schlurp","Slimebound:ItLooksTasty","Slimebound:FinishingTackle"],"picked":"SKIP","floor":11},{"not_picked":["Slimebound:HauntingLick","Slimebound:GoopTackle"],"picked":"Slimebound:SpikyOuterGoop","floor":12},{"not_picked":["Slimebound:FinishingTackle","Slimebound:GoopSpray"],"picked":"Slimebound:PressTheAttack","floor":12},{"not_picked":["Slimebound:ComboTackle","Slimebound:Repurpose"],"picked":"Slimebound:SplitMire","floor":13},{"not_picked":["Slimebound:SpikyOuterGoop","Slimebound:Repurpose"],"picked":"Slimebound:Equalize","floor":13},{"not_picked":["Slimebound:LeechEnergy","Slimebound:HauntingLick","Slimebound:Schlurp"],"picked":"SKIP","floor":15},{"not_picked":["Slimebound:Dissolve","Slimebound:ItLooksTasty","Slimebound:HauntingLick"],"picked":"SKIP","floor":15}],"player_experience":53235,"relics_obtained":[{"floor":7,"key":"The Courier"},{"floor":11,"key":"Vajra"}],"event_choices":[{"damage_healed":0,"gold_gain":0,"player_choice":"Success","damage_taken":18,"relics_obtained":["Happy Flower"],"max_hp_gain":0,"max_hp_loss":0,"event_name":"Scrap Ooze","floor":4,"gold_loss":0},{"cards_removed":["Slimebound:Strike_Slimebound"],"damage_healed":0,"gold_gain":0,"player_choice":"Card Removal","damage_taken":0,"max_hp_gain":0,"max_hp_loss":0,"event_name":"The Cleric","floor":14,"gold_loss":0}],"is_beta":false,"boss_relics":[],"items_purged_floors":[],"is_endless":false,"potions_floor_spawned":[3,10],"killed_by":"WA_ARCHETYPE_RETAIN","ascension_level":1}}