{"host":"v67gr4iepfhi0qby","time":1611284614,"event":{"mods":["BaseMod","Hermit","Minty Spire (QoL Compilation)","StSLib","The Hierophant"],"gold_per_floor":[213,225,237,257,257,257,274,238,308,388,60,60,60,78,78,182,182,199,199,199,151,175,175,175,100,100,120,81,100,100,23,23,126,126,159,259,190,222,237,237,256,274,274,274,274,304,337,35,35,47],"floor_reached":51,"language":"ENG","playtime":2097,"items_purged":["Normality"],"score":639,"play_id":"64be373a-6aa0-4498-b4bf-5f2de2d6368d","local_time":"20210121200334","is_ascension_mode":false,"campfire_choices":[{"data":"hermit:Glare","floor":6,"key":"SMITH"},{"data":"hermit:Headshot","floor":12,"key":"SMITH"},{"data":"hermit:Brawl","floor":15,"key":"SMITH"},{"data":"hermit:Quickdraw","floor":23,"key":"SMITH"},{"data":"hermit:NoHoldsBarred","floor":30,"key":"SMITH"},{"data":"hermit:Brawl","floor":32,"key":"SMITH"},{"floor":40,"key":"REST"},{"floor":45,"key":"REST"},{"floor":49,"key":"REST"}],"circlet_count":0,"master_deck":["hermit:Strike_Hermit+1","hermit:Strike_Hermit+1","hermit:Strike_Hermit+1","hermit:Strike_Hermit+1","hermit:Defend_Hermit+1","hermit:Defend_Hermit+1","hermit:Defend_Hermit+1","hermit:Defend_Hermit+1","hermit:Snapshot","hermit:Covet","hermit:PistolWhip","hermit:Glare+1","hermit:Spite","hermit:Headshot+1","hermit:Brawl+1","hermit:Scavenge","hermit:Vantage","hermit:HeroicBravado","hermit:WideOpen","hermit:Quickdraw+1","hermit:Brawl+1","hermit:NoHoldsBarred+1","hermit:Brawl","hermit:DeadOrAlive","hermit:GoldenBullet","hermit:Dive+1","hermit:NoHoldsBarred+1","hermit:Scavenge+1"],"relics":["hermit:Momento","Kunai","Happy Flower","Cursed Key","Bottled Flame","Busted Crown","Thread and Needle"],"acts_visited":["Exordium","TheCity","TheBeyond"],"potions_floor_usage":[7,33,50,50],"damage_taken":[{"damage":3,"enemies":"Jaw Worm","floor":1,"turns":3},{"damage":2,"enemies":"2 Louse","floor":2,"turns":2},{"damage":5,"enemies":"Small Slimes","floor":3,"turns":3},{"damage":8,"enemies":"Red Slaver","floor":4,"turns":2},{"damage":2,"enemies":"Blue Slaver","floor":7,"turns":3},{"damage":0,"enemies":"Exordium Thugs","floor":14,"turns":4},{"damage":21,"enemies":"The Guardian","floor":16,"turns":8},{"damage":1,"enemies":"Shell Parasite","floor":18,"turns":4},{"damage":0,"enemies":"2 Thieves","floor":22,"turns":4},{"damage":0,"enemies":"Centurion and Healer","floor":27,"turns":5},{"damage":9,"enemies":"Chosen and Byrds","floor":29,"turns":6},{"damage":22,"enemies":"Champ","floor":33,"turns":7},{"damage":14,"enemies":"3 Shapes","floor":35,"turns":4},{"damage":7,"enemies":"Orb Walker","floor":38,"turns":2},{"damage":24,"enemies":"Spire Growth","floor":39,"turns":5},{"damage":16,"enemies":"3 Darklings","floor":41,"turns":6},{"damage":8,"enemies":"Transient","floor":42,"turns":5},{"damage":2,"enemies":"Jaw Worm Horde","floor":46,"turns":4},{"damage":12,"enemies":"Maw","floor":47,"turns":7},{"damage":44,"enemies":"Donu and Deca","floor":50,"turns":7}],"seed_played":"4714833829345397054","potions_obtained":[{"floor":3,"key":"LiquidBronze"},{"floor":7,"key":"Fruit Juice"},{"floor":16,"key":"Energy Potion"},{"floor":33,"key":"SkillPotion"},{"floor":47,"key":"hermit:BlackBile"}],"is_trial":false,"path_per_floor":["M","M","M","M","?","R","M","$","T","?","$","R","$","M","R","B",null,"M","?","?","$","M","R","T","$","T","M","$","M","R","$","R","B",null,"M","?","$","M","M","R","M","M","T","?","R","M","M","$","R","B",null],"character_chosen":"HERMIT","items_purchased":["hermit:Brawl","Happy Flower","hermit:Scavenge","FairyPotion","hermit:WideOpen","hermit:Brawl","hermit:Brawl","hermit:GoldenBullet","Thread and Needle"],"campfire_rested":3,"item_purchase_floors":[8,11,11,11,21,28,31,37,48],"current_hp_per_floor":[72,70,65,57,57,57,60,60,60,60,60,60,60,60,60,39,80,79,79,79,79,79,79,79,79,79,79,79,70,70,70,70,48,80,66,66,66,59,35,59,43,35,35,35,59,57,45,45,69,25],"gold":47,"neow_bonus":"HUNDRED_GOLD","is_daily":false,"chose_seed":false,"campfire_upgraded":6,"win_rate":0.0,"timestamp":1611284614,"path_taken":["M","M","M","M","?","R","M","$","T","?","$","R","$","M","R","BOSS","M","?","?","$","M","R","?","?","T","M","$","M","R","$","R","BOSS","M","?","$","M","M","R","?","M","T","?","R","?","?","$","R","BOSS"],"items_purchased_type":["Card","Relic","Card","Potion","Card","Card","Card","Card","Relic"],"build_version":"2020-12-22","purchased_purges":1,"victory":true,"max_hp_per_floor":[75,75,75,75,75,75,80,80,80,80,80,80,80,80,80,80,80,80,80,80,80,80,80,80,80,80,80,80,80,80,80,80,80,80,80,80,80,80,80,80,80,80,80,80,80,80,80,80,80,80],"card_choices":[{"not_picked":["hermit:HighCaliber","hermit:BigShot"],"picked":"hermit:PistolWhip","floor":1},{"not_picked":["hermit:Snipe","hermit:CalledShot"],"picked":"hermit:Glare","floor":2},{"not_picked":["hermit:Headshot","hermit:Manifest"],"picked":"hermit:Spite","floor":3},{"not_picked":["hermit:SprayPray","hermit:Deadeye","hermit:BodyArmor"],"picked":"SKIP","floor":4},{"not_picked":["hermit:Snipe","hermit:Feint"],"picked":"hermit:Headshot","floor":7},{"not_picked":["hermit:Deadeye","hermit:Virtue"],"picked":"hermit:Vantage","floor":14},{"not_picked":["hermit:OverwhelmingPower","hermit:Adapt"],"picked":"hermit:HeroicBravado","floor":16},{"not_picked":["hermit:Glare","hermit:Midnight","hermit:Coalescence"],"picked":"SKIP","floor":18},{"not_picked":["hermit:CursedWeapon","hermit:Roulette"],"picked":"hermit:Quickdraw","floor":22},{"not_picked":["hermit:Virtue","hermit:Feint","hermit:CalledShot+1"],"picked":"SKIP","floor":27},{"not_picked":["hermit:Quickdraw","hermit:OverwhelmingPower"],"picked":"hermit:NoHoldsBarred","floor":29},{"not_picked":["hermit:RoundhouseKick","hermit:FromBeyond"],"picked":"hermit:DeadOrAlive","floor":33},{"not_picked":["hermit:Desperado"],"picked":"SKIP","floor":35},{"not_picked":[],"picked":"hermit:Dive+1","floor":38},{"not_picked":["hermit:Coalescence+1"],"picked":"SKIP","floor":39},{"not_picked":["hermit:TrackingShot+1"],"picked":"SKIP","floor":41},{"not_picked":["hermit:FullyLoaded"],"picked":"SKIP","floor":42},{"not_picked":[],"picked":"hermit:Scavenge+1","floor":46},{"not_picked":["hermit:TrackingShot"],"picked":"SKIP","floor":47}],"player_experience":937,"relics_obtained":[{"floor":9,"key":"Kunai"},{"floor":24,"key":"Bottled Flame"}],"event_choices":[{"damage_healed":0,"gold_gain":0,"player_choice":"Ignored","damage_taken":0,"max_hp_gain":0,"max_hp_loss":0,"event_name":"Golden Idol","floor":5,"gold_loss":0},{"damage_healed":0,"gold_gain":80,"player_choice":"Gained Gold","damage_taken":0,"max_hp_gain":0,"max_hp_loss":0,"event_name":"Golden Wing","floor":10,"gold_loss":0},{"damage_healed":0,"gold_gain":0,"player_choice":"Ignored","damage_taken":0,"max_hp_gain":0,"max_hp_loss":0,"event_name":"Vampires","floor":19,"gold_loss":0},{"damage_healed":0,"gold_gain":0,"player_choice":"Simplicity","damage_taken":0,"max_hp_gain":0,"max_hp_loss":0,"event_name":"Back to Basics","floor":20,"gold_loss":0,"cards_upgraded":["hermit:Strike_Hermit","hermit:Strike_Hermit","hermit:Strike_Hermit","hermit:Strike_Hermit","hermit:Defend_Hermit","hermit:Defend_Hermit","hermit:Defend_Hermit","hermit:Defend_Hermit"]},{"damage_healed":0,"gold_gain":100,"player_choice":"Pray","damage_taken":0,"max_hp_gain":0,"max_hp_loss":0,"event_name":"Golden Shrine","floor":36,"gold_loss":0},{"damage_healed":0,"gold_gain":0,"player_choice":"Copied","damage_taken":0,"max_hp_gain":0,"max_hp_loss":0,"event_name":"Duplicator","floor":44,"gold_loss":0,"cards_obtained":["hermit:NoHoldsBarred"]}],"is_beta":false,"boss_relics":[{"not_picked":["Coffee Dripper","Philosopher\u0027s Stone"],"picked":"Cursed Key"},{"not_picked":["Astrolabe","Black Star"],"picked":"Busted Crown"}],"items_purged_floors":[25],"is_endless":false,"potions_floor_spawned":[3,7,16,27,29,33,39,41,47],"ascension_level":0}}