{"host":"srk2drlvga69hbot","time":1611318627,"event":{"mods":["BaseMod","Colored Map","Colored Powertips","Highlight Path","Minty Spire (QoL Compilation)","Quick Restart","Rare Cards Sparkle","Relic Stats"],"gold_per_floor":[118,129,129,129,140,140,140,150,150,160,171,183,183,199,199,304,304,322,262,4,4,4,4,23,23,23,41,41,241,268,280,280,381,381,394,394,408,408,408,408,333,365,365,384,403,403,403,431,431,431],"floor_reached":51,"language":"ZHS","playtime":2005,"items_purged":["Defend_G"],"score":836,"play_id":"59b5060b-3238-4ae4-b7bb-036adb722d05","local_time":"20210122203027","is_ascension_mode":true,"campfire_choices":[{"data":"Infinite Blades","floor":6,"key":"SMITH"},{"data":"Blade Dance","floor":13,"key":"SMITH"},{"floor":15,"key":"REST"},{"data":"Infinite Blades","floor":23,"key":"SMITH"},{"data":"Accuracy","floor":25,"key":"SMITH"},{"data":"Accuracy","floor":28,"key":"SMITH"},{"data":"Die Die Die","floor":32,"key":"SMITH"},{"data":"Deep Breath","floor":40,"key":"SMITH"},{"data":"Burst","floor":46,"key":"SMITH"},{"data":"Reflex","floor":49,"key":"SMITH"}],"circlet_count":0,"master_deck":["Defend_G","Defend_G","Defend_G","Survivor","Neutralize","Accuracy+1","Infinite Blades+1","Blade Dance+1","Accuracy+1","Die Die Die+1","Corpse Explosion","Infinite Blades+1","Leg Sweep","Skewer","Blade Dance+1","PiercingWail+1","After Image+1","Dagger Throw+1","Deadly Poison+1","Endless Agony+1","Dagger Throw","Deep Breath+1","Concentrate+1","Burst+1","Reflex+1"],"relics":["Ring of the Snake","NeowsBlessing","Thread and Needle","Art of War","Eternal Feather","Sozu","Mummified Hand","Frozen Egg 2","Vajra","Astrolabe","Juzu Bracelet","Bottled Flame","Pantograph","Centennial Puzzle"],"acts_visited":["Exordium","TheCity","TheBeyond"],"potions_floor_usage":[16,50,50],"damage_taken":[{"damage":0,"enemies":"Cultist","floor":1,"turns":1},{"damage":0,"enemies":"Jaw Worm","floor":2,"turns":1},{"damage":0,"enemies":"2 Louse","floor":5,"turns":1},{"damage":10,"enemies":"Exordium Thugs","floor":8,"turns":5},{"damage":4,"enemies":"Blue Slaver","floor":10,"turns":3},{"damage":22,"enemies":"Gremlin Gang","floor":11,"turns":5},{"damage":11,"enemies":"2 Fungi Beasts","floor":12,"turns":3},{"damage":0,"enemies":"Exordium Thugs","floor":14,"turns":3},{"damage":3,"enemies":"Slime Boss","floor":16,"turns":8},{"damage":0,"enemies":"Chosen","floor":18,"turns":4},{"damage":0,"enemies":"Spheric Guardian","floor":24,"turns":3},{"damage":1,"enemies":"3 Cultists","floor":27,"turns":3},{"damage":1,"enemies":"Book of Stabbing","floor":30,"turns":3},{"damage":0,"enemies":"Cultist and Chosen","floor":31,"turns":4},{"damage":20,"enemies":"Champ","floor":33,"turns":7},{"damage":0,"enemies":"Orb Walker","floor":35,"turns":3},{"damage":10,"enemies":"3 Shapes","floor":37,"turns":2},{"damage":31,"enemies":"Nemesis","floor":42,"turns":5},{"damage":0,"enemies":"3 Darklings","floor":44,"turns":2},{"damage":8,"enemies":"4 Shapes","floor":45,"turns":1},{"damage":0,"enemies":"Giant Head","floor":48,"turns":5},{"damage":42,"enemies":"Awakened One","floor":50,"turns":6}],"seed_played":"9160319366838759781","potions_obtained":[{"floor":2,"key":"Poison Potion"},{"floor":5,"key":"GamblersBrew"},{"floor":11,"key":"Ancient Potion"},{"floor":16,"key":"Dexterity Potion"}],"is_trial":false,"path_per_floor":["M","M","?","?","M","R","?","M","T","M","M","M","R","M","R","B",null,"M","?","$","T","$","R","M","R","T","M","R","?","E","M","R","B",null,"M","?","M","?","?","R","$","E","T","M","M","R","T","E","R","B",null],"character_chosen":"THE_SILENT","items_purchased":["Mummified Hand"],"campfire_rested":1,"item_purchase_floors":[20],"current_hp_per_floor":[70,70,70,67,67,67,67,57,57,53,31,20,29,29,59,56,70,70,70,70,70,70,70,70,70,70,69,70,70,69,69,70,50,70,70,70,60,60,60,70,70,39,39,39,31,43,43,43,58,28],"gold":431,"neow_bonus":"THREE_ENEMY_KILL","is_daily":false,"chose_seed":false,"campfire_upgraded":9,"win_rate":0.0,"timestamp":1611318627,"path_taken":["M","?","?","?","?","R","?","M","T","M","?","M","R","M","R","BOSS","M","?","$","?","$","R","?","R","T","M","R","?","E","?","R","BOSS","M","?","?","?","?","R","$","E","T","M","M","R","?","E","R","BOSS"],"items_purchased_type":["Relic"],"build_version":"2020-12-22","purchased_purges":1,"victory":true,"max_hp_per_floor":[70,70,70,70,70,70,70,70,70,70,70,70,70,70,70,70,70,70,70,70,70,70,70,70,70,70,70,70,70,70,70,70,70,70,70,70,70,70,70,70,70,70,70,70,70,70,70,70,70,70],"relic_stats":{"Sozu":5,"Centennial Puzzle":[3],"counters":[22,78],"Mummified Hand":[57],"Astrolabe":["Dagger Throw","Deadly Poison","Endless Agony"],"Pantograph":12,"Eternal Feather":57,"Art of War":[1],"Juzu Bracelet":0,"obtain_stats":[{"NeowsBlessing":0,"Astrolabe":34,"Vajra":30,"Thread and Needle":3,"Eternal Feather":9,"Juzu Bracelet":42,"Frozen Egg 2":21,"Sozu":17,"Bottled Flame":43,"Centennial Puzzle":48,"Mummified Hand":20,"Pantograph":47,"Art of War":4,"Ring of the Snake":0},{"NeowsBlessing":0,"Astrolabe":15,"Vajra":13,"Thread and Needle":2,"Eternal Feather":4,"Juzu Bracelet":18,"Frozen Egg 2":10,"Sozu":9,"Bottled Flame":18,"Centennial Puzzle":21,"Mummified Hand":10,"Pantograph":20,"Art of War":2,"Ring of the Snake":0},{"NeowsBlessing":0,"Astrolabe":54,"Vajra":43,"Thread and Needle":2,"Eternal Feather":8,"Juzu Bracelet":64,"Frozen Egg 2":34,"Sozu":30,"Bottled Flame":64,"Centennial Puzzle":72,"Mummified Hand":34,"Pantograph":67,"Art of War":2,"Ring of the Snake":0}],"Ring of the Snake":[44]},"card_choices":[{"not_picked":["Dagger Spray","Crippling Poison"],"picked":"Accuracy","floor":1},{"not_picked":["Deadly Poison","Choke"],"picked":"Infinite Blades","floor":2},{"not_picked":["Concentrate","Deflect","Prepared"],"picked":"SKIP","floor":5},{"not_picked":["PiercingWail","Caltrops"],"picked":"Blade Dance","floor":8},{"not_picked":["Noxious Fumes","Tactician"],"picked":"Accuracy","floor":10},{"not_picked":["Flying Knee","Eviscerate","Noxious Fumes"],"picked":"SKIP","floor":11},{"not_picked":["Flying Knee","Eviscerate","Noxious Fumes"],"picked":"SKIP","floor":11},{"not_picked":["Skewer","Concentrate"],"picked":"Die Die Die","floor":12},{"not_picked":["Eviscerate","Flying Knee","Sucker Punch"],"picked":"SKIP","floor":14},{"not_picked":["Wraith Form v2","Grand Finale"],"picked":"Corpse Explosion","floor":16},{"not_picked":["Underhanded Strike","Sucker Punch"],"picked":"Infinite Blades","floor":18},{"not_picked":["Poisoned Stab","Noxious Fumes+1"],"picked":"Blade Dance+1","floor":24},{"not_picked":["Flechettes","Underhanded Strike","Bane"],"picked":"SKIP","floor":27},{"not_picked":["Blur","Deflect"],"picked":"PiercingWail+1","floor":30},{"not_picked":["Bouncing Flask+1","Dagger Throw","Flechettes+1"],"picked":"SKIP","floor":31},{"not_picked":["Grand Finale","Storm of Steel"],"picked":"After Image+1","floor":33},{"not_picked":["Backflip+1","Deadly Poison+1","Deflect+1"],"picked":"SKIP","floor":35},{"not_picked":["Escape Plan","Bane","Backflip+1"],"picked":"SKIP","floor":37},{"not_picked":["Forethought","Discovery"],"picked":"Deep Breath","floor":39},{"not_picked":["Acrobatics","Choke+1"],"picked":"Concentrate+1","floor":42},{"not_picked":["Deflect","Bane"],"picked":"Burst","floor":44},{"not_picked":["Outmaneuver+1","Riddle With Holes","Backflip+1"],"picked":"SKIP","floor":45},{"not_picked":["Leg Sweep","Acrobatics"],"picked":"Reflex","floor":48}],"player_experience":138107,"relics_obtained":[{"floor":9,"key":"Eternal Feather"},{"floor":21,"key":"Frozen Egg 2"},{"floor":30,"key":"Vajra"},{"floor":42,"key":"Juzu Bracelet"},{"floor":43,"key":"Bottled Flame"},{"floor":47,"key":"Pantograph"},{"floor":48,"key":"Centennial Puzzle"}],"event_choices":[{"damage_healed":0,"gold_gain":0,"player_choice":"Box","damage_taken":0,"relics_obtained":["Thread and Needle"],"max_hp_gain":0,"max_hp_loss":0,"event_name":"Big Fish","floor":3,"gold_loss":0,"cards_obtained":["Regret"]},{"damage_healed":0,"gold_gain":0,"player_choice":"Success","damage_taken":3,"relics_obtained":["Art of War"],"max_hp_gain":0,"max_hp_loss":0,"event_name":"Scrap Ooze","floor":4,"gold_loss":0},{"cards_removed":["Regret"],"damage_healed":0,"gold_gain":0,"player_choice":"Removed Curses","damage_taken":0,"max_hp_gain":0,"max_hp_loss":0,"event_name":"Fountain of Cleansing","floor":7,"gold_loss":0},{"damage_healed":0,"gold_gain":0,"cards_transformed":["Strike_G","Strike_G"],"player_choice":"Transformed Cards","damage_taken":0,"max_hp_gain":0,"max_hp_loss":0,"event_name":"Designer","floor":19,"gold_loss":60,"cards_obtained":["Leg Sweep","Skewer"]},{"damage_healed":0,"gold_gain":200,"player_choice":"Gold","damage_taken":0,"max_hp_gain":0,"max_hp_loss":0,"event_name":"Wheel of Change","floor":29,"gold_loss":0},{"damage_healed":0,"gold_gain":0,"cards_transformed":["Defend_G"],"player_choice":"Transformed","damage_taken":0,"max_hp_gain":0,"max_hp_loss":0,"event_name":"Transmorgrifier","floor":36,"gold_loss":0,"cards_obtained":["Dagger Throw"]},{"damage_healed":0,"gold_gain":0,"player_choice":"Ignored","damage_taken":0,"max_hp_gain":0,"max_hp_loss":0,"event_name":"Tomb of Lord Red Mask","floor":38,"gold_loss":0},{"damage_healed":0,"gold_gain":0,"player_choice":"Memory 1","damage_taken":0,"max_hp_gain":0,"max_hp_loss":0,"event_name":"SensoryStone","floor":39,"gold_loss":0}],"is_beta":false,"boss_relics":[{"not_picked":["HoveringKite","Empty Cage"],"picked":"Sozu"},{"not_picked":["Busted Crown","Fusion Hammer"],"picked":"Astrolabe"}],"items_purged_floors":[41],"is_endless":false,"potions_floor_spawned":[2,5,11,16,30,31,33,35,42],"ascension_level":2}}