{"host":"gfmw02tnhhvp9jba","time":1611308790,"event":{"mods":["AchievementEnabler","BaseMod","Colored Map","Downfall","Highlight Path","Minty Spire (QoL Compilation)","StSLib"],"gold_per_floor":[118,118,118,68,68,96,107,142,169,186,196,214,248,264,264,367,367,382,400,315,332,332,365,149,149,149,149,149,149,184,184,184,184,184],"floor_reached":33,"language":"ENG","playtime":1144,"items_purged":["Defend_B"],"score":416,"play_id":"d2055f2a-c239-4bf8-9be5-5fa362a20b03","local_time":"20210122104630","is_ascension_mode":true,"campfire_choices":[{"data":"Zap","floor":15,"key":"SMITH"},{"data":"Coolheaded","floor":25,"key":"SMITH"},{"data":"Coolheaded","floor":28,"key":"SMITH"},{"data":"Biased Cognition","floor":32,"key":"SMITH"}],"circlet_count":0,"master_deck":["Strike_B","Strike_B","Strike_B","Defend_B","Defend_B","Defend_B","Zap+1","Dualcast","Sweeping Beam","Coolheaded+1","Ball Lightning","Tempest","Compile Driver","Glacier","Electrodynamics","Coolheaded+1","Biased Cognition+1"],"relics":["Cracked Core","NeowsBlessing","Art of War","Vajra","Lantern","Dream Catcher","Eternal Feather","Sozu","InkBottle","Strawberry","Juzu Bracelet","Darkstone Periapt","Girya"],"acts_visited":["Exordium","TheCity"],"potions_floor_usage":[8,13,16,16],"damage_taken":[{"damage":0,"enemies":"Jaw Worm","floor":1,"turns":1},{"damage":0,"enemies":"3 Sentries","floor":6,"turns":1},{"damage":0,"enemies":"2 Louse","floor":7,"turns":1},{"damage":15,"enemies":"Lagavulin","floor":8,"turns":6},{"damage":0,"enemies":"Small Slimes","floor":10,"turns":2},{"damage":9,"enemies":"Exordium Thugs","floor":11,"turns":3},{"damage":3,"enemies":"3 Louse","floor":12,"turns":2},{"damage":16,"enemies":"Gremlin Nob","floor":13,"turns":3},{"damage":4,"enemies":"2 Fungi Beasts","floor":14,"turns":2},{"damage":0,"enemies":"The Guardian","floor":16,"turns":13},{"damage":23,"enemies":"2 Thieves","floor":18,"turns":3},{"damage":7,"enemies":"Shell Parasite","floor":19,"turns":5},{"damage":23,"enemies":"Shelled Parasite and Fungi","floor":21,"turns":3},{"damage":9,"enemies":"Gremlin Leader","floor":23,"turns":6},{"damage":40,"enemies":"Book of Stabbing","floor":30,"turns":5},{"damage":47,"enemies":"Collector","floor":33,"turns":10}],"seed_played":"-399061972146965821","potions_obtained":[{"floor":6,"key":"Energy Potion"},{"floor":7,"key":"SkillPotion"},{"floor":11,"key":"hexamod:SoulburnPotion"},{"floor":13,"key":"Energy Potion"},{"floor":16,"key":"SteroidPotion"}],"is_trial":false,"path_per_floor":["M","?","?","?","?","E","M","E","T","M","M","M","E","M","R","B",null,"M","M","?","M","?","E","$","R","T","?","R","?","E","?","R","B"],"character_chosen":"DEFECT","items_purchased":["Biased Cognition"],"campfire_rested":0,"item_purchase_floors":[24],"current_hp_per_floor":[75,80,73,73,65,65,65,50,50,50,41,38,22,18,27,27,80,57,50,50,27,34,25,25,34,34,34,43,43,3,32,41,0,0],"gold":184,"neow_bonus":"THREE_ENEMY_KILL","is_daily":false,"chose_seed":false,"campfire_upgraded":4,"win_rate":0.0,"timestamp":1611308790,"path_taken":["M","?","?","?","?","E","M","E","T","M","?","M","E","M","R","BOSS","M","M","?","M","?","E","$","R","T","?","R","?","E","?","R","BOSS"],"items_purchased_type":["Card"],"build_version":"2020-12-22","purchased_purges":1,"victory":false,"max_hp_per_floor":[75,80,80,80,80,80,80,80,80,80,80,80,80,80,80,80,80,80,80,80,80,87,87,87,87,87,87,87,87,87,87,87,87,87],"card_choices":[{"not_picked":["Beam Cell","Chill"],"picked":"Sweeping Beam","floor":1},{"not_picked":["Steam Power","Steam"],"picked":"Coolheaded","floor":6},{"not_picked":["Hologram","Rebound"],"picked":"Ball Lightning","floor":7},{"not_picked":["Redo","Sweeping Beam","Recycle"],"picked":"SKIP","floor":8},{"not_picked":["Beam Cell","Redo","Static Discharge"],"picked":"SKIP","floor":10},{"not_picked":["Multi-Cast","Hologram"],"picked":"Tempest","floor":11},{"not_picked":["Stack","Hello World"],"picked":"Compile Driver","floor":12},{"not_picked":["Reprogram","Steam Power"],"picked":"Glacier","floor":13},{"not_picked":["Turbo","Barrage","Meteor Strike"],"picked":"SKIP","floor":14},{"not_picked":["Rainbow","Amplify"],"picked":"Electrodynamics","floor":16},{"not_picked":["Rebound","Coolheaded","Stack"],"picked":"SKIP","floor":18},{"not_picked":["Steam","Sunder"],"picked":"Coolheaded","floor":19},{"not_picked":["Steam Power+1","Rebound+1","Conserve Battery"],"picked":"SKIP","floor":21},{"not_picked":["Redo","Double Energy","Glacier"],"picked":"SKIP","floor":23},{"not_picked":["Conserve Battery","Streamline","All For One"],"picked":"SKIP","floor":30}],"player_experience":42443,"relics_obtained":[{"floor":6,"key":"Vajra"},{"floor":8,"key":"Lantern"},{"floor":9,"key":"Dream Catcher"},{"floor":13,"key":"Eternal Feather"},{"floor":23,"key":"Juzu Bracelet"},{"floor":26,"key":"Darkstone Periapt"},{"floor":30,"key":"Girya"}],"event_choices":[{"damage_healed":0,"gold_gain":0,"player_choice":"Donut","damage_taken":0,"max_hp_gain":5,"max_hp_loss":0,"event_name":"Big Fish","floor":2,"gold_loss":0},{"damage_healed":0,"gold_gain":0,"player_choice":"Success","damage_taken":7,"relics_obtained":["Art of War"],"max_hp_gain":0,"max_hp_loss":0,"event_name":"Scrap Ooze","floor":3,"gold_loss":0},{"cards_removed":["Strike_B"],"damage_healed":0,"gold_gain":0,"player_choice":"Card Removal","damage_taken":0,"max_hp_gain":0,"max_hp_loss":0,"event_name":"The Cleric","floor":4,"gold_loss":50},{"damage_healed":0,"gold_gain":0,"player_choice":"Damaged","damage_taken":8,"max_hp_gain":0,"max_hp_loss":0,"event_name":"Wheel of Change","floor":5,"gold_loss":0},{"damage_healed":0,"gold_gain":0,"player_choice":"Obtained Relic","damage_taken":0,"relics_obtained":["InkBottle"],"max_hp_gain":0,"max_hp_loss":0,"event_name":"Addict","floor":20,"gold_loss":85},{"damage_healed":0,"gold_gain":0,"player_choice":"Opened","damage_taken":0,"relics_obtained":["Strawberry"],"max_hp_gain":0,"max_hp_loss":0,"event_name":"The Mausoleum","floor":22,"gold_loss":0},{"damage_healed":0,"gold_gain":0,"player_choice":"Bought 0 Potions","damage_taken":0,"max_hp_gain":0,"max_hp_loss":0,"event_name":"The Woman in Blue","floor":29,"gold_loss":0},{"damage_healed":29,"gold_gain":0,"player_choice":"Heal","damage_taken":0,"max_hp_gain":0,"max_hp_loss":0,"event_name":"The Library","floor":31,"gold_loss":0}],"is_beta":false,"boss_relics":[{"not_picked":["Velvet Choker","SlaversCollar"],"picked":"Sozu"}],"items_purged_floors":[24],"is_endless":false,"potions_floor_spawned":[6,7,11,13,16,19],"killed_by":"Collector","ascension_level":2}}