{"host":"gg","time":1611296385,"event":{"mods":["BaseMod","Colored Map","Googly Eyes","Minty Spire (QoL Compilation)","Permanent Neow","Relic Stats","The IronCluck"],"gold_per_floor":[118,98,20,20,39,39,65,65,88,113,131,157,168,184,184,184,184],"floor_reached":16,"language":"ENG","playtime":544,"items_purged":[],"score":220,"play_id":"be38341b-e601-4084-bc2b-db6b1d67f050","local_time":"20210121221945","is_ascension_mode":true,"campfire_choices":[{"data":"Meditate","floor":6.0,"key":"SMITH"},{"data":"BowlingBash","floor":8.0,"key":"SMITH"},{"floor":15,"key":"REST"}],"circlet_count":0,"master_deck":["AscendersBane","Strike_P+1","Strike_P","Strike_P+1","Defend_P","Defend_P+1","Eruption+1","Vigilance+1","LessonLearned+1","ConjureBlade+1","WreathOfFlame+1","Meditate+1","CarveReality+1","BowlingBash+1","FlurryOfBlows","DeusExMachina","SignatureMove","SashWhip+1","Adaptation"],"relics":["Astrolabe","Ancient Tea Set","Juzu Bracelet","Letter Opener","Strawberry"],"acts_visited":["Exordium"],"potions_floor_usage":[],"damage_taken":[{"damage":12.0,"enemies":"Jaw Worm","floor":1.0,"turns":3.0},{"damage":0.0,"enemies":"Cultist","floor":5.0,"turns":2.0},{"damage":8.0,"enemies":"3 Sentries","floor":7.0,"turns":4.0},{"damage":20.0,"enemies":"Lagavulin","floor":10.0,"turns":4.0},{"damage":0,"enemies":"Small Slimes","floor":11,"turns":2},{"damage":0,"enemies":"2 Fungi Beasts","floor":13,"turns":2},{"damage":5,"enemies":"Exordium Wildlife","floor":14,"turns":3},{"damage":25,"enemies":"Hexaghost","floor":16,"turns":4}],"seed_played":"8081148918405694065","potions_obtained":[{"floor":1.0,"key":"Swift Potion"},{"floor":2.0,"key":"SkillPotion"},{"floor":11,"key":"SteroidPotion"}],"is_trial":false,"path_per_floor":["M","?","$","?","M","R","E","R","T","E","M","T","M","M","R","B"],"character_chosen":"WATCHER","items_purchased":["CarveReality"],"campfire_rested":1,"item_purchase_floors":[3],"current_hp_per_floor":[49,49,49,29,29,29,21,21,21,1,1,8,8,3,25,0,0],"gold":184,"neow_bonus":"BOSS_RELIC","is_daily":false,"chose_seed":false,"campfire_upgraded":2,"win_rate":0.0,"timestamp":1611296385,"path_taken":["M","?","?","?","M","R","E","R","T","E","M","?","M","M","R","BOSS"],"items_purchased_type":["Card"],"build_version":"2020-12-18","purchased_purges":0,"victory":false,"max_hp_per_floor":[68,68,68,68,68,68,68,68,68,68,68,75,75,75,75,75,75],"relic_stats":{"counters":[8,24],"Astrolabe":["LessonLearned","ConjureBlade","WreathOfFlame"],"Juzu Bracelet":0,"Letter Opener":[10],"obtain_stats":[{"Astrolabe":0,"Strawberry":12,"Juzu Bracelet":9,"Letter Opener":10,"PureWater":0,"Ancient Tea Set":7},{"Astrolabe":0,"Strawberry":5,"Juzu Bracelet":3,"Letter Opener":4,"PureWater":0,"Ancient Tea Set":3},{"Astrolabe":0,"Strawberry":15,"Juzu Bracelet":9,"Letter Opener":13,"PureWater":0,"Ancient Tea Set":9}]},"card_choices":[{"not_picked":["Prostrate","CarveReality"],"picked":"Meditate","floor":1.0},{"not_picked":["Prostrate","PathToVictory"],"picked":"BowlingBash","floor":5.0},{"not_picked":["DeceiveReality","Evaluate"],"picked":"FlurryOfBlows","floor":7.0},{"not_picked":["Vengeance","FlyingSleeves"],"picked":"DeusExMachina","floor":10.0},{"not_picked":["DeceiveReality","SashWhip"],"picked":"SignatureMove","floor":11},{"not_picked":["Halt","Worship"],"picked":"SashWhip","floor":13},{"not_picked":["Halt","DeceiveReality"],"picked":"Adaptation","floor":14}],"player_experience":1253894,"relics_obtained":[{"floor":7.0,"key":"Ancient Tea Set"},{"floor":9.0,"key":"Juzu Bracelet"},{"floor":10.0,"key":"Letter Opener"},{"floor":12,"key":"Strawberry"}],"event_choices":[{"damage_healed":0.0,"max_hp_gain":0.0,"max_hp_loss":0.0,"gold_gain":0.0,"event_name":"The Woman in Blue","player_choice":"Bought 1 Potion","floor":2.0,"gold_loss":0.0,"damage_taken":0.0},{"damage_healed":0.0,"max_hp_gain":0.0,"max_hp_loss":0.0,"gold_gain":0.0,"event_name":"Shining Light","player_choice":"Entered Light","floor":4.0,"gold_loss":0.0,"damage_taken":20.0,"cards_upgraded":["CarveReality","Defend_P"]}],"is_beta":true,"boss_relics":[],"items_purged_floors":[],"is_endless":false,"potions_floor_spawned":[1,11],"killed_by":"Hexaghost","ascension_level":20}}