{"host":"ktoxvvst1mwxww91","time":1611305239,"event":{"mods":["BaseMod","Downfall","Hermit","Minty Spire (QoL Compilation)","StSLib","The Blackbeard","The Hierophant","The Mystic","The Necromancer"],"gold_per_floor":[99,99,99,60,78,109,135,45,79,91,541,541,554,101,117,117,117,117],"floor_reached":16,"language":"ENG","playtime":582,"items_purged":["bronze:Strike","downfall:Icky"],"score":119,"play_id":"e994ff72-88e4-462a-8215-8615ae7b165d","local_time":"20210122094719","is_ascension_mode":true,"campfire_choices":[{"data":"bronze:Replicate","floor":1,"key":"SMITH"}],"circlet_count":0,"master_deck":["bronze:Strike","bronze:Strike","bronze:Strike","bronze:Defend","bronze:Defend","bronze:Defend","bronze:Defend","bronze:Replicate+1","bronze:Goto","bronze:Separator","bronze:Iterate","bronze:BitShift","bronze:InfiniteBeams","bronze:Branch","bronze:InfiniteBeams","bronze:Boost+1","bronze:BronzeOrb","bronze:Shell","downfall:Icky","downfall:Icky","bronze:Deprecate","bronze:ChildClass","bronze:Repulsor","bronze:Constructor"],"relics":["bronze:BronzeCore","downfall:HeartsMalice","Letter Opener","Potion Belt","Shuriken","Bottled Lightning"],"acts_visited":["Exordium"],"potions_floor_usage":[6,14,16],"damage_taken":[{"damage":0,"enemies":"Jaw Worm","floor":2,"turns":1},{"damage":0,"enemies":"Small Slimes","floor":3,"turns":1},{"damage":0,"enemies":"downfall:FleeingMerchant","floor":4,"turns":1},{"damage":0,"enemies":"Cultist","floor":5,"turns":2},{"damage":18,"enemies":"Lagavulin","floor":6,"turns":4},{"damage":0,"enemies":"downfall:FleeingMerchant","floor":8,"turns":4},{"damage":6,"enemies":"Gremlin Nob","floor":9,"turns":4},{"damage":0,"enemies":"Large Slime","floor":10,"turns":4},{"damage":0,"enemies":"Blue Slaver","floor":13,"turns":2},{"damage":10,"enemies":"downfall:FleeingMerchant","floor":14,"turns":4},{"damage":6,"enemies":"Lots of Slimes","floor":15,"turns":4},{"damage":30,"enemies":"SI_SHIV_ARCHETYPE","floor":16,"turns":4}],"seed_played":"1722958677216895734","potions_obtained":[{"floor":5,"key":"Guardian:BlockOnCardUsePotion"},{"floor":9,"key":"LiquidBronze"},{"floor":15,"key":"Energy Potion"}],"is_trial":false,"path_per_floor":["R","M","M","$","M","E","T","$","E","M","?","?","M","$","M","B"],"character_chosen":"THE_AUTOMATON","items_purchased":["bronze:InfiniteBeams","bronze:Repulsor","Bottled Lightning"],"campfire_rested":0,"item_purchase_floors":[4,14,14],"current_hp_per_floor":[70,70,70,70,70,52,52,52,46,46,46,46,46,36,30,0,0,0],"gold":117,"neow_bonus":"THREE_ENEMY_KILL","is_daily":false,"chose_seed":false,"campfire_upgraded":1,"win_rate":0.0,"timestamp":1611305239,"path_taken":["R","M","M","$","M","E","T","$","E","M","?","?","M","$","M","BOSS"],"items_purchased_type":["Card","Card","Relic"],"build_version":"2020-12-22","purchased_purges":2,"victory":false,"max_hp_per_floor":[70,70,70,70,70,70,70,70,70,70,70,70,70,70,70,70,70,70],"card_choices":[{"not_picked":["bronze:FollowUp","bronze:Return"],"picked":"bronze:Separator","floor":2},{"not_picked":["bronze:FineTuning","bronze:Branch"],"picked":"bronze:Iterate","floor":3},{"not_picked":["bronze:DarkDash","bronze:BugBarrage"],"picked":"bronze:BitShift","floor":4},{"not_picked":["bronze:Safeguard","bronze:BugBarrage"],"picked":"bronze:Branch","floor":5},{"not_picked":["bronze:Branch","bronze:Mutator"],"picked":"bronze:InfiniteBeams","floor":6},{"not_picked":["bronze:FineTuning","bronze:Separator"],"picked":"bronze:Boost","floor":8},{"not_picked":["bronze:CloningBeam","bronze:Turbo"],"picked":"bronze:BronzeOrb","floor":9},{"not_picked":["bronze:Overheat","bronze:InfiniteLoop"],"picked":"bronze:Shell","floor":10},{"not_picked":["bronze:ItsAFeature","bronze:BronzeArmor"],"picked":"bronze:Deprecate","floor":13},{"not_picked":["bronze:Overload","bronze:Turbo"],"picked":"bronze:ChildClass","floor":14},{"not_picked":["bronze:Optimize","bronze:Shell"],"picked":"bronze:Constructor","floor":15}],"player_experience":1158187,"relics_obtained":[{"floor":6,"key":"Letter Opener"},{"floor":7,"key":"Potion Belt"},{"floor":9,"key":"Shuriken"}],"event_choices":[],"is_beta":false,"boss_relics":[],"items_purged_floors":[8,14],"is_endless":false,"potions_floor_spawned":[5,9,15],"killed_by":"SI_SHIV_ARCHETYPE","ascension_level":2}}