{"host":"zx8rmvlb08usbkpl","time":1611335780,"event":{"mods":["BaseMod","BetterRewards","Colored Powertips","Dota2Spire","Downfall","GifTheSpireLib","Marisa????????","Minty Spire (QoL Compilation)","Quick Restart","StSLib","Stuff the Spire","TestMod","The Bug Knight","The Senshi"],"gold_per_floor":[99,99,118,133,144,171,185,185,210,60,60,70,70,80,80,184,184,203,48,48,48,48,80,91,126,126,183,228,248,292,336,336,471,471,486,567,579,579,629,687,687,384,384,449,449,511,911,925,925,955,955,955,112,143,173],"floor_reached":56,"language":"ENG","playtime":7052,"items_purged":["Strike_B","Strike_B"],"score":1350,"play_id":"36f71c42-2315-4222-88ae-aff528b26122","local_time":"20210122121620","is_ascension_mode":true,"campfire_choices":[{"data":"White Noise","floor":8,"key":"SMITH"},{"data":"Self Repair","floor":13,"key":"SMITH"},{"data":"Zap","floor":15,"key":"SMITH"},{"data":"StuffTheSpire:Rend","floor":32,"key":"SMITH"},{"floor":41,"key":"REST"},{"floor":49,"key":"RECALL"},{"data":"Defragment","floor":52,"key":"SMITH"}],"circlet_count":0,"master_deck":["Strike_B+1","Strike_B+1","Defend_B","Defend_B","Defend_B","Defend_B","Zap+1","Dualcast","Go for the Eyes","Self Repair","StuffTheSpire:Rend+1","Conserve Battery","White Noise+1","Self Repair+1","Self Repair","Electrodynamics","Melter+1","Capacitor","Chaos","Redo+1","Gash","Capacitor","Gash+1","Loop+1","All For One","Storm","Barrage+1","Coolheaded+1","Defragment+1","Lockon+1","Double Energy+1","StuffTheSpire:Synthwave","Coolheaded"],"relics":["Cracked Core","testmod-RainbowHikingShoes","NeowsBlessing","Happy Flower","Juzu Bracelet","testmod-Antiphasic","DataDisk","Dota2Spire:LotusOrb","Art of War","Dota2Spire:CrimsonGuard","Dota2Spire:HandOfMidas","Darkstone Periapt","Philosopher\u0027s Stone","FossilizedHelix","Ornamental Fan","Whetstone","Incense Burner","theSenshi:SailorFukuRelic","Dota2Spire:Dagon","Mummified Hand","StuffTheSpire:MayFlowers"],"acts_visited":["Exordium","TheCity","TheBeyond","TheEnding"],"potions_floor_usage":[40],"damage_taken":[{"damage":0,"enemies":"Jaw Worm","floor":1,"turns":1},{"damage":0,"enemies":"Small Slimes","floor":3,"turns":1},{"damage":0,"enemies":"2 Louse","floor":4,"turns":1},{"damage":0,"enemies":"3 Louse","floor":5,"turns":3},{"damage":42,"enemies":"3 Sentries","floor":6,"turns":10},{"damage":6,"enemies":"Blue Slaver","floor":7,"turns":3},{"damage":5,"enemies":"Looter","floor":12,"turns":3},{"damage":9,"enemies":"Lots of Slimes","floor":14,"turns":4},{"damage":45,"enemies":"Slime Boss","floor":16,"turns":10},{"damage":8,"enemies":"Shell Parasite","floor":18,"turns":6},{"damage":31,"enemies":"Book of Stabbing","floor":23,"turns":6},{"damage":0,"enemies":"Chosen","floor":24,"turns":4},{"damage":24,"enemies":"HollowMod:Nosk","floor":25,"turns":6},{"damage":18,"enemies":"Gremlin Leader","floor":27,"turns":6},{"damage":8,"enemies":"Snecko","floor":28,"turns":5},{"damage":36,"enemies":"Shelled Parasite and Fungi","floor":29,"turns":4},{"damage":23,"enemies":"Snake Plant","floor":30,"turns":4},{"damage":3,"enemies":"Snecko","floor":31,"turns":5},{"damage":55,"enemies":"Collector","floor":33,"turns":7},{"damage":11,"enemies":"3 Shapes","floor":35,"turns":4},{"damage":37,"enemies":"2 Orb Walkers","floor":36,"turns":3},{"damage":26,"enemies":"3 Darklings","floor":37,"turns":3},{"damage":54,"enemies":"Writhing Mass","floor":39,"turns":4},{"damage":62,"enemies":"Nemesis","floor":40,"turns":5},{"damage":51,"enemies":"Reptomancer","floor":44,"turns":5},{"damage":3,"enemies":"Giant Head","floor":46,"turns":6},{"damage":0,"enemies":"4 Shapes","floor":48,"turns":3},{"damage":7,"enemies":"Donu and Deca","floor":50,"turns":6},{"damage":0,"enemies":"Shield and Spear","floor":54,"turns":2},{"damage":29,"enemies":"The Heart","floor":55,"turns":5}],"seed_played":"-5729669527101724432","potions_obtained":[{"floor":4,"key":"FearPotion"},{"floor":5,"key":"Fire Potion"},{"floor":7,"key":"Regen Potion"}],"is_trial":false,"path_per_floor":["M","?","M","M","M","E","M","R","T","$","?","M","R","M","R","B",null,"M","$","?","?","?","E","M","E","T","E","M","M","M","M","R","B",null,"M","?","M","?","M","E","R","$","T","E","?","E","?","M","R","B",null,"R","$","E","B",null],"character_chosen":"DEFECT","items_purchased":["DataDisk","Capacitor","Chaos","Defragment","Whetstone","StuffTheSpire:Synthwave","Mummified Hand","Guardian:BlockOnCardUsePotion","Guardian:BlockOnCardUsePotion"],"campfire_rested":1,"item_purchase_floors":[10,19,19,42,42,53,53,53,53],"current_hp_per_floor":[75,72,72,72,75,40,41,41,41,41,41,43,43,51,51,13,75,75,75,61,61,61,64,80,80,80,80,80,68,69,80,80,32,80,80,74,80,80,55,36,63,63,63,41,83,83,83,83,83,83,83,83,83,83,78],"gold":173,"neow_bonus":"THREE_ENEMY_KILL","is_daily":false,"chose_seed":false,"campfire_upgraded":5,"win_rate":0.0,"timestamp":1611335780,"path_taken":["M","?","M","M","M","E","M","R","T","$","?","M","R","M","R","BOSS","M","$","?","?","?","E","M","E","T","E","M","M","M","M","R","BOSS","M","?","M","?","M","E","R","$","T","E","?","E","?","M","R","BOSS","R","$","E","BOSS"],"items_purchased_type":["Relic","Card","Card","Card","Relic","Card","Relic","Potion","Potion"],"build_version":"2020-12-22","purchased_purges":2,"victory":true,"max_hp_per_floor":[75,75,75,75,75,75,75,75,75,75,75,75,75,75,75,75,75,75,75,80,80,80,80,80,80,80,80,80,80,80,80,80,80,80,80,80,80,80,85,90,90,90,90,95,83,83,83,83,83,83,83,83,83,83,83],"card_choices":[{"not_picked":["Cold Snap","Stack","Coolheaded"],"picked":"SKIP","floor":1},{"not_picked":["StuffTheSpire:LoadUp","Scrape"],"picked":"Go for the Eyes","floor":3},{"not_picked":["Cold Snap","Loop"],"picked":"Self Repair","floor":4},{"not_picked":["Redo","Turbo"],"picked":"StuffTheSpire:Rend","floor":5},{"not_picked":["Stack","Buffer"],"picked":"Conserve Battery","floor":6},{"not_picked":["StuffTheSpire:LoadUp","Ball Lightning"],"picked":"White Noise","floor":7},{"not_picked":["Steam","StuffTheSpire:NuclearReactor"],"picked":"Self Repair","floor":12},{"not_picked":["Cold Snap","Skim"],"picked":"Self Repair","floor":14},{"not_picked":["Buffer","StuffTheSpire:ForEach"],"picked":"Electrodynamics","floor":16},{"not_picked":["StuffTheSpire:Plugnplay","Go for the Eyes"],"picked":"Melter+1","floor":18},{"not_picked":["Undo","Scrape","Rebound"],"picked":"SKIP","floor":23},{"not_picked":["Coolheaded","Stack"],"picked":"Redo+1","floor":24},{"not_picked":["Reprogram","Heatsinks"],"picked":"Gash","floor":25},{"not_picked":["StuffTheSpire:Plugnplay","Echo Form"],"picked":"Capacitor","floor":27},{"not_picked":["Streamline","Steam"],"picked":"Gash+1","floor":28},{"not_picked":["Doom and Gloom","Sweeping Beam","Blizzard+1"],"picked":"SKIP","floor":29},{"not_picked":["Recycle+1","Turbo","Go for the Eyes"],"picked":"SKIP","floor":30},{"not_picked":["Coolheaded","Stack"],"picked":"Loop+1","floor":31},{"not_picked":["StuffTheSpire:Purify","StuffTheSpire:LaunchingStrike"],"picked":"All For One","floor":33},{"not_picked":["Conserve Battery+1","Sweeping Beam"],"picked":"Storm","floor":35},{"not_picked":["Compile Driver+1","BootSequence"],"picked":"Barrage+1","floor":37},{"not_picked":["Rebound","Sweeping Beam","Undo"],"picked":"SKIP","floor":39},{"not_picked":["Stack+1","Cold Snap+1"],"picked":"Coolheaded+1","floor":40},{"not_picked":["Scrape","StuffTheSpire:ForEach"],"picked":"Lockon+1","floor":44},{"not_picked":["Leap","Rebound+1"],"picked":"Double Energy+1","floor":46},{"not_picked":["Cold Snap","StuffTheSpire:Rend","StuffTheSpire:LoadUp"],"picked":"SKIP","floor":48},{"not_picked":["Sweeping Beam","StuffTheSpire:Purify"],"picked":"Coolheaded","floor":54}],"player_experience":962551,"relics_obtained":[{"floor":6,"key":"Juzu Bracelet"},{"floor":9,"key":"testmod-Antiphasic"},{"floor":23,"key":"Dota2Spire:CrimsonGuard"},{"floor":25,"key":"Dota2Spire:HandOfMidas"},{"floor":27,"key":"Darkstone Periapt"},{"floor":36,"key":"FossilizedHelix"},{"floor":40,"key":"Ornamental Fan"},{"floor":43,"key":"Incense Burner"},{"floor":44,"key":"theSenshi:SailorFukuRelic"},{"floor":46,"key":"Dota2Spire:Dagon"},{"floor":54,"key":"StuffTheSpire:MayFlowers"}],"event_choices":[{"damage_healed":0,"gold_gain":0,"player_choice":"Success","damage_taken":3,"relics_obtained":["Happy Flower"],"max_hp_gain":0,"max_hp_loss":0,"event_name":"Scrap Ooze","floor":2,"gold_loss":0},{"damage_healed":0,"gold_gain":0,"player_choice":"Searched \u00271\u0027 times","damage_taken":0,"relics_obtained":["Dota2Spire:LotusOrb"],"max_hp_gain":0,"max_hp_loss":0,"event_name":"Dead Adventurer","floor":11,"gold_loss":0},{"damage_healed":0,"gold_gain":0,"player_choice":"Shed Blood","damage_taken":19,"max_hp_gain":5,"max_hp_loss":0,"event_name":"Forgotten Altar","floor":20,"gold_loss":0},{"damage_healed":0,"gold_gain":0,"player_choice":"Opened","damage_taken":0,"relics_obtained":["Art of War"],"max_hp_gain":0,"max_hp_loss":0,"event_name":"The Mausoleum","floor":21,"gold_loss":0},{"damage_healed":0,"gold_gain":0,"player_choice":"Ignored","damage_taken":0,"max_hp_gain":0,"max_hp_loss":0,"event_name":"N\u0027loth","floor":22,"gold_loss":0},{"damage_healed":0,"gold_gain":0,"player_choice":"Fight","damage_taken":0,"max_hp_gain":0,"max_hp_loss":0,"event_name":"Mysterious Sphere","floor":36,"gold_loss":0},{"damage_healed":0,"gold_gain":0,"player_choice":"Ignored","damage_taken":0,"max_hp_gain":0,"max_hp_loss":0,"event_name":"Tomb of Lord Red Mask","floor":38,"gold_loss":0},{"damage_healed":83,"gold_gain":0,"player_choice":"Heal","damage_taken":0,"max_hp_gain":0,"max_hp_loss":12,"event_name":"The Moai Head","floor":45,"gold_loss":0},{"damage_healed":0,"gold_gain":400,"player_choice":"Sell","damage_taken":0,"max_hp_gain":0,"max_hp_loss":0,"event_name":"Plate Of N\u0027loth","floor":47,"relics_lost":["testmod-TestBox"],"gold_loss":0}],"is_beta":false,"boss_relics":[{"not_picked":["Pandora\u0027s Box","testmod-KeyOfTheVoid","testmod-PortableAltar"]},{"not_picked":["testmod-Fanaticism","testmod-BatchProcessingSystem"],"picked":"Philosopher\u0027s Stone"}],"items_purged_floors":[42,53],"is_endless":false,"potions_floor_spawned":[4,5,7,12,16,23,24,25,27,30,31,35,37,39,48],"ascension_level":1}}