{"host":"8fuipfsvjht9cgcs","time":1611289986,"event":{"mods":["AchievementEnabler","BaseMod","Colored Map","Colored Powertips","DeckTracker","Friendly Minions","Kiyohime£¨?ýï£©","Marisa£¨Ùöéë¡¡Øª×âÞÞ£©","Minty Spire (QoL Compilation)","Prisma Mod","StSLib","SuperFastMode","The Cursed","The Gatherer"],"gold_per_floor":[110,121,121,121,135,135,153,78,78,78,78,78,104,117,117,213,213,225,193,22,22,22],"floor_reached":21,"language":"KOR","playtime":534,"items_purged":["Strike_P","Defend_P"],"score":251,"play_id":"96265e49-96f7-42cc-8a69-117cff15a8ef","local_time":"20210122173306","is_ascension_mode":true,"campfire_choices":[{"data":"Eruption","floor":6.0,"key":"SMITH"},{"data":"1","floor":11.0,"key":"LIFT"},{"floor":15.0,"key":"REST"}],"circlet_count":0,"master_deck":["Strike_P","Strike_P","Defend_P+1","Eruption+1","Vigilance","EmptyFist","Prostrate","Tantrum","Swivel","LessonLearned+1","MentalFortress"],"relics":["VioletLotus","Girya","Empty Cage"],"acts_visited":["Exordium","TheCity"],"potions_floor_usage":[],"damage_taken":[{"damage":7.0,"enemies":"Cultist","floor":1.0,"turns":3.0},{"damage":1.0,"enemies":"2 Louse","floor":2.0,"turns":2.0},{"damage":9.0,"enemies":"Small Slimes","floor":5.0,"turns":5.0},{"damage":12.0,"enemies":"Exordium Thugs","floor":7.0,"turns":4.0},{"damage":18.0,"enemies":"Lagavulin","floor":13.0,"turns":6.0},{"damage":0.0,"enemies":"Exordium Wildlife","floor":14.0,"turns":2.0},{"damage":32.0,"enemies":"Slime Boss","floor":16.0,"turns":7.0},{"damage":12.0,"enemies":"Shell Parasite","floor":18.0,"turns":4.0},{"damage":41,"enemies":"2 Thieves","floor":19,"turns":5},{"damage":12,"enemies":"Snake Plant","floor":21,"turns":1}],"seed_played":"-4316463956945685470","potions_obtained":[{"floor":1.0,"key":"Dexterity Potion"},{"floor":16.0,"key":"BottledMiracle"}],"is_trial":false,"path_per_floor":["M","M","?","?","M","R","M","$","T","?","R","?","E","M","R","B",null,"M","M","$","M"],"character_chosen":"WATCHER","items_purchased":["MentalFortress"],"campfire_rested":1,"item_purchase_floors":[20],"current_hp_per_floor":[58,57,62,62,53,53,41,41,41,34,34,34,16,16,39,7,60,48,7,7,0,0],"gold":22,"neow_bonus":"BOSS_RELIC","is_daily":false,"chose_seed":false,"campfire_upgraded":1,"win_rate":0.0,"timestamp":1611289986,"path_taken":["M","?","?","?","M","R","?","$","T","?","R","?","E","?","R","BOSS","M","M","$","M"],"items_purchased_type":["Card"],"build_version":"2020-12-22","purchased_purges":2,"victory":false,"max_hp_per_floor":[72,72,77,77,77,77,77,77,77,77,77,77,77,77,77,77,77,77,77,77,77,77],"card_choices":[{"not_picked":["Wireheading","Halt","SashWhip"],"picked":"SKIP","floor":1.0},{"not_picked":["Wireheading","Consecrate"],"picked":"EmptyFist","floor":2.0},{"not_picked":["EmptyBody","BowlingBash"],"picked":"Prostrate","floor":5.0},{"not_picked":["ConjureBlade","PathToVictory"],"picked":"Tantrum","floor":7.0},{"not_picked":["Consecrate","FollowUp","EmptyBody"],"picked":"SKIP","floor":13.0},{"not_picked":["CrushJoints","WaveOfTheHand"],"picked":"Swivel","floor":14.0},{"not_picked":["Devotion","Omniscience"],"picked":"LessonLearned","floor":16.0},{"not_picked":["Halt","Perseverance","SignatureMove"],"picked":"SKIP","floor":18.0},{"not_picked":["Protect","Meditate","FollowUp+1"],"picked":"SKIP","floor":19}],"player_experience":436732,"relics_obtained":[{"floor":9.0,"key":"Girya"}],"event_choices":[{"damage_healed":0.0,"max_hp_gain":5.0,"max_hp_loss":0.0,"gold_gain":0.0,"event_name":"Big Fish","player_choice":"Donut","floor":3.0,"gold_loss":0.0,"damage_taken":0.0},{"damage_healed":0.0,"max_hp_gain":0.0,"max_hp_loss":0.0,"gold_gain":0.0,"event_name":"Wheel of Change","player_choice":"Cursed","floor":4.0,"gold_loss":0.0,"damage_taken":0.0,"cards_obtained":["Decay"]},{"cards_removed":["Defend_P"],"damage_healed":0.0,"max_hp_gain":0.0,"max_hp_loss":0.0,"gold_gain":0.0,"event_name":"Golden Wing","player_choice":"Card Removal","floor":10.0,"gold_loss":0.0,"damage_taken":7.0},{"cards_removed":["Decay"],"damage_healed":0.0,"max_hp_gain":0.0,"max_hp_loss":0.0,"gold_gain":0.0,"event_name":"Fountain of Cleansing","player_choice":"Removed Curses","floor":12.0,"gold_loss":0.0,"damage_taken":0.0}],"is_beta":false,"boss_relics":[{"not_picked":["Calling Bell","Black Star"],"picked":"Empty Cage"}],"items_purged_floors":[8,20],"is_endless":false,"potions_floor_spawned":[1,16],"killed_by":"Snake Plant","ascension_level":8}}