{"host":"qm4rv4rkpk76sbxu","time":1611331942,"event":{"mods":["BaseMod","Bestiary","Block Reminder","DeckTracker","Filter the Spire","Keyboard Shortcuts","Minty Spire (QoL Compilation)","MonsterHotkey","Quick Restart","Random Character Button","Relic Stats","Slay-I","StSLib","Unceasing Turn Reminder","ojb\u0027s Better Paths Mod","ojb\u0027s Info Mod"],"gold_per_floor":[111,111,123,142,6,6,37,37,62,89,89,89,153,153,153,257,257,272,282,282,282,207,232,245,245,245,245,264,293,293,309,309,406,406,419,431,441,441,92,123,123,203,228,138,167,182,182,197,197,197,197,197,26,58,58],"floor_reached":56,"language":"ENG","playtime":1340,"items_purged":["Strike_P"],"score":1393,"play_id":"7a49c0f4-653b-4ed9-af22-c414ea497715","local_time":"20210122171222","is_ascension_mode":true,"campfire_choices":[{"data":"Eruption","floor":6,"key":"SMITH"},{"data":"WaveOfTheHand","floor":8,"key":"SMITH"},{"data":"Tantrum","floor":12,"key":"SMITH"},{"floor":15,"key":"REST"},{"data":"Fasting2","floor":25,"key":"SMITH"},{"data":"BowlingBash","floor":27,"key":"SMITH"},{"data":"Dramatic Entrance","floor":30,"key":"SMITH"},{"floor":32,"key":"REST"},{"data":"WheelKick","floor":41,"key":"SMITH"},{"data":"WheelKick","floor":47,"key":"SMITH"},{"floor":49,"key":"RECALL"},{"data":"DevaForm","floor":52,"key":"SMITH"}],"circlet_count":0,"master_deck":["Defend_P","Defend_P","Defend_P+1","Eruption+1","Vigilance+1","DevaForm+1","FlurryOfBlows","FlurryOfBlows","FlurryOfBlows+1","Consecrate","WaveOfTheHand+1","Dramatic Entrance+1","EmptyFist+1","Tantrum+1","Scrawl+1","Fasting2+1","BowlingBash+1","DeceiveReality+1","ForeignInfluence+1","DeusExMachina+1","Worship+1","WheelKick+1","Deep Breath+1","WheelKick+1","Wallop+1","CrushJoints+1","Consecrate","WheelKick+1"],"relics":["PureWater","Oddly Smooth Stone","Bag of Marbles","Odd Mushroom","Toxic Egg 2","Philosopher\u0027s Stone","MutagenicStrength","Enchiridion","Pen Nib","Ice Cream","War Paint","VioletLotus","Sling","TungstenRod","Kunai","Darkstone Periapt","OrangePellets","Strawberry"],"acts_visited":["Exordium","TheCity","TheBeyond","TheEnding"],"potions_floor_usage":[7,23,33,40,46,55],"damage_taken":[{"damage":4,"enemies":"2 Louse","floor":1,"turns":4},{"damage":2,"enemies":"Small Slimes","floor":3,"turns":4},{"damage":6,"enemies":"Jaw Worm","floor":4,"turns":2},{"damage":26,"enemies":"3 Sentries","floor":7,"turns":5},{"damage":8,"enemies":"The Mushroom Lair","floor":10,"turns":3},{"damage":0,"enemies":"Slime Boss","floor":16,"turns":3},{"damage":0,"enemies":"3 Byrds","floor":18,"turns":3},{"damage":10,"enemies":"Spheric Guardian","floor":19,"turns":3},{"damage":14,"enemies":"Book of Stabbing","floor":23,"turns":2},{"damage":0,"enemies":"Snake Plant","floor":24,"turns":1},{"damage":0,"enemies":"Sentry and Sphere","floor":28,"turns":3},{"damage":3,"enemies":"Gremlin Leader","floor":29,"turns":2},{"damage":0,"enemies":"Cultist and Chosen","floor":31,"turns":1},{"damage":11,"enemies":"Champ","floor":33,"turns":4},{"damage":3,"enemies":"Orb Walker","floor":35,"turns":2},{"damage":11,"enemies":"3 Shapes","floor":36,"turns":2},{"damage":0,"enemies":"Transient","floor":37,"turns":5},{"damage":0,"enemies":"Giant Head","floor":40,"turns":1},{"damage":0,"enemies":"Reptomancer","floor":45,"turns":2},{"damage":8,"enemies":"4 Shapes","floor":46,"turns":3},{"damage":0,"enemies":"3 Darklings","floor":48,"turns":1},{"damage":30,"enemies":"Time Eater","floor":50,"turns":8},{"damage":4,"enemies":"Shield and Spear","floor":54,"turns":4},{"damage":51,"enemies":"The Heart","floor":55,"turns":6}],"seed_played":"4939973140067628145","potions_obtained":[{"floor":4,"key":"PowerPotion"},{"floor":10,"key":"DuplicationPotion"},{"floor":16,"key":"FearPotion"},{"floor":18,"key":"FearPotion"},{"floor":19,"key":"ColorlessPotion"},{"floor":31,"key":"Ancient Potion"},{"floor":37,"key":"BlessingOfTheForge"},{"floor":45,"key":"Explosive Potion"}],"is_trial":false,"path_per_floor":["M","?","M","M","$","R","E","R","T","?","?","R","?","T","R","B",null,"M","M","?","?","?","E","M","R","T","R","M","E","R","M","R","B",null,"M","M","M","?","$","E","R","T","T","?","E","M","R","M","R","B",null,"R","$","E","B",null],"character_chosen":"WATCHER","items_purchased":["WaveOfTheHand","Dramatic Entrance","Sling","WheelKick","Deep Breath+1","OrangePellets","Consecrate"],"campfire_rested":2,"item_purchase_floors":[5,5,39,39,39,53,53],"current_hp_per_floor":[68,68,66,60,60,60,34,34,34,26,12,12,12,12,33,33,72,72,62,62,46,46,32,32,32,32,32,32,29,29,29,50,39,72,69,58,58,58,58,58,58,58,58,58,58,50,50,50,50,20,72,72,72,75,24],"gold":58,"neow_bonus":"ONE_RANDOM_RARE_CARD","is_daily":false,"chose_seed":false,"campfire_upgraded":9,"win_rate":0.0,"timestamp":1611331942,"path_taken":["M","?","M","M","$","R","E","R","T","?","?","R","?","?","R","BOSS","M","M","?","?","?","E","?","R","T","R","?","E","R","M","R","BOSS","M","M","M","?","$","E","R","?","T","?","E","?","R","M","R","BOSS","R","$","E","BOSS"],"items_purchased_type":["Card","Card","Relic","Card","Card","Relic","Card"],"build_version":"2020-12-22","purchased_purges":1,"victory":true,"max_hp_per_floor":[72,72,72,72,72,72,72,72,72,72,72,72,72,72,72,72,72,72,72,72,72,72,72,72,72,72,72,72,72,72,72,72,72,72,72,72,72,72,72,72,72,72,72,72,72,72,72,72,72,72,72,72,72,79,79],"relic_stats":{"Darkstone Periapt":0,"OrangePellets":[3],"counters":[24,74],"Pen Nib":[17],"VioletLotus":[7],"Kunai":[17],"War Paint":["Defend_P","Vigilance"],"obtain_stats":[{"Ice Cream":26,"Darkstone Periapt":45,"Oddly Smooth Stone":7,"Enchiridion":21,"Pen Nib":23,"Odd Mushroom":10,"War Paint":29,"Sling":39,"OrangePellets":53,"MutagenicStrength":20,"Strawberry":54,"Philosopher\u0027s Stone":17,"VioletLotus":34,"Bag of Marbles":9,"Kunai":42,"PureWater":0,"Toxic Egg 2":14,"TungstenRod":40},{"Ice Cream":10,"Darkstone Periapt":19,"Oddly Smooth Stone":4,"Enchiridion":8,"Pen Nib":9,"Odd Mushroom":5,"War Paint":12,"Sling":17,"OrangePellets":22,"MutagenicStrength":8,"Strawberry":23,"Philosopher\u0027s Stone":6,"VioletLotus":14,"Bag of Marbles":4,"Kunai":18,"PureWater":0,"Toxic Egg 2":5,"TungstenRod":18},{"Ice Cream":30,"Darkstone Periapt":52,"Oddly Smooth Stone":15,"Enchiridion":27,"Pen Nib":29,"Odd Mushroom":18,"War Paint":35,"Sling":49,"OrangePellets":64,"MutagenicStrength":27,"Strawberry":68,"Philosopher\u0027s Stone":21,"VioletLotus":40,"Bag of Marbles":15,"Kunai":50,"PureWater":0,"Toxic Egg 2":18,"TungstenRod":50}],"TungstenRod":24},"card_choices":[{"not_picked":["ClearTheMind","MentalFortress"],"picked":"FlurryOfBlows","floor":1},{"not_picked":["FlyingSleeves","BattleHymn"],"picked":"FlurryOfBlows","floor":3},{"not_picked":["FollowUp","JustLucky"],"picked":"Consecrate","floor":4},{"not_picked":["SashWhip","Collect"],"picked":"EmptyFist","floor":7},{"not_picked":["BowlingBash","Evaluate"],"picked":"Tantrum","floor":10},{"not_picked":["ConjureBlade+1","Establishment"],"picked":"Scrawl+1","floor":16},{"not_picked":["LikeWater","Consecrate","InnerPeace+1"],"picked":"SKIP","floor":18},{"not_picked":["PathToVictory+1","Nirvana"],"picked":"Fasting2","floor":19},{"not_picked":["Vengeance+1","CutThroughFate+1"],"picked":"BowlingBash","floor":23},{"not_picked":["FlurryOfBlows","FlyingSleeves"],"picked":"DeceiveReality+1","floor":24},{"not_picked":["ClearTheMind+1","PathToVictory+1","Fasting2+1"],"picked":"SKIP","floor":28},{"not_picked":["PathToVictory+1","ClearTheMind+1","DeceiveReality+1"],"picked":"SKIP","floor":29},{"not_picked":["Halt+1","EmptyFist"],"picked":"ForeignInfluence+1","floor":31},{"not_picked":["Omniscience+1","Brilliance"],"picked":"DeusExMachina+1","floor":33},{"not_picked":["FollowUp","CrushJoints"],"picked":"Worship+1","floor":35},{"not_picked":["Halt+1","Pray+1","Weave+1"],"picked":"SKIP","floor":36},{"not_picked":["FlurryOfBlows","DevaForm","PathToVictory+1"],"picked":"SKIP","floor":37},{"not_picked":["Crescendo+1","Vengeance+1","BattleHymn"],"picked":"SKIP","floor":40},{"not_picked":["SashWhip","Halt+1"],"picked":"WheelKick","floor":45},{"not_picked":["EmptyBody+1","CrushJoints"],"picked":"Wallop+1","floor":46},{"not_picked":["Wireheading","ConjureBlade+1"],"picked":"CrushJoints+1","floor":48},{"not_picked":["EmptyBody+1","Perseverance+1"],"picked":"WheelKick+1","floor":54}],"player_experience":1367408,"relics_obtained":[{"floor":7,"key":"Oddly Smooth Stone"},{"floor":9,"key":"Bag of Marbles"},{"floor":10,"key":"Odd Mushroom"},{"floor":14,"key":"Toxic Egg 2"},{"floor":21,"key":"Enchiridion"},{"floor":23,"key":"Pen Nib"},{"floor":26,"key":"Ice Cream"},{"floor":29,"key":"War Paint"},{"floor":40,"key":"TungstenRod"},{"floor":42,"key":"Kunai"},{"floor":45,"key":"Darkstone Periapt"},{"floor":54,"key":"Strawberry"}],"event_choices":[{"damage_healed":0,"gold_gain":0,"cards_transformed":["Defend_P"],"player_choice":"Change","damage_taken":0,"max_hp_gain":0,"max_hp_loss":0,"event_name":"Living Wall","floor":2,"gold_loss":0,"cards_obtained":["FlurryOfBlows"]},{"damage_healed":0,"gold_gain":0,"player_choice":"Fought Mushrooms","damage_taken":0,"max_hp_gain":0,"max_hp_loss":0,"event_name":"Mushrooms","floor":10,"gold_loss":0},{"damage_healed":0,"gold_gain":0,"player_choice":"Entered Light","damage_taken":14,"max_hp_gain":0,"max_hp_loss":0,"event_name":"Shining Light","floor":11,"gold_loss":0,"cards_upgraded":["Strike_P","EmptyFist"]},{"damage_healed":0,"gold_gain":64,"player_choice":"Gained Gold","damage_taken":0,"max_hp_gain":0,"max_hp_loss":0,"event_name":"Golden Wing","floor":13,"gold_loss":0},{"damage_healed":0,"gold_gain":0,"player_choice":"Inject Mutagens","damage_taken":0,"relics_obtained":["MutagenicStrength"],"max_hp_gain":0,"max_hp_loss":0,"event_name":"Drug Dealer","floor":20,"gold_loss":0},{"damage_healed":0,"gold_gain":0,"player_choice":"Obtained Book","damage_taken":16,"max_hp_gain":0,"max_hp_loss":0,"event_name":"Cursed Tome","floor":21,"gold_loss":0},{"cards_removed":["Strike_P"],"damage_healed":0,"gold_gain":0,"player_choice":"Gave Gold","damage_taken":0,"max_hp_gain":0,"max_hp_loss":0,"event_name":"Beggar","floor":22,"gold_loss":75},{"cards_removed":["Strike_P"],"damage_healed":0,"gold_gain":0,"player_choice":"Removed Attack","damage_taken":0,"max_hp_gain":0,"max_hp_loss":0,"event_name":"Falling","floor":38,"gold_loss":0},{"cards_removed":["Strike_P"],"damage_healed":0,"gold_gain":0,"player_choice":"Upgrade and Remove","damage_taken":0,"max_hp_gain":0,"max_hp_loss":0,"event_name":"Designer","floor":44,"gold_loss":90,"cards_upgraded":["FlurryOfBlows"]}],"is_beta":false,"boss_relics":[{"not_picked":["Ectoplasm","Runic Dome"],"picked":"Philosopher\u0027s Stone"},{"not_picked":["Sozu","SacredBark"],"picked":"VioletLotus"}],"items_purged_floors":[39],"is_endless":false,"potions_floor_spawned":[4,10,16,18,19,31,37,45],"ascension_level":1}}