{"host":"kj3kagpk915d476w","time":1611324214,"event":{"mods":["ATMod(°¢èªMod)","Act Like it!","Ascension Reborn","BaseMod","BetterRewards","Conspire","Friendly Minions","Gensokyo","Jedi Mod","Minty Spire (QoL Compilation)","Pale of the Ancients","Replay The Spire","Spicy Shops","StSLib","TestMod","The Servant 0.9.4","[IsaacMod]ÒÔÈö¼âËþ","[JumpMod]Îè¶¯¼âËþ","vexMod","yUi","¡¾ÒÅÎï¿¨ÅÆ¡¿REMEMod"],"gold_per_floor":[163,206,206,156,195,195,346,346,371,95,162,22,76,76,76,247,247,483,483,483,154,154,154,209,209,232,267,357,357,357,420,420,620,620,710,806,109,146,275,329,329,329,329,414,414,479,34,664,664,712,832,969,1020,1020,64,64,115,115,115,115,256],"floor_reached":62,"language":"ZHS","playtime":3565,"items_purged":["Strike_S","Strike_S","Defend_S","Strike_S","Strike_S"],"score":3624,"play_id":"26d251f7-e297-492e-9485-d192fe0acfe2","local_time":"20210122220334","is_ascension_mode":true,"campfire_choices":[{"data":"AT_FamilyPortrait","floor":6.0,"key":"SMITH"},{"data":"SilverBlades","floor":8.0,"key":"SMITH"},{"data":"TheWorld","floor":15.0,"key":"SMITH"},{"data":"SoulSculpture","floor":22.0,"key":"SMITH"},{"data":"SurpressingFire","floor":23.0,"key":"SMITH"},{"data":"TheWorld","floor":29.0,"key":"SMITH"},{"data":"MurderousAura","floor":30.0,"key":"SMITH"},{"data":"Starlight","floor":32.0,"key":"SMITH"},{"data":"SilverMatrix","floor":41.0,"key":"SMITH"},{"floor":45.0,"key":"RECALL"},{"data":"testmod-SelfRegulatingSystem","floor":49.0,"key":"SMITH"},{"floor":56,"key":"REST"},{"data":"REME_EyeOfCthun","floor":58,"key":"SMITH"}],"circlet_count":0,"master_deck":["AscendersBane","Defend_S+1","Defend_S","Defend_S+1","KidneyShot+1","Exchange+1","AT_FamilyPortrait+1","Dual Wield+1","SilverBlades+1","TheWorld+1","SurpressingFire+1","BottledTime+1","Ricochet+1","SilverBlades+1","Clumsy","conspire:SpireCoStock","Sunlight+1","Pot Of Greed+1","Pot Of Greed+1","SoulSculpture+1","TheWorld+1","Pot Of Greed+1","Starlight+1","KillingDoll+1","Misdirection+1","Rearm+1","MurderousAura+1","BottledTime+1","Initiator+1","Solidify+1","Misdirection+1","Gensokyo:TurboGranny+1","Rearm+1","Pot Of Greed+1","SilverMatrix+1","Gensokyo:PrivateSquare+1","Pride","testmod-SelfRegulatingSystem+1","REME_EyeOfCthun+1"],"relics":["Uniform","testmod-TestBox","HushsDoor","HowToJump","AT_ATBox","REME_ComplimentaryCards","BookofShadows","testmod-AscensionHeart","Lee\u0027s Waffle","Akabeko","AT_MibuBalloonWealth","Gremlin Horn","Gensokyo:NagashiBinaDoll","testmod-IndustrialRevolution","jedi:arcanewood","Medical Kit","Grinning Jar","Leech","Replay:WaspNest","Sozu","Gensokyo:ConquerorOfFear","testmod-Charity","conspire:DeflatedDodgeball","AT_ArcaneBoots","testmod-TurbochargingSystem","Bronze Scales","vexMod:ImprovementManual","vexMod:PaidLearning","testmod-Register","Pan","Replay:Bandana","War Paint","AT_Manta","ReplayTheSpireMod:ShopPack","BloodBag","Incense Burner","paleoftheancients:Timepiece","paleoftheancients:KeyRelic","Letter Opener","CultistMask","AT_SunfireAegis","AT_RedTearstoneRing","BFFS","TheBattery","BelialBook","AT_RabadonDeathcap","Prayer Wheel"],"acts_visited":["Gensokyo:Gensokyo","Gensokyo:Gensokyoer","Gensokyo:Gensokyoest","paleoftheancients:PaleOfTheAncients"],"potions_floor_usage":[61,61],"damage_taken":[{"damage":0.0,"enemies":"Gensokyo:2_Kodama","floor":1.0,"turns":2.0},{"damage":0.0,"enemies":"Gensokyo:Gryphon","floor":2.0,"turns":1.0},{"damage":11.0,"enemies":"Gensokyo:Python","floor":5.0,"turns":4.0},{"damage":6.0,"enemies":"Gensokyo:Cirno","floor":7.0,"turns":6.0},{"damage":23.0,"enemies":"Gensokyo:Aya","floor":11.0,"turns":6.0},{"damage":25.0,"enemies":"Gensokyo:LivingMonolith","floor":13.0,"turns":4.0},{"damage":7.0,"enemies":"Gensokyo:Yukari","floor":16.0,"turns":4.0},{"damage":12.0,"enemies":"Gensokyo:AngelMirror","floor":18.0,"turns":2.0},{"damage":34.0,"enemies":"Gensokyo:Tenshi","floor":24.0,"turns":2.0},{"damage":0.0,"enemies":"Gensokyo:CosmicMonolith","floor":27.0,"turns":1.0},{"damage":0.0,"enemies":"Gensokyo:Chomper_and_Gloop","floor":28.0,"turns":2.0},{"damage":8.0,"enemies":"Gensokyo:Koishi","floor":31.0,"turns":3.0},{"damage":10.0,"enemies":"Gensokyo:Eternal_Rivals","floor":33.0,"turns":7.0},{"damage":0.0,"enemies":"Gensokyo:3_Boulders","floor":35.0,"turns":2.0},{"damage":0.0,"enemies":"Gensokyo:3_Bats","floor":36.0,"turns":2.0},{"damage":0.0,"enemies":"Gensokyo:SeedOfUnknown","floor":38.0,"turns":2.0},{"damage":15.0,"enemies":"Gensokyo:4_Bats","floor":39.0,"turns":3.0},{"damage":24.0,"enemies":"Gensokyo:Marisa","floor":40.0,"turns":3.0},{"damage":0.0,"enemies":"Gensokyo:3_Boulders","floor":44.0,"turns":2.0},{"damage":0.0,"enemies":"Gensokyo:SeedOfUnknown","floor":46.0,"turns":3.0},{"damage":0.0,"enemies":"Gensokyo:Kasen","floor":48.0,"turns":1.0},{"damage":53.0,"enemies":"Gensokyo:Scarlet_Devils","floor":50.0,"turns":10.0},{"damage":0.0,"enemies":"Gensokyo:Yuyuko","floor":51.0,"turns":2.0},{"damage":13.0,"enemies":"Gensokyo:Yuyuko","floor":52.0,"turns":3.0},{"damage":9.0,"enemies":"Gensokyo:Yuyuko","floor":53.0,"turns":4.0},{"damage":2902,"enemies":"Gensokyo:Yuyuko","floor":57,"turns":10},{"damage":0,"enemies":"LittleHush","floor":61,"turns":10}],"seed_played":"7009742682029894157","potions_obtained":[{"floor":1.0,"key":"AttackPotion"},{"floor":11.0,"key":"jedi:StrikingPotion"},{"floor":13.0,"key":"Strength Potion"},{"floor":16.0,"key":"Reflective Coating"}],"is_trial":false,"path_per_floor":["M","M","?","?","M","R","E","R","T","COS","E","$","M","T","R","B",null,"M","?","?","$","R","R","E","T","T","M","M","R","R","E","R","B",null,"M","M","COS","M","M","E","R","?","T","M","R","M","$","E","R","B","B","M","M","?","$","R","M","R","T","?","B",null],"character_chosen":"THE_SERVANT","items_purchased":["SilverBlades","TheWorld","Lee\u0027s Waffle","SurpressingFire","Akabeko","AT_MibuBalloonWealth","Gremlin Horn","BottledTime","testmod-Charity","conspire:DeflatedDodgeball","Rearm","BloodDonationMachine","ReplayTheSpireMod:ShopPack","AT_SunfireAegis","AT_RedTearstoneRing","BFFS","TheBattery","BelialBook"],"campfire_rested":1,"item_purchase_floors":[0,0,0,0,0,0,0,0,21,21,21,47,47,55,55,55,55,55],"current_hp_per_floor":[67,67,67,67,57,57,56,56,56,56,35,35,11,11,11,16,60,51,51,51,53,53,53,32,32,33,36,42,42,42,41,41,48,88,94,101,101,105,100,82,82,82,82,110,110,129,131,176,176,141,310,146,382,382,388,526,645,645,645,645,723],"gold":256,"neow_bonus":"","is_daily":false,"chose_seed":false,"campfire_upgraded":11,"win_rate":0.0,"timestamp":1611324214,"path_taken":["M","M","?","?","?","R","E","R","T","COS","E","$","M","?","R","BOSS","M","?","?","$","?","R","E","?","T","?","?","?","R","E","R","BOSS","M","M","COS","M","M","E","R","?","T","M","R","M","?","E","R","BOSS","BOSS","M","M","?","$","R","M","R","T","?","BOSS"],"items_purchased_type":["Card","Card","Relic","Card","Relic","Relic","Relic","Card","Relic","Relic","Card","Relic","Relic","Relic","Relic","Relic","Relic","Relic"],"build_version":"2020-12-22","purchased_purges":5,"victory":true,"max_hp_per_floor":[67,67,67,67,68,68,69,69,69,69,70,70,70,70,70,75,75,75,75,75,77,77,77,80,80,81,83,87,87,87,91,91,101,101,105,110,110,112,118,121,121,121,121,147,147,163,165,307,307,318,366,421,520,520,526,526,645,645,645,645,723],"card_choices":[{"not_picked":["Defy","DoubleEdge"],"picked":"Ricochet","floor":1.0},{"not_picked":["Deadline","Defy"],"picked":"SilverBlades","floor":2.0},{"not_picked":["StarChef","Foresight","FastForward"],"picked":"SKIP","floor":5.0},{"not_picked":["Duplication","Solidify"],"picked":"Sunlight","floor":7.0},{"not_picked":["Duplication","PendulumOfEternity"],"picked":"SoulSculpture","floor":11.0},{"not_picked":["PendulumOfEternity","Solidify"],"picked":"TheWorld","floor":13.0},{"not_picked":["WasteNot","Unruled"],"picked":"Starlight","floor":13.0},{"not_picked":["MurderousAura","Solidify"],"picked":"KillingDoll","floor":16.0},{"not_picked":["Reset","Revamp","BottledTime"],"picked":"SKIP","floor":18.0},{"not_picked":["Dilation","Dilation"],"picked":"MurderousAura","floor":24.0},{"not_picked":["Unruled","Potential","Replace"],"picked":"SKIP","floor":27.0},{"not_picked":["MoonPhase","Rearm"],"picked":"BottledTime+1","floor":28.0},{"not_picked":["Duplication","Sunlight"],"picked":"Initiator","floor":31.0},{"not_picked":["KillingDoll","SilverMatrix"],"picked":"Solidify","floor":33.0},{"not_picked":["BottledTime","Rearm","Spin+1"],"picked":"SKIP","floor":35.0},{"not_picked":["Comet","BestPractice"],"picked":"Misdirection+1","floor":36.0},{"not_picked":["Snipe","TimeTheft+1"],"picked":"Rearm+1","floor":38.0},{"not_picked":["Rearm","Read+1","ShatteredReality"],"picked":"SKIP","floor":39.0},{"not_picked":["TrueSight","TrueSight"],"picked":"SilverMatrix","floor":40.0},{"not_picked":["ShatteredReality","Moonlight","ReturningBlade"],"picked":"SKIP","floor":44.0},{"not_picked":["TimeWarp","Shuttle","MoonPhase"],"picked":"SKIP","floor":46.0},{"not_picked":["AT_CelerityRune","Replay:Parry"],"picked":"testmod-SelfRegulatingSystem","floor":47.0},{"not_picked":["testmod-BloodBlade","Magnetism"],"picked":"REME_EyeOfCthun","floor":47.0},{"not_picked":["LightFlow","TheWorld","Duplication"],"picked":"SKIP","floor":48.0},{"not_picked":["ReturningBlade","Replace","Moondial"],"picked":"SKIP","floor":52.0},{"not_picked":["InstantArmor+1","Spin+1","Replace+1"],"picked":"SKIP","floor":53.0}],"player_experience":660437,"relics_obtained":[{"floor":7.0,"key":"testmod-IndustrialRevolution"},{"floor":9.0,"key":"jedi:arcanewood"},{"floor":11.0,"key":"Grinning Jar"},{"floor":14.0,"key":"Leech"},{"floor":24.0,"key":"Gensokyo:ConquerorOfFear"},{"floor":24.0,"key":"AT_SpeedBoots"},{"floor":26.0,"key":"testmod-TurbochargingSystem"},{"floor":31.0,"key":"Bronze Scales"},{"floor":40.0,"key":"War Paint"},{"floor":43.0,"key":"AT_Manta"},{"floor":48.0,"key":"Incense Burner"},{"floor":59,"key":"AT_RabadonDeathcap"}],"event_choices":[{"damage_healed":0.0,"max_hp_gain":0.0,"max_hp_loss":0.0,"gold_gain":0.0,"event_name":"conspire:Investor","player_choice":"Invest 1","floor":4.0,"gold_loss":0.0,"damage_taken":0.0}],"is_beta":false,"boss_relics":[{"not_picked":["testmod-HarvestTotem","REME_DuelDisc"],"picked":"Sozu"},{"not_picked":[]},{"not_picked":["AT_MortalBlade","StoneMask"],"picked":"vexMod:ImprovementManual"},{"not_picked":[]}],"items_purged_floors":[0,0,0,12,55],"is_endless":false,"potions_floor_spawned":[1,11,13,16,27,28,31,36,39,44,46,53],"ascension_level":20}}