{"host":"c6uvvgqwlxq4k23y","time":1611346665,"event":{"mods":["Arknights The Spire","BaseMod","CapriCore","DeckTracker","Hermit","Minty Spire (QoL Compilation)","StSLib","SuperFastMode","The Cursed"],"gold_per_floor":[109,109,120,132,57,86,105,119,119,130,98,110,139,152,152,247,247,263,183,196,196,196],"floor_reached":21,"language":"KOR","playtime":751,"items_purged":["ats:Strike V","ats:Strike S"],"score":195,"play_id":"9b0120b5-74ab-475d-b97e-4ddf9cfc19e8","local_time":"20210123051745","is_ascension_mode":false,"campfire_choices":[{"floor":15.0,"key":"REST"}],"circlet_count":0,"master_deck":["ats:Strike C","ats:Strike G","ats:Armor Crushing Shot","ats:Defend","ats:Defend","ats:Defend","ats:Defend","ats:Emotion Absorption+1","ats:Shell Defense","ats:Thorns","ats:Sunburst","ats:Poison Spread","ats:Healing Strengthening","ats:Healing Strengthening","ats:Mental Burst","ats:Hook Shot","ats:Volcano","ats:Ignite+1","ats:Revitalization+1"],"relics":["ats:Sanity","NeowsBlessing","ats:Originium","The Courier","Sundial","Regal Pillow","Runic Pyramid"],"acts_visited":["Exordium","TheCity"],"potions_floor_usage":[20],"damage_taken":[{"damage":0.0,"enemies":"2 Louse","floor":1.0,"turns":1.0},{"damage":0.0,"enemies":"Cultist","floor":3.0,"turns":1.0},{"damage":0.0,"enemies":"Small Slimes","floor":4.0,"turns":1.0},{"damage":34.0,"enemies":"Lagavulin","floor":6.0,"turns":11.0},{"damage":1.0,"enemies":"Blue Slaver","floor":7.0,"turns":6.0},{"damage":26.0,"enemies":"Large Slime","floor":8.0,"turns":8.0},{"damage":10.0,"enemies":"Looter","floor":10.0,"turns":4.0},{"damage":12.0,"enemies":"Exordium Wildlife","floor":12.0,"turns":7.0},{"damage":35.0,"enemies":"3 Sentries","floor":13.0,"turns":8.0},{"damage":3.0,"enemies":"Exordium Thugs","floor":14.0,"turns":2.0},{"damage":71.0,"enemies":"Slime Boss","floor":16.0,"turns":14.0},{"damage":40,"enemies":"2 Thieves","floor":18,"turns":4},{"damage":22,"enemies":"3 Byrds","floor":20,"turns":4},{"damage":24,"enemies":"Centurion and Healer","floor":21,"turns":3}],"seed_played":"1830124293620273984","potions_obtained":[{"floor":3.0,"key":"Weak Potion"},{"floor":8.0,"key":"GamblersBrew"},{"floor":10.0,"key":"GamblersBrew"},{"floor":13.0,"key":"AttackPotion"},{"floor":16.0,"key":"FearPotion"},{"floor":18,"key":"Block Potion"}],"is_trial":false,"path_per_floor":["M","?","M","M","$","E","M","M","T","M","$","M","E","M","R","B",null,"M","$","M","M"],"character_chosen":"DOCTOR_CLASS","items_purchased":["ats:Healing Strengthening"],"campfire_rested":1,"item_purchase_floors":[11],"current_hp_per_floor":[72,72,72,72,72,56,60,43,43,38,38,43,15,12,48,9,72,32,32,17,0,0],"gold":196,"neow_bonus":"THREE_ENEMY_KILL","is_daily":false,"chose_seed":false,"campfire_upgraded":0,"win_rate":0.0,"timestamp":1611346665,"path_taken":["M","?","?","M","$","E","M","M","T","M","$","M","E","M","R","BOSS","M","$","M","M"],"items_purchased_type":["Card"],"build_version":"2020-12-22","purchased_purges":2,"victory":false,"max_hp_per_floor":[72,72,72,72,72,72,72,72,72,72,72,72,72,72,72,72,72,72,72,72,72,72],"card_choices":[{"not_picked":["ats:Closed Bolt Burst Fire","ats:Soul Absorption"],"picked":"ats:Shell Defense","floor":1.0},{"not_picked":["ats:Soul Absorption","ats:Childhood Dance","ats:Poison Spread"],"picked":"SKIP","floor":3.0},{"not_picked":["ats:Part Time Job","ats:Childhood Dance"],"picked":"ats:Thorns","floor":4.0},{"not_picked":["ats:Part Time Job","ats:Poison Spread"],"picked":"ats:Sunburst","floor":6.0},{"not_picked":["ats:Sword Rain","ats:Cat Scratch","ats:Blood Oath"],"picked":"SKIP","floor":7.0},{"not_picked":["ats:Support Order","ats:Shell Defense"],"picked":"ats:Poison Spread","floor":8.0},{"not_picked":["ats:Part Time Job","ats:Shadow Raid"],"picked":"ats:Healing Strengthening","floor":10.0},{"not_picked":["ats:Soul Absorption","ats:Leaping Hammer","ats:Explosion Area Strengthen"],"picked":"SKIP","floor":12.0},{"not_picked":["ats:Explosion Area Strengthen","ats:Hook Shot"],"picked":"ats:Mental Burst","floor":13.0},{"not_picked":["ats:Curse Doll","ats:Closed Bolt Burst Fire"],"picked":"ats:Hook Shot","floor":14.0},{"not_picked":["ats:Fractured Body","ats:Wolf Pack"],"picked":"ats:Volcano","floor":16.0},{"not_picked":["ats:Assault Order","ats:Sunburst"],"picked":"ats:Ignite+1","floor":18},{"not_picked":["ats:Very Hot Blade","ats:Explosion Area Strengthen"],"picked":"ats:Revitalization+1","floor":20}],"player_experience":331101,"relics_obtained":[{"floor":6.0,"key":"ats:Originium"},{"floor":6.0,"key":"The Courier"},{"floor":9.0,"key":"Sundial"},{"floor":13.0,"key":"ats:Originium"},{"floor":13.0,"key":"Regal Pillow"}],"event_choices":[{"damage_healed":0.0,"max_hp_gain":0.0,"max_hp_loss":0.0,"gold_gain":0.0,"event_name":"Accursed Blacksmith","player_choice":"Forge","floor":2.0,"gold_loss":0.0,"damage_taken":0.0,"cards_upgraded":["ats:Emotion Absorption"]}],"is_beta":false,"boss_relics":[{"not_picked":["ats:Tactical Delivery","Fusion Hammer"],"picked":"Runic Pyramid"}],"items_purged_floors":[5,19],"is_endless":false,"potions_floor_spawned":[3,8,10,13,16,18],"killed_by":"Centurion and Healer","ascension_level":0}}