{"host":"n6qxj7a4gnapjcui","time":1611343753,"event":{"mods":["2.2 Compatiblity","AchievementEnabler","BaseMod","Colored Map","Minty Spire (QoL Compilation)","Random Character Button","Rare Cards Sparkle"],"gold_per_floor":[117,134,144,160,173,173,273,301,347,377,3,3,13,13,13,116,116,131,46,46,24,123,123,156,126,126],"floor_reached":25,"language":"POL","playtime":1686,"items_purged":[],"score":286,"play_id":"0926a161-4719-4e00-aeb5-56cebc00528e","local_time":"20210122202913","is_ascension_mode":true,"campfire_choices":[{"data":"Iron Wave","floor":6,"key":"SMITH"},{"data":"Uppercut","floor":15,"key":"SMITH"},{"floor":23,"key":"REST"}],"circlet_count":0,"master_deck":["Strike_R","Strike_R","Strike_R","Strike_R","Strike_R","Defend_R","Defend_R","Defend_R","Defend_R","Bash","Blind","Iron Wave+1","Inflame","Rage","Headbutt","Uppercut+1","Seeing Red","Warcry","Dropkick","Corruption+1","Fiend Fire","Power Through","True Grit","Twin Strike+1"],"relics":["Burning Blood","Happy Flower","Smiling Mask","The Courier","Frozen Egg 2","Lantern","Kunai","Mark of Pain","Vajra","Blue Candle"],"acts_visited":["Exordium","TheCity"],"potions_floor_usage":[10,24,24],"damage_taken":[{"damage":9,"enemies":"Jaw Worm","floor":1,"turns":4},{"damage":4,"enemies":"Cultist","floor":2,"turns":4},{"damage":2,"enemies":"2 Louse","floor":3,"turns":3},{"damage":1,"enemies":"2 Fungi Beasts","floor":4,"turns":4},{"damage":9,"enemies":"3 Louse","floor":5,"turns":5},{"damage":19,"enemies":"Lagavulin","floor":8,"turns":6},{"damage":19,"enemies":"3 Sentries","floor":10,"turns":7},{"damage":3,"enemies":"Red Slaver","floor":13,"turns":4},{"damage":26,"enemies":"Hexaghost","floor":16,"turns":10},{"damage":27,"enemies":"Shell Parasite","floor":18,"turns":6},{"damage":51,"enemies":"Gremlin Leader","floor":24,"turns":7},{"damage":13,"enemies":"2 Thieves","floor":25,"turns":1}],"seed_played":"-5860665134720283122","potions_obtained":[{"floor":3,"key":"Swift Potion"},{"floor":10,"key":"SteroidPotion"},{"floor":18,"key":"PowerPotion"},{"floor":24,"key":"ElixirPotion"}],"is_trial":false,"path_per_floor":["M","M","M","M","M","R","?","E","T","E","$","T","M","$","R","B",null,"M","?","?","$","?","R","E","M"],"character_chosen":"IRONCLAD","items_purchased":["Dropkick","Frozen Egg 2","Lantern","True Grit"],"campfire_rested":1,"item_purchase_floors":[11,11,11,21],"current_hp_per_floor":[77,79,80,80,77,77,77,64,64,51,51,51,54,54,54,34,69,48,48,33,33,33,58,13,0,0],"gold":126,"neow_bonus":"RANDOM_COLORLESS","is_daily":false,"chose_seed":false,"campfire_upgraded":2,"win_rate":0.0,"timestamp":1611343753,"path_taken":["M","M","M","M","M","R","?","E","T","E","$","?","?","?","R","BOSS","M","?","?","$","?","R","E","M"],"items_purchased_type":["Card","Relic","Relic","Card"],"build_version":"2020-12-22","purchased_purges":0,"victory":false,"max_hp_per_floor":[80,80,80,80,80,80,80,80,80,80,80,80,80,80,80,80,80,80,80,85,85,85,85,85,85,85],"card_choices":[{"not_picked":["Finesse","Good Instincts"],"picked":"Blind","floor":0},{"not_picked":["Spot Weakness","Rampage"],"picked":"Iron Wave","floor":1},{"not_picked":["Feel No Pain","Entrench"],"picked":"Inflame","floor":2},{"not_picked":["Twin Strike","Intimidate"],"picked":"Rage","floor":3},{"not_picked":["Armaments","Uppercut"],"picked":"Headbutt","floor":4},{"not_picked":["Rampage","Clothesline"],"picked":"Uppercut","floor":5},{"not_picked":["Second Wind","Flame Barrier"],"picked":"Seeing Red","floor":8},{"not_picked":["Cleave","Iron Wave"],"picked":"Warcry","floor":10},{"not_picked":["Inflame+1","Warcry"],"picked":"Corruption+1","floor":13},{"not_picked":["Feed","Limit Break"],"picked":"Fiend Fire","floor":16},{"not_picked":["Disarm","Clash"],"picked":"Power Through","floor":18},{"not_picked":["Bloodletting","Carnage"],"picked":"Twin Strike+1","floor":24}],"player_experience":286188,"relics_obtained":[{"floor":8,"key":"Happy Flower"},{"floor":9,"key":"Smiling Mask"},{"floor":10,"key":"The Courier"},{"floor":12,"key":"Kunai"},{"floor":24,"key":"Blue Candle"}],"event_choices":[{"damage_healed":0,"gold_gain":100,"player_choice":"Pray","damage_taken":0,"max_hp_gain":0,"max_hp_loss":0,"event_name":"Golden Shrine","floor":7,"gold_loss":0},{"damage_healed":0,"gold_gain":0,"player_choice":"Obtained Relic","damage_taken":0,"relics_obtained":["Vajra"],"max_hp_gain":0,"max_hp_loss":0,"event_name":"Addict","floor":19,"gold_loss":85},{"damage_healed":0,"gold_gain":0,"player_choice":"Shed Blood","damage_taken":20,"max_hp_gain":5,"max_hp_loss":0,"event_name":"Forgotten Altar","floor":20,"gold_loss":0},{"damage_healed":0,"gold_gain":99,"player_choice":"Stole From Cult","damage_taken":0,"max_hp_gain":0,"max_hp_loss":0,"event_name":"Nest","floor":22,"gold_loss":0}],"is_beta":false,"boss_relics":[{"not_picked":["Empty Cage","Busted Crown"],"picked":"Mark of Pain"}],"items_purged_floors":[],"is_endless":false,"potions_floor_spawned":[3,10,18,24],"killed_by":"2 Thieves","ascension_level":5}}