{"host":"ji1fk25fd1ga4ji1","time":1611294035,"event":{"mods":["2.2 Compatiblity","BaseMod","Colored Map","DeckTracker","Minty Spire (QoL Compilation)","Permanent Neow","Quick Restart","StSLib","SuperFastMode"],"gold_per_floor":[19,19,34,53,73,104,104,135,135,135,135,61,87,107,107,107,107],"floor_reached":16,"language":"KOR","playtime":273,"items_purged":[],"score":126,"play_id":"e8a48cb9-bcfb-46d7-96f3-0a69c2b6657a","local_time":"20210122144035","is_ascension_mode":true,"campfire_choices":[{"floor":7,"key":"REST"},{"data":"Whirlwind","floor":10,"key":"SMITH"},{"data":"Inflame","floor":15,"key":"SMITH"}],"circlet_count":0,"master_deck":["Strike_R","Strike_R","Strike_R","Strike_R","Strike_R","Defend_R","Defend_R","Defend_R","Defend_R","Bash","Reaper","Whirlwind+1","Reaper","Inflame+1","Offering","Heavy Blade"],"relics":["Burning Blood","Meat on the Bone","Art of War","Letter Opener","Ornamental Fan"],"acts_visited":["Exordium"],"potions_floor_usage":[5,6,6],"damage_taken":[{"damage":6,"enemies":"Jaw Worm","floor":1,"turns":3},{"damage":6,"enemies":"Cultist","floor":3,"turns":4},{"damage":0,"enemies":"Small Slimes","floor":4,"turns":2},{"damage":21,"enemies":"Exordium Wildlife","floor":5,"turns":4},{"damage":50,"enemies":"Lagavulin","floor":6,"turns":7},{"damage":44,"enemies":"3 Sentries","floor":8,"turns":6},{"damage":32,"enemies":"Gremlin Nob","floor":13,"turns":4},{"damage":12,"enemies":"Blue Slaver","floor":14,"turns":4},{"damage":32,"enemies":"Hexaghost","floor":16,"turns":4}],"seed_played":"-6688372597749382199","potions_obtained":[{"floor":1,"key":"Explosive Potion"},{"floor":2,"key":"Explosive Potion"},{"floor":2,"key":"Explosive Potion"},{"floor":6,"key":"Ancient Potion"}],"is_trial":false,"path_per_floor":["M","?","M","M","M","E","R","E","T","R","?","$","E","M","R","B"],"character_chosen":"IRONCLAD","items_purchased":["Inflame"],"campfire_rested":1,"item_purchase_floors":[12],"current_hp_per_floor":[80,80,80,80,65,27,51,49,49,49,49,49,41,56,56,24,24],"gold":107,"neow_bonus":"THREE_RARE_CARDS","is_daily":false,"chose_seed":false,"campfire_upgraded":2,"win_rate":0.0,"timestamp":1611294035,"path_taken":["M","?","M","?","M","E","R","E","T","R","?","$","E","M","R","BOSS"],"items_purchased_type":["Card"],"build_version":"2020-12-22","purchased_purges":0,"victory":false,"max_hp_per_floor":[80,80,80,80,80,80,80,80,80,80,80,80,80,80,80,80,80],"card_choices":[{"not_picked":["Impervious","Fiend Fire"],"picked":"Reaper","floor":0},{"not_picked":["Body Slam","Metallicize"],"picked":"Whirlwind","floor":1},{"not_picked":["Iron Wave","Armaments","Uppercut"],"picked":"SKIP","floor":3},{"not_picked":["Shrug It Off","Rupture","Wild Strike"],"picked":"SKIP","floor":4},{"not_picked":["Wild Strike","Cleave","Headbutt"],"picked":"SKIP","floor":5},{"not_picked":["Bludgeon","Pommel Strike"],"picked":"Reaper","floor":6},{"not_picked":["Flex","Pommel Strike","Fire Breathing"],"picked":"SKIP","floor":8},{"not_picked":["Evolve","Burning Pact"],"picked":"Offering","floor":13},{"not_picked":["Cleave","Clothesline"],"picked":"Heavy Blade","floor":14}],"player_experience":474011,"relics_obtained":[{"floor":6,"key":"Meat on the Bone"},{"floor":8,"key":"Art of War"},{"floor":9,"key":"Letter Opener"},{"floor":13,"key":"Ornamental Fan"}],"event_choices":[{"damage_healed":0,"gold_gain":0,"player_choice":"Got Potions","damage_taken":0,"max_hp_gain":0,"max_hp_loss":0,"event_name":"Lab","floor":2,"gold_loss":0},{"damage_healed":0,"gold_gain":0,"player_choice":"Ignored","damage_taken":0,"max_hp_gain":0,"max_hp_loss":0,"event_name":"Liars Game","floor":11,"gold_loss":0}],"is_beta":false,"boss_relics":[],"items_purged_floors":[],"is_endless":false,"potions_floor_spawned":[1,3,6],"killed_by":"Hexaghost","ascension_level":1}}