{"host":"a1eatafr7pisesky","time":1611333067,"event":{"mods":["AchievementEnabler","BaseMod","Colored Map","Keyboard Shortcuts","Minty Spire (QoL Compilation)","Say the Spire","StSLib","SuperFastMode","everything is the same but u backflip on backflip"],"gold_per_floor":[11,29,44,63,63,97,97,117,117,130,130,150,18,35,35,108,108,121,121,220,209,85,85,101,120,145,145,178,178,28,46,46,118,118,134,134,159,159,179,179,191,226,226,259,259,284,295,328,328,328,328,328,57,87,87],"floor_reached":56,"language":"KOR","playtime":2265,"items_purged":["Strike_R","Defend_R","Defend_R"],"score":2328,"play_id":"b89b3dc6-a434-41bb-bd6f-1cc071f25bcf","local_time":"20210123013107","is_ascension_mode":true,"campfire_choices":[{"data":"Body Slam","floor":7.0,"key":"SMITH"},{"floor":15.0,"key":"REST"},{"data":"Barricade","floor":23.0,"key":"SMITH"},{"data":"Entrench","floor":27.0,"key":"SMITH"},{"data":"Offering","floor":32.0,"key":"SMITH"},{"data":"Dark Embrace","floor":40.0,"key":"SMITH"},{"data":"Offering","floor":45,"key":"SMITH"},{"floor":49,"key":"RECALL"},{"data":"Shrug It Off","floor":52,"key":"SMITH"}],"circlet_count":0,"master_deck":["AscendersBane","Defend_R","Defend_R","Bash","Body Slam+1","Barricade+1","Bloodletting","Thunderclap","Entrench+1","Ghostly Armor","Offering+1","Rage+1","Fiend Fire+1","Pommel Strike+1","Shrug It Off+1","Dark Embrace+1","Shrug It Off","Impervious","Ghostly","Ghostly","Ghostly","Ghostly","Ghostly","Offering+1"],"relics":["Burning Blood","Magic Flower","Letter Opener","Question Card","Astrolabe","Regal Pillow","Bag of Preparation","Empty Cage","Ice Cream","Omamori","Art of War","Ancient Tea Set","Sundial","ClockworkSouvenir","CaptainsWheel"],"acts_visited":["Exordium","TheCity","TheBeyond","TheEnding"],"potions_floor_usage":[55],"damage_taken":[{"damage":7.0,"enemies":"Jaw Worm","floor":1.0,"turns":3.0},{"damage":1.0,"enemies":"Cultist","floor":2.0,"turns":3.0},{"damage":10.0,"enemies":"2 Louse","floor":3.0,"turns":3.0},{"damage":21.0,"enemies":"Blue Slaver","floor":4.0,"turns":3.0},{"damage":70.0,"enemies":"Gremlin Nob","floor":6.0,"turns":6.0},{"damage":7.0,"enemies":"2 Fungi Beasts","floor":8.0,"turns":4.0},{"damage":12.0,"enemies":"Looter","floor":10.0,"turns":3.0},{"damage":20.0,"enemies":"Large Slime","floor":12.0,"turns":5.0},{"damage":22.0,"enemies":"Red Slaver","floor":14.0,"turns":4.0},{"damage":26.0,"enemies":"Slime Boss","floor":16.0,"turns":14.0},{"damage":34.0,"enemies":"Shell Parasite","floor":18.0,"turns":6.0},{"damage":23.0,"enemies":"2 Thieves","floor":21.0,"turns":4.0},{"damage":15.0,"enemies":"Cultist and Chosen","floor":24.0,"turns":7.0},{"damage":12.0,"enemies":"Snake Plant","floor":25.0,"turns":5.0},{"damage":16.0,"enemies":"Book of Stabbing","floor":28.0,"turns":5.0},{"damage":9.0,"enemies":"Snecko","floor":31.0,"turns":7.0},{"damage":6.0,"enemies":"Champ","floor":33.0,"turns":8.0},{"damage":2.0,"enemies":"3 Darklings","floor":35.0,"turns":6.0},{"damage":4.0,"enemies":"Mind Bloom Boss Battle","floor":37.0,"turns":5.0},{"damage":3.0,"enemies":"Orb Walker","floor":39.0,"turns":5.0},{"damage":3.0,"enemies":"Sphere and 2 Shapes","floor":41.0,"turns":6.0},{"damage":3.0,"enemies":"Giant Head","floor":42.0,"turns":5.0},{"damage":5,"enemies":"Reptomancer","floor":44,"turns":6},{"damage":3,"enemies":"Giant Head","floor":46,"turns":6},{"damage":10,"enemies":"Spire Growth","floor":47,"turns":4},{"damage":9,"enemies":"Reptomancer","floor":48,"turns":3},{"damage":3,"enemies":"Time Eater","floor":50,"turns":5},{"damage":3,"enemies":"Shield and Spear","floor":54,"turns":6},{"damage":8,"enemies":"The Heart","floor":55,"turns":8}],"seed_played":"-2299219306855542855","potions_obtained":[{"floor":4.0,"key":"FairyPotion"},{"floor":6.0,"key":"LiquidBronze"},{"floor":8.0,"key":"LiquidMemories"},{"floor":24.0,"key":"Regen Potion"},{"floor":31.0,"key":"ElixirPotion"},{"floor":33.0,"key":"Regen Potion"},{"floor":39.0,"key":"FairyPotion"}],"is_trial":false,"path_per_floor":["M","M","M","M","?","E","R","M","T","M","?","M","$","M","R","B",null,"M","?","?","M","$","R","M","M","T","R","E","?","$","M","R","B",null,"M","?","?","?","M","R","M","E","T","E","R","E","M","E","R","B",null,"R","$","E","B",null],"character_chosen":"IRONCLAD","items_purchased":["Entrench","Block Potion","Energy Potion","SkillPotion","ClockworkSouvenir"],"campfire_rested":1,"item_purchase_floors":[13,13,22,30,53],"current_hp_per_floor":[74,80,79,67,67,45,45,47,47,44,41,30,30,17,41,24,66,41,41,41,27,27,27,21,37,37,37,30,30,30,30,30,33,38,40,40,40,36,40,40,40,40,40,40,40,40,39,39,39,40,40,40,40,40,40],"gold":87,"neow_bonus":"ONE_RARE_RELIC","is_daily":false,"chose_seed":false,"campfire_upgraded":7,"win_rate":0.0,"timestamp":1611333067,"path_taken":["M","M","M","M","?","E","R","M","T","?","?","M","$","M","R","BOSS","M","?","?","M","$","R","M","M","T","R","E","?","$","M","R","BOSS","M","?","?","?","M","R","?","E","T","E","R","E","M","E","R","BOSS","R","$","E","BOSS"],"items_purchased_type":["Card","Potion","Potion","Potion","Relic"],"build_version":"2020-12-22","purchased_purges":3,"victory":true,"max_hp_per_floor":[80,80,80,80,80,80,80,80,80,80,80,80,80,80,80,80,80,80,80,80,80,80,80,80,80,80,80,80,40,40,40,40,40,40,40,40,40,40,40,40,40,40,40,40,40,40,40,40,40,40,40,40,40,40,40],"card_choices":[{"not_picked":["Warcry","Clothesline"],"picked":"Cleave","floor":1.0},{"not_picked":["Ghostly Armor","Clothesline"],"picked":"Body Slam","floor":2.0},{"not_picked":["Warcry","Iron Wave","Heavy Blade"],"picked":"SKIP","floor":3.0},{"not_picked":["Fire Breathing","Infernal Blade"],"picked":"Barricade","floor":4.0},{"not_picked":["Disarm","Perfected Strike"],"picked":"Bloodletting","floor":6.0},{"not_picked":["Heavy Blade","Cleave"],"picked":"Thunderclap","floor":8.0},{"not_picked":["Heavy Blade","Flame Barrier"],"picked":"Wild Strike","floor":10.0},{"not_picked":["Dropkick","Havoc","Perfected Strike","Metallicize"],"picked":"SKIP","floor":12.0},{"not_picked":["Clothesline","Heavy Blade","Twin Strike"],"picked":"Ghostly Armor","floor":14.0},{"not_picked":["Barricade","Reaper","Demon Form"],"picked":"Offering","floor":16.0},{"not_picked":["Headbutt","Ghostly Armor","Rage"],"picked":"Shrug It Off","floor":18.0},{"not_picked":["Rampage","Body Slam","Clothesline","Combust"],"picked":"SKIP","floor":21.0},{"not_picked":["Cleave","Wild Strike","Battle Trance"],"picked":"Shrug It Off","floor":24.0},{"not_picked":["Metallicize","Body Slam+1","Armaments"],"picked":"Impervious","floor":25.0},{"not_picked":["True Grit","Iron Wave","Pommel Strike","Heavy Blade"],"picked":"SKIP","floor":28.0},{"not_picked":["Twin Strike","Heavy Blade+1","Clash","Power Through"],"picked":"SKIP","floor":31.0},{"not_picked":["Carnage","Shrug It Off","Twin Strike+1","Heavy Blade"],"picked":"SKIP","floor":35.0},{"not_picked":["Sword Boomerang","Searing Blow+1","Twin Strike","Blood for Blood+1"],"picked":"SKIP","floor":39.0},{"not_picked":["Headbutt","Fire Breathing","Armaments+1","Clash"],"picked":"SKIP","floor":41.0},{"not_picked":["Fire Breathing","Power Through","Heavy Blade+1","Hemokinesis"],"picked":"SKIP","floor":42.0},{"not_picked":["Havoc","Cleave","True Grit"],"picked":"Offering","floor":44},{"not_picked":["Inflame","Pommel Strike","Rupture","Hemokinesis+1"],"picked":"SKIP","floor":46},{"not_picked":["Sword Boomerang","Fiend Fire","Cleave","Anger+1"],"picked":"SKIP","floor":47},{"not_picked":["True Grit","Reckless Charge","Barricade","Fire Breathing+1"],"picked":"SKIP","floor":48},{"not_picked":["Juggernaut","Flex","Rage","Anger"],"picked":"SKIP","floor":54}],"player_experience":339384,"relics_obtained":[{"floor":6.0,"key":"Letter Opener"},{"floor":26.0,"key":"Regal Pillow"},{"floor":28.0,"key":"Bag of Preparation"},{"floor":42.0,"key":"Ice Cream"},{"floor":43.0,"key":"Omamori"},{"floor":44,"key":"Art of War"},{"floor":46,"key":"Ancient Tea Set"},{"floor":48,"key":"Sundial"},{"floor":54,"key":"CaptainsWheel"}],"event_choices":[{"cards_removed":["Strike_R"],"damage_healed":0.0,"max_hp_gain":0.0,"max_hp_loss":0.0,"gold_gain":0.0,"event_name":"Wheel of Change","player_choice":"Card Removal","floor":5.0,"gold_loss":0.0,"damage_taken":0.0},{"damage_healed":0.0,"max_hp_gain":0.0,"max_hp_loss":0.0,"gold_gain":0.0,"event_name":"Scrap Ooze","player_choice":"Success","floor":11.0,"gold_loss":0.0,"damage_taken":3.0,"relics_obtained":["Question Card"]},{"damage_healed":0.0,"max_hp_gain":0.0,"max_hp_loss":0.0,"gold_gain":0.0,"event_name":"The Library","player_choice":"Read","floor":19.0,"gold_loss":0.0,"damage_taken":0.0,"cards_obtained":["Dark Embrace"]},{"damage_healed":0.0,"max_hp_gain":0.0,"max_hp_loss":0.0,"gold_gain":99.0,"event_name":"Nest","player_choice":"Stole From Cult","floor":20.0,"gold_loss":0.0,"damage_taken":0.0},{"damage_healed":0.0,"max_hp_gain":0.0,"max_hp_loss":40.0,"gold_gain":0.0,"event_name":"Ghosts","player_choice":"Became a Ghost","floor":29.0,"gold_loss":0.0,"damage_taken":0.0,"cards_obtained":["Ghostly","Ghostly","Ghostly","Ghostly","Ghostly"]},{"damage_healed":0.0,"max_hp_gain":0.0,"max_hp_loss":0.0,"gold_gain":0.0,"event_name":"Tomb of Lord Red Mask","player_choice":"Ignored","floor":36.0,"gold_loss":0.0,"damage_taken":0.0},{"damage_healed":0.0,"max_hp_gain":0.0,"max_hp_loss":0.0,"gold_gain":0.0,"event_name":"MindBloom","player_choice":"Fight","floor":37.0,"gold_loss":0.0,"damage_taken":0.0},{"damage_healed":0.0,"max_hp_gain":0.0,"max_hp_loss":0.0,"gold_gain":0.0,"event_name":"Wheel of Change","player_choice":"Damaged","floor":38.0,"gold_loss":0.0,"damage_taken":4.0}],"is_beta":false,"boss_relics":[{"not_picked":["Runic Cube","SlaversCollar"],"picked":"Astrolabe"},{"not_picked":["Runic Dome","Mark of Pain"],"picked":"Empty Cage"}],"items_purged_floors":[22,30,53],"is_endless":false,"potions_floor_spawned":[4,6,8,10,14,24,31,33,35,39,42,46,47,54],"ascension_level":13}}