{"host":"mi0eibewekhugwl1","time":1611316146,"event":{"mods":["AchievementEnabler","BaseMod","Colored Map","Colored Powertips","DeckTracker","Keyboard Shortcuts","Minty Spire (QoL Compilation)","Quick Restart","Rare Cards Sparkle","Relic Stats","StSLib","SuperFastMode","everything is the same but u backflip on backflip"],"gold_per_floor":[119,119,138,151,167,185,185,207,230,230,244,25,25,75,75,75,75],"floor_reached":16,"language":"KOR","playtime":250,"items_purged":[],"score":184,"play_id":"2878a1e4-7a00-458b-b0ef-85db2ca326d8","local_time":"20210122204906","is_ascension_mode":true,"campfire_choices":[{"data":"Sunder","floor":7,"key":"SMITH"},{"data":"Zap","floor":13,"key":"SMITH"},{"floor":15,"key":"REST"}],"circlet_count":0,"master_deck":["AscendersBane","Strike_B","Strike_B","Strike_B","Strike_B","Defend_B","Defend_B","Defend_B","Defend_B","Zap+1","Dualcast","Sunder+1","Go for the Eyes","Cold Snap","Self Repair","All For One","Swift Strike"],"relics":["Cracked Core","Odd Mushroom","Potion Belt","Membership Card"],"acts_visited":["Exordium"],"potions_floor_usage":[16],"damage_taken":[{"damage":7,"enemies":"Small Slimes","floor":1,"turns":3},{"damage":0,"enemies":"Cultist","floor":3,"turns":2},{"damage":7,"enemies":"Jaw Worm","floor":4,"turns":3},{"damage":9,"enemies":"3 Louse","floor":5,"turns":4},{"damage":13,"enemies":"Red Slaver","floor":6,"turns":3},{"damage":13,"enemies":"The Mushroom Lair","floor":8,"turns":4},{"damage":28,"enemies":"Exordium Thugs","floor":11,"turns":5},{"damage":49,"enemies":"The Guardian","floor":16,"turns":9}],"seed_played":"-384319906436621071","potions_obtained":[{"floor":3,"key":"SpeedPotion"},{"floor":11,"key":"ColorlessPotion"}],"is_trial":false,"path_per_floor":["M","?","M","M","M","M","R","?","T","?","M","$","R","?","R","B"],"character_chosen":"DEFECT","items_purchased":["Membership Card","Swift Strike"],"campfire_rested":1,"item_purchase_floors":[12,12],"current_hp_per_floor":[39,81,81,74,65,52,52,46,46,46,25,25,25,25,49,0,0],"gold":75,"neow_bonus":"THREE_RARE_CARDS","is_daily":false,"chose_seed":false,"campfire_upgraded":2,"win_rate":0.0,"timestamp":1611316146,"path_taken":["M","?","M","M","?","M","R","?","T","?","?","?","R","?","R","BOSS"],"items_purchased_type":["Relic","Card"],"build_version":"2020-12-22","purchased_purges":0,"victory":false,"max_hp_per_floor":[71,81,81,81,81,81,81,81,81,81,81,81,81,81,81,81,81],"relic_stats":{"counters":[8,33],"obtain_stats":[{"Potion Belt":9,"Membership Card":12,"Odd Mushroom":8,"Cracked Core":0},{"Potion Belt":6,"Membership Card":7,"Odd Mushroom":6,"Cracked Core":0},{"Potion Belt":19,"Membership Card":24,"Odd Mushroom":19,"Cracked Core":0}]},"card_choices":[{"not_picked":["Multi-Cast","Meteor Strike"],"picked":"Rainbow","floor":0},{"not_picked":["Turbo","Rebound"],"picked":"Sunder","floor":1},{"not_picked":["Sweeping Beam","Undo"],"picked":"Go for the Eyes","floor":3},{"not_picked":["Compile Driver","Hologram"],"picked":"Capacitor","floor":4},{"not_picked":["Compile Driver","Heatsinks"],"picked":"Cold Snap","floor":5},{"not_picked":["FTL","Hologram"],"picked":"Self Repair","floor":6},{"not_picked":["Go for the Eyes","Rebound"],"picked":"All For One","floor":8},{"not_picked":["Stack","Barrage","Lockon"],"picked":"SKIP","floor":11}],"player_experience":1753105,"relics_obtained":[{"floor":8,"key":"Odd Mushroom"},{"floor":9,"key":"Potion Belt"}],"event_choices":[{"cards_removed":["Rainbow"],"damage_healed":32,"gold_gain":0,"player_choice":"Offered Rare","damage_taken":0,"max_hp_gain":10,"max_hp_loss":0,"event_name":"Bonfire Elementals","floor":2,"gold_loss":0},{"damage_healed":0,"gold_gain":0,"player_choice":"Fought Mushrooms","damage_taken":0,"max_hp_gain":0,"max_hp_loss":0,"event_name":"Mushrooms","floor":8,"gold_loss":0},{"cards_removed":["Capacitor"],"damage_healed":0,"gold_gain":0,"player_choice":"Purged","damage_taken":0,"max_hp_gain":0,"max_hp_loss":0,"event_name":"Purifier","floor":10,"gold_loss":0},{"damage_healed":0,"gold_gain":50,"player_choice":"Pray","damage_taken":0,"max_hp_gain":0,"max_hp_loss":0,"event_name":"Golden Shrine","floor":14,"gold_loss":0}],"is_beta":false,"boss_relics":[],"items_purged_floors":[],"is_endless":false,"potions_floor_spawned":[3,11],"killed_by":"The Guardian","ascension_level":20}}