{"host":"lnt5dzsuhru0aonl","time":1611323425,"event":{"mods":["2.2 Compatiblity","BaseMod","Colored Map","Colored Powertips","DeckTracker","Keyboard Shortcuts","Minty Spire (QoL Compilation)","Permanent Neow","Rare Cards Sparkle","StSLib","SuperFastMode","everything is the same but u backflip on backflip"],"gold_per_floor":[115,115,130,130,141,175,175,190,190,205,223,240,268,337,337,409,409,409,409,409,127,127,127,127,0,0,0,0,0,0],"floor_reached":29,"language":"KOR","playtime":1028,"items_purged":["Strike_R","Decay"],"score":470,"play_id":"99cf76d8-a851-46c1-bff1-2dea02ad8c9a","local_time":"20210122225025","is_ascension_mode":true,"campfire_choices":[{"floor":7.0,"key":"REST"},{"floor":15.0,"key":"REST"},{"data":"Armaments","floor":23.0,"key":"SMITH"},{"data":"True Grit","floor":28.0,"key":"SMITH"}],"circlet_count":0,"master_deck":["AscendersBane","Strike_R","Strike_R","Strike_R+1","Defend_R","Defend_R+1","Defend_R","Defend_R+1","Bash+1","Uppercut","Power Through","Second Wind","Reaper","Wild Strike","Pommel Strike","Armaments+1","Offering","Feel No Pain","True Grit+1"],"relics":["Burning Blood","Gambling Chip","FaceOfCleric","Happy Flower","Paper Frog","The Courier","Singing Bowl","Ectoplasm","Meat on the Bone","War Paint"],"acts_visited":["Exordium","TheCity"],"potions_floor_usage":[29,29],"damage_taken":[{"damage":1.0,"enemies":"Cultist","floor":1.0,"turns":3.0},{"damage":7.0,"enemies":"Small Slimes","floor":3.0,"turns":5.0},{"damage":0.0,"enemies":"Jaw Worm","floor":5.0,"turns":4.0},{"damage":50.0,"enemies":"3 Sentries","floor":6.0,"turns":14.0},{"damage":0.0,"enemies":"Looter","floor":8.0,"turns":3.0},{"damage":21.0,"enemies":"Gremlin Gang","floor":10.0,"turns":6.0},{"damage":12.0,"enemies":"Large Slime","floor":11.0,"turns":4.0},{"damage":30.0,"enemies":"Exordium Thugs","floor":12.0,"turns":4.0},{"damage":17.0,"enemies":"Gremlin Nob","floor":13.0,"turns":4.0},{"damage":36.0,"enemies":"The Guardian","floor":16.0,"turns":17.0},{"damage":6.0,"enemies":"Chosen","floor":18.0,"turns":3.0},{"damage":64.0,"enemies":"3 Byrds","floor":20.0,"turns":9.0},{"damage":19.0,"enemies":"Cultist and Chosen","floor":24.0,"turns":9.0},{"damage":48,"enemies":"Gremlin Leader","floor":29,"turns":4}],"seed_played":"-3783287281143791383","potions_obtained":[{"floor":1.0,"key":"EssenceOfSteel"},{"floor":5.0,"key":"Strength Potion"},{"floor":13.0,"key":"Swift Potion"},{"floor":16.0,"key":"BloodPotion"},{"floor":18.0,"key":"SpeedPotion"},{"floor":20.0,"key":"Block Potion"}],"is_trial":false,"path_per_floor":["M","?","M","?","M","E","R","M","T","M","M","M","E","T","R","B",null,"M","?","M","$","?","R","M","$","T","?","R","E"],"character_chosen":"IRONCLAD","items_purchased":["Meat on the Bone","True Grit"],"campfire_rested":2,"item_purchase_floors":[21,25],"current_hp_per_floor":[68,48,47,47,54,11,32,45,45,31,26,14,8,8,30,8,59,67,67,33,33,33,33,42,42,42,42,42,0,0],"gold":0,"neow_bonus":"ONE_RARE_RELIC","is_daily":false,"chose_seed":false,"campfire_upgraded":2,"win_rate":0.0,"timestamp":1611323425,"path_taken":["M","?","M","?","?","E","R","M","T","?","M","?","E","?","R","BOSS","M","?","?","$","?","R","M","?","T","?","R","E"],"items_purchased_type":["Relic","Card"],"build_version":"2020-12-22","purchased_purges":2,"victory":false,"max_hp_per_floor":[68,68,68,68,69,70,70,71,71,72,73,74,75,75,75,76,76,79,79,80,80,80,80,83,83,83,83,83,83,83],"card_choices":[{"not_picked":["Blood for Blood","Battle Trance"],"picked":"Uppercut","floor":1.0},{"not_picked":["True Grit","Warcry"],"picked":"Power Through","floor":3.0},{"not_picked":["Pommel Strike","Spot Weakness"],"picked":"Second Wind","floor":5.0},{"not_picked":["Cleave","Sword Boomerang"],"picked":"Reaper","floor":6.0},{"not_picked":["Rupture","Perfected Strike"],"picked":"Wild Strike","floor":8.0},{"not_picked":["Flex","Warcry","Dual Wield"],"picked":"SKIP","floor":10.0},{"not_picked":["Uppercut","Cleave"],"picked":"Pommel Strike","floor":11.0},{"not_picked":["Heavy Blade","Exhume"],"picked":"Armaments","floor":12.0},{"not_picked":["Cleave","Corruption","Warcry"],"picked":"SKIP","floor":13.0},{"not_picked":["Demon Form","Berserk"],"picked":"Offering","floor":16.0},{"not_picked":["Dual Wield","Perfected Strike","Infernal Blade"],"picked":"Singing Bowl","floor":18.0},{"not_picked":["Warcry","Shrug It Off+1"],"picked":"Feel No Pain","floor":20.0},{"not_picked":["Havoc","Shrug It Off","Wild Strike+1"],"picked":"Singing Bowl","floor":24.0}],"player_experience":728272,"relics_obtained":[{"floor":6.0,"key":"Happy Flower"},{"floor":9.0,"key":"Paper Frog"},{"floor":13.0,"key":"The Courier"},{"floor":14.0,"key":"Singing Bowl"},{"floor":26.0,"key":"War Paint"}],"event_choices":[{"damage_healed":0.0,"max_hp_gain":0.0,"max_hp_loss":0.0,"gold_gain":0.0,"event_name":"Shining Light","player_choice":"Entered Light","floor":2.0,"gold_loss":0.0,"damage_taken":20.0,"cards_upgraded":["Strike_R","Bash"]},{"damage_healed":0.0,"max_hp_gain":0.0,"max_hp_loss":0.0,"gold_gain":0.0,"event_name":"FaceTrader","player_choice":"Trade","floor":4.0,"gold_loss":0.0,"damage_taken":0.0,"relics_obtained":["FaceOfCleric"]},{"cards_removed":["Strike_R"],"damage_healed":0.0,"max_hp_gain":0.0,"max_hp_loss":0.0,"gold_gain":0.0,"event_name":"Purifier","player_choice":"Purged","floor":19.0,"gold_loss":0.0,"damage_taken":0.0},{"damage_healed":0.0,"max_hp_gain":0.0,"max_hp_loss":0.0,"gold_gain":0.0,"event_name":"Wheel of Change","player_choice":"Cursed","floor":22.0,"gold_loss":0.0,"damage_taken":0.0,"cards_obtained":["Decay"]},{"damage_healed":0.0,"max_hp_gain":0.0,"max_hp_loss":0.0,"gold_gain":0.0,"event_name":"The Mausoleum","player_choice":"Ignored","floor":27.0,"gold_loss":0.0,"damage_taken":0.0}],"is_beta":false,"boss_relics":[{"not_picked":["Empty Cage","Runic Dome"],"picked":"Ectoplasm"}],"items_purged_floors":[21,25],"is_endless":false,"potions_floor_spawned":[1,5,13,16,18,20],"killed_by":"Gremlin Leader","ascension_level":20}}