{"host":"z5ogtnuuoxgup8y1","time":1611359877,"event":{"mods":["BaseMod","Better Third Choice","BetterRewards","Hermit","Hubris","Jorbs\u0027s Wanderer Trilogy","Minty Spire (QoL Compilation)","Replay The Spire","Spicy Shops","StSLib","The Cursed","The Disciple","The Hierophant","The Jungle","The Runesmith"],"gold_per_floor":[119,132,132,6,21,21,21],"floor_reached":6,"language":"ENG","playtime":377,"items_purged":["Regret"],"score":63,"play_id":"8b289e04-5cee-471d-ab18-5ab16c6fbbaf","local_time":"20210122235757","is_ascension_mode":true,"campfire_choices":[],"circlet_count":0,"master_deck":["AscendersBane","Strike_G","Strike_G","Strike_G","Strike_G","Strike_G","Defend_G","Defend_G","Defend_G","Defend_G","Defend_G","Survivor","Neutralize","Prepared","Prepared","Crippling Poison","Footwork","Deflect"],"relics":["Ring of the Snake","Vajra","Pondfish Scales","Question Card","Runesmith:AutoHammer"],"acts_visited":["Exordium"],"potions_floor_usage":[6],"damage_taken":[{"damage":0,"enemies":"2 Louse","floor":1,"turns":3},{"damage":3,"enemies":"Small Slimes","floor":2,"turns":4},{"damage":0,"enemies":"Cultist","floor":5,"turns":5},{"damage":44,"enemies":"Lagavulin","floor":6,"turns":11}],"seed_played":"5173776412910923340","potions_obtained":[{"floor":2,"key":"SpeedPotion"}],"is_trial":false,"path_per_floor":["M","M","?","$","M","E"],"character_chosen":"THE_SILENT","items_purchased":["Vajra","Prepared","Question Card","Energy Potion"],"campfire_rested":0,"item_purchase_floors":[0,0,0,4],"current_hp_per_floor":[45,42,42,42,42,0,0],"gold":21,"neow_bonus":"","is_daily":false,"chose_seed":false,"campfire_upgraded":0,"win_rate":0.0,"timestamp":1611359877,"path_taken":["M","M","?","$","M","E"],"items_purchased_type":["Relic","Card","Relic","Potion"],"build_version":"2020-12-22","purchased_purges":1,"victory":false,"max_hp_per_floor":[66,66,66,66,66,66,66],"card_choices":[{"not_picked":["All Out Attack","Draining Mist","Bane"],"picked":"Crippling Poison","floor":1},{"not_picked":["Outmaneuver","PiercingWail","Endless Agony"],"picked":"Footwork","floor":2},{"not_picked":["Acrobatics","Dodge and Roll","Tools of the Trade"],"picked":"Deflect","floor":5}],"player_experience":678662,"relics_obtained":[],"event_choices":[{"damage_healed":0,"gold_gain":0,"player_choice":"Box","damage_taken":0,"relics_obtained":["Runesmith:AutoHammer"],"max_hp_gain":0,"max_hp_loss":0,"event_name":"Big Fish","floor":3,"gold_loss":0,"cards_obtained":["Regret"]}],"is_beta":false,"boss_relics":[],"items_purged_floors":[4],"is_endless":false,"potions_floor_spawned":[2],"killed_by":"Lagavulin","ascension_level":15}}