{"host":"bq4pt811tk9yrmjl","time":1611347773,"event":{"mods":["AchievementEnabler","BaseMod","Colored Map","Colored Powertips","Defuse TimeMaze Blight","Hermit","Minty Spire (QoL Compilation)","StSLib","SuperFastMode"],"gold_per_floor":[111,111,111,126,126,170,188,257,335,349,107,151,174,189,189,314,314,303,403,424,443,443,443,476,476,476,476,507,507,507,528,528,647,710,724,304,304,325,325,361,381,381,381,381,397,110,126,140,140,140,140,140,62,102,102,102],"floor_reached":55,"language":"ENG","playtime":1167,"items_purged":["Strike_R"],"score":808,"play_id":"8527db19-2da6-4ea2-938d-b13483f62a51","local_time":"20210122183612","is_ascension_mode":true,"campfire_choices":[{"data":"Spot Weakness","floor":15.0,"key":"SMITH"},{"data":"Armaments","floor":23.0,"key":"SMITH"},{"floor":25.0,"key":"RECALL"},{"data":"Disarm","floor":27,"key":"SMITH"},{"floor":32,"key":"REST"},{"floor":42,"key":"REST"},{"data":"Berserk","floor":44,"key":"SMITH"},{"floor":49,"key":"REST"},{"data":"Shockwave","floor":52,"key":"SMITH"}],"circlet_count":0,"master_deck":["Strike_R","Strike_R","Strike_R","Strike_R","Defend_R","Defend_R","Defend_R+1","Defend_R","Bash+1","Cleave","Shockwave+1","Spot Weakness+1","Flame Barrier+1","Clash","Anger+1","Shrug It Off+1","Disarm+1","Armaments+1","Uppercut+1","Demon Form+1","Whirlwind+1","Madness","Madness","Berserk+1","Intimidate+1"],"relics":["Burning Blood","NeowsBlessing","Golden Idol","Dream Catcher","Oddly Smooth Stone","Meat on the Bone","Ornamental Fan","Lantern","Mark of Pain","Orichalcum","Singing Bowl","StoneCalendar","Tiny House","Ginger","Eternal Feather","Mummified Hand","CaptainsWheel","Red Skull"],"acts_visited":["Exordium","TheCity","TheBeyond","TheEnding"],"potions_floor_usage":[35,40,40,41,45,54],"damage_taken":[{"damage":0.0,"enemies":"Jaw Worm","floor":1.0,"turns":1.0},{"damage":0.0,"enemies":"Small Slimes","floor":4.0,"turns":1.0},{"damage":0.0,"enemies":"Lagavulin","floor":6.0,"turns":1.0},{"damage":8.0,"enemies":"2 Louse","floor":7.0,"turns":2.0},{"damage":14.0,"enemies":"3 Sentries","floor":8.0,"turns":5.0},{"damage":1.0,"enemies":"Looter","floor":10.0,"turns":3.0},{"damage":3.0,"enemies":"3 Sentries","floor":12.0,"turns":6.0},{"damage":1.0,"enemies":"Lots of Slimes","floor":13.0,"turns":3.0},{"damage":0.0,"enemies":"Large Slime","floor":14.0,"turns":5.0},{"damage":46.0,"enemies":"The Guardian","floor":16.0,"turns":15.0},{"damage":12.0,"enemies":"2 Thieves","floor":18.0,"turns":4.0},{"damage":22.0,"enemies":"Shell Parasite","floor":20.0,"turns":6.0},{"damage":5.0,"enemies":"Centurion and Healer","floor":21.0,"turns":7.0},{"damage":14.0,"enemies":"Slavers","floor":24.0,"turns":6.0},{"damage":19,"enemies":"Book of Stabbing","floor":28,"turns":7},{"damage":7,"enemies":"Colosseum Slavers","floor":30,"turns":5},{"damage":24,"enemies":"Snecko","floor":31,"turns":7},{"damage":65,"enemies":"Champ","floor":33,"turns":13},{"damage":0,"enemies":"Orb Walker","floor":35,"turns":4},{"damage":0,"enemies":"3 Shapes","floor":38,"turns":1},{"damage":28,"enemies":"Giant Head","floor":40,"turns":8},{"damage":36,"enemies":"Spire Growth","floor":41,"turns":6},{"damage":15,"enemies":"4 Shapes","floor":45,"turns":7},{"damage":19,"enemies":"3 Darklings","floor":47,"turns":4},{"damage":21,"enemies":"Jaw Worm Horde","floor":48,"turns":4},{"damage":74,"enemies":"Awakened One","floor":50,"turns":10},{"damage":76,"enemies":"Shield and Spear","floor":54,"turns":6},{"damage":47,"enemies":"The Heart","floor":55,"turns":5}],"seed_played":"-1922994419921963734","potions_obtained":[{"floor":1.0,"key":"Weak Potion"},{"floor":7.0,"key":"BlessingOfTheForge"},{"floor":10.0,"key":"Fire Potion"},{"floor":14.0,"key":"EssenceOfSteel"},{"floor":18.0,"key":"BloodPotion"},{"floor":24.0,"key":"Energy Potion"},{"floor":33,"key":"DistilledChaos"},{"floor":34,"key":"Regen Potion"},{"floor":40,"key":"Ancient Potion"},{"floor":41,"key":"Energy Potion"},{"floor":47,"key":"SteroidPotion"}],"is_trial":false,"path_per_floor":["M","?","?","M","?","E","M","?","T","M","$","E","M","M","R","B",null,"M","?","M","M","?","R","E","R","T","R","E","T","?","M","R","B",null,"M","$","?","M","?","E","M","R","T","R","M","$","M","M","R","B",null,"R","$","E","B"],"character_chosen":"IRONCLAD","items_purchased":["Ornamental Fan","Ginger","Explosive Potion","CaptainsWheel","DuplicationPotion"],"campfire_rested":3,"item_purchase_floors":[11,36,36,46,53],"current_hp_per_floor":[80,80,60,66,50,56,54,46,46,51,51,54,59,65,65,37,80,74,74,74,75,75,75,67,67,67,67,56,56,55,51,76,29,89,91,91,80,88,88,75,59,97,97,97,90,90,79,66,105,49,105,105,105,47,0,0],"gold":102,"neow_bonus":"THREE_ENEMY_KILL","is_daily":false,"chose_seed":false,"campfire_upgraded":5,"win_rate":0.0,"timestamp":1611347772,"path_taken":["M","?","?","M","?","E","M","?","T","M","$","E","M","M","R","BOSS","M","?","?","M","?","R","E","R","T","R","E","?","?","M","R","BOSS","M","$","?","M","?","E","M","R","T","R","M","$","?","M","R","BOSS","R","$","E","BOSS"],"items_purchased_type":["Relic","Relic","Potion","Relic","Potion"],"build_version":"2020-12-22","purchased_purges":1,"victory":false,"max_hp_per_floor":[80,80,80,80,80,80,80,80,80,80,80,80,80,80,80,80,80,80,80,80,80,80,80,80,80,80,80,82,82,82,84,84,84,89,91,91,91,93,93,93,95,97,97,97,99,99,101,103,105,105,105,105,105,105,105,105],"card_choices":[{"not_picked":["Carnage","Searing Blow"],"picked":"Cleave","floor":1.0},{"not_picked":["Heavy Blade","Cleave"],"picked":"Shockwave","floor":4.0},{"not_picked":["Body Slam","Corruption"],"picked":"Spot Weakness","floor":6.0},{"not_picked":["Shrug It Off","Heavy Blade","Twin Strike"],"picked":"SKIP","floor":7.0},{"not_picked":["Second Wind","Spot Weakness"],"picked":"Flame Barrier","floor":10.0},{"not_picked":["Offering","Searing Blow","Sentinel"],"picked":"SKIP","floor":12.0},{"not_picked":["Ghostly Armor","True Grit","Bloodletting"],"picked":"SKIP","floor":13.0},{"not_picked":["Body Slam","Seeing Red"],"picked":"Clash","floor":14.0},{"not_picked":["Infernal Blade","Pommel Strike+1"],"picked":"Anger+1","floor":18.0},{"not_picked":["Heavy Blade+1","Immolate"],"picked":"Shrug It Off+1","floor":20.0},{"not_picked":["Flame Barrier","Shockwave"],"picked":"Disarm","floor":21.0},{"not_picked":["Searing Blow+1","Battle Trance","Iron Wave"],"picked":"SKIP","floor":24.0},{"not_picked":["Thunderclap","Warcry","Pommel Strike"],"picked":"Singing Bowl","floor":28},{"not_picked":["Burning Pact","Anger+1","Feel No Pain"],"picked":"Singing Bowl","floor":31},{"not_picked":["Wild Strike","Spot Weakness"],"picked":"Uppercut+1","floor":32},{"not_picked":["Juggernaut","Berserk"],"picked":"Demon Form","floor":33},{"not_picked":["True Grit","Perfected Strike"],"picked":"Whirlwind+1","floor":34},{"not_picked":["Evolve","Clash+1","Sword Boomerang"],"picked":"Singing Bowl","floor":35},{"not_picked":["Fiend Fire","Shrug It Off","Headbutt"],"picked":"Singing Bowl","floor":38},{"not_picked":["Havoc","Twin Strike+1"],"picked":"Berserk","floor":40},{"not_picked":["Sentinel+1","Wild Strike+1","Clothesline+1"],"picked":"Singing Bowl","floor":41},{"not_picked":["Armaments+1","Perfected Strike+1","Spot Weakness"],"picked":"Singing Bowl","floor":42},{"not_picked":["Pummel+1","Twin Strike","Rupture+1"],"picked":"Singing Bowl","floor":45},{"not_picked":["Wild Strike+1","Burning Pact","Clash"],"picked":"Singing Bowl","floor":47},{"not_picked":["Shockwave+1","Wild Strike","Juggernaut"],"picked":"Singing Bowl","floor":48},{"not_picked":["Headbutt","Sword Boomerang","Clash+1"],"picked":"Singing Bowl","floor":49},{"not_picked":["Inflame","Carnage"],"picked":"Intimidate+1","floor":54}],"player_experience":211513,"relics_obtained":[{"floor":6.0,"key":"Dream Catcher"},{"floor":8.0,"key":"Oddly Smooth Stone"},{"floor":9.0,"key":"Meat on the Bone"},{"floor":12.0,"key":"Lantern"},{"floor":24.0,"key":"Orichalcum"},{"floor":28,"key":"Singing Bowl"},{"floor":29,"key":"StoneCalendar"},{"floor":40,"key":"Eternal Feather"},{"floor":43,"key":"Mummified Hand"},{"floor":54,"key":"Red Skull"}],"event_choices":[{"damage_healed":0.0,"max_hp_gain":0.0,"max_hp_loss":0.0,"gold_gain":0.0,"event_name":"The Cleric","player_choice":"Leave","floor":2.0,"gold_loss":0.0,"damage_taken":0.0},{"damage_healed":0.0,"max_hp_gain":0.0,"max_hp_loss":0.0,"gold_gain":0.0,"event_name":"Golden Idol","player_choice":"Take Damage","floor":3.0,"gold_loss":0.0,"damage_taken":20.0,"relics_obtained":["Golden Idol"]},{"damage_healed":0.0,"max_hp_gain":0.0,"max_hp_loss":0.0,"gold_gain":0.0,"event_name":"Shining Light","player_choice":"Entered Light","floor":5.0,"gold_loss":0.0,"damage_taken":16.0,"cards_upgraded":["Bash","Defend_R"]},{"damage_healed":0.0,"max_hp_gain":0.0,"max_hp_loss":0.0,"gold_gain":0.0,"event_name":"Dead Adventurer","player_choice":"Searched \u00272\u0027 times","floor":8.0,"gold_loss":0.0,"damage_taken":0.0},{"damage_healed":0.0,"max_hp_gain":0.0,"max_hp_loss":0.0,"gold_gain":100.0,"event_name":"Golden Shrine","player_choice":"Pray","floor":19.0,"gold_loss":0.0,"damage_taken":0.0},{"damage_healed":0.0,"max_hp_gain":0.0,"max_hp_loss":0.0,"gold_gain":0.0,"event_name":"The Library","player_choice":"Read","floor":22.0,"gold_loss":0.0,"damage_taken":0.0,"cards_obtained":["Armaments"]},{"damage_healed":0,"gold_gain":0,"player_choice":"Fight","damage_taken":0,"max_hp_gain":0,"max_hp_loss":0,"event_name":"Colosseum","floor":30,"gold_loss":0},{"damage_healed":0,"gold_gain":0,"player_choice":"Fled From Nobs","damage_taken":0,"max_hp_gain":0,"max_hp_loss":0,"event_name":"Colosseum","floor":30,"gold_loss":0},{"damage_healed":0,"gold_gain":0,"player_choice":"Embrace Madness","damage_taken":11,"max_hp_gain":0,"max_hp_loss":0,"event_name":"Winding Halls","floor":37,"gold_loss":0,"cards_obtained":["Madness","Madness"]},{"damage_healed":0,"gold_gain":0,"player_choice":"Forge","damage_taken":0,"max_hp_gain":0,"max_hp_loss":0,"event_name":"Accursed Blacksmith","floor":39,"gold_loss":0,"cards_upgraded":["Flame Barrier"]}],"is_beta":false,"boss_relics":[{"not_picked":["Runic Dome","Ectoplasm"],"picked":"Mark of Pain"},{"not_picked":["Snecko Eye","SlaversCollar"],"picked":"Tiny House"}],"items_purged_floors":[36],"is_endless":false,"potions_floor_spawned":[1,7,10,14,18,24,30,33,38,40,41,47],"killed_by":"The Heart","ascension_level":1}}