{"host":"l60rmjjsfi0fipmi","time":1611277086,"event":{"mods":["BaseMod","Colored Map","DeckTracker","Highlight Path","Minty Spire (QoL Compilation)","StSLib","The Cursed","The Servant 0.9.4"],"gold_per_floor":[118,118,133,151,161,161,174,199,225,12,12,12,27,40,40,137,137,147,166,166,184,211,211,228,228,304,304,304,379,396,88,88,185,185,197,197,213,213,226,226,245,245,268,268,283,283,283,183,183,183,183],"floor_reached":50,"language":"ENG","playtime":2986,"items_purged":["Strike_P","Defend_P"],"score":536,"play_id":"d75d15dc-0828-49b5-af11-f30318aaeb79","local_time":"20210121195806","is_ascension_mode":true,"campfire_choices":[{"data":"BattleHymn","floor":6,"key":"SMITH"},{"data":"Eruption","floor":11,"key":"SMITH"},{"data":"Establishment","floor":15,"key":"SMITH"},{"floor":23,"key":"REST"},{"floor":25,"key":"REST"},{"floor":28,"key":"REST"},{"floor":32,"key":"REST"},{"floor":40,"key":"REST"},{"floor":42,"key":"REST"},{"floor":44,"key":"REST"},{"floor":49,"key":"REST"}],"circlet_count":0,"master_deck":["Strike_P","Strike_P","Strike_P","Defend_P","Defend_P","Eruption+1","Vigilance","FlurryOfBlows+1","Wallop","BattleHymn+1","Protect","EmptyBody","FollowUp","Establishment+1","Doubt","InnerPeace","Dramatic Entrance","Crescendo","EmptyFist","Devotion","CurseOfTheBell","Evaluate","FlyingSleeves+1","MentalFortress","Consecrate","Tantrum","LikeWater+1","MasterReality+1","DeceiveReality+1","Halt"],"relics":["PureWater","Matryoshka","Orichalcum","Anchor","Calling Bell","Bronze Scales","Blue Candle","Torii","Red Mask","Vajra","Frozen Egg 2","Pantograph","Potion Belt","Runic Pyramid","Strawberry"],"acts_visited":["Exordium","TheCity","TheBeyond"],"potions_floor_usage":[16,22,24,24,33,33],"damage_taken":[{"damage":6,"enemies":"Small Slimes","floor":1,"turns":4},{"damage":6,"enemies":"Cultist","floor":3,"turns":5},{"damage":3,"enemies":"2 Louse","floor":4,"turns":3},{"damage":1,"enemies":"Looter","floor":5,"turns":4},{"damage":13,"enemies":"Lots of Slimes","floor":7,"turns":4},{"damage":10,"enemies":"Gremlin Nob","floor":8,"turns":3},{"damage":0,"enemies":"Large Slime","floor":13,"turns":4},{"damage":0,"enemies":"Blue Slaver","floor":14,"turns":3},{"damage":39,"enemies":"The Guardian","floor":16,"turns":11},{"damage":22,"enemies":"2 Thieves","floor":18,"turns":3},{"damage":12,"enemies":"Spheric Guardian","floor":19,"turns":4},{"damage":21,"enemies":"Centurion and Healer","floor":21,"turns":6},{"damage":21,"enemies":"Masked Bandits","floor":22,"turns":5},{"damage":22,"enemies":"Shelled Parasite and Fungi","floor":24,"turns":5},{"damage":0,"enemies":"Cultist and Chosen","floor":30,"turns":3},{"damage":51,"enemies":"Collector","floor":33,"turns":8},{"damage":11,"enemies":"3 Shapes","floor":35,"turns":4},{"damage":2,"enemies":"Orb Walker","floor":37,"turns":4},{"damage":52,"enemies":"Spire Growth","floor":39,"turns":6},{"damage":19,"enemies":"Sphere and 2 Shapes","floor":41,"turns":5},{"damage":82,"enemies":"Writhing Mass","floor":45,"turns":7},{"damage":66,"enemies":"Awakened One","floor":50,"turns":3}],"seed_played":"3213346699687166929","potions_obtained":[{"floor":8,"key":"SteroidPotion"},{"floor":13,"key":"SteroidPotion"},{"floor":14,"key":"Regen Potion"},{"floor":18,"key":"BlessingOfTheForge"},{"floor":19,"key":"BottledMiracle"},{"floor":21,"key":"Block Potion"},{"floor":24,"key":"EssenceOfSteel"}],"is_trial":false,"path_per_floor":["M","?","M","M","M","R","M","E","T","$","R","?","M","M","R","B",null,"M","M","?","M","?","R","M","R","T","?","R","T","M","$","R","B",null,"M","?","M","?","M","R","M","R","T","R","M","?","?","$","R","B"],"character_chosen":"WATCHER","items_purchased":["Establishment","SkillPotion","LikeWater+1","PowerPotion","Potion Belt"],"campfire_rested":8,"item_purchase_floors":[10,10,31,31,31],"current_hp_per_floor":[73,78,72,69,68,68,55,45,45,45,45,45,45,45,45,21,84,62,50,50,29,8,33,11,36,36,20,46,46,46,46,72,38,89,78,78,76,76,24,50,31,57,64,92,10,10,10,10,38,0,0],"gold":183,"neow_bonus":"TEN_PERCENT_HP_BONUS","is_daily":false,"chose_seed":false,"campfire_upgraded":3,"win_rate":0.0,"timestamp":1611277086,"path_taken":["M","?","M","M","M","R","M","E","T","$","R","?","M","?","R","BOSS","M","M","?","M","?","R","M","R","T","?","R","?","?","$","R","BOSS","M","?","M","?","?","R","M","R","T","R","M","?","?","$","R","BOSS"],"items_purchased_type":["Card","Potion","Card","Potion","Relic"],"build_version":"2020-12-22","purchased_purges":2,"victory":false,"max_hp_per_floor":[79,84,84,84,84,84,84,84,84,84,84,84,84,84,84,84,84,84,84,84,84,84,84,84,84,84,89,89,89,89,89,89,89,89,89,89,89,89,89,89,89,89,96,96,96,96,96,96,96,96,96],"card_choices":[{"not_picked":["Halt","PathToVictory"],"picked":"FlurryOfBlows","floor":1},{"not_picked":["BowlingBash","WreathOfFlame"],"picked":"Wallop","floor":3},{"not_picked":["Prostrate","FlurryOfBlows"],"picked":"BattleHymn","floor":4},{"not_picked":["InnerPeace","Halt"],"picked":"Protect","floor":5},{"not_picked":["Fasting2","Protect"],"picked":"EmptyBody","floor":7},{"not_picked":["FlurryOfBlows","ForeignInfluence"],"picked":"FollowUp","floor":8},{"not_picked":["BattleHymn","CutThroughFate"],"picked":"Crescendo","floor":13},{"not_picked":["FollowUp","Consecrate"],"picked":"EmptyFist","floor":14},{"not_picked":["Omniscience","Ragnarok"],"picked":"Devotion","floor":16},{"not_picked":["Study","SignatureMove"],"picked":"Evaluate","floor":18},{"not_picked":["Crescendo","FlurryOfBlows"],"picked":"FlyingSleeves+1","floor":19},{"not_picked":["EmptyFist","Indignation"],"picked":"MentalFortress","floor":21},{"not_picked":["SashWhip+1","Collect"],"picked":"Consecrate","floor":24},{"not_picked":["FlyingSleeves+1","SashWhip"],"picked":"Tantrum","floor":30},{"not_picked":["SpiritShield","Judgement"],"picked":"MasterReality+1","floor":33},{"not_picked":["Weave","Wallop+1"],"picked":"DeceiveReality+1","floor":35},{"not_picked":["Evaluate","CrushJoints"],"picked":"Halt","floor":37},{"not_picked":["Crescendo+1","Weave","BattleHymn+1"],"picked":"SKIP","floor":39},{"not_picked":["JustLucky","PathToVictory","Study+1"],"picked":"SKIP","floor":41},{"not_picked":["Protect","Pray","ThirdEye+1"],"picked":"SKIP","floor":45}],"player_experience":537694,"relics_obtained":[{"floor":8,"key":"Matryoshka"},{"floor":9,"key":"Orichalcum"},{"floor":9,"key":"Anchor"},{"floor":17,"key":"Bronze Scales"},{"floor":17,"key":"Blue Candle"},{"floor":17,"key":"Torii"},{"floor":22,"key":"Red Mask"},{"floor":26,"key":"Vajra"},{"floor":26,"key":"Frozen Egg 2"},{"floor":29,"key":"Pantograph"},{"floor":43,"key":"Strawberry"}],"event_choices":[{"damage_healed":0,"gold_gain":0,"player_choice":"Donut","damage_taken":0,"max_hp_gain":5,"max_hp_loss":0,"event_name":"Big Fish","floor":2,"gold_loss":0},{"damage_healed":0,"gold_gain":0,"player_choice":"3 cards matched","damage_taken":0,"max_hp_gain":0,"max_hp_loss":0,"event_name":"Match and Keep!","floor":12,"gold_loss":0,"cards_obtained":["Doubt","InnerPeace","Dramatic Entrance"]},{"damage_healed":0,"gold_gain":0,"player_choice":"Ignored","damage_taken":0,"max_hp_gain":0,"max_hp_loss":0,"event_name":"Ghosts","floor":20,"gold_loss":0},{"damage_healed":0,"gold_gain":0,"player_choice":"Fought Bandits","damage_taken":0,"max_hp_gain":0,"max_hp_loss":0,"event_name":"Masked Bandits","floor":22,"gold_loss":0},{"damage_healed":0,"gold_gain":0,"player_choice":"Shed Blood","damage_taken":21,"max_hp_gain":5,"max_hp_loss":0,"event_name":"Forgotten Altar","floor":27,"gold_loss":0},{"damage_healed":0,"gold_gain":0,"player_choice":"Ignored","damage_taken":0,"max_hp_gain":0,"max_hp_loss":0,"event_name":"Tomb of Lord Red Mask","floor":36,"gold_loss":0},{"damage_healed":0,"gold_gain":0,"player_choice":"Upgraded","damage_taken":0,"max_hp_gain":0,"max_hp_loss":0,"event_name":"Upgrade Shrine","floor":38,"gold_loss":0,"cards_upgraded":["FlurryOfBlows"]},{"damage_healed":0,"gold_gain":0,"player_choice":"Ignored","damage_taken":0,"max_hp_gain":0,"max_hp_loss":0,"event_name":"Mysterious Sphere","floor":46,"gold_loss":0},{"cards_removed":["Defend_P"],"damage_healed":0,"gold_gain":0,"player_choice":"Removed Skill","damage_taken":0,"max_hp_gain":0,"max_hp_loss":0,"event_name":"Falling","floor":47,"gold_loss":0}],"is_beta":false,"boss_relics":[{"not_picked":["Empty Cage","Philosopher\u0027s Stone"],"picked":"Calling Bell"},{"not_picked":["VioletLotus","Sozu"],"picked":"Runic Pyramid"}],"items_purged_floors":[31,48],"is_endless":false,"potions_floor_spawned":[8,13,14,18,19,21,24],"killed_by":"Awakened One","ascension_level":3}}