{"host":"agbyy69nq62afhwx","time":1611347838,"event":{"mods":["BaseMod","Colored Map","DeckTracker","Highlight Path","Keyboard Shortcuts","Minty Spire (QoL Compilation)","Quick Restart","StSLib","SuperFastMode","everything is the same but u backflip on backflip"],"gold_per_floor":[18,18,18,18,34,34,69,27,52,52,52,52],"floor_reached":11,"language":"KOR","playtime":153,"items_purged":[],"score":117,"play_id":"a14d0af5-e1e9-4515-a30b-7eb64e9aa073","local_time":"20210123053718","is_ascension_mode":true,"campfire_choices":[{"data":"Coolheaded","floor":6,"key":"SMITH"}],"circlet_count":0,"master_deck":["AscendersBane","Strike_B","Strike_B","Defend_B","Defend_B","Zap","Dualcast","FTL","Multi-Cast","Coolheaded+1","Doom and Gloom"],"relics":["Cracked Core","Pen Nib","Toy Ornithopter"],"acts_visited":["Exordium"],"potions_floor_usage":[7],"damage_taken":[{"damage":0,"enemies":"Small Slimes","floor":1,"turns":3},{"damage":7,"enemies":"2 Louse","floor":5,"turns":3},{"damage":36,"enemies":"Lagavulin","floor":7,"turns":5},{"damage":5,"enemies":"3 Sentries","floor":11,"turns":2}],"seed_played":"2830354496832595512","potions_obtained":[{"floor":1,"key":"AttackPotion"}],"is_trial":false,"path_per_floor":["M","?","$","?","M","R","E","?","T","$","E"],"character_chosen":"DEFECT","items_purchased":[],"campfire_rested":0,"item_purchase_floors":[],"current_hp_per_floor":[64,64,64,57,50,50,14,14,14,14,9,9],"gold":52,"neow_bonus":"REMOVE_TWO","is_daily":false,"chose_seed":false,"campfire_upgraded":1,"win_rate":0.0,"timestamp":1611347838,"path_taken":["M","?","$","?","M","R","E","?","T","?","E"],"items_purchased_type":[],"build_version":"2020-12-22","purchased_purges":0,"victory":false,"max_hp_per_floor":[71,71,71,71,71,71,71,71,71,71,71,71],"card_choices":[{"not_picked":["Chill","Hologram"],"picked":"FTL","floor":1},{"not_picked":["BootSequence","Hologram"],"picked":"Coolheaded","floor":5},{"not_picked":["Turbo","Recycle"],"picked":"Doom and Gloom","floor":7}],"player_experience":438389,"relics_obtained":[{"floor":7,"key":"Pen Nib"},{"floor":9,"key":"Toy Ornithopter"}],"event_choices":[{"damage_healed":0,"gold_gain":0,"cards_transformed":["Defend_B"],"player_choice":"Change","damage_taken":0,"max_hp_gain":0,"max_hp_loss":0,"event_name":"Living Wall","floor":2,"gold_loss":0,"cards_obtained":["Multi-Cast"]},{"cards_removed":["Strike_B"],"damage_healed":0,"gold_gain":0,"player_choice":"Card Removal","damage_taken":7,"max_hp_gain":0,"max_hp_loss":0,"event_name":"Golden Wing","floor":4,"gold_loss":0},{"damage_healed":0,"gold_gain":0,"player_choice":"Left Gold","damage_taken":0,"max_hp_gain":0,"max_hp_loss":0,"event_name":"World of Goop","floor":8,"gold_loss":42}],"is_beta":false,"boss_relics":[],"items_purged_floors":[],"is_endless":false,"potions_floor_spawned":[1],"killed_by":"3 Sentries","ascension_level":14}}