{"host":"sav7uxregyirlf69","time":1611278882,"event":{"mods":["AchievementEnabler","BaseMod","Colored Map","DeckTracker","Keyboard Shortcuts","Minty Spire (QoL Compilation)","READ ME - Guardian Mod","StSLib","SuperFastMode"],"gold_per_floor":[109,109,184,184,81,81,107,123,148,148,168,168,197,208,208,285,285,303,122,122,122,12,12,23,48,48,63,63,63,90,90,90,163,163,178,178,193,193,193,193,211,211,211],"floor_reached":42,"language":"KOR","playtime":1105,"items_purged":["Pain","Strike_G"],"score":930,"play_id":"da74ac19-208c-402d-b234-ae8fa8f793e2","local_time":"20210122102802","is_ascension_mode":true,"campfire_choices":[{"floor":6,"key":"REST"},{"data":"Finisher","floor":10,"key":"SMITH"},{"floor":12,"key":"REST"},{"data":"Accuracy","floor":15,"key":"SMITH"},{"data":"Venomology","floor":23,"key":"SMITH"},{"floor":29,"key":"REST"},{"floor":32,"key":"REST"},{"data":"Footwork","floor":40,"key":"SMITH"}],"circlet_count":0,"master_deck":["AscendersBane","Survivor","Neutralize+1","Backstab+1","Dagger Throw","Infinite Blades","Finisher+1","Escape Plan+1","Accuracy+1","Tactician+1","Venomology+1","Well Laid Plans","Accuracy","Footwork+1","Blur+1","PiercingWail+1","Backflip","Wraith Form v2","Night Terror","A Thousand Cuts","Acrobatics","Cloak And Dagger","Escape Plan","Calculated Gamble","Prepared"],"relics":["Ring of the Snake","WarpedTongs","Whetstone","Regal Pillow","Torii","HoveringKite","Gambling Chip","War Paint","Pandora\u0027s Box"],"acts_visited":["Exordium","TheCity","TheBeyond"],"potions_floor_usage":[7,7,13,16,24,25,25,25,30,30,33,33,35,42,42],"damage_taken":[{"damage":3,"enemies":"2 Louse","floor":1,"turns":6},{"damage":14,"enemies":"3 Sentries","floor":7,"turns":9},{"damage":0,"enemies":"Cultist","floor":8,"turns":2},{"damage":0,"enemies":"Small Slimes","floor":11,"turns":3},{"damage":0,"enemies":"Lagavulin","floor":13,"turns":6},{"damage":0,"enemies":"2 Fungi Beasts","floor":14,"turns":1},{"damage":16,"enemies":"Hexaghost","floor":16,"turns":7},{"damage":9,"enemies":"Shell Parasite","floor":18,"turns":5},{"damage":10,"enemies":"2 Thieves","floor":24,"turns":4},{"damage":1,"enemies":"Book of Stabbing","floor":25,"turns":6},{"damage":18,"enemies":"Cultist and Chosen","floor":27,"turns":9},{"damage":31,"enemies":"Slavers","floor":30,"turns":8},{"damage":10,"enemies":"Collector","floor":33,"turns":12},{"damage":22,"enemies":"3 Darklings","floor":35,"turns":6},{"damage":13,"enemies":"3 Shapes","floor":37,"turns":5},{"damage":29,"enemies":"3 Darklings","floor":41,"turns":6},{"damage":50,"enemies":"Nemesis","floor":42,"turns":9}],"seed_played":"1048486021204246918","potions_obtained":[{"floor":1,"key":"EntropicBrew"},{"floor":8,"key":"PowerPotion"},{"floor":13,"key":"SkillPotion"},{"floor":27,"key":"Dexterity Potion"}],"is_trial":false,"path_per_floor":["M","?","?","?","$","R","E","M","T","R","M","R","E","M","R","B",null,"M","$","?","?","?","R","M","E","T","M","$","R","E","?","R","B",null,"M","?","M","?","?","R","M","E"],"character_chosen":"THE_SILENT","items_purchased":["Dagger Throw","Well Laid Plans"],"campfire_rested":4,"item_purchase_floors":[5,19],"current_hp_per_floor":[62,40,29,29,29,50,36,36,36,36,36,72,72,72,72,56,68,59,59,39,39,39,39,29,28,28,10,10,48,17,17,55,45,69,47,47,34,34,60,60,31,0,0],"gold":211,"neow_bonus":"TEN_PERCENT_HP_BONUS","is_daily":false,"chose_seed":false,"campfire_upgraded":4,"win_rate":0.0,"timestamp":1611278882,"path_taken":["M","?","?","?","$","R","E","?","T","R","M","R","E","M","R","BOSS","M","$","?","?","?","R","M","E","T","?","$","R","E","?","R","BOSS","M","?","M","?","?","R","M","E"],"items_purchased_type":["Card","Card"],"build_version":"2020-12-22","purchased_purges":2,"victory":false,"max_hp_per_floor":[72,72,72,72,72,72,72,72,72,72,72,72,72,72,72,72,72,72,72,77,77,77,77,77,77,77,77,77,77,77,77,77,77,77,77,77,77,73,60,60,60,60,60],"card_choices":[{"not_picked":["Endless Agony","Finisher"],"picked":"Backstab","floor":1},{"not_picked":["Cloak And Dagger","Deadly Poison"],"picked":"Infinite Blades","floor":7},{"not_picked":["Cloak And Dagger","Backflip"],"picked":"Finisher","floor":8},{"not_picked":["Flying Knee","Skewer"],"picked":"Escape Plan","floor":11},{"not_picked":["Infinite Blades","Concentrate"],"picked":"Accuracy","floor":13},{"not_picked":["Underhanded Strike","Predator"],"picked":"Tactician","floor":14},{"not_picked":["Doppelganger","Glass Knife"],"picked":"Venomology","floor":16},{"not_picked":["Bane","Distraction","All Out Attack"],"picked":"SKIP","floor":18},{"not_picked":["Cloak And Dagger","Dagger Spray+1"],"picked":"Blur","floor":24},{"not_picked":["Infinite Blades","Underhanded Strike","Outmaneuver"],"picked":"SKIP","floor":25},{"not_picked":["Bouncing Flask+1","Outmaneuver+1"],"picked":"PiercingWail+1","floor":27},{"not_picked":["Quick Slash+1","Underhanded Strike+1"],"picked":"Backflip","floor":30},{"not_picked":["Storm of Steel","Corpse Explosion"],"picked":"Wraith Form v2","floor":33},{"not_picked":["Deadly Poison","Backflip+1","PiercingWail"],"picked":"SKIP","floor":35},{"not_picked":["Prepared","Slice"],"picked":"Calculated Gamble","floor":37},{"not_picked":["Slice","Deadly Poison"],"picked":"Prepared","floor":41}],"player_experience":1351268,"relics_obtained":[{"floor":7,"key":"Whetstone"},{"floor":9,"key":"Regal Pillow"},{"floor":13,"key":"Torii"},{"floor":25,"key":"Gambling Chip"},{"floor":30,"key":"War Paint"}],"event_choices":[{"damage_healed":0,"gold_gain":0,"player_choice":"Entered Light","damage_taken":22,"max_hp_gain":0,"max_hp_loss":0,"event_name":"Shining Light","floor":2,"gold_loss":0,"cards_upgraded":["Defend_G","Neutralize"]},{"damage_healed":0,"gold_gain":75,"player_choice":"Gather Gold","damage_taken":11,"max_hp_gain":0,"max_hp_loss":0,"event_name":"World of Goop","floor":3,"gold_loss":0},{"damage_healed":0,"gold_gain":0,"player_choice":"Rummage","damage_taken":0,"relics_obtained":["WarpedTongs"],"max_hp_gain":0,"max_hp_loss":0,"event_name":"Accursed Blacksmith","floor":4,"gold_loss":0,"cards_obtained":["Pain"]},{"damage_healed":0,"gold_gain":0,"player_choice":"Shed Blood","damage_taken":25,"max_hp_gain":5,"max_hp_loss":0,"event_name":"Forgotten Altar","floor":20,"gold_loss":0},{"damage_healed":0,"gold_gain":0,"cards_transformed":["Strike_G","Defend_G"],"player_choice":"Became Test Subject","damage_taken":0,"max_hp_gain":0,"max_hp_loss":0,"event_name":"Drug Dealer","floor":21,"gold_loss":0,"cards_obtained":["Accuracy","Footwork"]},{"cards_removed":["Strike_G"],"damage_healed":0,"gold_gain":0,"player_choice":"Upgrade and Remove","damage_taken":0,"max_hp_gain":0,"max_hp_loss":0,"event_name":"Designer","floor":22,"gold_loss":110,"cards_upgraded":["Tactician"]},{"cards_removed":["Strike_G"],"damage_healed":0,"gold_gain":0,"player_choice":"Elegance","damage_taken":0,"max_hp_gain":0,"max_hp_loss":0,"event_name":"Back to Basics","floor":31,"gold_loss":0},{"damage_healed":0,"gold_gain":0,"player_choice":"Ignored","damage_taken":0,"max_hp_gain":0,"max_hp_loss":0,"event_name":"Tomb of Lord Red Mask","floor":36,"gold_loss":0},{"damage_healed":0,"gold_gain":0,"player_choice":"Max HP","damage_taken":0,"max_hp_gain":0,"max_hp_loss":4,"event_name":"Winding Halls","floor":38,"gold_loss":0},{"damage_healed":60,"gold_gain":0,"player_choice":"Heal","damage_taken":0,"max_hp_gain":0,"max_hp_loss":13,"event_name":"The Moai Head","floor":39,"gold_loss":0}],"is_beta":false,"boss_relics":[{"not_picked":["Black Star","Tiny House"],"picked":"HoveringKite"},{"not_picked":["Sozu","Cursed Key"],"picked":"Pandora\u0027s Box"}],"items_purged_floors":[5,19],"is_endless":false,"potions_floor_spawned":[1,8,13,27,41],"killed_by":"Nemesis","ascension_level":20}}