{"host":"yv7ijgyl7mqt7c0r","time":1611280325,"event":{"mods":["100% Spire Juice","2.2 Compatiblity","Act Like it!","Aspiration","BaseMod","Bestiary","Better Note","Better Skull","CapriCore","Conspire","DeckTracker","Elementarium","Energized Spire","Friendly Minions","Gensokyo","GifTheSpireLib","Hallownest","KinomotoSakuraMod(????)","Mari Mod (Legacy)","Mari\u0027s V1 Patch","Marisa????????","Menagerie","Minty Spire (QoL Compilation)","Prisma Mod","Random Character Button","Reimu??????","Remilia_Scarlet Moed?????·?????3.3.5","StSLib","Stuff the Spire","The Alterego","The Bug Knight","The Factory","The Jungle","The Senshi","The Servant 0.9.4","TheVelvet","Wandering Minibosses","Yakumo Yukari mod","Yuyuko"],"gold_per_floor":[115,130,130,147,9,34,34,47,47,83,83,83,8,39,39,135,135,145,70,83,83,95,95,158,158,158,158,188,200,200,226,226,326,326,345,31,73,73,84,102,102,14,38,111,127,174,184,216,216,246,246],"floor_reached":50,"language":"ENG","playtime":7297,"items_purged":["Pain"],"score":569,"play_id":"274a5aea-93d3-4a87-8209-cd9422df5f46","local_time":"20210121195205","is_ascension_mode":false,"campfire_choices":[{"data":"PrismaMod:IllyaUncommonEvoke","floor":11.0,"key":"SMITH"},{"data":"PrismaMod:IllyaUncommonDefend","floor":15.0,"key":"SMITH"},{"data":"PrismaMod:IllyaUberPoisonChannel","floor":23,"key":"SMITH"},{"floor":25,"key":"REST"},{"floor":30,"key":"REST"},{"floor":32,"key":"REST"},{"data":"PrismaMod:IllyaCarnivalPrismaAstolfo","floor":41,"key":"SMITH"},{"data":"PrismaMod:IllyaPoisonTippedWeapons","floor":49,"key":"SMITH"}],"circlet_count":0,"master_deck":["PrismaMod:IllyaCommonDefend+1","PrismaMod:IllyaCommonAttack","PrismaMod:IllyaCommonDefend","PrismaMod:IllyaCommonAttack","PrismaMod:IllyaCommonDefend","PrismaMod:IllyaCommonAttack","PrismaMod:IllyaCommonDefend","PrismaMod:IllyaCommonAttack","PrismaMod:IllyaCommonDefend","PrismaMod:IllyaUncommonAttack","PrismaMod:IllyaUncommonDefend+1","PrismaMod:IllyaBerserCAR","PrismaMod:IllyaUncommonEvoke+1","conspire:Banana","PrismaMod:IllyaBlindPoisonToss","PrismaMod:IllyaCarnivalPrismaAstolfo+1","PrismaMod:IllyaAOECommonAttack","PrismaMod:IllyaDetonatingBlow+1","PrismaMod:IllyaPoisonTippedWeapons","PrismaMod:IllyaMinorReinForce","PrismaMod:IllyaFriendMaker+1","PrismaMod:IllyaUberPoisonChannel+1","PrismaMod:IllyaBoysLove+1","StuffTheSpire:Rapture","PrismaMod:IllyaAlice","PrismaMod:IllyaBerserCAR+1","PrismaMod:IllyaStunPoison+1","PrismaMod:IllyaInstallSaber","PrismaMod:IllyaFriendMaker+1","PrismaMod:IllyaDevil+1","PrismaMod:IllyaUncommonDefend+1","PrismaMod:IllyaPoisonTippedWeapons+1","PrismaMod:IllyaFriendMaker+1","PrismaMod:IllyaBride","PrismaMod:IllyaFriendMaker+1","PrismaMod:IllyaBlindPoisonToss+1","PrismaMod:IllyaDetonatingBlow+1","PrismaMod:IllyaCommandSeal","PrismaMod:IllyaFeed+1","PrismaMod:IllyaRubysPotion","PrismaMod:IllyaFeed+1","PrismaMod:IllyaDetonatingBlow+1"],"relics":["PrismaMod:PrismaRuby","aspiration:Nostalgia","HollowMod:VesselMask","Oddly Smooth Stone","Molten Egg 2","WarpedTongs","CrazyTorch:ReiMu","energizedSpire:RedRose","Anchor","Potion Belt","Nilry\u0027s Codex","conspire:TopHat","Red Mask","energizedSpire:NeverEndingSparkler","War Paint","Regal Pillow","StuffTheSpire:Rhapsscallions","PrismaMod:AliceRelic"],"acts_visited":["Exordium","TheCity","TheBeyond"],"potions_floor_usage":[28,31,33,47],"damage_taken":[{"damage":0.0,"enemies":"2 Louse","floor":1.0,"turns":3.0},{"damage":0.0,"enemies":"Cultist","floor":2.0,"turns":3.0},{"damage":0.0,"enemies":"conspire:RoseBush","floor":4.0,"turns":4.0},{"damage":3.0,"enemies":"HollowMod:MossKnight","floor":6.0,"turns":8.0},{"damage":19.0,"enemies":"Lots of Slimes","floor":8.0,"turns":4.0},{"damage":0.0,"enemies":"Blue Slaver","floor":10.0,"turns":3.0},{"damage":6.0,"enemies":"Gremlin Nob","floor":14.0,"turns":4.0},{"damage":26.0,"enemies":"Hexaghost","floor":16.0,"turns":9.0},{"damage":20.0,"enemies":"2 Thieves","floor":18.0,"turns":3.0},{"damage":12,"enemies":"3 Byrds","floor":20,"turns":3},{"damage":23,"enemies":"3 Cultists","floor":22,"turns":6},{"damage":30,"enemies":"HollowMod:Nosk","floor":24,"turns":6},{"damage":41,"enemies":"Gremlin Leader","floor":28,"turns":7},{"damage":18,"enemies":"Snake Plant","floor":29,"turns":4},{"damage":42,"enemies":"Masked Bandits","floor":31,"turns":5},{"damage":30,"enemies":"Champ","floor":33,"turns":9},{"damage":1,"enemies":"3 Shapes","floor":35,"turns":4},{"damage":34,"enemies":"3 Darklings","floor":37,"turns":4},{"damage":0,"enemies":"Maw","floor":39,"turns":5},{"damage":13,"enemies":"Sphere and 2 Shapes","floor":40,"turns":4},{"damage":14,"enemies":"Maw","floor":45,"turns":7},{"damage":1,"enemies":"Jaw Worm Horde","floor":46,"turns":4},{"damage":3,"enemies":"Transient","floor":47,"turns":5},{"damage":5,"enemies":"3 Darklings","floor":48,"turns":5},{"damage":108,"enemies":"conspire:OrnateMirror","floor":50,"turns":5}],"seed_played":"-7027478804035864587","potions_obtained":[{"floor":2.0,"key":"PowerPotion"},{"floor":6.0,"key":"AttackPotion"},{"floor":10.0,"key":"Strength Potion"},{"floor":16.0,"key":"Energy Potion"},{"floor":20,"key":"Energy Potion"},{"floor":29,"key":"FairyPotion"},{"floor":37,"key":"SteroidPotion"},{"floor":39,"key":"SteroidPotion"},{"floor":40,"key":"GrandPatriotsElixir:ReiMu"}],"is_trial":false,"path_per_floor":["M","M","?","M","$","E","?","M","T","M","R","?","$","E","R","B",null,"M","?","M","?","M","R","E","R","T","?","E","M","R","?","R","B",null,"M","$","M","?","M","M","R","$","T","T","M","M","M","M","R","B"],"character_chosen":"ILLYA","items_purchased":["PrismaMod:IllyaCarnivalPrismaAstolfo","War Paint","PrismaMod:IllyaPoisonTippedWeapons","PrismaMod:IllyaFriendMaker+1","PrismaMod:IllyaBride","PrismaMod:IllyaCommandSeal","PrismaMod:IllyaFeed+1"],"campfire_rested":3,"item_purchase_floors":[5,36,36,36,36,42,42],"current_hp_per_floor":[75,75,75,76,76,74,74,58,58,59,59,59,59,55,55,32,82,63,63,54,82,67,67,43,69,69,53,18,4,31,32,59,46,94,94,94,66,71,76,68,68,68,68,69,69,84,100,102,102,0,0],"gold":246,"neow_bonus":"NOSTALGIA","is_daily":false,"chose_seed":false,"campfire_upgraded":5,"win_rate":0.0,"timestamp":1611280325,"path_taken":["M","M","?","?","$","E","?","?","T","M","R","?","$","E","R","BOSS","M","?","M","?","M","R","E","R","T","?","E","M","R","?","R","BOSS","M","$","M","?","?","M","R","$","T","?","M","M","M","M","R","BOSS"],"items_purchased_type":["Card","Relic","Card","Card","Card","Card","Card"],"build_version":"2020-12-22","purchased_purges":1,"victory":false,"max_hp_per_floor":[75,75,75,76,76,77,77,78,78,79,79,79,79,81,81,82,82,83,83,86,86,87,87,88,88,88,88,89,90,90,93,93,94,94,94,94,95,95,97,97,97,97,97,98,99,100,101,102,102,104,104],"card_choices":[{"not_picked":["PrismaMod:IllyaTestament","PrismaMod:IllyaMaid"],"picked":"PrismaMod:IllyaBerserCAR","floor":1.0},{"not_picked":["PrismaMod:IllyaDualEvoke","PrismaMod:IllyaBlindPoisonToss"],"picked":"PrismaMod:IllyaUncommonEvoke","floor":2.0},{"not_picked":["PrismaMod:IllyaUncommonAttack","PrismaMod:IllyaBride"],"picked":"PrismaMod:IllyaBlindPoisonToss","floor":4.0},{"not_picked":["PrismaMod:IllyaPoisonBomb","PrismaMod:IllyaUpgradeOrbs"],"picked":"PrismaMod:IllyaAOECommonAttack","floor":6.0},{"not_picked":["PrismaMod:IllyaCarnivalAttack","PrismaMod:IllyaPoisonBlock"],"picked":"PrismaMod:IllyaPoisonTippedWeapons","floor":8.0},{"not_picked":["PrismaMod:IllyaRussianRoulette","PrismaMod:IllyaGun+1"],"picked":"PrismaMod:IllyaMinorReinForce","floor":10.0},{"not_picked":["PrismaMod:IllyaGrailKun","PrismaMod:IllyaBoysLove"],"picked":"PrismaMod:IllyaFriendMaker+1","floor":14.0},{"not_picked":["PrismaMod:IllyaCarnivalOrbs","PrismaMod:IllyaUberDefendChannel"],"picked":"PrismaMod:IllyaUberPoisonChannel","floor":16.0},{"not_picked":["PrismaMod:IllyaBerserCAR+1","PrismaMod:IllyaRubysPotion"],"picked":"PrismaMod:IllyaBoysLove","floor":18},{"not_picked":["PrismaMod:IllyaRussianRoulette","PrismaMod:IllyaRubysPotion+1"],"picked":"PrismaMod:IllyaAlice","floor":20},{"not_picked":["PrismaMod:IllyaBride","PrismaMod:IllyaCheapChannelDefend"],"picked":"PrismaMod:IllyaBerserCAR+1","floor":22},{"not_picked":["PrismaMod:IllyaCheapChannelPoison","PrismaMod:IllyaMinorReinForce"],"picked":"PrismaMod:IllyaStunPoison+1","floor":24},{"not_picked":["PrismaMod:IllyaBlindPoisonToss+1","PrismaMod:IllyaMinorRapidFire+1"],"picked":"PrismaMod:IllyaInstallSaber","floor":28},{"not_picked":["PrismaMod:IllyaCheapChannelPoison","PrismaMod:IllyaGun+1"],"picked":"PrismaMod:IllyaFriendMaker+1","floor":29},{"not_picked":["PrismaMod:IllyaReinForce","PrismaMod:IllyaCommonEvoke+1"],"picked":"PrismaMod:IllyaDevil+1","floor":31},{"not_picked":["PrismaMod:IllyaCheapChannelAttack","PrismaMod:IllyaGrailKun"],"picked":"PrismaMod:IllyaUncommonDefend+1","floor":35},{"not_picked":["PrismaMod:IllyaAOECommonAttack+1","PrismaMod:IllyaRapidFire+1"],"picked":"PrismaMod:IllyaFriendMaker+1","floor":37},{"not_picked":["PrismaMod:IllyaBride","PrismaMod:IllyaCheapChannelPoison"],"picked":"PrismaMod:IllyaBlindPoisonToss+1","floor":39},{"not_picked":["PrismaMod:IllyaGrailKun+1","PrismaMod:IllyaStunPoison+1"],"picked":"PrismaMod:IllyaDetonatingBlow+1","floor":40},{"not_picked":["PrismaMod:IllyaSaphire","PrismaMod:IllyaCheapChannelPoison"],"picked":"PrismaMod:IllyaRubysPotion","floor":45},{"not_picked":["PrismaMod:IllyaCheapChannelDefend+1","PrismaMod:IllyaInstallMoonCancer"],"picked":"PrismaMod:IllyaFeed+1","floor":46},{"not_picked":["PrismaMod:IllyaMinorReinForce+1","PrismaMod:IllyaDualEvoke+1","PrismaMod:IllyaReinForce"],"picked":"SKIP","floor":47},{"not_picked":["PrismaMod:IllyaCheapChannelPoison+1","PrismaMod:IllyaBlindPoisonToss"],"picked":"PrismaMod:IllyaDetonatingBlow+1","floor":48}],"player_experience":539935,"relics_obtained":[{"floor":6.0,"key":"Oddly Smooth Stone"},{"floor":9.0,"key":"Molten Egg 2"},{"floor":14.0,"key":"CrazyTorch:ReiMu"},{"floor":24,"key":"Anchor"},{"floor":26,"key":"Potion Belt"},{"floor":27,"key":"Nilry\u0027s Codex"},{"floor":28,"key":"conspire:TopHat"},{"floor":31,"key":"Red Mask"},{"floor":43,"key":"Regal Pillow"},{"floor":44,"key":"StuffTheSpire:Rhapsscallions"}],"event_choices":[{"damage_healed":0.0,"max_hp_gain":0.0,"max_hp_loss":0.0,"gold_gain":0.0,"event_name":"Match and Keep!","player_choice":"1 cards matched","floor":3.0,"gold_loss":0.0,"damage_taken":0.0,"cards_obtained":["conspire:Banana"]},{"cards_removed":["PrismaMod:IllyaUncommonEvoke"],"damage_healed":0.0,"max_hp_gain":0.0,"max_hp_loss":0.0,"gold_gain":0.0,"event_name":"betterNote:BetterNote","player_choice":"Take \u0026 Give","floor":7.0,"gold_loss":0.0,"damage_taken":0.0,"cards_obtained":["PrismaMod:IllyaDetonatingBlow"]},{"damage_healed":0.0,"max_hp_gain":0.0,"max_hp_loss":0.0,"gold_gain":0.0,"event_name":"Accursed Blacksmith","player_choice":"Rummage","floor":12.0,"gold_loss":0.0,"damage_taken":0.0,"relics_obtained":["WarpedTongs"],"cards_obtained":["Pain"]},{"damage_healed":28,"gold_gain":0,"player_choice":"Heal","damage_taken":0,"max_hp_gain":0,"max_hp_loss":0,"event_name":"The Library","floor":21,"gold_loss":0},{"damage_healed":0,"gold_gain":0,"player_choice":"Obtained Book","damage_taken":16,"max_hp_gain":0,"max_hp_loss":0,"event_name":"Cursed Tome","floor":27,"gold_loss":0},{"damage_healed":0,"gold_gain":0,"player_choice":"Fought Bandits","damage_taken":0,"max_hp_gain":0,"max_hp_loss":0,"event_name":"Masked Bandits","floor":31,"gold_loss":0},{"damage_healed":5,"gold_gain":0,"player_choice":"LEAVE ","damage_taken":0,"relics_obtained":[],"max_hp_gain":0,"max_hp_loss":0,"event_name":"betterSkull:BetterSkull","floor":38,"gold_loss":0,"cards_upgraded":[]}],"is_beta":false,"boss_relics":[{"not_picked":["energizedSpire:StickyHand","SacredBark"],"picked":"energizedSpire:RedRose"},{"not_picked":["aspiration:FutureDiary","Sozu"],"picked":"energizedSpire:NeverEndingSparkler"}],"items_purged_floors":[13],"is_endless":false,"potions_floor_spawned":[2,6,10,16,20,22,29,37,39,40],"killed_by":"conspire:OrnateMirror","ascension_level":0}}