{"host":"vyjryxuuuxkt43k4","time":1611313554,"event":{"mods":["AchievementEnabler","BaseMod","Colored Map","DeckTracker","Keyboard Shortcuts","Minty Spire (QoL Compilation)","Permanent Neow","Quick Restart","StSLib","SuperFastMode","everything is the same but u backflip on backflip"],"gold_per_floor":[117,67,87,100,154,189,189,218,244,269,298,298,318,353,353,448,448,465,499,499,499,5,34,44,44,44,71,71,86,98,125,125,222,222,233,280,280,299,224,224,251,263,321,3,16,16,16,51,51,51,51],"floor_reached":50,"language":"KOR","playtime":7129,"items_purged":["Defend_G"],"score":986,"play_id":"b1c9b01a-ada4-4ced-a300-28c019a10e61","local_time":"20210122200554","is_ascension_mode":true,"campfire_choices":[{"floor":7.0,"key":"REST"},{"floor":12.0,"key":"REST"},{"data":"Deadly Poison","floor":15.0,"key":"SMITH"},{"floor":25.0,"key":"REST"},{"data":"Strike_G","floor":28.0,"key":"PURGE"},{"data":"Strike_G","floor":32.0,"key":"PURGE"},{"data":"Defend_G","floor":40.0,"key":"PURGE"},{"data":"Strike_G+1","floor":42.0,"key":"PURGE"},{"data":"Eviscerate+1","floor":47,"key":"PURGE"},{"floor":49,"key":"REST"}],"circlet_count":0,"master_deck":["AscendersBane","Defend_G","Defend_G","Survivor","Neutralize+1","Predator","Skewer","Escape Plan","Finisher","Deadly Poison+1","Burst","Slice","PiercingWail","Leg Sweep","Corpse Explosion","Noxious Fumes","Neutralize+1","Choke","Riddle With Holes+1","PiercingWail+1","Acrobatics+1","Malaise","Backstab+1","Bane+1","Deflect+1","After Image","Crippling Poison+1"],"relics":["Ring of the Snake","Toy Ornithopter","Ancient Tea Set","PreservedInsect","MealTicket","Happy Flower","Ice Cream","Odd Mushroom","Whetstone","Fusion Hammer","Red Mask","Gambling Chip","Art of War","Centennial Puzzle","Paper Crane","Peace Pipe","Oddly Smooth Stone","Empty Cage","WingedGreaves","MawBank","Sundial","Bronze Scales"],"acts_visited":["Exordium","TheCity","TheBeyond"],"potions_floor_usage":[48,50],"damage_taken":[{"damage":0.0,"enemies":"2 Louse","floor":1.0,"turns":5.0},{"damage":3.0,"enemies":"Jaw Worm","floor":3.0,"turns":9.0},{"damage":0.0,"enemies":"Small Slimes","floor":4.0,"turns":5.0},{"damage":43.0,"enemies":"3 Sentries","floor":6.0,"turns":13.0},{"damage":5.0,"enemies":"Lagavulin","floor":8.0,"turns":5.0},{"damage":12.0,"enemies":"Gremlin Nob","floor":10.0,"turns":3.0},{"damage":16.0,"enemies":"The Mushroom Lair","floor":11.0,"turns":7.0},{"damage":0.0,"enemies":"3 Louse","floor":13.0,"turns":3.0},{"damage":0.0,"enemies":"Lagavulin","floor":14.0,"turns":2.0},{"damage":20.0,"enemies":"Hexaghost","floor":16.0,"turns":8.0},{"damage":4.0,"enemies":"2 Thieves","floor":18.0,"turns":4.0},{"damage":27.0,"enemies":"Masked Bandits","floor":19.0,"turns":3.0},{"damage":16.0,"enemies":"Book of Stabbing","floor":23.0,"turns":4.0},{"damage":0.0,"enemies":"Chosen","floor":24.0,"turns":4.0},{"damage":0.0,"enemies":"Gremlin Leader","floor":27.0,"turns":4.0},{"damage":6.0,"enemies":"Snecko","floor":29.0,"turns":4.0},{"damage":3.0,"enemies":"Snake Plant","floor":30.0,"turns":4.0},{"damage":0.0,"enemies":"Slavers","floor":31.0,"turns":2.0},{"damage":47.0,"enemies":"Champ","floor":33.0,"turns":14.0},{"damage":5.0,"enemies":"Orb Walker","floor":35.0,"turns":5.0},{"damage":18.0,"enemies":"2 Orb Walkers","floor":36.0,"turns":4.0},{"damage":9.0,"enemies":"3 Darklings","floor":38.0,"turns":4.0},{"damage":26.0,"enemies":"Giant Head","floor":41.0,"turns":8.0},{"damage":15,"enemies":"4 Shapes","floor":45,"turns":4},{"damage":41,"enemies":"Nemesis","floor":48,"turns":5},{"damage":56,"enemies":"Time Eater","floor":50,"turns":13}],"seed_played":"5592465281518792538","potions_obtained":[{"floor":1.0,"key":"DistilledChaos"},{"floor":4.0,"key":"Weak Potion"},{"floor":10.0,"key":"Ancient Potion"},{"floor":13.0,"key":"DuplicationPotion"},{"floor":14.0,"key":"GamblersBrew"},{"floor":18.0,"key":"Block Potion"},{"floor":23.0,"key":"FearPotion"},{"floor":24.0,"key":"Swift Potion"},{"floor":33.0,"key":"Explosive Potion"},{"floor":36.0,"key":"Energy Potion"},{"floor":41.0,"key":"Regen Potion"}],"is_trial":false,"path_per_floor":["M","?","M","M","T","E","R","E","T","E","?","R","M","E","R","B",null,"M","?","?","?","$","E","M","R","T","E","R","M","M","E","R","B",null,"M","?","?","M","$","R","E","R","T","$","M","$","R","E","R","B"],"character_chosen":"THE_SILENT","items_purchased":["Gambling Chip","Art of War","AttackPotion","Sundial","Regen Potion"],"campfire_rested":4,"item_purchase_floors":[22,22,22,44,44],"current_hp_per_floor":[63,63,60,60,60,27,48,43,43,31,15,36,36,41,41,26,59,55,38,38,38,53,42,42,63,63,68,68,62,59,59,59,17,57,52,34,34,35,50,50,24,24,24,39,24,39,39,15,36,0,0],"gold":51,"neow_bonus":"RANDOM_COMMON_RELIC","is_daily":false,"chose_seed":false,"campfire_upgraded":1,"win_rate":0.0,"timestamp":1611313554,"path_taken":["M","?","M","M","?","E","R","E","T","E","?","R","M","E","R","BOSS","M","?","?","?","$","E","M","R","T","E","R","M","M","E","R","BOSS","M","?","?","M","$","R","E","R","T","$","M","?","R","E","R","BOSS"],"items_purchased_type":["Relic","Relic","Potion","Relic","Potion"],"build_version":"2020-12-22","purchased_purges":1,"victory":false,"max_hp_per_floor":[70,70,70,70,70,70,70,70,70,70,70,70,70,70,70,70,70,70,70,70,70,70,70,70,70,70,70,70,70,70,70,70,70,70,70,70,70,70,70,70,70,70,70,70,70,70,70,70,70,70,70],"card_choices":[{"not_picked":["Riddle With Holes","Expertise"],"picked":"Predator","floor":1.0},{"not_picked":["Predator","Blur"],"picked":"Skewer","floor":3.0},{"not_picked":["Prepared","Bane"],"picked":"Escape Plan","floor":4.0},{"not_picked":["Eviscerate","Calculated Gamble"],"picked":"Finisher","floor":6.0},{"not_picked":["Underhanded Strike","Flying Knee"],"picked":"Deadly Poison","floor":8.0},{"not_picked":["Bane","Deflect"],"picked":"Burst","floor":10.0},{"not_picked":["Flechettes","Outmaneuver"],"picked":"Slice","floor":11.0},{"not_picked":["Tactician","Blur"],"picked":"PiercingWail","floor":13.0},{"not_picked":["Bane","Tactician"],"picked":"Leg Sweep","floor":14.0},{"not_picked":["Grand Finale","Unload"],"picked":"Corpse Explosion","floor":16.0},{"not_picked":["Flechettes","Bane"],"picked":"Noxious Fumes","floor":18.0},{"not_picked":["Predator","Terror"],"picked":"Choke","floor":23.0},{"not_picked":["Outmaneuver","Deflect"],"picked":"Riddle With Holes+1","floor":24.0},{"not_picked":["Flying Knee","Deadly Poison"],"picked":"PiercingWail","floor":27.0},{"not_picked":["Bullet Time","Dagger Throw"],"picked":"PiercingWail+1","floor":29.0},{"not_picked":["Underhanded Strike","Terror"],"picked":"Acrobatics+1","floor":30.0},{"not_picked":["Deflect","Concentrate","Underhanded Strike"],"picked":"SKIP","floor":31.0},{"not_picked":["Corpse Explosion","Tools of the Trade"],"picked":"Malaise","floor":33.0},{"not_picked":["Deflect","Acrobatics"],"picked":"Eviscerate+1","floor":35.0},{"not_picked":["Tactician","Outmaneuver"],"picked":"Backstab+1","floor":36.0},{"not_picked":["Skewer","Quick Slash+1"],"picked":"Bane+1","floor":38.0},{"not_picked":["Dodge and Roll","Flying Knee+1"],"picked":"Deflect+1","floor":41.0},{"not_picked":["Noxious Fumes+1","Masterful Stab"],"picked":"After Image","floor":45},{"not_picked":["Phantasmal Killer","Poisoned Stab"],"picked":"Crippling Poison+1","floor":48}],"player_experience":220245,"relics_obtained":[{"floor":5.0,"key":"Ancient Tea Set"},{"floor":6.0,"key":"PreservedInsect"},{"floor":8.0,"key":"MealTicket"},{"floor":9.0,"key":"Happy Flower"},{"floor":10.0,"key":"Ice Cream"},{"floor":11.0,"key":"Odd Mushroom"},{"floor":14.0,"key":"Whetstone"},{"floor":19.0,"key":"Red Mask"},{"floor":23.0,"key":"Centennial Puzzle"},{"floor":26.0,"key":"Paper Crane"},{"floor":27.0,"key":"Peace Pipe"},{"floor":31.0,"key":"Oddly Smooth Stone"},{"floor":36.0,"key":"WingedGreaves"},{"floor":41.0,"key":"MawBank"},{"floor":48,"key":"Bronze Scales"}],"event_choices":[{"cards_removed":["Strike_G"],"damage_healed":0.0,"max_hp_gain":0.0,"max_hp_loss":0.0,"gold_gain":0.0,"event_name":"The Cleric","player_choice":"Card Removal","floor":2.0,"gold_loss":50.0,"damage_taken":0.0},{"damage_healed":0.0,"max_hp_gain":0.0,"max_hp_loss":0.0,"gold_gain":0.0,"event_name":"Mushrooms","player_choice":"Fought Mushrooms","floor":11.0,"gold_loss":0.0,"damage_taken":0.0},{"damage_healed":0.0,"max_hp_gain":0.0,"max_hp_loss":0.0,"gold_gain":0.0,"event_name":"Masked Bandits","player_choice":"Fought Bandits","floor":19.0,"gold_loss":0.0,"damage_taken":0.0},{"damage_healed":0.0,"max_hp_gain":0.0,"max_hp_loss":0.0,"gold_gain":0.0,"event_name":"Vampires","player_choice":"Ignored","floor":20.0,"gold_loss":0.0,"damage_taken":0.0},{"damage_healed":0.0,"max_hp_gain":0.0,"max_hp_loss":0.0,"gold_gain":0.0,"event_name":"Duplicator","player_choice":"Copied","floor":21.0,"gold_loss":0.0,"damage_taken":0.0,"cards_obtained":["Neutralize"]},{"damage_healed":0.0,"max_hp_gain":0.0,"max_hp_loss":0.0,"gold_gain":0.0,"event_name":"Mysterious Sphere","player_choice":"Fight","floor":36.0,"gold_loss":0.0,"damage_taken":0.0},{"cards_removed":["PiercingWail"],"damage_healed":0.0,"max_hp_gain":0.0,"max_hp_loss":0.0,"gold_gain":0.0,"event_name":"Falling","player_choice":"Removed Skill","floor":37.0,"gold_loss":0.0,"damage_taken":0.0}],"is_beta":false,"boss_relics":[{"not_picked":["Tiny House","Runic Pyramid"],"picked":"Fusion Hammer"},{"not_picked":["Pandora\u0027s Box","Cursed Key"],"picked":"Empty Cage"}],"items_purged_floors":[39],"is_endless":false,"potions_floor_spawned":[1,4,10,13,14,18,23,24,33,36,41],"killed_by":"Time Eater","ascension_level":10}}