{"host":"j9ki0s1dicmcfq9y","time":1611280576,"event":{"mods":["Abigail Mod","BaseMod","Minty Spire (QoL Compilation)","StSLib"],"gold_per_floor":[369,389,45,65,84,115,115,115,115,149,5,5,22,54,54,153,153,173,4,24,50,67,67,83,99,99,127,127,127,97,113,113,213,213,227,247,257,257,274,305,317,356,415,427,439,477,540,570,582,594,594],"floor_reached":50,"language":"ENG","playtime":4894,"items_purged":[],"score":647,"play_id":"3f2bdcda-8fe0-4935-9d22-b132736c1639","local_time":"20210121205616","is_ascension_mode":false,"campfire_choices":[{"data":"AbbyMod:FleetingSanity","floor":7,"key":"SMITH"},{"floor":15,"key":"RECALL"},{"data":"AbbyMod:FamiliarShield","floor":23,"key":"SMITH"},{"floor":32,"key":"REST"},{"data":"AbbyMod:Ab_FiveStars","floor":41,"key":"SMITH"},{"data":"AbbyMod:ExposeNavel","floor":44,"key":"SMITH"},{"floor":49,"key":"REST"}],"circlet_count":0,"master_deck":["AbbyMod:Ab_Strike","AbbyMod:Ab_Strike","AbbyMod:Ab_Strike","AbbyMod:Ab_Defend","AbbyMod:Ab_Defend+1","AbbyMod:Ab_Defend","AbbyMod:FleetingSanity+1","AbbyMod:ForeheadBeam","AbbyMod:Ab_FiveStars+1","AbbyMod:EyesOfMadness+1","AbbyMod:AttoSecond","AbbyMod:Ab_SwirlOfMadness","AbbyMod:LargeTentacle","AbbyMod:ExposeNavel+1","AbbyMod:FamiliarShield+1","AbbyMod:SuperMuscular+1","AbbyMod:PreciousMemories+1","AbbyMod:AlignStars+1","AbbyMod:PantyShot","AbbyMod:TeddyBear+1","AbbyMod:WitchTrial","Parasite","AbbyMod:LiftSkirt+1"],"relics":["AbbyMod:Salem_Diary","Matryoshka","MealTicket","Frozen Egg 2","Regal Pillow","Blood Vial","War Paint","Lee\u0027s Waffle","WarpedTongs","HornCleat","Empty Cage","Strawberry","Nunchaku","StrikeDummy","Smiling Mask","Eternal Feather","Bag of Preparation","SlaversCollar","MawBank","PreservedInsect","Art of War","Ice Cream","Toy Ornithopter"],"acts_visited":["Exordium","TheCity","TheBeyond"],"potions_floor_usage":[10,14,18,27,27,30,40,42,42,50,50],"damage_taken":[{"damage":0,"enemies":"Small Slimes","floor":1,"turns":5},{"damage":0,"enemies":"Cultist","floor":2,"turns":4},{"damage":0,"enemies":"Jaw Worm","floor":4,"turns":2},{"damage":0,"enemies":"Red Slaver","floor":5,"turns":3},{"damage":5,"enemies":"Lagavulin","floor":6,"turns":4},{"damage":4,"enemies":"3 Sentries","floor":10,"turns":4},{"damage":5,"enemies":"Gremlin Gang","floor":13,"turns":3},{"damage":11,"enemies":"Gremlin Nob","floor":14,"turns":3},{"damage":17,"enemies":"Hexaghost","floor":16,"turns":9},{"damage":1,"enemies":"2 Thieves","floor":18,"turns":3},{"damage":18,"enemies":"Chosen","floor":20,"turns":5},{"damage":18,"enemies":"3 Cultists","floor":22,"turns":5},{"damage":7,"enemies":"Centurion and Healer","floor":24,"turns":3},{"damage":21,"enemies":"Snake Plant","floor":25,"turns":3},{"damage":0,"enemies":"Book of Stabbing","floor":27,"turns":5},{"damage":0,"enemies":"Snecko","floor":31,"turns":4},{"damage":13,"enemies":"Collector","floor":33,"turns":9},{"damage":12,"enemies":"3 Darklings","floor":35,"turns":4},{"damage":31,"enemies":"3 Shapes","floor":36,"turns":3},{"damage":18,"enemies":"3 Darklings","floor":37,"turns":4},{"damage":32,"enemies":"Writhing Mass","floor":39,"turns":6},{"damage":0,"enemies":"Nemesis","floor":40,"turns":7},{"damage":2,"enemies":"Reptomancer","floor":42,"turns":6},{"damage":19,"enemies":"Giant Head","floor":46,"turns":8},{"damage":37,"enemies":"Spire Growth","floor":48,"turns":4},{"damage":91,"enemies":"Donu and Deca","floor":50,"turns":9}],"seed_played":"5563368945910482148","potions_obtained":[{"floor":2,"key":"ColorlessPotion"},{"floor":5,"key":"Block Potion"},{"floor":6,"key":"CultistPotion"},{"floor":10,"key":"Weak Potion"},{"floor":14,"key":"Energy Potion"},{"floor":25,"key":"EssenceOfSteel"},{"floor":27,"key":"Fire Potion"},{"floor":30,"key":"SpeedPotion"},{"floor":30,"key":"Fruit Juice"},{"floor":39,"key":"DuplicationPotion"},{"floor":40,"key":"Explosive Potion"},{"floor":42,"key":"PowerPotion"},{"floor":48,"key":"Regen Potion"}],"is_trial":false,"path_per_floor":["M","M","$","M","M","E","R","?","T","E","$","?","M","E","R","B",null,"M","$","M","T","M","R","M","M","T","E","T","?","?","M","R","B",null,"M","M","M","?","M","E","R","E","T","R","$","E","T","M","R","B"],"character_chosen":"Ab_Foreigner","items_purchased":["AbbyMod:EyesOfMadness","AbbyMod:AttoSecond","Matryoshka","Lee\u0027s Waffle","Strawberry","AbbyMod:SuperMuscular+1"],"campfire_rested":2,"item_purchase_floors":[3,3,3,11,19,19],"current_hp_per_floor":[42,42,42,42,42,37,37,37,37,35,67,67,62,53,53,38,67,66,74,56,56,40,40,35,16,16,18,18,18,23,25,72,61,79,67,38,22,69,37,49,61,61,61,69,69,60,60,25,69,0,0],"gold":594,"neow_bonus":"TWO_FIFTY_GOLD","is_daily":false,"chose_seed":false,"campfire_upgraded":4,"win_rate":0.0,"timestamp":1611280576,"path_taken":["M","M","$","M","M","E","R","?","T","E","?","?","M","E","R","BOSS","M","$","M","?","?","R","M","M","T","E","?","?","?","M","R","BOSS","M","?","M","?","M","E","R","E","T","R","$","E","?","M","R","BOSS"],"items_purchased_type":["Card","Card","Relic","Relic","Relic","Card"],"build_version":"2020-12-22","purchased_purges":0,"victory":false,"max_hp_per_floor":[60,60,60,60,60,60,60,60,60,60,67,67,67,67,67,67,67,67,74,74,74,74,74,74,74,74,74,74,74,79,79,79,79,79,79,79,79,69,69,69,69,69,69,69,69,69,69,69,69,69,69],"card_choices":[{"not_picked":["AbbyMod:Keyblade","AbbyMod:HeroCreationA","AbbyMod:Kinoko"],"picked":"SKIP","floor":1},{"not_picked":["AbbyMod:WitchTrial","AbbyMod:SweetPancakes"],"picked":"AbbyMod:Ab_FiveStars","floor":2},{"not_picked":["AbbyMod:Kuroboshi","AbbyMod:ImpossibleGeometry","AbbyMod:TentacleSwarm"],"picked":"SKIP","floor":4},{"not_picked":["AbbyMod:CommandSpell","AbbyMod:ConsumeFlesh"],"picked":"AbbyMod:Ab_SwirlOfMadness","floor":5},{"not_picked":["AbbyMod:Kinoko","AbbyMod:HeroCreationA","AbbyMod:SanityCheck"],"picked":"SKIP","floor":6},{"not_picked":["AbbyMod:Kuroboshi","AbbyMod:HeroCreationA"],"picked":"AbbyMod:LargeTentacle","floor":10},{"not_picked":["AbbyMod:Ab_FiveStars","AbbyMod:AceInTheHole"],"picked":"AbbyMod:ExposeNavel","floor":13},{"not_picked":["AbbyMod:CommandSpell","AbbyMod:AdultWords"],"picked":"AbbyMod:FamiliarShield","floor":14},{"not_picked":["AbbyMod:Dabigail","AbbyMod:SanityCheck+1","AbbyMod:PreciousMemories"],"picked":"SKIP","floor":18},{"not_picked":["AbbyMod:EyesOfMadness","AbbyMod:HeroCreationA","AbbyMod:Ab_DarkestPact+1"],"picked":"SKIP","floor":20},{"not_picked":["AbbyMod:Kuroboshi","AbbyMod:ConsumeFlesh+1"],"picked":"AbbyMod:PreciousMemories+1","floor":22},{"not_picked":["AbbyMod:Memocide+1","AbbyMod:ChocoKey","AbbyMod:LifeSentence"],"picked":"SKIP","floor":24},{"not_picked":["AbbyMod:TeddyBear","AbbyMod:FlyingMascot+1"],"picked":"AbbyMod:AlignStars+1","floor":25},{"not_picked":["AbbyMod:SanityCheck+1","AbbyMod:MysteryKey","AbbyMod:Takeuchi"],"picked":"SKIP","floor":27},{"not_picked":["AbbyMod:StarRadiance","AbbyMod:DemonPancake+1","AbbyMod:SanityCheck"],"picked":"SKIP","floor":31},{"not_picked":["AbbyMod:EquivalentExchange","AbbyMod:CosmicSpark"],"picked":"AbbyMod:PantyShot","floor":33},{"not_picked":["AbbyMod:FatalEntropy+1","AbbyMod:HeroCreationA+1"],"picked":"AbbyMod:TeddyBear+1","floor":35},{"not_picked":["AbbyMod:Memocide+1","AbbyMod:TeddyBear","AbbyMod:HeroCreationA+1"],"picked":"SKIP","floor":36},{"not_picked":["AbbyMod:Kuroboshi+1","AbbyMod:Ab_DarkestPact+1"],"picked":"AbbyMod:WitchTrial","floor":37},{"not_picked":["AbbyMod:Ab_SwirlOfMadness","AbbyMod:Memocide","AbbyMod:AceInTheHole+1"],"picked":"SKIP","floor":39},{"not_picked":["AbbyMod:SavingThrow+1","AbbyMod:SuperMuscular+1","AbbyMod:Kinoko"],"picked":"SKIP","floor":40},{"not_picked":["AbbyMod:CosmicSpark","AbbyMod:InsaneStrike+1"],"picked":"AbbyMod:LiftSkirt+1","floor":42},{"not_picked":["AbbyMod:AbsoluteCorruption+1","AbbyMod:DemonPancake+1","AbbyMod:TentacleSwarm+1"],"picked":"SKIP","floor":46},{"not_picked":["AbbyMod:ChocoKey","AbbyMod:SanityCheck","AbbyMod:PreciousMemories+1"],"picked":"SKIP","floor":48}],"player_experience":665443,"relics_obtained":[{"floor":6,"key":"MealTicket"},{"floor":9,"key":"Regal Pillow"},{"floor":9,"key":"Blood Vial"},{"floor":10,"key":"War Paint"},{"floor":14,"key":"HornCleat"},{"floor":21,"key":"Nunchaku"},{"floor":26,"key":"StrikeDummy"},{"floor":27,"key":"Smiling Mask"},{"floor":28,"key":"Eternal Feather"},{"floor":40,"key":"MawBank"},{"floor":42,"key":"PreservedInsect"},{"floor":43,"key":"Art of War"},{"floor":46,"key":"Ice Cream"},{"floor":47,"key":"Toy Ornithopter"}],"event_choices":[{"damage_healed":0,"gold_gain":0,"player_choice":"Gave Potion","damage_taken":0,"relics_obtained":["Frozen Egg 2"],"max_hp_gain":0,"max_hp_loss":0,"event_name":"WeMeetAgain","floor":8,"gold_loss":0},{"damage_healed":0,"gold_gain":0,"player_choice":"Rummage","damage_taken":0,"relics_obtained":["WarpedTongs"],"max_hp_gain":0,"max_hp_loss":0,"event_name":"Accursed Blacksmith","floor":12,"gold_loss":0,"cards_obtained":["Pain"]},{"damage_healed":0,"gold_gain":0,"player_choice":"Opened","damage_taken":0,"relics_obtained":["Bag of Preparation"],"max_hp_gain":0,"max_hp_loss":0,"event_name":"The Mausoleum","floor":29,"gold_loss":0},{"damage_healed":0,"gold_gain":0,"player_choice":"Bought 2 Potions","damage_taken":0,"max_hp_gain":0,"max_hp_loss":0,"event_name":"The Woman in Blue","floor":30,"gold_loss":0},{"damage_healed":69,"gold_gain":0,"player_choice":"Heal","damage_taken":0,"max_hp_gain":0,"max_hp_loss":10,"event_name":"The Moai Head","floor":38,"gold_loss":0}],"is_beta":false,"boss_relics":[{"not_picked":["SacredBark","Astrolabe"],"picked":"Empty Cage"},{"not_picked":["Busted Crown","Cursed Key"],"picked":"SlaversCollar"}],"items_purged_floors":[],"is_endless":false,"potions_floor_spawned":[2,5,6,10,14,18,25,27,39,40,42,48],"killed_by":"Donu and Deca","ascension_level":0}}