{"host":"clwo1bbzp1s2osrc","time":1611299343,"event":{"mods":["Arknights The Spire","BaseMod","Downfall","Minty Spire (QoL Compilation)","Prisma Mod","StSLib","The Bladedancer","The Servant 0.9.4","TheBandit"],"gold_per_floor":[99,115,290,290,305,321,321,321,321,321,333,80,80,230,240,342,342,342,357,14,34,54,54,130,130,149,167,167,167,167],"floor_reached":28,"language":"ZHS","playtime":12351,"items_purged":["Doubt"],"score":210,"play_id":"54b0c019-f418-445b-810b-1d1c12105e30","local_time":"20210122150903","is_ascension_mode":false,"campfire_choices":[{"data":"Guardian:CurlUp","floor":1.0,"key":"SMITH"},{"data":"Guardian:PrimingBeam","floor":8.0,"key":"SMITH"},{"floor":10.0,"key":"REST"},{"floor":13.0,"key":"REST"},{"data":"expansioncontent:StudyTheSpire","floor":18.0,"key":"SMITH"},{"data":"Guardian:HyperBeam_Guardian","floor":23,"key":"SMITH"},{"data":"Guardian:BronzeOrb","floor":25,"key":"SMITH"}],"circlet_count":0,"master_deck":["Guardian:Strike_Guardian","Guardian:Strike_Guardian","Guardian:Defend_Guardian","Guardian:Defend_Guardian","Guardian:Defend_Guardian","Guardian:Defend_Guardian","Guardian:CurlUp+1","Guardian:TwinSlam","Guardian:PiercingHide","Guardian:PrimingBeam+1","Guardian:Gem_Lightblue","Guardian:Gem_Lightblue","Guardian:Gem_Lightblue","Guardian:Preprogram","Guardian:CrystalBeam","expansioncontent:StudyTheSpire+1","Guardian:TimeBomb","Guardian:ConstructionForm","Guardian:PrimingBeam","Guardian:HyperBeam_Guardian+1","Guardian:SentryBeam","Guardian:TemporalShield+1","Guardian:BronzeOrb+1","Guardian:TemporalShield","Guardian:Gem_Green"],"relics":["Guardian:ModeShifter","Boot","Empty Cage","Kunai","The Courier"],"acts_visited":["Exordium","TheCity"],"potions_floor_usage":[28,28],"damage_taken":[{"damage":1.0,"enemies":"Jaw Worm","floor":2.0,"turns":5.0},{"damage":0.0,"enemies":"Cultist","floor":5.0,"turns":5.0},{"damage":0.0,"enemies":"Small Slimes","floor":6.0,"turns":5.0},{"damage":12.0,"enemies":"Small Slimes","floor":9.0,"turns":8.0},{"damage":6.0,"enemies":"3 Louse","floor":11.0,"turns":5.0},{"damage":0.0,"enemies":"downfall:FleeingMerchant","floor":12.0,"turns":4.0},{"damage":29.0,"enemies":"Exordium Wildlife","floor":15.0,"turns":6.0},{"damage":54.0,"enemies":"WA_ARCHETYPE_RETAIN","floor":16.0,"turns":10.0},{"damage":14.0,"enemies":"Spheric Guardian","floor":19.0,"turns":4.0},{"damage":5.0,"enemies":"downfall:FleeingMerchant","floor":20.0,"turns":4.0},{"damage":16.0,"enemies":"Shell Parasite","floor":21.0,"turns":5.0},{"damage":18,"enemies":"Shelled Parasite and Fungi","floor":22,"turns":7},{"damage":21,"enemies":"Snake Plant","floor":26,"turns":4},{"damage":7,"enemies":"Centurion and Healer","floor":27,"turns":7},{"damage":15,"enemies":"Snecko","floor":28,"turns":2}],"seed_played":"918827575062535674","potions_obtained":[{"floor":5.0,"key":"Weak Potion"},{"floor":16.0,"key":"LiquidMemories"},{"floor":19.0,"key":"Fire Potion"},{"floor":22,"key":"AttackPotion"},{"floor":27,"key":"Energy Potion"}],"is_trial":false,"path_per_floor":["R","M","?","?","M","M","T","R","?","R","M","$","R","?","M","B",null,"R","M","$","M","M","R","T","R","M","M","M"],"character_chosen":"GUARDIAN","items_purchased":["expansioncontent:StudyTheSpire","Kunai","Guardian:SentryBeam"],"campfire_rested":2,"item_purchase_floors":[12,20,20],"current_hp_per_floor":[88,87,87,87,87,87,87,87,39,65,59,59,85,85,56,2,88,88,74,69,53,35,35,35,35,14,7,0,0,0],"gold":167,"neow_bonus":"TEN_PERCENT_HP_BONUS","is_daily":false,"chose_seed":false,"campfire_upgraded":5,"win_rate":0.0,"timestamp":1611299343,"path_taken":["R","M","?","?","M","?","T","R","?","R","M","$","R","?","M","BOSS","R","M","?","M","?","R","T","R","M","M","?"],"items_purchased_type":["Card","Relic","Card"],"build_version":"2020-12-22","purchased_purges":1,"victory":false,"max_hp_per_floor":[88,88,88,88,88,88,88,88,88,88,88,88,88,88,88,88,88,88,88,88,88,88,88,88,88,88,88,88,88,88],"card_choices":[{"not_picked":["Guardian:TimeBomb","Guardian:Incinerate"],"picked":"Guardian:Gem_Red","floor":2.0},{"not_picked":["Guardian:SpikerProtocol","Guardian:WalkerClaw"],"picked":"Guardian:PiercingHide","floor":5.0},{"not_picked":["Guardian:BronzeArmor","Guardian:Repulse"],"picked":"Guardian:PrimingBeam","floor":6.0},{"not_picked":["Guardian:BronzeArmor","Guardian:Gem_Blue"],"picked":"Guardian:Preprogram","floor":11.0},{"not_picked":["Guardian:Gem_Blue","Guardian:PolyBeam"],"picked":"Guardian:CrystalBeam","floor":12.0},{"not_picked":["Guardian:Gem_Cyan","Guardian:TimeCapacitor"],"picked":"Guardian:TimeBomb","floor":15.0},{"not_picked":["Guardian:StasisStrike","Guardian:FastForward"],"picked":"Guardian:ConstructionForm","floor":16.0},{"not_picked":["Guardian:BodySlam+1","Guardian:VentSteam"],"picked":"Guardian:PrimingBeam","floor":19.0},{"not_picked":["Guardian:Recover+1","Guardian:PrimingBeam"],"picked":"Guardian:HyperBeam_Guardian","floor":20.0},{"not_picked":["Guardian:CrystalBeam","Guardian:Gem_Green"],"picked":"Guardian:TemporalShield+1","floor":21.0},{"not_picked":["Guardian:Gem_Crimson","Guardian:TemporalShield"],"picked":"Guardian:BronzeOrb","floor":22},{"not_picked":["Guardian:TimeBomb","Guardian:Gem_Cyan"],"picked":"Guardian:TemporalShield","floor":26},{"not_picked":["Guardian:TemporalShield","Guardian:PrimingBeam"],"picked":"Guardian:Gem_Green","floor":27}],"player_experience":232534,"relics_obtained":[{"floor":7.0,"key":"Boot"},{"floor":24,"key":"The Courier"}],"event_choices":[{"damage_healed":0.0,"max_hp_gain":0.0,"max_hp_loss":0.0,"gold_gain":0.0,"event_name":"NoteForYourself","player_choice":"Ignored","floor":4.0,"gold_loss":0.0,"damage_taken":0.0}],"is_beta":false,"boss_relics":[{"not_picked":["Fusion Hammer","Philosopher\u0027s Stone"],"picked":"Empty Cage"}],"items_purged_floors":[12],"is_endless":false,"potions_floor_spawned":[5,9,16,19,22,27],"killed_by":"Snecko","ascension_level":0}}