{"host":"xvjtz0l6trtfk8cl","time":1611340290,"event":{"mods":["BaseMod","Better Altar","Better Third Choice","Downfall","Fox Events","Hermit","Magitek Elite","Minty Spire (QoL Compilation)","StSLib","The Bladedancer","The Death Knight","The Hierophant","The Necromancer"],"gold_per_floor":[117,44,60,60,60,60,60,60,60,60,60,76,76,94,94,220,220,236,236,236,236,250,250,270,294,294,294,294],"floor_reached":27,"language":"ENG","playtime":1352,"items_purged":[],"score":201,"play_id":"763a406b-d675-4f1f-a780-790b2ffbf2cf","local_time":"20210122123130","is_ascension_mode":false,"campfire_choices":[{"data":"hermit:Combo","floor":6,"key":"SMITH"},{"data":"hermit:TrackingShot","floor":8,"key":"SMITH"},{"data":"hermit:EternalForm","floor":13,"key":"SMITH"},{"floor":15,"key":"REST"},{"data":"hermit:GoldenBullet","floor":23,"key":"SMITH"}],"circlet_count":0,"master_deck":["hermit:Strike_Hermit","hermit:Strike_Hermit","hermit:Strike_Hermit","hermit:Strike_Hermit","hermit:Defend_Hermit","hermit:Defend_Hermit","hermit:Defend_Hermit","hermit:Defend_Hermit","hermit:Snapshot+1","hermit:TrackingShot+1","hermit:Combo+1","hermit:EternalForm+1","hermit:EternalForm","hermit:GoldenBullet+1"],"relics":["hermit:Momento","Nunchaku","Golden Idol","Eternal Feather","Gem_Box","Blood Vial"],"acts_visited":["Exordium","TheCity"],"potions_floor_usage":[14,22,22,22,25],"damage_taken":[{"damage":2,"enemies":"Small Slimes","floor":1,"turns":4},{"damage":15,"enemies":"Jaw Worm","floor":3,"turns":4},{"damage":1,"enemies":"Cultist","floor":12,"turns":3},{"damage":10,"enemies":"Exordium Thugs","floor":14,"turns":4},{"damage":26,"enemies":"Hexaghost","floor":16,"turns":7},{"damage":10,"enemies":"Shell Parasite","floor":18,"turns":3},{"damage":6,"enemies":"Chosen","floor":22,"turns":6},{"damage":18,"enemies":"Sentry and Sphere","floor":24,"turns":4},{"damage":4,"enemies":"Centurion and Healer","floor":25,"turns":5},{"damage":0,"enemies":"Snake Plant","floor":27,"turns":1}],"seed_played":"5048013225736682908","potions_obtained":[{"floor":12,"key":"Block Potion"},{"floor":14,"key":"LiquidMemories"},{"floor":16,"key":"Dexterity Potion"},{"floor":18,"key":"hermit:Tonic"},{"floor":24,"key":"DistilledChaos"}],"is_trial":false,"path_per_floor":["M","$","M","?","?","R","?","R","T","$","?","M","R","M","R","B",null,"M","$","?","?","M","R","M","M","T","M"],"character_chosen":"HERMIT","items_purchased":["hermit:Combo"],"campfire_rested":1,"item_purchase_floors":[2],"current_hp_per_floor":[73,73,58,58,55,55,37,37,37,37,37,36,42,32,60,34,75,65,65,65,65,59,65,47,43,43,45,45],"gold":294,"neow_bonus":"UPGRADE_CARD","is_daily":false,"chose_seed":false,"campfire_upgraded":4,"win_rate":0.0,"timestamp":1611340290,"path_taken":["M","$","M","?","?","R","?","R","T","$","?","M","R","M","R","BOSS","M","$","?","?","M","R","M","M","T","M"],"items_purchased_type":["Card"],"build_version":"2020-12-22","purchased_purges":0,"victory":false,"max_hp_per_floor":[75,75,75,75,75,75,75,75,75,75,75,75,75,75,75,75,75,75,75,75,75,75,75,75,75,75,75,75],"card_choices":[{"not_picked":["hermit:Ricochet","hermit:Coalescence"],"picked":"hermit:TrackingShot","floor":1},{"not_picked":["hermit:TrackingShot","hermit:Roulette","hermit:Desperado"],"picked":"SKIP","floor":3},{"not_picked":["hermit:LowProfile","hermit:Quickdraw","hermit:DeadMansHand"],"picked":"SKIP","floor":12},{"not_picked":["hermit:CalledShot","hermit:Grudge","hermit:Manifest"],"picked":"SKIP","floor":14},{"not_picked":["hermit:DeadOrAlive","hermit:OverwhelmingPower"],"picked":"hermit:EternalForm","floor":16},{"not_picked":["hermit:Snipe","hermit:Virtue"],"picked":"hermit:GoldenBullet","floor":18},{"not_picked":["hermit:Cheat","hermit:Snipe","hermit:Dive+1"],"picked":"SKIP","floor":22},{"not_picked":["hermit:Deadeye","hermit:Cheat","hermit:DeadMansHand"],"picked":"SKIP","floor":24},{"not_picked":["hermit:Brawl","hermit:Manifest","hermit:EyeOfTheStorm"],"picked":"SKIP","floor":25}],"player_experience":12392,"relics_obtained":[{"floor":9,"key":"Eternal Feather"},{"floor":26,"key":"Blood Vial"}],"event_choices":[{"damage_healed":0,"gold_gain":0,"player_choice":"Ignored","damage_taken":60,"max_hp_gain":0,"max_hp_loss":0,"event_name":"betterThird:BetterSerpent","floor":4,"gold_loss":0},{"damage_healed":0,"gold_gain":0,"player_choice":"Relic ","damage_taken":3,"max_hp_gain":0,"max_hp_loss":0,"event_name":"betterThird:BetterScrap","floor":5,"gold_loss":0,"cards_obtained":["TalkToTheHand"]},{"damage_healed":0,"gold_gain":0,"player_choice":"Take Damage","damage_taken":18,"relics_obtained":["Golden Idol"],"max_hp_gain":0,"max_hp_loss":0,"event_name":"Golden Idol","floor":7,"gold_loss":0},{"damage_healed":0,"gold_gain":0,"cards_transformed":["hermit:Covet"],"player_choice":"Change","damage_taken":0,"max_hp_gain":0,"max_hp_loss":0,"event_name":"Living Wall","floor":11,"gold_loss":0,"cards_obtained":["hermit:EternalForm"]},{"damage_healed":0,"gold_gain":0,"player_choice":"Bought 0 Potions","damage_taken":0,"max_hp_gain":0,"max_hp_loss":0,"event_name":"The Woman in Blue","floor":21,"gold_loss":0}],"is_beta":false,"boss_relics":[{"not_picked":["Velvet Choker","hermit:DentedPlate"],"picked":"Gem_Box"}],"items_purged_floors":[],"is_endless":false,"potions_floor_spawned":[12,14,16,18,24],"killed_by":"Snake Plant","ascension_level":0}}