{"host":"Ringo","time":1611303588,"event":{"mods":["BaseMod","Colored Map","Conspire","Dota2Spire","Minty Spire (QoL Compilation)","Replay The Spire","StSLib","[IsaacMod]ÒÔÈö¼âËþ","¡¾ÒÅÎï¿¨ÅÆ¡¿REMEMod"],"gold_per_floor":[109,34,34,229,229,229,250,276,276,276,290,316,332,342,342,445,445,457,467,467,506,111,111,111],"floor_reached":23,"language":"ZHS","playtime":474,"items_purged":["Defend_R","Normality"],"score":349,"play_id":"f73c0893-018d-4141-8494-b4e929575651","local_time":"20210122161948","is_ascension_mode":true,"campfire_choices":[{"data":"BettingIsNotGood","floor":6,"key":"SMITH"},{"data":"REME_Cut","floor":10,"key":"SMITH"},{"data":"CrushJoints","floor":15,"key":"SMITH"}],"circlet_count":0,"master_deck":["Strike_R","Strike_R","Strike_R","Strike_R","Strike_R","Defend_R","Defend_R","Defend_R","Bash","BettingIsNotGood+1","CrushJoints+1","Rampage","Clothesline","Clash","REME_Cut+1","Clash","Burning Pact","Headbutt","Dual Wield","Replay:Undeath\u0027s Touch"],"relics":["Burning Blood","HushsDoor","REME_ComplimentaryCards","NeowsBlessing","DeathBook","ReplayTheSpireMod:Ring of Challenge","Ring of Searing","Odd Mushroom","REME_IWantAll","REME_LimitBreaker","Tiny Chest","Dota2Spire:Bloodstone","Dota2Spire:BladeMail","ReplayTheSpireMod:Spearhead"],"acts_visited":["Exordium","TheCity"],"potions_floor_usage":[16,16],"damage_taken":[{"damage":0,"enemies":"Jaw Worm","floor":1,"turns":1},{"damage":0,"enemies":"The Mushroom Lair","floor":7,"turns":1},{"damage":0,"enemies":"3 Sentries","floor":8,"turns":1},{"damage":5,"enemies":"Cultist","floor":11,"turns":2},{"damage":5,"enemies":"Gremlin Nob","floor":12,"turns":2},{"damage":10,"enemies":"Small Slimes","floor":13,"turns":3},{"damage":11,"enemies":"Looter","floor":14,"turns":2},{"damage":36,"enemies":"Slime Boss","floor":16,"turns":6},{"damage":12,"enemies":"Chosen","floor":18,"turns":2},{"damage":24,"enemies":"Shell Parasite","floor":19,"turns":4},{"damage":7,"enemies":"Chosen and Byrds","floor":21,"turns":3},{"damage":9,"enemies":"Book of Stabbing","floor":23,"turns":2}],"seed_played":"3642259400959820766","potions_obtained":[{"floor":1,"key":"PowerPotion"},{"floor":3,"key":"Reflective Coating"},{"floor":3,"key":"BlessingOfTheForge"},{"floor":16,"key":"LiquidMemories"},{"floor":18,"key":"SkillPotion"}],"is_trial":false,"path_per_floor":["M","$","?","?","?","R","?","E","T","R","M","E","M","M","R","B",null,"M","M","?","M","$","E"],"character_chosen":"IRONCLAD","items_purchased":["Dota2Spire:BladeMail","ReplayTheSpireMod:Spearhead"],"campfire_rested":0,"item_purchase_floors":[22,22],"current_hp_per_floor":[78,78,78,58,58,58,64,70,70,70,71,80,76,71,71,41,70,77,65,65,64,64,67,67],"gold":111,"neow_bonus":"THREE_ENEMY_KILL","is_daily":false,"chose_seed":false,"campfire_upgraded":3,"win_rate":0.0,"timestamp":1611303588,"path_taken":["M","$","?","?","?","R","?","E","T","R","M","E","M","M","R","BOSS","M","M","?","M","$","E"],"items_purchased_type":["Relic","Relic"],"build_version":"2020-12-18","purchased_purges":2,"victory":false,"max_hp_per_floor":[80,80,80,80,80,80,80,80,80,80,80,80,80,80,80,80,80,83,83,83,83,83,83,83],"card_choices":[{"not_picked":[],"picked":"BettingIsNotGood","floor":0},{"not_picked":["ReplayTheSpireMod:Stacked","REME_Scribble"],"picked":"Rampage","floor":1},{"not_picked":["REME_FearOfPain","Perfected Strike"],"picked":"Clothesline","floor":4},{"not_picked":["Body Slam","Massacre"],"picked":"Clash","floor":7},{"not_picked":["Hemogenesis","Headbutt"],"picked":"REME_Cut","floor":8},{"not_picked":["Wild Strike","Iron Wave","Anger"],"picked":"SKIP","floor":11},{"not_picked":["Havoc","Reckless Charge"],"picked":"Clash","floor":12},{"not_picked":["Headbutt","Blood for Blood","ReplayTheSpireMod:Strike From Hell"],"picked":"SKIP","floor":13},{"not_picked":["Inflame","ReplayTheSpireMod:Strike From Hell","Run Through"],"picked":"SKIP","floor":14},{"not_picked":["Burning Pact","Headbutt","Dual Wield"],"picked":"Singing Bowl","floor":18},{"not_picked":["Flex","Warcry"],"picked":"Replay:Undeath\u0027s Touch","floor":19},{"not_picked":["Thunderclap","True Grit+1","Fiend Fire"],"picked":"SKIP","floor":21}],"player_experience":545515,"relics_obtained":[{"floor":5,"key":"ReplayTheSpireMod:Ring of Challenge"},{"floor":5,"key":"Ring of Searing"},{"floor":7,"key":"Odd Mushroom"},{"floor":8,"key":"REME_IWantAll"},{"floor":9,"key":"REME_LimitBreaker"},{"floor":12,"key":"Tiny Chest"}],"event_choices":[{"damage_healed":0,"gold_gain":0,"player_choice":"Got Potions","damage_taken":0,"max_hp_gain":0,"max_hp_loss":0,"event_name":"Lab","floor":3,"gold_loss":0},{"damage_healed":0,"gold_gain":0,"player_choice":"Fought Mushrooms","damage_taken":0,"max_hp_gain":0,"max_hp_loss":0,"event_name":"Mushrooms","floor":7,"gold_loss":0}],"is_beta":true,"boss_relics":[{"not_picked":["Runic Dome","Kintsugi"],"picked":"Dota2Spire:Bloodstone"},{"not_picked":[]}],"items_purged_floors":[2,22],"is_endless":false,"potions_floor_spawned":[1,12,13,16,18,19],"killed_by":"Book of Stabbing","ascension_level":8}}