{"host":"vb9tx51ayxprrw9u","time":1611279428,"event":{"mods":["AchievementEnabler","BaseMod","Colored Map","Colored Powertips","Highlight Path","Minty Spire (QoL Compilation)","StSLib"],"gold_per_floor":[110,35,35,45,45,77,77,95,95,95,134,134,61,85,85,209,209,233,183,282,282,207,251,251,285,285,285,304,304,322,356,356,479,479,502,527,181,181,206,244,256,268,280,292,348,360,360],"floor_reached":46,"language":"ENG","playtime":2904,"items_purged":["Defend_P","Injury","Strike_P","Tantrum"],"score":568,"play_id":"8b547283-efbb-4fca-b4f0-e343c38201c9","local_time":"20210121193708","is_ascension_mode":false,"campfire_choices":[{"data":"Eruption","floor":7,"key":"SMITH"},{"data":"SandsOfTime","floor":15,"key":"SMITH"},{"floor":24,"key":"REST"},{"data":"Scrawl","floor":27,"key":"SMITH"},{"floor":32,"key":"REST"},{"floor":42,"key":"REST"}],"circlet_count":0,"master_deck":["Strike_P+1","Strike_P+1","Strike_P+1","Defend_P+1","Defend_P+1","Eruption+1","Vigilance+1","Nirvana+1","SandsOfTime+1","ClearTheMind","ThirdEye","CrushJoints","Scrawl+1","DevaForm","FearNoEvil","Nirvana+1","FollowUp","JustLucky","LikeWater+1","Protect+1","Blasphemy","FollowUp+1","Writhe","ThirdEye","Dramatic Entrance"],"relics":["PureWater","NeowsBlessing","Strawberry","Shuriken","Golden Idol","Smiling Mask","VioletLotus","Regal Pillow","Eternal Feather","HornCleat","Red Mask","Sozu","Peace Pipe","Ancient Tea Set","MawBank","Toy Ornithopter","Mummified Hand"],"acts_visited":["Exordium","TheCity","TheBeyond"],"potions_floor_usage":[16,16,28,33],"damage_taken":[{"damage":0,"enemies":"Cultist","floor":1,"turns":1},{"damage":0,"enemies":"Small Slimes","floor":4,"turns":1},{"damage":0,"enemies":"Gremlin Nob","floor":6,"turns":1},{"damage":3,"enemies":"Jaw Worm","floor":8,"turns":4},{"damage":27,"enemies":"3 Sentries","floor":11,"turns":10},{"damage":10,"enemies":"Exordium Wildlife","floor":14,"turns":5},{"damage":25,"enemies":"The Guardian","floor":16,"turns":6},{"damage":0,"enemies":"Chosen","floor":18,"turns":4},{"damage":50,"enemies":"Slavers","floor":23,"turns":5},{"damage":49,"enemies":"Gremlin Leader","floor":25,"turns":5},{"damage":20,"enemies":"2 Thieves","floor":28,"turns":3},{"damage":0,"enemies":"Sentry and Sphere","floor":30,"turns":3},{"damage":0,"enemies":"Masked Bandits","floor":31,"turns":2},{"damage":40,"enemies":"Collector","floor":33,"turns":10},{"damage":32,"enemies":"3 Shapes","floor":35,"turns":7},{"damage":4,"enemies":"Orb Walker","floor":36,"turns":4},{"damage":52,"enemies":"Reptomancer","floor":40,"turns":6},{"damage":68,"enemies":"Nemesis","floor":45,"turns":11},{"damage":8,"enemies":"3 Darklings","floor":46,"turns":3}],"seed_played":"7686389763256830282","potions_obtained":[{"floor":1,"key":"Strength Potion"},{"floor":14,"key":"Regen Potion"},{"floor":16,"key":"FearPotion"},{"floor":23,"key":"Weak Potion"},{"floor":30,"key":"Weak Potion"}],"is_trial":false,"path_per_floor":["M","$","?","M","?","E","R","M","T","?","E","?","$","M","R","B",null,"M","$","?","?","?","E","R","E","T","R","M","?","M","?","R","B",null,"M","M","$","?","T","E","?","R","T","$","E","M"],"character_chosen":"WATCHER","items_purchased":["CrushJoints","Peace Pipe"],"campfire_rested":3,"item_purchase_floors":[13,37],"current_hp_per_floor":[72,72,58,58,63,70,70,67,67,67,40,40,40,30,30,14,84,84,84,84,84,84,34,74,25,25,34,14,14,14,14,66,26,84,52,48,48,69,69,17,17,72,72,72,4,0,0],"gold":360,"neow_bonus":"THREE_ENEMY_KILL","is_daily":false,"chose_seed":false,"campfire_upgraded":3,"win_rate":0.0,"timestamp":1611279428,"path_taken":["M","?","?","M","?","E","R","?","T","?","E","?","$","M","R","BOSS","M","$","?","?","?","E","R","E","T","R","M","?","M","?","R","BOSS","M","M","$","?","?","E","?","R","T","?","E","M"],"items_purchased_type":["Card","Relic"],"build_version":"2020-12-22","purchased_purges":4,"victory":false,"max_hp_per_floor":[72,72,72,72,77,84,84,84,84,84,84,84,84,84,84,84,84,84,84,84,84,84,84,84,84,84,84,84,84,84,84,84,84,84,84,84,84,84,84,84,84,84,84,84,84,84,84],"card_choices":[{"not_picked":["Vengeance","FlyingSleeves"],"picked":"Nirvana","floor":1},{"not_picked":["BattleHymn","FlurryOfBlows"],"picked":"SandsOfTime","floor":4},{"not_picked":["Protect","WheelKick"],"picked":"ClearTheMind","floor":6},{"not_picked":["MentalFortress","EmptyFist"],"picked":"ThirdEye","floor":8},{"not_picked":["Halt","ThirdEye"],"picked":"Tantrum","floor":11},{"not_picked":["FlyingSleeves","JustLucky"],"picked":"Scrawl","floor":14},{"not_picked":["Blasphemy","DeusExMachina"],"picked":"DevaForm","floor":16},{"not_picked":["EmptyMind","Protect"],"picked":"FearNoEvil","floor":18},{"not_picked":["ClearTheMind","TalkToTheHand+1"],"picked":"Nirvana+1","floor":23},{"not_picked":["SignatureMove+1","SashWhip"],"picked":"FollowUp","floor":25},{"not_picked":["Collect","FlyingSleeves"],"picked":"JustLucky","floor":28},{"not_picked":["PathToVictory+1","Indignation"],"picked":"LikeWater+1","floor":30},{"not_picked":["Meditate","LikeWater"],"picked":"Protect+1","floor":31},{"not_picked":["Omniscience","Ragnarok"],"picked":"Blasphemy","floor":33},{"not_picked":["PathToVictory+1","Crescendo","FollowUp"],"picked":"SKIP","floor":35},{"not_picked":["Protect+1","Tantrum+1"],"picked":"FollowUp+1","floor":36},{"not_picked":["Collect","Nirvana+1"],"picked":"ThirdEye","floor":40},{"not_picked":["PanicButton","Metamorphosis"],"picked":"Dramatic Entrance","floor":41},{"not_picked":["Tantrum","CrushJoints","WindmillStrike"],"picked":"SKIP","floor":45}],"player_experience":158084,"relics_obtained":[{"floor":6,"key":"Strawberry"},{"floor":9,"key":"Shuriken"},{"floor":11,"key":"Smiling Mask"},{"floor":23,"key":"Regal Pillow"},{"floor":25,"key":"Eternal Feather"},{"floor":26,"key":"HornCleat"},{"floor":31,"key":"Red Mask"},{"floor":39,"key":"Ancient Tea Set"},{"floor":40,"key":"MawBank"},{"floor":43,"key":"Toy Ornithopter"},{"floor":45,"key":"Mummified Hand"}],"event_choices":[{"damage_healed":0,"gold_gain":0,"player_choice":"Entered Light","damage_taken":14,"max_hp_gain":0,"max_hp_loss":0,"event_name":"Shining Light","floor":3,"gold_loss":0,"cards_upgraded":["Strike_P","Vigilance"]},{"damage_healed":0,"gold_gain":0,"player_choice":"Donut","damage_taken":0,"max_hp_gain":5,"max_hp_loss":0,"event_name":"Big Fish","floor":5,"gold_loss":0},{"damage_healed":0,"gold_gain":0,"player_choice":"Take Wound","damage_taken":0,"relics_obtained":["Golden Idol"],"max_hp_gain":0,"max_hp_loss":0,"event_name":"Golden Idol","floor":10,"gold_loss":0,"cards_obtained":["Injury"]},{"damage_healed":0,"gold_gain":0,"player_choice":"Forge","damage_taken":0,"max_hp_gain":0,"max_hp_loss":0,"event_name":"Accursed Blacksmith","floor":12,"gold_loss":0,"cards_upgraded":["Nirvana"]},{"damage_healed":0,"gold_gain":99,"player_choice":"Stole From Cult","damage_taken":0,"max_hp_gain":0,"max_hp_loss":0,"event_name":"Nest","floor":20,"gold_loss":0},{"damage_healed":0,"gold_gain":0,"player_choice":"Ignored","damage_taken":0,"max_hp_gain":0,"max_hp_loss":0,"event_name":"Vampires","floor":21,"gold_loss":0},{"cards_removed":["Defend_P"],"damage_healed":0,"gold_gain":0,"player_choice":"Gave Gold","damage_taken":0,"max_hp_gain":0,"max_hp_loss":0,"event_name":"Beggar","floor":22,"gold_loss":75},{"damage_healed":0,"gold_gain":0,"player_choice":"Simplicity","damage_taken":0,"max_hp_gain":0,"max_hp_loss":0,"event_name":"Back to Basics","floor":29,"gold_loss":0,"cards_upgraded":["Strike_P","Strike_P","Defend_P","Defend_P"]},{"damage_healed":0,"gold_gain":0,"player_choice":"Fought Bandits","damage_taken":0,"max_hp_gain":0,"max_hp_loss":0,"event_name":"Masked Bandits","floor":31,"gold_loss":0},{"damage_healed":21,"gold_gain":0,"player_choice":"Writhe","damage_taken":0,"max_hp_gain":0,"max_hp_loss":0,"event_name":"Winding Halls","floor":38,"gold_loss":0,"cards_obtained":["Writhe"]},{"damage_healed":0,"gold_gain":0,"player_choice":"Memory 1","damage_taken":0,"max_hp_gain":0,"max_hp_loss":0,"event_name":"SensoryStone","floor":41,"gold_loss":0}],"is_beta":false,"boss_relics":[{"not_picked":["Coffee Dripper","Fusion Hammer"],"picked":"VioletLotus"},{"not_picked":["Runic Dome","Black Star"],"picked":"Sozu"}],"items_purged_floors":[2,13,19,37],"is_endless":false,"potions_floor_spawned":[1,14,16,23,30,35,45],"killed_by":"3 Darklings","ascension_level":0}}