{"host":"7sni158j623xchr2","time":1611298249,"event":{"mods":["BaseMod","Colored Map","Highlight Path","Minty Spire (QoL Compilation)","Permanent Neow","Potion Indicator Mod","Rare Cards Sparkle","Relic Sorter","Relic Stats","StSLib","everything is the same but u backflip on backflip"],"gold_per_floor":[20,30,30,53,53,86,102,102,102,133,31,31,31],"floor_reached":12,"language":"ENG","playtime":280,"items_purged":["Strike_R"],"score":97,"play_id":"793e3564-2a52-4638-98a4-8aa93f441b1d","local_time":"20210122005049","is_ascension_mode":true,"campfire_choices":[{"floor":8,"key":"REST"}],"circlet_count":0,"master_deck":["Strike_R","Strike_R","Strike_R","Strike_R","Defend_R","Defend_R","Defend_R","Bash","Pommel Strike","Whirlwind","Shockwave","Burning Pact","Offering","Sword Boomerang"],"relics":["Burning Blood","Bird Faced Urn","Golden Idol","Happy Flower","HornCleat"],"acts_visited":["Exordium"],"potions_floor_usage":[6,12],"damage_taken":[{"damage":0,"enemies":"Small Slimes","floor":1,"turns":3},{"damage":0,"enemies":"2 Louse","floor":2,"turns":3},{"damage":1,"enemies":"Cultist","floor":4,"turns":3},{"damage":47,"enemies":"Lagavulin","floor":6,"turns":9},{"damage":9,"enemies":"3 Louse","floor":7,"turns":2},{"damage":33,"enemies":"3 Sentries","floor":10,"turns":5},{"damage":21,"enemies":"Lagavulin","floor":12,"turns":4}],"seed_played":"-7155531767126122134","potions_obtained":[{"floor":2,"key":"EssenceOfSteel"},{"floor":6,"key":"GamblersBrew"},{"floor":7,"key":"BloodPotion"},{"floor":10,"key":"SteroidPotion"}],"is_trial":false,"path_per_floor":["M","M","?","M","?","E","M","R","T","E","$","E"],"character_chosen":"IRONCLAD","items_purchased":["Sword Boomerang"],"campfire_rested":1,"item_purchase_floors":[11],"current_hp_per_floor":[80,80,74,74,67,26,23,45,45,18,18,0,0],"gold":31,"neow_bonus":"ONE_RARE_RELIC","is_daily":false,"chose_seed":false,"campfire_upgraded":0,"win_rate":0.0,"timestamp":1611298249,"path_taken":["M","M","?","M","?","E","M","R","T","E","$","E"],"items_purchased_type":["Card"],"build_version":"2020-12-22","purchased_purges":1,"victory":false,"max_hp_per_floor":[80,80,74,74,74,74,74,74,74,74,74,74,74],"relic_stats":{"Happy Flower":[3],"counters":[7,29],"Golden Idol":21,"Bird Faced Urn":[0],"obtain_stats":[{"HornCleat":10,"Happy Flower":6,"Golden Idol":3,"Bird Faced Urn":0,"Burning Blood":0},{"HornCleat":6,"Happy Flower":4,"Golden Idol":2,"Bird Faced Urn":0,"Burning Blood":0},{"HornCleat":25,"Happy Flower":18,"Golden Idol":6,"Bird Faced Urn":0,"Burning Blood":0}],"Burning Blood":19},"card_choices":[{"not_picked":["Twin Strike","Pummel"],"picked":"Pommel Strike","floor":1},{"not_picked":["Reckless Charge","Rupture"],"picked":"Whirlwind","floor":2},{"not_picked":["Pommel Strike","Clothesline"],"picked":"Shockwave","floor":4},{"not_picked":["Entrench","Shockwave","Body Slam"],"picked":"SKIP","floor":6},{"not_picked":["Havoc","Power Through"],"picked":"Burning Pact","floor":7},{"not_picked":["Headbutt","Entrench"],"picked":"Offering","floor":10}],"player_experience":1673681,"relics_obtained":[{"floor":6,"key":"Happy Flower"},{"floor":10,"key":"HornCleat"}],"event_choices":[{"damage_healed":0,"gold_gain":0,"player_choice":"Lose Max HP","damage_taken":0,"relics_obtained":["Golden Idol"],"max_hp_gain":0,"max_hp_loss":6,"event_name":"Golden Idol","floor":3,"gold_loss":0},{"cards_removed":["Defend_R"],"damage_healed":0,"gold_gain":0,"player_choice":"Card Removal","damage_taken":7,"max_hp_gain":0,"max_hp_loss":0,"event_name":"Golden Wing","floor":5,"gold_loss":0}],"is_beta":false,"boss_relics":[],"items_purged_floors":[11],"is_endless":false,"potions_floor_spawned":[2,6,7,10],"killed_by":"Lagavulin","ascension_level":2}}