{"host":"r10yh36zs2k9z1sa","time":1611320094,"event":{"mods":["AchievementEnabler","Act Like it!","Aspiration","Astrologer","BaseMod","Colored Map","Conspire","Decade(¤ý¤p©ú)","Gensokyo","Hermit","Highlight Path","KinomotoSakuraMod(¤ì¤§¥»?)","Koishi","KomeijiMod","Marisa¡]Ãú«B¡@Å]²z¨F¡^","Minty Spire (QoL Compilation)","Permanent Neow","Quick Restart","Reimu¡]³Õ???¡^","Remilia¡]Á¢¦Ì²ú?¡^","StSLib","SuperFastMode","The Administrix","The Animator","The Bug Knight","The Cursed","The Gatherer","The Marked","The Mystic","The Saiyan","The Senshi","The Servant 0.9.4","Youmu¡]»î¾z§¯?¡^","Yuri Mod","Yuyuko"],"gold_per_floor":[116,116,0,21,21,21,41,216,239,239,239],"floor_reached":10,"language":"ZHS","playtime":284,"items_purged":["Injury"],"score":90,"play_id":"2abda41b-1825-4d60-9199-29b9581d172a","local_time":"20210122205454","is_ascension_mode":true,"campfire_choices":[{"data":"Luminosity","floor":6,"key":"SMITH"}],"circlet_count":0,"master_deck":["AscendersBane","Strike_S","Strike_S","Strike_S","Strike_S","Defend_S","Defend_S","Defend_S","Defend_S","KidneyShot","Exchange","Reset","Luminosity+1","Doubt"],"relics":["Uniform","Juzu Bracelet","Golden Idol","Dream Catcher"],"acts_visited":["Exordium"],"potions_floor_usage":[10],"damage_taken":[{"damage":3,"enemies":"Small Slimes","floor":1,"turns":5},{"damage":6,"enemies":"Jaw Worm","floor":4,"turns":5},{"damage":6,"enemies":"conspire:RoseBush","floor":7,"turns":5},{"damage":41,"enemies":"3 Sentries","floor":10,"turns":8}],"seed_played":"897103686170230644","potions_obtained":[{"floor":1,"key":"Weak Potion"},{"floor":4,"key":"Explosive Potion"}],"is_trial":false,"path_per_floor":["M","?","$","M","?","R","M","?","T","E"],"character_chosen":"THE_SERVANT","items_purchased":["Luminosity"],"campfire_rested":0,"item_purchase_floors":[3],"current_hp_per_floor":[56,56,56,50,50,50,44,44,44,3,3],"gold":239,"neow_bonus":"RANDOM_COMMON_RELIC","is_daily":false,"chose_seed":false,"campfire_upgraded":1,"win_rate":0.0,"timestamp":1611320094,"path_taken":["M","?","$","M","?","R","M","?","T","E"],"items_purchased_type":["Card"],"build_version":"2020-12-22","purchased_purges":1,"victory":false,"max_hp_per_floor":[65,65,65,65,65,65,65,65,65,65,65],"card_choices":[{"not_picked":["GearUp","Hightail"],"picked":"Reset","floor":1},{"not_picked":["Hightail","Rearm","Revamp"],"picked":"SKIP","floor":4},{"not_picked":["Revamp","Spin","TimeWarp"],"picked":"SKIP","floor":7}],"player_experience":293011,"relics_obtained":[{"floor":9,"key":"Dream Catcher"}],"event_choices":[{"damage_healed":0,"gold_gain":0,"player_choice":"Take Wound","damage_taken":0,"relics_obtained":["Golden Idol"],"max_hp_gain":0,"max_hp_loss":0,"event_name":"Golden Idol","floor":2,"gold_loss":0,"cards_obtained":["Injury"]},{"damage_healed":0,"gold_gain":0,"player_choice":"Leave","damage_taken":0,"max_hp_gain":0,"max_hp_loss":0,"event_name":"conspire:Investor","floor":5,"gold_loss":0},{"damage_healed":0,"gold_gain":175,"player_choice":"AGREE","damage_taken":0,"max_hp_gain":0,"max_hp_loss":0,"event_name":"Liars Game","floor":8,"gold_loss":0,"cards_obtained":["Doubt"]}],"is_beta":false,"boss_relics":[],"items_purged_floors":[3],"is_endless":false,"potions_floor_spawned":[1,4],"killed_by":"3 Sentries","ascension_level":12}}