{"host":"6nf9fw18nxrub85a","time":1611295790,"event":{"mods":["AchievementEnabler","Ascension Reborn","BaseMod","Hubris","KinomotoSakuraMod(Ä¾Ö®±¾Ó£)","Minty Spire (QoL Compilation)","Quick Restart","StSLib","The Construct","vexMod"],"gold_per_floor":[110,110,121,121,121,155,155,174,174,192,209,242,270,294,306,423,435,460,487,513,81,94,120,45,71,71,71,87,117,117,135,135,232,232,252,17,33,45,59,85,100,100,153,164,164,164],"floor_reached":45,"playtime":3746,"items_purged":["Regret","hubris:Lust"],"score":623,"play_id":"b382eafa-2aee-498e-bef2-478cce797e3d","local_time":"20210122140950","is_ascension_mode":true,"campfire_choices":[{"data":"ClowCardTheSword","floor":7.0,"key":"SMITH"},{"data":"ClowCardTheDream","floor":15.0,"key":"SMITH"},{"floor":27.0,"key":"DIG"},{"floor":30.0,"key":"DIG"},{"floor":32.0,"key":"DIG"},{"floor":42.0,"key":"RECALL"}],"circlet_count":0,"master_deck":["SakuraCardTheLittle+","SakuraCardTheMove+","SakuraCardTheThrough+","ClowCardTheSword","ClowCardTheSword","ClowCardTheSword+1","ClowCardTheShield","ClowCardTheShield","ClowCardTheShield","SpellCardSeal","SpellCardRelease","ClowCardTheSand","ClowCardTheLibra","ClowCardTheVoice","ClowCardTheThrough","ClowCardTheDream+1","ClowCardTheFloat","ClowCardTheShadow","ClowCardTheSand","ClowCardTheThrough","ClowCardTheWindy+1","ClowCardTheGlow","ClowCardTheJump+1","ClowCardTheWave","ClowCardTheThunder","ClowCardTheShot+1","ClowCardTheRain","ClowCardTheDash","ClowCardTheFirey+1","ClowCardTheCreate","ClowCardTheSnow","ClowCardTheMist","ClowCardTheWood","ClowCardTheFloat+1","ClowCardTheErase","hubris:Sloth","ClowCardTheLock+1"],"relics":["KSMOD_SealedBook","KSMOD_SealedWand","NeowsBlessing","hubris:SphereOfDissonance","Akabeko","MawBank","Oddly Smooth Stone","KSMOD_MoonBell","Cursed Key","TungstenRod","vexMod:PlasmaPancake","KSMOD_Yue","Shovel","Mercury Hourglass","KSMOD_TouyasBicycle","KSMOD_TomoyosHeart","Toy Ornithopter","hubris:HollowSoul","Boot","KSMOD_RollerSkates"],"acts_visited":["Exordium","TheCity","TheBeyond"],"potions_floor_usage":[],"damage_taken":[{"damage":0.0,"enemies":"2 Louse","floor":1.0,"turns":2.0},{"damage":0.0,"enemies":"Small Slimes","floor":3.0,"turns":1.0},{"damage":0.0,"enemies":"Gremlin Nob","floor":6.0,"turns":1.0},{"damage":0.0,"enemies":"Jaw Worm","floor":8.0,"turns":2.0},{"damage":9.0,"enemies":"Red Slaver","floor":10.0,"turns":2.0},{"damage":7.0,"enemies":"2 Fungi Beasts","floor":11.0,"turns":3.0},{"damage":7.0,"enemies":"Lagavulin","floor":12.0,"turns":3.0},{"damage":4.0,"enemies":"Large Slime","floor":13.0,"turns":8.0},{"damage":5.0,"enemies":"3 Louse","floor":14.0,"turns":3.0},{"damage":10.0,"enemies":"Slime Boss","floor":16.0,"turns":16.0},{"damage":0.0,"enemies":"Spheric Guardian","floor":18.0,"turns":3.0},{"damage":5.0,"enemies":"Shell Parasite","floor":19.0,"turns":4.0},{"damage":17.0,"enemies":"Snake Plant","floor":20.0,"turns":3.0},{"damage":0.0,"enemies":"Snecko","floor":22.0,"turns":4.0},{"damage":22.0,"enemies":"Book of Stabbing","floor":23.0,"turns":6.0},{"damage":3.0,"enemies":"Slavers","floor":25.0,"turns":5.0},{"damage":0.0,"enemies":"Centurion and Healer","floor":28.0,"turns":2.0},{"damage":15.0,"enemies":"Book of Stabbing","floor":29.0,"turns":3.0},{"damage":3.0,"enemies":"Chosen and Byrds","floor":31.0,"turns":2.0},{"damage":6.0,"enemies":"Automaton","floor":33.0,"turns":5.0},{"damage":4.0,"enemies":"3 Shapes","floor":35.0,"turns":2.0},{"damage":10.0,"enemies":"3 Darklings","floor":37.0,"turns":4.0},{"damage":5.0,"enemies":"Spire Growth","floor":38.0,"turns":3.0},{"damage":6.0,"enemies":"Writhing Mass","floor":39.0,"turns":2.0},{"damage":102.0,"enemies":"Reptomancer","floor":40.0,"turns":4.0},{"damage":0.0,"enemies":"3 Darklings","floor":41.0,"turns":4.0},{"damage":0.0,"enemies":"4 Shapes","floor":44.0,"turns":2.0},{"damage":18,"enemies":"Nemesis","floor":45,"turns":3}],"seed_played":"-423103644552986557","potions_obtained":[{"floor":6.0,"key":"SkillPotion"},{"floor":8.0,"key":"Energy Potion"},{"floor":28.0,"key":"Fruit Juice"},{"floor":31.0,"key":"LiquidMemories"},{"floor":38.0,"key":"Strength Potion"}],"is_trial":false,"path_per_floor":["M","?","M","?","?","E","R","M","T","M","M","E","M","M","R","B",null,"M","M","M","$","M","E","?","E","T","R","M","E","R","M","R","B",null,"M","$","M","M","M","E","M","R","T","M","E"],"character_chosen":"KINOMOTOSAKURA","items_purchased":["ClowCardTheWave","TungstenRod","ClowCardTheCreate"],"campfire_rested":0,"item_purchase_floors":[21,21,36],"current_hp_per_floor":[70,73,73,73,73,73,73,73,73,64,57,50,46,41,41,35,73,73,73,56,56,60,46,46,45,45,45,50,36,36,34,34,29,84,80,80,72,68,63,8,8,8,8,8,0,0],"gold":164,"neow_bonus":"THREE_ENEMY_KILL","is_daily":false,"chose_seed":false,"campfire_upgraded":2,"win_rate":0.0,"timestamp":1611295790,"path_taken":["M","?","M","?","?","E","R","M","T","M","M","E","M","M","R","BOSS","M","M","M","$","M","E","?","E","T","R","M","E","R","M","R","BOSS","M","$","M","M","M","E","M","R","T","M","E"],"items_purchased_type":["Card","Relic","Card"],"build_version":"2020-12-22","purchased_purges":2,"victory":false,"max_hp_per_floor":[70,73,73,73,73,73,73,73,73,73,73,73,73,73,73,73,73,73,73,73,73,73,79,79,79,79,79,84,84,84,84,84,84,84,84,84,84,84,84,84,84,84,84,84,84,84],"card_choices":[{"not_picked":["ClowCardTheCloud","ClowCardTheLibra"],"picked":"ClowCardTheSand","floor":1.0},{"not_picked":["ClowCardTheSnow","ClowCardTheBubbles"],"picked":"ClowCardTheLibra","floor":3.0},{"not_picked":["ClowCardTheChange","ClowCardTheMirror"],"picked":"ClowCardTheVoice","floor":6.0},{"not_picked":["ClowCardTheLock","ClowCardTheLibra"],"picked":"ClowCardTheThrough","floor":8.0},{"not_picked":["ClowCardTheLibra","ClowCardTheSand"],"picked":"ClowCardTheDream","floor":10.0},{"not_picked":["ClowCardTheRain","ClowCardTheMist"],"picked":"ClowCardTheFloat","floor":11.0},{"not_picked":["ClowCardTheMist","ClowCardTheFreeze"],"picked":"ClowCardTheCreate","floor":12.0},{"not_picked":["ClowCardTheChange","ClowCardTheSweet"],"picked":"ClowCardTheShadow","floor":13.0},{"not_picked":["ClowCardThePower","ClowCardTheErase"],"picked":"ClowCardTheSand","floor":14.0},{"not_picked":["ClowCardTheReturn","ClowCardTheDash"],"picked":"ClowCardTheThrough","floor":16.0},{"not_picked":["ClowCardTheBubbles+1","ClowCardTheSleep"],"picked":"ClowCardTheWindy+1","floor":18.0},{"not_picked":["ClowCardTheIllusion","ClowCardTheErase+1"],"picked":"ClowCardTheGlow","floor":19.0},{"not_picked":["ClowCardTheIllusion","ClowCardTheMove"],"picked":"ClowCardTheJump+1","floor":20.0},{"not_picked":["ClowCardTheMaze","ClowCardTheCloud"],"picked":"ClowCardTheThrough","floor":22.0},{"not_picked":["ClowCardTheLock","ClowCardTheCloud"],"picked":"ClowCardTheThunder","floor":23.0},{"not_picked":["ClowCardTheBubbles","ClowCardTheSand+1"],"picked":"ClowCardTheShot+1","floor":25.0},{"not_picked":["ClowCardTheMirror+1","ClowCardTheBubbles"],"picked":"ClowCardTheMove+1","floor":28.0},{"not_picked":["ClowCardTheShadow","ClowCardTheSnow"],"picked":"ClowCardTheRain","floor":29.0},{"not_picked":["ClowCardTheShadow","ClowCardThePower+1"],"picked":"ClowCardTheLittle","floor":31.0},{"not_picked":["ClowCardTheReturn","ClowCardTheTime"],"picked":"ClowCardTheDash","floor":33.0},{"not_picked":["ClowCardTheRain+1","ClowCardTheVoice"],"picked":"ClowCardTheFirey+1","floor":35.0},{"not_picked":["ClowCardTheSand","ClowCardTheVoice+1"],"picked":"ClowCardTheSnow","floor":37.0},{"not_picked":["ClowCardTheLibra+1","ClowCardTheShot"],"picked":"ClowCardTheMist","floor":38.0},{"not_picked":["ClowCardTheSilent+1","ClowCardTheLibra+1"],"picked":"ClowCardTheWood","floor":39.0},{"not_picked":["ClowCardTheBubbles","ClowCardTheShot"],"picked":"ClowCardTheFloat+1","floor":40.0},{"not_picked":["ClowCardTheShadow","ClowCardTheMirror+1"],"picked":"ClowCardTheErase","floor":41.0},{"not_picked":["ClowCardTheArrow","ClowCardTheSleep+1"],"picked":"ClowCardTheLock+1","floor":44.0}],"player_experience":185447,"relics_obtained":[{"floor":6.0,"key":"Akabeko"},{"floor":12.0,"key":"MawBank"},{"floor":14.0,"key":"Oddly Smooth Stone"},{"floor":14.0,"key":"KSMOD_MoonBell"},{"floor":23.0,"key":"vexMod:PlasmaPancake"},{"floor":25.0,"key":"KSMOD_Yue"},{"floor":26.0,"key":"Shovel"},{"floor":27.0,"key":"Mercury Hourglass"},{"floor":29.0,"key":"KSMOD_TouyasBicycle"},{"floor":30.0,"key":"KSMOD_TomoyosHeart"},{"floor":32.0,"key":"Toy Ornithopter"},{"floor":40.0,"key":"Boot"},{"floor":43.0,"key":"KSMOD_RollerSkates"}],"event_choices":[{"cards_removed":["ClowCardTheSword"],"damage_healed":0.0,"max_hp_gain":0.0,"max_hp_loss":0.0,"gold_gain":0.0,"event_name":"Living Wall","player_choice":"Forget","floor":4.0,"gold_loss":0.0,"damage_taken":0.0},{"damage_healed":0.0,"max_hp_gain":0.0,"max_hp_loss":0.0,"gold_gain":0.0,"event_name":"Big Fish","player_choice":"Box","floor":5.0,"gold_loss":0.0,"damage_taken":0.0,"relics_obtained":["hubris:SphereOfDissonance"],"cards_obtained":["Regret"]},{"cards_removed":["ClowCardTheShield"],"damage_healed":0.0,"max_hp_gain":0.0,"max_hp_loss":0.0,"gold_gain":0.0,"event_name":"Beggar","player_choice":"Gave Gold","floor":24.0,"gold_loss":75.0,"damage_taken":0.0}],"is_beta":false,"boss_relics":[{"not_picked":["Tiny House","vexMod:EndlessSickness"],"picked":"Cursed Key"},{"not_picked":["hubris:ScarierMask","Astrolabe"],"picked":"hubris:HollowSoul"}],"items_purged_floors":[21,36],"is_endless":false,"potions_floor_spawned":[6,8,10,12,20,23,28,31,37,38,39],"killed_by":"Nemesis","ascension_level":0}}