{"host":"msfr2axb1w9025n0","time":1611322434,"event":{"mods":["BaseMod","Colored Map","DeckTracker","Minty Spire (QoL Compilation)"],"gold_per_floor":[115,127,143,159,159,159,190,205,205,205,216,141,151,162,162,261,261,278,295,182,182,182],"floor_reached":21,"language":"ENG","playtime":617,"items_purged":["Strike_B"],"score":287,"play_id":"77f2fea7-47bd-4544-9604-f9ccc3ee0d07","local_time":"20210122203354","is_ascension_mode":true,"campfire_choices":[{"data":"All For One","floor":6.0,"key":"SMITH"},{"data":"Genetic Algorithm","floor":10.0,"key":"SMITH"},{"floor":15,"key":"REST"}],"circlet_count":0,"master_deck":["AscendersBane","Strike_B","Strike_B","Defend_B","Defend_B","Defend_B","Defend_B","Zap","Dualcast","All For One+1","Gash","Auto Shields","Gash","Streamline","Genetic Algorithm+1","Hologram","Coolheaded","Beam Cell","Core Surge","CurseOfTheBell","Gash","Go for the Eyes","Conserve Battery","Flash of Steel"],"relics":["Cracked Core","Vajra","TungstenRod","Calling Bell","Boot","Question Card","Girya"],"acts_visited":["Exordium","TheCity"],"potions_floor_usage":[18],"damage_taken":[{"damage":4.0,"enemies":"Small Slimes","floor":1.0,"turns":3.0},{"damage":1.0,"enemies":"Cultist","floor":2.0,"turns":4.0},{"damage":1.0,"enemies":"Jaw Worm","floor":3.0,"turns":3.0},{"damage":11.0,"enemies":"3 Louse","floor":4.0,"turns":4.0},{"damage":24.0,"enemies":"Lagavulin","floor":7.0,"turns":6.0},{"damage":0.0,"enemies":"2 Fungi Beasts","floor":8.0,"turns":3.0},{"damage":5.0,"enemies":"Looter","floor":11.0,"turns":3.0},{"damage":10,"enemies":"Lots of Slimes","floor":13,"turns":3},{"damage":0,"enemies":"2 Fungi Beasts","floor":14,"turns":3},{"damage":14,"enemies":"The Guardian","floor":16,"turns":9},{"damage":10,"enemies":"3 Byrds","floor":18,"turns":5},{"damage":20,"enemies":"2 Thieves","floor":19,"turns":4},{"damage":32,"enemies":"Shelled Parasite and Fungi","floor":21,"turns":2}],"seed_played":"2731667347662968960","potions_obtained":[{"floor":2.0,"key":"SpeedPotion"},{"floor":4.0,"key":"PotionOfCapacity"},{"floor":11,"key":"Fire Potion"},{"floor":19,"key":"SteroidPotion"}],"is_trial":false,"path_per_floor":["M","M","M","M","?","R","E","M","T","R","M","$","M","M","R","B",null,"M","M","$","M"],"character_chosen":"DEFECT","items_purchased":["Conserve Battery","Flash of Steel"],"campfire_rested":1,"item_purchase_floors":[20,20],"current_hp_per_floor":[64,63,62,51,51,51,27,27,27,27,22,22,12,12,34,20,61,51,31,31,0,0],"gold":182,"neow_bonus":"ONE_RANDOM_RARE_CARD","is_daily":false,"chose_seed":false,"campfire_upgraded":2,"win_rate":0.0,"timestamp":1611322434,"path_taken":["M","M","M","M","?","R","E","M","T","R","M","$","?","M","R","BOSS","M","?","$","M"],"items_purchased_type":["Card","Card"],"build_version":"2020-12-22","purchased_purges":1,"victory":false,"max_hp_per_floor":[75,75,75,75,75,75,75,75,75,75,75,75,75,75,75,75,75,75,75,75,75,75],"card_choices":[{"not_picked":["Hologram","White Noise"],"picked":"Gash","floor":1.0},{"not_picked":["Stack","Ball Lightning"],"picked":"Auto Shields","floor":2.0},{"not_picked":["Self Repair","Rebound"],"picked":"Gash","floor":3.0},{"not_picked":["Ball Lightning","Stack"],"picked":"Streamline","floor":4.0},{"not_picked":["Cold Snap","Barrage"],"picked":"Genetic Algorithm","floor":7.0},{"not_picked":["Compile Driver","Thunder Strike","Sunder"],"picked":"SKIP","floor":8.0},{"not_picked":["Coolheaded","Sweeping Beam"],"picked":"Hologram","floor":11},{"not_picked":["Coolheaded","Doom and Gloom","Multi-Cast"],"picked":"SKIP","floor":13},{"not_picked":["Doom and Gloom","Multi-Cast"],"picked":"Coolheaded","floor":13},{"not_picked":["Self Repair","Sunder"],"picked":"Beam Cell","floor":14},{"not_picked":["Amplify","Biased Cognition"],"picked":"Core Surge","floor":16},{"not_picked":["Streamline","Self Repair+1","Conserve Battery"],"picked":"Gash","floor":18},{"not_picked":["Tempest","Loop","Conserve Battery"],"picked":"Go for the Eyes","floor":19}],"player_experience":269001,"relics_obtained":[{"floor":7.0,"key":"Vajra"},{"floor":9.0,"key":"TungstenRod"},{"floor":17,"key":"Boot"},{"floor":17,"key":"Question Card"},{"floor":17,"key":"Girya"}],"event_choices":[{"cards_removed":["Strike_B"],"damage_healed":0.0,"max_hp_gain":0.0,"max_hp_loss":0.0,"gold_gain":0.0,"event_name":"Bonfire Elementals","player_choice":"Offered Basic","floor":5.0,"gold_loss":0.0,"damage_taken":0.0}],"is_beta":false,"boss_relics":[{"not_picked":["Snecko Eye","Runic Dome"],"picked":"Calling Bell"}],"items_purged_floors":[12],"is_endless":false,"potions_floor_spawned":[2,4,11,13,19],"killed_by":"Shelled Parasite and Fungi","ascension_level":11}}