{"host":"n605f8gctjc87d7h","time":1611353846,"event":{"mods":["Aspiration","Bard","BaseMod","Better Match","Better Note","Better Skull","Better Third Choice","Conspire","Halation","Hermit","Infinite Spire","Minty Spire (QoL Compilation)","Replay The Spire","Retaliation","Shade Mod","Spicy Shops","StS++","StSLib","The IronCluck"],"gold_per_floor":[118,118,135,11,186,216,216,141,165,179,144,144,164,164,164,240,240,256,40,140,40,115,115,115],"floor_reached":23,"language":"ENG","playtime":1008,"items_purged":["Doubt","Writhe"],"score":305,"play_id":"5025e888-83e1-46ca-84fa-f1d9c3dbc767","local_time":"20210122141726","is_ascension_mode":true,"campfire_choices":[{"floor":7,"key":"REST"},{"data":"Dark Embrace","floor":12,"key":"SMITH"},{"floor":15,"key":"REST"}],"circlet_count":0,"master_deck":["AscendersBane","Strike_R","Strike_R","Strike_R","Strike_R","Defend_R","Defend_R","Defend_R","Defend_R","Bash","ReplayTheSpireMod:Strike From Hell","True Grit","Demon Form+1","Dark Embrace+1","Flame Barrier","Exhume+1","Havoc"],"relics":["Burning Blood","Paper Frog","Red Skull","Juzu Bracelet","Busted Crown","Guide Book","aspiration:ChemicalBlood"],"acts_visited":["Exordium","TheCity"],"potions_floor_usage":[13,16,23],"damage_taken":[{"damage":11,"enemies":"Small Slimes","floor":1,"turns":6},{"damage":0,"enemies":"2 Louse","floor":3,"turns":3},{"damage":64,"enemies":"Gremlin Nob","floor":6,"turns":6},{"damage":4,"enemies":"Cultist","floor":10,"turns":4},{"damage":38,"enemies":"Lots of Slimes","floor":13,"turns":8},{"damage":68,"enemies":"Hexaghost","floor":16,"turns":11},{"damage":4,"enemies":"3 Byrds","floor":18,"turns":3},{"damage":68,"enemies":"Slavers","floor":23,"turns":3}],"seed_played":"5540262422846264665","potions_obtained":[{"floor":10,"key":"FearPotion"},{"floor":13,"key":"Fruit Juice"}],"is_trial":false,"path_per_floor":["M","?","M","$","?","E","R","$","T","M","?","R","M","?","R","B",null,"M","$","?","$","?","E"],"character_chosen":"IRONCLAD","items_purchased":["Paper Frog","Guide Book","aspiration:ChemicalBlood"],"campfire_rested":2,"item_purchase_floors":[4,19,19],"current_hp_per_floor":[75,75,81,81,81,23,49,49,49,51,73,73,46,46,73,11,73,75,75,75,75,66,0,0],"gold":115,"neow_bonus":"TEN_PERCENT_HP_BONUS","is_daily":false,"chose_seed":false,"campfire_upgraded":1,"win_rate":0.0,"timestamp":1611353846,"path_taken":["M","?","M","$","?","E","R","$","T","M","?","R","M","?","R","BOSS","M","$","?","?","?","E"],"items_purchased_type":["Relic","Relic","Relic"],"build_version":"2020-12-22","purchased_purges":2,"victory":false,"max_hp_per_floor":[88,88,88,88,88,88,88,88,88,88,88,88,93,93,93,93,93,93,93,93,93,93,93,93],"card_choices":[{"not_picked":["DDmod:CallousedSkill","Thunderclap"],"picked":"ReplayTheSpireMod:Strike From Hell","floor":1},{"not_picked":["DDmod:EasePowerCard","Perfected Strike"],"picked":"True Grit","floor":3},{"not_picked":["Anger","Flex"],"picked":"Demon Form","floor":6},{"not_picked":["ReplayTheSpireMod:Strike From Hell","Sentinel"],"picked":"Dark Embrace","floor":10},{"not_picked":["DDmod:SpikedSkill","Heavy Blade"],"picked":"Flame Barrier","floor":13},{"not_picked":["StSpp:BladeOfBlood","Replay:Many Hands"],"picked":"Exhume","floor":16},{"not_picked":[],"picked":"Havoc","floor":18}],"player_experience":633071,"relics_obtained":[{"floor":6,"key":"Red Skull"},{"floor":9,"key":"Juzu Bracelet"}],"event_choices":[{"damage_healed":0,"gold_gain":175,"player_choice":"AGREE","damage_taken":11,"max_hp_gain":0,"max_hp_loss":0,"event_name":"betterThird:BetterSerpent","floor":5,"gold_loss":0},{"damage_healed":22,"gold_gain":0,"player_choice":"Healed","damage_taken":0,"max_hp_gain":0,"max_hp_loss":0,"event_name":"The Cleric","floor":11,"gold_loss":35},{"damage_healed":0,"gold_gain":100,"player_choice":"Pray","damage_taken":0,"max_hp_gain":0,"max_hp_loss":0,"event_name":"Golden Shrine","floor":20,"gold_loss":0},{"damage_healed":0,"gold_gain":75,"player_choice":"Touch","damage_taken":9,"max_hp_gain":0,"max_hp_loss":0,"event_name":"FaceTrader","floor":22,"gold_loss":0}],"is_beta":false,"boss_relics":[{"not_picked":["conspire:SlowCooker","aspiration:WatcherSkillbook"],"picked":"Busted Crown"}],"items_purged_floors":[8,21],"is_endless":false,"potions_floor_spawned":[10,13],"killed_by":"Slavers","ascension_level":13}}