{"host":"gzsdmyo07u314vug","time":1611306362,"event":{"mods":["2.2 Compatiblity","Astrologer","BaseMod","Colored Powertips","GifTheSpireLib","Gremlin Mod","Hermit","Jorbs\u0027s Wanderer Trilogy","Minty Spire (QoL Compilation)","Quick Restart","Rare Cards Sparkle","Relic Stats","Replay The Spire","Robot Space Explorer","Shop Mod","StSLib","The Bug Knight","The Construct","The Cursed","The Elementalist","The Hierophant","The IronCluck","The Marked","The Necromancer","The Runesmith","The Servant 0.9.4","Unceasing Turn Reminder","everything is the same but u backflip on backflip","slay the spire mod where everything is the same but ironclad has a cowboy hat","vexMod"],"gold_per_floor":[115,115,130,182,200,200,10,10,10,60,60,73,73,73,73,175,175,194,194,194],"floor_reached":19,"language":"ENG","playtime":762,"items_purged":[],"score":155,"play_id":"56dad088-cc71-4d0d-bb9d-952d07c68caa","local_time":"20210122060602","is_ascension_mode":false,"campfire_choices":[{"data":"Death_March_Dance","floor":6.0,"key":"SMITH"},{"data":"Bone_Armory","floor":8.0,"key":"SMITH"},{"data":"Uncharnel","floor":13.0,"key":"SMITH"},{"data":"Blood_Is_Power","floor":15.0,"key":"SMITH"}],"circlet_count":0,"master_deck":["Strike_W","Strike_W","Strike_W","Defend_W","Defend_W","Defend_W","Defend_W","Negative_Energy_Arrows","Bone_Wall","Death_March_Dance+1","Bone_Armor","Bones_to_Steel","Bone_Armory+1","Thousand_Bone_Knives","Blood_Is_Power+1","Uncharnel+1","Negative_Energy_Mist","Skeleton_Dragon","Stop_Heart"],"relics":["Vampire_Amulet","NeowsBlessing","Potion Belt","Lantern","Runic Dome"],"acts_visited":["Exordium","TheCity"],"potions_floor_usage":[19,19],"damage_taken":[{"damage":0.0,"enemies":"2 Louse","floor":1.0,"turns":1.0},{"damage":0.0,"enemies":"Jaw Worm","floor":3.0,"turns":1.0},{"damage":0.0,"enemies":"Small Slimes","floor":5.0,"turns":2.0},{"damage":13.0,"enemies":"2 Fungi Beasts","floor":12.0,"turns":4.0},{"damage":34.0,"enemies":"The Guardian","floor":16.0,"turns":11.0},{"damage":17.0,"enemies":"Chosen","floor":18.0,"turns":7.0},{"damage":3,"enemies":"3 Cultists","floor":19,"turns":3}],"seed_played":"7143492134809528795","potions_obtained":[{"floor":3.0,"key":"Ancient Potion"},{"floor":5.0,"key":"EssenceOfSteel"},{"floor":12.0,"key":"SpeedPotion"}],"is_trial":false,"path_per_floor":["M","?","M","T","M","R","$","R","T","?","?","M","R","?","R","B",null,"M","M"],"character_chosen":"NECROMANCER","items_purchased":["Bone_Armory","Thousand_Bone_Knives","Blood_Is_Power"],"campfire_rested":0,"item_purchase_floors":[7,7,7],"current_hp_per_floor":[75,75,75,75,75,75,75,75,75,75,75,66,66,66,66,34,75,60,57,57],"gold":194,"neow_bonus":"THREE_ENEMY_KILL","is_daily":false,"chose_seed":false,"campfire_upgraded":4,"win_rate":0.0,"timestamp":1611306362,"path_taken":["M","?","M","?","M","R","?","R","T","?","?","M","R","?","R","BOSS","M","M"],"items_purchased_type":["Card","Card","Card"],"build_version":"2020-12-22","purchased_purges":0,"victory":false,"max_hp_per_floor":[75,75,75,75,75,75,75,75,75,75,75,75,75,75,75,75,75,75,75,75],"relic_stats":{"counters":[7,29],"obtain_stats":[{"Potion Belt":4,"Runic Dome":17,"Lantern":9,"NeowsBlessing":0,"Vampire_Amulet":0},{"Potion Belt":2,"Runic Dome":5,"Lantern":3,"NeowsBlessing":0,"Vampire_Amulet":0},{"Potion Belt":2,"Runic Dome":19,"Lantern":4,"NeowsBlessing":0,"Vampire_Amulet":0}]},"card_choices":[{"not_picked":["Bones_to_Steel","Epidemic"],"picked":"Death_March_Dance","floor":1.0},{"not_picked":["Negative_Energy_Javelin","Death_Coil"],"picked":"Bone_Armor","floor":3.0},{"not_picked":["Thousand_Bone_Knives","Uncharnel"],"picked":"Bones_to_Steel","floor":5.0},{"not_picked":["Blood_Whip","Shackles_Of_Pain"],"picked":"Uncharnel","floor":12.0},{"not_picked":["Detonate_Bones","Reap_The_Weak"],"picked":"Skeleton_Dragon","floor":16.0},{"not_picked":["Death_March_Dance","Scare"],"picked":"Stop_Heart","floor":18.0}],"player_experience":761485,"relics_obtained":[{"floor":4.0,"key":"Potion Belt"},{"floor":9.0,"key":"Lantern"}],"event_choices":[{"damage_healed":0.0,"max_hp_gain":0.0,"max_hp_loss":0.0,"gold_gain":0.0,"event_name":"Liars Game","player_choice":"Ignored","floor":11.0,"gold_loss":0.0,"damage_taken":0.0},{"damage_healed":0.0,"max_hp_gain":0.0,"max_hp_loss":0.0,"gold_gain":0.0,"cards_transformed":["Strike_W"],"event_name":"Transmorgrifier","player_choice":"Transformed","floor":14.0,"gold_loss":0.0,"damage_taken":0.0,"cards_obtained":["Negative_Energy_Mist"]}],"is_beta":false,"boss_relics":[{"not_picked":["ReplayTheSpireMod:DimensionalGlitch","vexMod:RockOfEvil"],"picked":"Runic Dome"}],"items_purged_floors":[],"is_endless":false,"potions_floor_spawned":[3,5,12],"killed_by":"3 Cultists","ascension_level":0}}