{"host":"znvnxllcillb3rtw","time":1611299033,"event":{"mods":["Arknights The Spire","BaseMod","DeckTracker","Minty Spire (QoL Compilation)","Relic Stats","StSLib","SuperFastMode","everything is the same but u backflip on backflip"],"gold_per_floor":[119,44,62,62,83,83,114,137,137,160,194,194,213,213,213,336,336,356,370,370,390,47,81,114,114,114,135,135,166,182,197,197,325,325,350,413,413,433,454,494,494,537,537,870,884,898,926,943,943,943,943,943,279,306,306],"floor_reached":56,"language":"KOR","playtime":3765,"items_purged":["Doubt","ats:Strike G"],"score":1489,"play_id":"9822d82e-3a89-4827-9ba8-8e0e73319073","local_time":"20210122160353","is_ascension_mode":true,"campfire_choices":[{"data":"ats:Thermite Blade","floor":6,"key":"SMITH"},{"data":"ats:Nebulous Foxfire","floor":12,"key":"SMITH"},{"data":"ats:Serious Mode","floor":15,"key":"SMITH"},{"data":"Apotheosis","floor":25,"key":"SMITH"},{"data":"ats:Healing Strengthening","floor":28,"key":"SMITH"},{"floor":32,"key":"RECALL"},{"data":"ats:Echo Reverb","floor":41,"key":"SMITH"},{"data":"ats:Emotion Absorption","floor":49,"key":"SMITH"},{"data":"ats:Soul Absorption","floor":52,"key":"SMITH"}],"circlet_count":0,"master_deck":["ats:Strike C","ats:Armor Crushing Shot","ats:Defend","ats:Defend","ats:Defend","ats:Defend","ats:Emotion Absorption+1","ats:Sunburst","ats:Very Hot Blade+1","ats:Consecutive Shot Auto+1","ats:Thermite Blade+1","ats:Serious Mode+1","ats:Nebulous Foxfire+1","ats:Shadow Assault","ats:Calcification","ats:Healing Strengthening+1","ats:Revitalization+1","ats:Support Order","Apotheosis+1","ats:Hook Shot","ats:Soul Absorption+1","ats:Charging Defense","ats:Echo Reverb+1","Impatience"],"relics":["ats:Sanity","ats:Originium","Pear","Question Card","PreservedInsect","Black Star","Bag of Preparation","Boot","Strawberry","Red Mask","Tiny Chest","Ice Cream","Philosopher\u0027s Stone","StoneCalendar","Molten Egg 2","Bird Faced Urn","Shuriken","Torii","Mango","FossilizedHelix","ats:Ability Aura","Centennial Puzzle","ats:Attack","Whetstone","Mercury Hourglass","Unceasing Top"],"acts_visited":["Exordium","TheCity","TheBeyond","TheEnding"],"potions_floor_usage":[11,18,24,27,55,55],"damage_taken":[{"damage":4,"enemies":"Jaw Worm","floor":1,"turns":6},{"damage":0,"enemies":"2 Louse","floor":3,"turns":2},{"damage":0,"enemies":"Small Slimes","floor":5,"turns":2},{"damage":21,"enemies":"Lagavulin","floor":7,"turns":6},{"damage":0,"enemies":"Exordium Wildlife","floor":8,"turns":3},{"damage":0,"enemies":"Looter","floor":10,"turns":2},{"damage":12,"enemies":"3 Sentries","floor":11,"turns":5},{"damage":0,"enemies":"Blue Slaver","floor":13,"turns":1},{"damage":22,"enemies":"The Guardian","floor":16,"turns":9},{"damage":32,"enemies":"2 Thieves","floor":18,"turns":4},{"damage":0,"enemies":"Spheric Guardian","floor":19,"turns":2},{"damage":24,"enemies":"Chosen and Byrds","floor":21,"turns":5},{"damage":55,"enemies":"Gremlin Leader","floor":23,"turns":8},{"damage":42,"enemies":"Masked Bandits","floor":24,"turns":5},{"damage":32,"enemies":"Shelled Parasite and Fungi","floor":27,"turns":15},{"damage":57,"enemies":"Book of Stabbing","floor":29,"turns":7},{"damage":10,"enemies":"Sentry and Sphere","floor":30,"turns":4},{"damage":23,"enemies":"Snake Plant","floor":31,"turns":6},{"damage":117,"enemies":"Champ","floor":33,"turns":19},{"damage":31,"enemies":"Orb Walker","floor":35,"turns":6},{"damage":29,"enemies":"Mind Bloom Boss Battle","floor":36,"turns":10},{"damage":37,"enemies":"3 Shapes","floor":38,"turns":7},{"damage":39,"enemies":"Maw","floor":39,"turns":8},{"damage":58,"enemies":"Giant Head","floor":40,"turns":10},{"damage":35,"enemies":"Reptomancer","floor":42,"turns":7},{"damage":20,"enemies":"Spire Growth","floor":45,"turns":6},{"damage":28,"enemies":"Sphere and 2 Shapes","floor":46,"turns":7},{"damage":66,"enemies":"Nemesis","floor":47,"turns":7},{"damage":33,"enemies":"Maw","floor":48,"turns":9},{"damage":111,"enemies":"Time Eater","floor":50,"turns":13},{"damage":54,"enemies":"Shield and Spear","floor":54,"turns":7},{"damage":69,"enemies":"The Heart","floor":55,"turns":10}],"seed_played":"5084583941503543434","potions_obtained":[{"floor":7,"key":"Energy Potion"},{"floor":10,"key":"PowerPotion"},{"floor":13,"key":"AttackPotion"},{"floor":16,"key":"FearPotion"},{"floor":18,"key":"Regen Potion"},{"floor":29,"key":"SpeedPotion"},{"floor":33,"key":"GamblersBrew"},{"floor":54,"key":"DistilledChaos"}],"is_trial":false,"path_per_floor":["M","$","M","?","M","R","E","M","T","M","E","R","M","?","R","B",null,"M","M","?","M","$","E","?","R","T","M","R","E","M","M","R","B",null,"M","?","T","M","M","E","R","E","T","?","M","M","E","M","R","B",null,"R","$","E","B",null],"character_chosen":"DOCTOR_CLASS","items_purchased":["Apotheosis","Bag of Preparation","Centennial Puzzle","ats:Attack","Whetstone","Impatience"],"campfire_rested":0,"item_purchase_floors":[22,22,53,53,53,53],"current_hp_per_floor":[68,68,68,50,50,50,39,39,39,39,30,30,30,35,35,24,87,61,61,61,50,50,56,27,27,27,94,94,83,89,94,94,46,94,84,94,94,70,72,83,83,63,77,77,85,108,79,98,98,67,108,108,108,80,67],"gold":306,"neow_bonus":"TRANSFORM_TWO_CARDS","is_daily":false,"chose_seed":false,"campfire_upgraded":8,"win_rate":0.0,"timestamp":1611299033,"path_taken":["M","$","M","?","M","R","E","M","T","M","E","R","M","?","R","BOSS","M","M","?","M","$","E","?","R","T","M","R","E","M","M","R","BOSS","M","?","?","M","M","E","R","E","T","?","M","M","E","M","R","BOSS","R","$","E","BOSS"],"items_purchased_type":["Card","Relic","Relic","Relic","Relic","Card"],"build_version":"2020-12-22","purchased_purges":2,"victory":true,"max_hp_per_floor":[72,72,72,72,72,72,82,82,82,82,82,82,82,87,87,87,87,87,87,87,87,87,94,94,94,94,94,94,94,94,94,94,94,94,94,94,94,94,94,94,94,94,108,108,108,108,108,108,108,108,108,108,108,108,108],"relic_stats":{"Torii":81,"counters":[32,217],"StoneCalendar":[299],"PreservedInsect":388,"Bag of Preparation":[40],"Whetstone":["ats:Consecutive Shot Auto","ats:Very Hot Blade"],"Question Card":25,"Boot":[2],"Mercury Hourglass":[30],"Centennial Puzzle":[6],"Shuriken":[6],"Bird Faced Urn":[27],"Tiny Chest":0,"Black Star":6,"obtain_stats":[{"Ice Cream":29,"ats:Ability Aura":47,"Torii":42,"StoneCalendar":36,"Mango":43,"Bag of Preparation":22,"Whetstone":53,"Boot":23,"Centennial Puzzle":53,"Strawberry":23,"Tiny Chest":29,"Philosopher\u0027s Stone":34,"Red Mask":24,"ats:Sanity":0,"Pear":7,"Golden Idol":4,"ats:Attack":53,"PreservedInsect":11,"Question Card":9,"Mercury Hourglass":54,"ats:Originium":7,"Shuriken":42,"Bird Faced Urn":40,"Molten Egg 2":40,"Black Star":17,"FossilizedHelix":47,"Unceasing Top":54},{"Ice Cream":16,"ats:Ability Aura":28,"Torii":25,"StoneCalendar":21,"Mango":25,"Bag of Preparation":12,"Whetstone":30,"Boot":13,"Centennial Puzzle":30,"Strawberry":13,"Tiny Chest":16,"Philosopher\u0027s Stone":19,"Red Mask":14,"ats:Sanity":0,"Pear":4,"Golden Idol":2,"ats:Attack":30,"PreservedInsect":7,"Question Card":5,"Mercury Hourglass":31,"ats:Originium":4,"Shuriken":25,"Bird Faced Urn":24,"Molten Egg 2":24,"Black Star":9,"FossilizedHelix":28,"Unceasing Top":31},{"Ice Cream":82,"ats:Ability Aura":179,"Torii":159,"StoneCalendar":127,"Mango":159,"Bag of Preparation":47,"Whetstone":201,"Boot":55,"Centennial Puzzle":201,"Strawberry":55,"Tiny Chest":82,"Philosopher\u0027s Stone":111,"Red Mask":60,"ats:Sanity":0,"Pear":16,"Golden Idol":8,"ats:Attack":201,"PreservedInsect":26,"Question Card":19,"Mercury Hourglass":207,"ats:Originium":16,"Shuriken":159,"Bird Faced Urn":152,"Molten Egg 2":152,"Black Star":36,"FossilizedHelix":179,"Unceasing Top":207}],"Unceasing Top":[1]},"card_choices":[{"not_picked":["ats:Assault Order","ats:Cat Scratch"],"picked":"ats:Consecutive Shot Auto","floor":1},{"not_picked":["ats:Apocalypse","ats:Explosion Area Strengthen"],"picked":"ats:Thermite Blade","floor":3},{"not_picked":["ats:Closed Bolt Burst Fire","ats:Healing Drone","ats:Consecutive Shot Auto"],"picked":"SKIP","floor":5},{"not_picked":["ats:Healing Strengthening","ats:Powerful Strike","ats:Collapsing Strike"],"picked":"SKIP","floor":7},{"not_picked":["ats:Assault Order","ats:Hammer On"],"picked":"ats:Serious Mode","floor":8},{"not_picked":["ats:Shell Defense","ats:Poison Spread","ats:Automatic Cover"],"picked":"ats:Nebulous Foxfire","floor":10},{"not_picked":["ats:Consecutive Shot Auto","ats:Assault Order","ats:Flexible Camouflage","ats:Powerful Strike"],"picked":"SKIP","floor":11},{"not_picked":["ats:Apocalypse","ats:Shadow Assault","ats:Leaping Hammer","ats:Childhood Dance"],"picked":"SKIP","floor":13},{"not_picked":["ats:Apocalypse","ats:Leaping Hammer","ats:Childhood Dance"],"picked":"ats:Shadow Assault","floor":13},{"not_picked":["ats:True Silver Slash","ats:Wolf Pack","ats:Shadow Assault"],"picked":"ats:Calcification","floor":16},{"not_picked":["ats:Blood Oath+1","ats:Powerful Strike","ats:Apocalypse+1"],"picked":"ats:Healing Strengthening","floor":18},{"not_picked":["ats:Cat Scratch","ats:Flexible Camouflage","ats:Blood Oath"],"picked":"ats:Revitalization+1","floor":19},{"not_picked":["ats:Cat Scratch","ats:Poison Spread","ats:Revitalization"],"picked":"ats:Support Order","floor":21},{"not_picked":["ats:Leaping Hammer","ats:Chain Hook","ats:Revitalization"],"picked":"ats:Hook Shot","floor":23},{"not_picked":["ats:Apocalypse","ats:Consecutive Shot Auto+1","ats:Ignite+1","ats:Closed Bolt Burst Fire"],"picked":"SKIP","floor":27},{"not_picked":["ats:Curse Doll","ats:Very Hot Blade","ats:Beaten Up"],"picked":"ats:Soul Absorption","floor":29},{"not_picked":["ats:Rat Pack","ats:Leaping Hammer+1","ats:Explosion Area Strengthen","ats:Charging Defense"],"picked":"SKIP","floor":30},{"not_picked":["ats:Rat Pack","ats:Leaping Hammer+1","ats:Explosion Area Strengthen"],"picked":"ats:Charging Defense","floor":30},{"not_picked":["ats:Ignite","ats:Overload","ats:Cat Scratch","ats:Closed Bolt Burst Fire"],"picked":"SKIP","floor":31},{"not_picked":["ats:Wolf Pack","ats:True Silver Slash","ats:Soul Rend"],"picked":"ats:Echo Reverb","floor":33},{"not_picked":["ats:Blood Oath","ats:Very Hot Blade","ats:Overload+1","ats:Consecutive Shot Auto"],"picked":"SKIP","floor":35},{"not_picked":["ats:Sword Rain+1","ats:LN2 Cannon","ats:Powerful Strike+1","ats:Ignite"],"picked":"SKIP","floor":38},{"not_picked":["ats:Leaping Hammer","ats:Shell Defense","ats:Consecutive Shot Auto+1","ats:Very Hot Blade+1"],"picked":"SKIP","floor":39},{"not_picked":["ats:Flame Of Heaven","ats:Sashimi Platter+1","ats:Defend Order+1","ats:Durian"],"picked":"SKIP","floor":40},{"not_picked":["ats:Directed Diagnosis+1","ats:Flexible Camouflage","ats:Leaping Hammer+1","ats:Closed Bolt Burst Fire+1"],"picked":"SKIP","floor":42},{"not_picked":["ats:Leaping Hammer+1","ats:Closed Bolt Burst Fire+1","ats:Ignite+1","ats:Blood Oath+1"],"picked":"SKIP","floor":45},{"not_picked":["ats:Hammer On+1","ats:Revitalization","ats:Closed Bolt Burst Fire+1","ats:Leaping Hammer+1"],"picked":"SKIP","floor":46},{"not_picked":["ats:Very Hot Blade+1","ats:Healing Strengthening","ats:Sword Rain+1","ats:Healing Drone+1"],"picked":"SKIP","floor":47},{"not_picked":["ats:Flexible Camouflage","ats:Cat Scratch+1","ats:Defend Order+1","ats:Shadow Assault+1"],"picked":"SKIP","floor":48},{"not_picked":["ats:Soul Absorption","ats:Defend Order","ats:Durian","ats:Leaping Hammer+1"],"picked":"SKIP","floor":54}],"player_experience":2894808,"relics_obtained":[{"floor":7,"key":"ats:Originium"},{"floor":7,"key":"Pear"},{"floor":9,"key":"Question Card"},{"floor":11,"key":"ats:Originium"},{"floor":11,"key":"PreservedInsect"},{"floor":23,"key":"ats:Originium"},{"floor":23,"key":"Boot"},{"floor":23,"key":"Strawberry"},{"floor":24,"key":"Red Mask"},{"floor":29,"key":"ats:Originium"},{"floor":29,"key":"Tiny Chest"},{"floor":29,"key":"Ice Cream"},{"floor":36,"key":"StoneCalendar"},{"floor":40,"key":"Molten Egg 2"},{"floor":40,"key":"Bird Faced Urn"},{"floor":42,"key":"Shuriken"},{"floor":42,"key":"Torii"},{"floor":43,"key":"Mango"},{"floor":47,"key":"FossilizedHelix"},{"floor":47,"key":"ats:Ability Aura"},{"floor":54,"key":"Mercury Hourglass"},{"floor":54,"key":"Unceasing Top"}],"event_choices":[{"damage_healed":0,"gold_gain":0,"player_choice":"Take Damage","damage_taken":18,"relics_obtained":["Golden Idol"],"max_hp_gain":0,"max_hp_loss":0,"event_name":"Golden Idol","floor":4,"gold_loss":0},{"damage_healed":0,"gold_gain":0,"player_choice":"Donut","damage_taken":0,"max_hp_gain":5,"max_hp_loss":0,"event_name":"Big Fish","floor":14,"gold_loss":0},{"damage_healed":0,"gold_gain":0,"player_choice":"Ignored","damage_taken":0,"max_hp_gain":0,"max_hp_loss":0,"event_name":"Ghosts","floor":20,"gold_loss":0},{"damage_healed":0,"gold_gain":0,"player_choice":"Fought Bandits","damage_taken":0,"max_hp_gain":0,"max_hp_loss":0,"event_name":"Masked Bandits","floor":24,"gold_loss":0},{"damage_healed":0,"gold_gain":0,"player_choice":"Fight","damage_taken":0,"max_hp_gain":0,"max_hp_loss":0,"event_name":"MindBloom","floor":36,"gold_loss":0},{"damage_healed":0,"gold_gain":333,"player_choice":"Gave Idol","damage_taken":0,"max_hp_gain":0,"max_hp_loss":0,"event_name":"The Moai Head","floor":44,"relics_lost":["Golden Idol"],"gold_loss":0}],"is_beta":false,"boss_relics":[{"not_picked":["Runic Dome","SlaversCollar"],"picked":"Black Star"},{"not_picked":["Busted Crown","Tiny House"],"picked":"Philosopher\u0027s Stone"}],"items_purged_floors":[2,53],"is_endless":false,"potions_floor_spawned":[7,10,13,16,18,19,23,29,33,36,39,42,45,54],"ascension_level":1}}