{"host":"z9mq1tf06lkrncmk","time":1611284588,"event":{"mods":["BaseMod","Downfall","Minty Spire (QoL Compilation)","StSLib"],"gold_per_floor":[114,114,114,64,14,44,44,76,148,162,179,179,179,195,195,290,290,310,310,330,361,37,63,63,88,88,39,39,39,71,171,171,269,269,282,334,37,50,70,70,87,87,87,87,87,98,126,348,348,348,348,348,50,81,81,81],"floor_reached":55,"language":"ENG","playtime":1894,"items_purged":[],"score":898,"play_id":"4000e0f9-c0af-455c-951c-20a91cdbce1b","local_time":"20210121220308","is_ascension_mode":true,"campfire_choices":[{"floor":7,"key":"REST"},{"floor":12,"key":"REST"},{"floor":15,"key":"REST"},{"data":"Scrape","floor":24,"key":"SMITH"},{"floor":32,"key":"REST"},{"data":"Streamline","floor":40,"key":"SMITH"},{"floor":42,"key":"RECALL"},{"floor":49,"key":"REST"},{"data":"Impatience","floor":52,"key":"SMITH"}],"circlet_count":0,"master_deck":["Strike_B+1","Strike_B+1","Strike_B+1","Defend_B+1","Defend_B+1","Defend_B+1","Zap+1","Gash","Gash","Go for the Eyes","Scrape+1","FTL","Rainbow","Gash","Gash","Beam Cell","Streamline+1","Hologram+1","Impatience+1"],"relics":["Cracked Core","Dream Catcher","Anchor","Gremlin Horn","Blood Vial","Busted Crown","Red Mask","Juzu Bracelet","Centennial Puzzle","Darkstone Periapt","Ice Cream","InkBottle","DataDisk","Ginger","Shuriken","Empty Cage","Incense Burner","Mango","HornCleat","Akabeko","Bag of Preparation"],"acts_visited":["Exordium","TheCity","TheBeyond","TheEnding"],"potions_floor_usage":[20,21,31,39,41,54,55],"damage_taken":[{"damage":1,"enemies":"2 Louse","floor":1,"turns":2},{"damage":31,"enemies":"Gremlin Nob","floor":6,"turns":4},{"damage":30,"enemies":"Lagavulin","floor":8,"turns":4},{"damage":0,"enemies":"Jaw Worm","floor":10,"turns":2},{"damage":0,"enemies":"Small Slimes","floor":11,"turns":3},{"damage":9,"enemies":"Exordium Wildlife","floor":14,"turns":3},{"damage":42,"enemies":"Hexaghost","floor":16,"turns":8},{"damage":5,"enemies":"Chosen","floor":18,"turns":4},{"damage":0,"enemies":"3 Byrds","floor":20,"turns":3},{"damage":2,"enemies":"Masked Bandits","floor":21,"turns":3},{"damage":5,"enemies":"Slavers","floor":23,"turns":3},{"damage":14,"enemies":"Book of Stabbing","floor":25,"turns":4},{"damage":4,"enemies":"Slavers","floor":30,"turns":3},{"damage":4,"enemies":"Colosseum Slavers","floor":31,"turns":3},{"damage":0,"enemies":"Colosseum Nobs","floor":31,"turns":3},{"damage":8,"enemies":"Automaton","floor":33,"turns":4},{"damage":0,"enemies":"Orb Walker","floor":35,"turns":2},{"damage":10,"enemies":"2 Orb Walkers","floor":36,"turns":3},{"damage":0,"enemies":"3 Shapes","floor":38,"turns":2},{"damage":0,"enemies":"Jaw Worm Horde","floor":39,"turns":2},{"damage":0,"enemies":"Spire Growth","floor":41,"turns":4},{"damage":10,"enemies":"4 Shapes","floor":46,"turns":5},{"damage":30,"enemies":"Reptomancer","floor":47,"turns":3},{"damage":48,"enemies":"Donu and Deca","floor":50,"turns":6},{"damage":26,"enemies":"Shield and Spear","floor":54,"turns":4},{"damage":62,"enemies":"The Heart","floor":55,"turns":3}],"seed_played":"1126209527330908007","potions_obtained":[{"floor":8,"key":"Ancient Potion"},{"floor":10,"key":"Fire Potion"},{"floor":16,"key":"SteroidPotion"},{"floor":20,"key":"ColorlessPotion"},{"floor":25,"key":"Strength Potion"},{"floor":35,"key":"Fire Potion"}],"is_trial":false,"path_per_floor":["M","?","?","$","?","E","R","E","T","M","M","R","?","M","R","B",null,"M","?","M","?","$","E","R","E","T","$","?","?","E","?","R","B",null,"M","?","$","M","M","R","M","R","T","?","?","M","E","?","R","B",null,"R","$","E","B"],"character_chosen":"DEFECT","items_purchased":["Ball Lightning","Beam Cell","Juzu Bracelet","Centennial Puzzle","Streamline","Mango","Slimebound:ThreeZeroPotion","ColorlessPotion","Akabeko"],"campfire_rested":5,"item_purchase_floors":[4,22,22,22,27,37,53,53,53],"current_hp_per_floor":[74,74,67,67,67,36,58,28,28,28,28,50,47,40,62,22,75,70,70,72,72,72,69,69,57,57,57,57,62,60,60,75,67,75,75,65,79,81,83,83,85,85,85,85,85,75,47,47,72,26,85,85,85,59,0,0],"gold":81,"neow_bonus":"UPGRADE_CARD","is_daily":false,"chose_seed":false,"campfire_upgraded":3,"win_rate":0.0,"timestamp":1611284588,"path_taken":["M","?","?","?","?","E","R","E","T","M","M","R","?","M","R","BOSS","M","?","M","?","$","E","R","E","T","$","?","?","E","?","R","BOSS","M","?","$","M","M","R","M","R","T","?","?","M","E","?","R","BOSS","R","$","E","BOSS"],"items_purchased_type":["Card","Card","Relic","Relic","Card","Relic","Potion","Potion","Relic"],"build_version":"2020-12-22","purchased_purges":0,"victory":false,"max_hp_per_floor":[75,75,75,75,75,75,75,75,75,75,75,75,75,75,75,75,75,75,75,75,75,75,75,75,75,75,75,75,75,75,75,75,75,75,75,75,89,89,89,89,89,89,89,89,85,85,85,85,85,85,85,85,85,85,85,85],"card_choices":[{"not_picked":["Turbo","Barrage"],"picked":"Hologram","floor":1},{"not_picked":["Go for the Eyes","Reinforced Body","Turbo"],"picked":"SKIP","floor":6},{"not_picked":["Go for the Eyes","Amplify"],"picked":"Gash","floor":8},{"not_picked":["Sunder","Genetic Algorithm"],"picked":"Gash","floor":10},{"not_picked":["Heatsinks","Barrage","Genetic Algorithm"],"picked":"SKIP","floor":11},{"not_picked":["Hologram","Stack"],"picked":"Go for the Eyes","floor":12},{"not_picked":["Leap","Reboot"],"picked":"Scrape","floor":14},{"not_picked":["Coolheaded","Steam Power"],"picked":"FTL","floor":15},{"not_picked":["Meteor Strike","Amplify"],"picked":"Rainbow","floor":16},{"not_picked":[],"picked":"Gash","floor":18},{"not_picked":["Rebound"],"picked":"SKIP","floor":20},{"not_picked":["Leap"],"picked":"SKIP","floor":23},{"not_picked":["Cold Snap"],"picked":"SKIP","floor":25},{"not_picked":["Barrage"],"picked":"SKIP","floor":30},{"not_picked":[],"picked":"Hologram+1","floor":31},{"not_picked":["Coolheaded+1"],"picked":"SKIP","floor":35},{"not_picked":["Streamline+1"],"picked":"SKIP","floor":38},{"not_picked":["Coolheaded+1"],"picked":"SKIP","floor":39},{"not_picked":["Force Field+1"],"picked":"SKIP","floor":41},{"not_picked":[],"picked":"Impatience","floor":44},{"not_picked":["Consume"],"picked":"SKIP","floor":46},{"not_picked":["Doom and Gloom+1"],"picked":"SKIP","floor":47},{"not_picked":["Tempest"],"picked":"SKIP","floor":54}],"player_experience":376153,"relics_obtained":[{"floor":6,"key":"Dream Catcher"},{"floor":8,"key":"Anchor"},{"floor":9,"key":"Gremlin Horn"},{"floor":21,"key":"Red Mask"},{"floor":23,"key":"Darkstone Periapt"},{"floor":25,"key":"Ice Cream"},{"floor":26,"key":"InkBottle"},{"floor":30,"key":"DataDisk"},{"floor":31,"key":"Ginger"},{"floor":31,"key":"Shuriken"},{"floor":36,"key":"Incense Burner"},{"floor":47,"key":"HornCleat"},{"floor":54,"key":"Bag of Preparation"}],"event_choices":[{"damage_healed":0,"gold_gain":0,"player_choice":"Ignored","damage_taken":0,"max_hp_gain":0,"max_hp_loss":0,"event_name":"Shining Light","floor":2,"gold_loss":0},{"cards_removed":["Strike_B"],"damage_healed":0,"gold_gain":0,"player_choice":"Card Removal","damage_taken":7,"max_hp_gain":0,"max_hp_loss":0,"event_name":"Golden Wing","floor":3,"gold_loss":0},{"cards_removed":["Defend_B"],"damage_healed":0,"gold_gain":0,"player_choice":"Card Removal","damage_taken":0,"max_hp_gain":0,"max_hp_loss":0,"event_name":"The Cleric","floor":5,"gold_loss":50},{"damage_healed":0,"gold_gain":0,"player_choice":"Success","damage_taken":3,"relics_obtained":["Blood Vial"],"max_hp_gain":0,"max_hp_loss":0,"event_name":"Scrap Ooze","floor":13,"gold_loss":0},{"damage_healed":0,"gold_gain":0,"player_choice":"Read","damage_taken":0,"max_hp_gain":0,"max_hp_loss":0,"event_name":"The Library","floor":19,"gold_loss":0,"cards_obtained":["Gash"]},{"damage_healed":0,"gold_gain":0,"player_choice":"Fought Bandits","damage_taken":0,"max_hp_gain":0,"max_hp_loss":0,"event_name":"Masked Bandits","floor":21,"gold_loss":0},{"damage_healed":0,"gold_gain":0,"player_choice":"Simplicity","damage_taken":0,"max_hp_gain":0,"max_hp_loss":0,"event_name":"Back to Basics","floor":28,"gold_loss":0,"cards_upgraded":["Strike_B","Strike_B","Strike_B","Defend_B","Defend_B","Defend_B"]},{"cards_removed":["Ball Lightning"],"damage_healed":5,"gold_gain":0,"player_choice":"Offered Common","damage_taken":0,"max_hp_gain":0,"max_hp_loss":0,"event_name":"Bonfire Elementals","floor":29,"gold_loss":0},{"cards_removed":["Ball Lightning"],"damage_healed":5,"gold_gain":0,"player_choice":"Offered Special","damage_taken":0,"max_hp_gain":0,"max_hp_loss":0,"event_name":"Bonfire Elementals","floor":29,"gold_loss":0},{"damage_healed":0,"gold_gain":0,"player_choice":"Fight","damage_taken":0,"max_hp_gain":0,"max_hp_loss":0,"event_name":"Colosseum","floor":31,"gold_loss":0},{"damage_healed":0,"gold_gain":0,"player_choice":"Fought Nobs","damage_taken":0,"max_hp_gain":0,"max_hp_loss":0,"event_name":"Colosseum","floor":31,"gold_loss":0},{"damage_healed":0,"gold_gain":0,"player_choice":"Fight","damage_taken":0,"max_hp_gain":0,"max_hp_loss":0,"event_name":"Mysterious Sphere","floor":36,"gold_loss":0},{"damage_healed":0,"gold_gain":0,"player_choice":"Memory 1","damage_taken":0,"max_hp_gain":0,"max_hp_loss":0,"event_name":"SensoryStone","floor":44,"gold_loss":0},{"damage_healed":0,"gold_gain":0,"player_choice":"Max HP","damage_taken":0,"max_hp_gain":0,"max_hp_loss":4,"event_name":"Winding Halls","floor":45,"gold_loss":0},{"damage_healed":0,"gold_gain":222,"player_choice":"Wore Mask","damage_taken":0,"max_hp_gain":0,"max_hp_loss":0,"event_name":"Tomb of Lord Red Mask","floor":48,"gold_loss":0}],"is_beta":false,"boss_relics":[{"not_picked":["Nuclear Battery","FrozenCore"],"picked":"Busted Crown"},{"not_picked":["SacredBark","Runic Dome"],"picked":"Empty Cage"}],"items_purged_floors":[],"is_endless":false,"potions_floor_spawned":[8,10,16,18,20,25,35,38,39],"killed_by":"The Heart","ascension_level":4}}