{"host":"djjpvtbajazjoxm7","time":1611304663,"event":{"mods":["100% Spire Juice","Act Like it!","Arknights The Spire","Ascension Reborn","BaseMod","CapriCore","GungeonMod","KOR Keyword Fix","Lobotomy","Minty Spire (QoL Compilation)","Replay The Spire","StSLib","The Gatherer","The Hierophant","The Immortal","Waifu the Spire"],"gold_per_floor":[115,134,144,144,112,112,132,132,37,84,96,122,134,146,158,265,37,66,78,110,139,162,174,174],"floor_reached":23,"language":"KOR","playtime":971,"items_purged":[],"score":193,"play_id":"5e72b241-6e0f-4604-9e64-a7e8a630abe6","local_time":"20210122173743","is_ascension_mode":true,"campfire_choices":[{"data":"Moonworks:WindyEnchantment","floor":6,"key":"SMITH"},{"floor":8,"key":"REST"},{"data":"Moonworks:DeployBits","floor":15,"key":"SMITH"}],"circlet_count":0,"master_deck":["Moonworks:Strike","Moonworks:Strike","Moonworks:Strike","Moonworks:Strike","Moonworks:Defend","Moonworks:Defend","Moonworks:Defend","Moonworks:Defend","Moonworks:Ambush+1","Moonworks:LongDistanceShot","Moonworks:SakisCookie+1","Moonworks:WindyEnchantment+1","Moonworks:JonathanRush","Moonworks:JonathanRush","Moonworks:MiracleRedBeanIceCream","Moonworks:NicePresent","Moonworks:RagingMadness","Moonworks:DeployBits+1","Moonworks:FinalBattle","CommonCold","Languid","Clumsy","Moonworks:LulusLuckyEgg","Moonworks:WindyEnchantment+1","Moonworks:Heat300Percent","Moonworks:NicePresent","Moonworks:IntelligenceOfficer"],"relics":["Moonworks:BrokenBomb","Moonworks:Homemark","MawBank","Ornamental Fan","Replay:Ancient Bell","Tiny Chest","Shuriken","Bird Faced Urn"],"acts_visited":["Exordium","TheCity"],"potions_floor_usage":[7,12,23,23],"damage_taken":[{"damage":6,"enemies":"Cultist","floor":1,"turns":3},{"damage":1,"enemies":"Jaw Worm","floor":2,"turns":3},{"damage":7,"enemies":"Small Slimes","floor":3,"turns":3},{"damage":3,"enemies":"Exordium Wildlife","floor":7,"turns":4},{"damage":32,"enemies":"Gremlin Nob","floor":10,"turns":4},{"damage":0,"enemies":"Exordium Thugs","floor":12,"turns":2},{"damage":11,"enemies":"Slime Boss","floor":16,"turns":7},{"damage":9,"enemies":"3 Byrds","floor":18,"turns":3},{"damage":0,"enemies":"Spheric Guardian","floor":20,"turns":3},{"damage":28,"enemies":"Snecko","floor":21,"turns":5},{"damage":34,"enemies":"3 Cultists","floor":22,"turns":4},{"damage":43,"enemies":"Slavers","floor":23,"turns":1}],"seed_played":"8405517891868728070","potions_obtained":[{"floor":2,"key":"LifebloodPotion"},{"floor":10,"key":"AttackPotion"},{"floor":16,"key":"DuplicationPotion"},{"floor":22,"key":"Explosive Potion"}],"is_trial":false,"path_per_floor":["M","M","M","?","?","R","M","R","T","E","$","M","?","$","R","B",null,"M","?","M","M","M","E"],"character_chosen":"THE_STARBREAKER","items_purchased":[],"campfire_rested":1,"item_purchase_floors":[],"current_hp_per_floor":[54,55,50,50,26,26,28,46,46,19,19,19,19,19,19,16,60,56,56,60,42,20,0,0],"gold":174,"neow_bonus":"THREE_CARDS","is_daily":false,"chose_seed":false,"campfire_upgraded":2,"win_rate":0.0,"timestamp":1611304663,"path_taken":["M","M","M","?","?","R","M","R","T","E","?","?","?","$","R","BOSS","M","?","?","M","M","E"],"items_purchased_type":[],"build_version":"2020-12-22","purchased_purges":0,"victory":false,"max_hp_per_floor":[60,60,60,60,60,60,60,60,60,60,60,60,60,60,60,60,60,60,60,60,60,60,60,60],"card_choices":[{"not_picked":["Moonworks:IndiscriminateFireSupport","Moonworks:NicePresent"],"picked":"Moonworks:SakisCookie","floor":0},{"not_picked":["Moonworks:ImOnFire","Moonworks:NicePresent"],"picked":"Moonworks:WindyEnchantment","floor":1},{"not_picked":["Moonworks:BigMagnum","Moonworks:SakisCookie"],"picked":"Moonworks:JonathanRush","floor":2},{"not_picked":["Moonworks:NicePresent","Moonworks:BigMagnum"],"picked":"Moonworks:JonathanRush","floor":3},{"not_picked":["Moonworks:ReproductionOfRecords","Moonworks:NicePresent"],"picked":"Moonworks:MiracleRedBeanIceCream","floor":5},{"not_picked":["Moonworks:BigMagnum","Moonworks:Dash"],"picked":"Moonworks:NicePresent","floor":7},{"not_picked":["Moonworks:LulusLuckyEgg","Moonworks:Flamethrower"],"picked":"Moonworks:RagingMadness","floor":10},{"not_picked":["Moonworks:LulusLuckyEgg","Moonworks:BigMagnum"],"picked":"Moonworks:DeployBits","floor":12},{"not_picked":["Moonworks:ReflectiveShell","Moonworks:MeltingMemories"],"picked":"Moonworks:FinalBattle","floor":16},{"not_picked":["Overencumbered","Voices"],"picked":"CommonCold","floor":17},{"not_picked":["AscMod:ascendersbane","ReplayTheSpireMod:Splinters"],"picked":"Languid","floor":17},{"not_picked":["AscMod:ascendersbane","Replay:Hysterical Blindness"],"picked":"Clumsy","floor":17},{"not_picked":["Moonworks:RagingMadness+1","Moonworks:Assault"],"picked":"Moonworks:LulusLuckyEgg","floor":18},{"not_picked":["Moonworks:Assault","Moonworks:JonathanRush"],"picked":"Moonworks:Heat300Percent","floor":20},{"not_picked":["Moonworks:CookingTime","Moonworks:SakisCookie"],"picked":"Moonworks:NicePresent","floor":21},{"not_picked":["Moonworks:CompletionReward","Moonworks:BigMagnum"],"picked":"Moonworks:IntelligenceOfficer","floor":22}],"player_experience":197824,"relics_obtained":[{"floor":9,"key":"MawBank"},{"floor":10,"key":"Ornamental Fan"}],"event_choices":[{"damage_healed":0,"gold_gain":0,"player_choice":"Grow","damage_taken":0,"max_hp_gain":0,"max_hp_loss":0,"event_name":"Living Wall","floor":4,"gold_loss":0,"cards_upgraded":["Moonworks:Ambush"]},{"damage_healed":0,"gold_gain":0,"player_choice":"Copied","damage_taken":0,"max_hp_gain":0,"max_hp_loss":0,"event_name":"Duplicator","floor":19,"gold_loss":0,"cards_obtained":["Moonworks:WindyEnchantment"]}],"is_beta":false,"boss_relics":[{"not_picked":["Replay:Drink Me","Astrolabe"],"picked":"Replay:Ancient Bell"},{"not_picked":["Pen Nib","DemoMod:LamentConfigurum"],"picked":"Tiny Chest"},{"not_picked":["InkBottle","Pear"],"picked":"Shuriken"},{"not_picked":["DemoMod:PartiallyEatenCheese","Turnip"],"picked":"Bird Faced Urn"}],"items_purged_floors":[],"is_endless":false,"potions_floor_spawned":[2,10,16,22],"killed_by":"Slavers","ascension_level":0}}