{"host":"b7mawubrjc2hdxhd","time":1611318545,"event":{"mods":["AchievementEnabler","Aspiration","BaseMod","BetterRewards","Conspire","Hubris","Ironclad Rager","Minty Spire (QoL Compilation)","Relic Stats","Replay The Spire","Small Relic Pack","Spicy Shops","Spire Arcade","StS++","StSLib"],"gold_per_floor":[116,116,116,116,136,163,180,212,212,212,56,81,81,101,101,197,197,210,210,224,243,88,88,113,40,40,40,68,68,81,81,81],"floor_reached":31,"language":"ENG","playtime":1372,"items_purged":[],"score":291,"play_id":"48511079-1594-4d8f-be9c-ebeaab180cbb","local_time":"20210122122905","is_ascension_mode":false,"campfire_choices":[{"floor":10,"key":"RECALL"},{"floor":13,"key":"REST"},{"floor":15,"key":"REST"},{"floor":23,"key":"REST"},{"floor":27,"key":"REST"}],"circlet_count":0,"master_deck":["Bash","ICR:RageStrike","ICR:RageStrike","ICR:RageStrike","ICR:RageStrike","ICR:ShieldBash+1","ICR:ShieldBash","ICR:ShieldBash","ICR:ShieldBash","Corruption","Armaments","Battle Trance","hubris:DuctTapeCard","Clash","Inflame","Limit Break","Flame Barrier","Pummel+1","Thunderclap","Carnage+1","Pommel Strike","Demonic Infusion","conspire:Charge+1"],"relics":["Black Blood","Replay:PocketPolymizer","conspire:Flyswatter","relicPack:WeightedSword","hubris:DuctTape","ReplayTheSpireMod:Spearhead","Brimstone","StSpp:TwinEgg","Blood Vial","hubris:Metronome","Regal Pillow"],"acts_visited":["Exordium","TheCity"],"potions_floor_usage":[8,16,24],"damage_taken":[{"damage":12,"enemies":"Small Slimes","floor":1,"turns":4},{"damage":6,"enemies":"Jaw Worm","floor":5,"turns":3},{"damage":14,"enemies":"Gremlin Nob","floor":6,"turns":5},{"damage":6,"enemies":"Cultist","floor":7,"turns":3},{"damage":24,"enemies":"3 Sentries","floor":8,"turns":8},{"damage":18,"enemies":"Lagavulin","floor":12,"turns":5},{"damage":14,"enemies":"Blue Slaver","floor":14,"turns":3},{"damage":54,"enemies":"Hexaghost","floor":16,"turns":6},{"damage":27,"enemies":"3 Byrds","floor":18,"turns":5},{"damage":21,"enemies":"Spheric Guardian","floor":20,"turns":4},{"damage":30,"enemies":"Cultist and Chosen","floor":21,"turns":7},{"damage":40,"enemies":"Book of Stabbing","floor":24,"turns":4},{"damage":57,"enemies":"Gremlin Leader","floor":28,"turns":3},{"damage":5,"enemies":"Snecko","floor":30,"turns":3},{"damage":27,"enemies":"Snake Plant","floor":31,"turns":2}],"seed_played":"-2809768293771093443","potions_obtained":[{"floor":1,"key":"SkillPotion"},{"floor":5,"key":"Weak Potion"},{"floor":16,"key":"Elixir"},{"floor":18,"key":"SteroidPotion"},{"floor":20,"key":"Weak Potion"},{"floor":21,"key":"BlessingOfTheForge"},{"floor":30,"key":"Block Potion"}],"is_trial":false,"path_per_floor":["M","?","?","$","M","E","M","E","T","R","$","E","R","M","R","B",null,"M","?","M","M","$","R","E","$","T","R","E","?","M","M"],"character_chosen":"IRONCLAD","items_purchased":["relicPack:WeightedSword","Brimstone","Blood Vial"],"campfire_rested":4,"item_purchase_floors":[11,22,25],"current_hp_per_floor":[74,74,74,74,74,66,66,48,48,48,48,36,60,52,76,28,80,65,65,56,38,38,62,34,34,34,58,15,15,24,0,0],"gold":81,"neow_bonus":"IRONCLAD_RAGER","is_daily":false,"chose_seed":false,"campfire_upgraded":0,"win_rate":0.0,"timestamp":1611318545,"path_taken":["M","?","?","$","M","E","M","E","T","R","$","E","R","M","R","BOSS","M","?","M","?","$","R","E","$","T","R","E","?","?","M"],"items_purchased_type":["Relic","Relic","Relic"],"build_version":"2020-12-22","purchased_purges":0,"victory":false,"max_hp_per_floor":[80,80,80,80,80,80,80,80,80,80,80,80,80,80,80,80,80,80,80,80,80,80,80,80,80,80,80,80,80,80,80,80],"relic_stats":{"Blood Vial":6,"Regal Pillow":0,"counters":[152,702],"Black Blood":208,"obtain_stats":[{"hubris:BallOfYels":8,"Golden Egg":7,"relicPack:OneForAll":22,"Blood Vial":43,"Replay:Ringing Soul":9,"MealTicket":39,"StSpp:TwinEgg":24,"HandDrill":31,"relicPack:AllForOne":3,"Replay:Wax Seal":11,"aspiration:DSix":6,"Velvet Choker":17,"Pen Nib":11,"aspiration:IroncladSkillbook":17,"SlaversCollar":34,"Pandora\u0027s Box":17,"relicPack:WeightedSword":11,"conspire:Flyswatter":8,"Solar Panel":20,"hubris:Metronome":9,"Regal Pillow":21,"Painkiller Herb":17,"Bag of Preparation":23,"Smiling Mask":7,"Ancient Tea Set":38,"conspire:InfiniteJournal":0,"Replay:Rubber Ducky":20,"Replay:M_SmolderingBlood":14,"hubris:CuriousFeather":0,"WingedGreaves":0,"aspiration:FutureDiary":17,"InkBottle":6,"Ring of the Snake":20,"Potion Belt":26,"Lee\u0027s Waffle":0,"Replay:M_StaffOfTheSnake":0,"NeowsBlessing":0,"Golden Idol":5,"hubris:64BitClover":36,"conspire:RunicOctahedron":34,"PreservedInsect":19,"Geode":21,"Omamori":19,"Frozen Egg 2":11,"hubris:Towel":37,"Ornamental Fan":13,"hubris:Spice":47,"Ring of Misfortune":37,"StSpp:BrokenTotem":9,"Art of War":0,"Durian":49,"ReplayTheSpireMod:Lightbulb":26,"Centennial Puzzle":19,"Replay:Frozen Program":36,"conspire:DecoderRing":40,"Strawberry":25,"Prayer Wheel":16,"Iron Hammer":26,"StSpp:WoodenStick":36,"conspire:Dentures":23,"hubris:DuctTape":12,"Happy Flower":24,"aspiration:Nostalgia":0,"hubris:SoftwareUpdate":9,"Replay:Grab Bag":17,"conspire:Boomerang":6,"Letter Opener":43,"War Paint":11,"WarpedTongs":10,"OrangePellets":4,"ReplayTheSpireMod:Spearhead":19,"Shuriken":11,"Brimstone":22,"Molten Egg 2":10,"Onion Ring":13,"Grinning Jar":6,"conspire:IceCreamScoop":14,"Meat on the Bone":10,"ReplayFunnel":9,"Replay:PocketPolymizer":6,"Black Blood":17,"conspire:SpecialSausage":17,"Juzu Bracelet":7,"conspire:TopHat":7,"SsserpentHead":5,"Replay:Bandana":6,"hubris:Icosahedron":13,"Pantograph":5,"Red Mask":19,"Cracked Core":0,"Gremlin Food":9,"ReplayTheSpireMod:Ninjato":11,"aspiration:FetidBarrel":26,"aspiration:RunicSpoon":17,"Guide Book":21,"Orichalcum":31,"Mercury Hourglass":4,"Ring of Fury":37,"Bag of Marbles":5,"Membership Card":0,"aspiration:RitualDagger":17,"hubris:OldNail":4},{"hubris:BallOfYels":24,"Golden Egg":70,"relicPack:OneForAll":90,"Blood Vial":114,"Replay:Ringing Soul":96,"MealTicket":44,"StSpp:TwinEgg":149,"HandDrill":109,"relicPack:AllForOne":94,"Replay:Wax Seal":54,"aspiration:DSix":23,"Velvet Choker":101,"Pen Nib":84,"aspiration:IroncladSkillbook":101,"SlaversCollar":110,"Pandora\u0027s Box":128,"relicPack:WeightedSword":142,"conspire:Flyswatter":142,"Solar Panel":36,"hubris:Metronome":84,"Regal Pillow":129,"Painkiller Herb":101,"Bag of Preparation":131,"Smiling Mask":4,"Ancient Tea Set":111,"conspire:InfiniteJournal":49,"Replay:Rubber Ducky":89,"Replay:M_SmolderingBlood":18,"hubris:CuriousFeather":79,"WingedGreaves":79,"aspiration:FutureDiary":87,"InkBottle":52,"Ring of the Snake":36,"Potion Belt":92,"Lee\u0027s Waffle":79,"Replay:M_StaffOfTheSnake":0,"NeowsBlessing":8,"Golden Idol":10,"hubris:64BitClover":43,"conspire:RunicOctahedron":42,"PreservedInsect":129,"Geode":59,"Omamori":129,"Frozen Egg 2":71,"hubris:Towel":111,"Ornamental Fan":32,"hubris:Spice":117,"Ring of Misfortune":43,"StSpp:BrokenTotem":70,"Art of War":19,"Durian":118,"ReplayTheSpireMod:Lightbulb":78,"Centennial Puzzle":129,"Replay:Frozen Program":111,"conspire:DecoderRing":45,"Strawberry":92,"Prayer Wheel":34,"Iron Hammer":107,"StSpp:WoodenStick":111,"conspire:Dentures":78,"hubris:DuctTape":72,"Happy Flower":107,"aspiration:Nostalgia":0,"hubris:SoftwareUpdate":24,"Replay:Grab Bag":101,"conspire:Boomerang":123,"Letter Opener":46,"War Paint":5,"WarpedTongs":16,"OrangePellets":50,"ReplayTheSpireMod:Spearhead":146,"Shuriken":31,"Brimstone":148,"Molten Egg 2":4,"Onion Ring":72,"Grinning Jar":16,"conspire:IceCreamScoop":8,"Meat on the Bone":96,"ReplayFunnel":4,"Replay:PocketPolymizer":140,"Black Blood":145,"conspire:SpecialSausage":34,"Juzu Bracelet":31,"conspire:TopHat":84,"SsserpentHead":30,"Replay:Bandana":96,"hubris:Icosahedron":85,"Pantograph":51,"Red Mask":36,"Cracked Core":0,"Gremlin Food":16,"ReplayTheSpireMod:Ninjato":97,"aspiration:FetidBarrel":39,"aspiration:RunicSpoon":57,"Guide Book":59,"Orichalcum":41,"Mercury Hourglass":50,"Ring of Fury":43,"Bag of Marbles":122,"Membership Card":49,"aspiration:RitualDagger":74,"hubris:OldNail":50},{"hubris:BallOfYels":110,"Golden Egg":283,"relicPack:OneForAll":374,"Blood Vial":505,"Replay:Ringing Soul":403,"MealTicket":188,"StSpp:TwinEgg":694,"HandDrill":477,"relicPack:AllForOne":396,"Replay:Wax Seal":230,"aspiration:DSix":102,"Velvet Choker":434,"Pen Nib":341,"aspiration:IroncladSkillbook":434,"SlaversCollar":484,"Pandora\u0027s Box":588,"relicPack:WeightedSword":660,"conspire:Flyswatter":660,"Solar Panel":150,"hubris:Metronome":341,"Regal Pillow":598,"Painkiller Herb":434,"Bag of Preparation":608,"Smiling Mask":19,"Ancient Tea Set":487,"conspire:InfiniteJournal":211,"Replay:Rubber Ducky":368,"Replay:M_SmolderingBlood":78,"hubris:CuriousFeather":324,"WingedGreaves":324,"aspiration:FutureDiary":359,"InkBottle":224,"Ring of the Snake":150,"Potion Belt":387,"Lee\u0027s Waffle":324,"Replay:M_StaffOfTheSnake":0,"NeowsBlessing":54,"Golden Idol":56,"hubris:64BitClover":184,"conspire:RunicOctahedron":180,"PreservedInsect":598,"Geode":248,"Omamori":598,"Frozen Egg 2":286,"hubris:Towel":487,"Ornamental Fan":132,"hubris:Spice":523,"Ring of Misfortune":184,"StSpp:BrokenTotem":283,"Art of War":84,"Durian":528,"ReplayTheSpireMod:Lightbulb":319,"Centennial Puzzle":598,"Replay:Frozen Program":487,"conspire:DecoderRing":193,"Strawberry":387,"Prayer Wheel":136,"Iron Hammer":469,"StSpp:WoodenStick":487,"conspire:Dentures":319,"hubris:DuctTape":291,"Happy Flower":469,"aspiration:Nostalgia":0,"hubris:SoftwareUpdate":110,"Replay:Grab Bag":434,"conspire:Boomerang":558,"Letter Opener":198,"War Paint":30,"WarpedTongs":70,"OrangePellets":213,"ReplayTheSpireMod:Spearhead":679,"Shuriken":127,"Brimstone":690,"Molten Egg 2":19,"Onion Ring":291,"Grinning Jar":70,"conspire:IceCreamScoop":54,"Meat on the Bone":403,"ReplayFunnel":19,"Replay:PocketPolymizer":649,"Black Blood":674,"conspire:SpecialSausage":143,"Juzu Bracelet":127,"conspire:TopHat":341,"SsserpentHead":120,"Replay:Bandana":403,"hubris:Icosahedron":347,"Pantograph":218,"Red Mask":150,"Cracked Core":0,"Gremlin Food":70,"ReplayTheSpireMod:Ninjato":412,"aspiration:FetidBarrel":164,"aspiration:RunicSpoon":242,"Guide Book":248,"Orichalcum":172,"Mercury Hourglass":213,"Ring of Fury":184,"Bag of Marbles":547,"Membership Card":211,"aspiration:RitualDagger":300,"hubris:OldNail":213}]},"card_choices":[{"not_picked":["Sword Boomerang","Dual Wield"],"picked":"Twin Strike","floor":1},{"not_picked":["Iron Wave","Perfected Strike"],"picked":"Thunderclap","floor":5},{"not_picked":["StSpp:Jab","Power Through"],"picked":"Corruption","floor":6},{"not_picked":["True Grit","StSpp:Succumb"],"picked":"Armaments","floor":7},{"not_picked":["Perfected Strike","StSpp:Betrayal"],"picked":"Battle Trance","floor":8},{"not_picked":["Replay:Undeath\u0027s Touch","Thunderclap"],"picked":"Clash","floor":12},{"not_picked":["Corruption","Clothesline"],"picked":"Inflame","floor":14},{"not_picked":["Brutality","StSpp:IntoTheAbyss"],"picked":"Limit Break","floor":16},{"not_picked":["Cleave+1","Dropkick"],"picked":"Flame Barrier","floor":18},{"not_picked":["Pommel Strike","ReplayTheSpireMod:Stacked"],"picked":"Pummel+1","floor":20},{"not_picked":["ReplayTheSpireMod:Strike From Hell","Hemokinesis"],"picked":"Thunderclap","floor":21},{"not_picked":["Burning Pact+1","Blood for Blood"],"picked":"Carnage+1","floor":24},{"not_picked":["Perfected Strike","Hemokinesis"],"picked":"Pommel Strike","floor":28},{"not_picked":["Armaments","Run Through"],"picked":"conspire:Charge+1","floor":30}],"player_experience":51600,"relics_obtained":[{"floor":6,"key":"Replay:PocketPolymizer"},{"floor":8,"key":"conspire:Flyswatter"},{"floor":12,"key":"hubris:DuctTape"},{"floor":24,"key":"StSpp:TwinEgg"},{"floor":26,"key":"hubris:Metronome"},{"floor":28,"key":"Regal Pillow"}],"event_choices":[{"damage_healed":0,"gold_gain":0,"player_choice":"Leave","damage_taken":0,"max_hp_gain":0,"max_hp_loss":0,"event_name":"The Cleric","floor":2,"gold_loss":0},{"damage_healed":0,"gold_gain":0,"player_choice":"Grow","damage_taken":0,"max_hp_gain":0,"max_hp_loss":0,"event_name":"Living Wall","floor":3,"gold_loss":0,"cards_upgraded":["ICR:ShieldBash"]},{"damage_healed":0,"gold_gain":0,"player_choice":"Gave Potion","damage_taken":0,"relics_obtained":["ReplayTheSpireMod:Spearhead"],"max_hp_gain":0,"max_hp_loss":0,"event_name":"WeMeetAgain","floor":19,"gold_loss":0},{"damage_healed":0,"gold_gain":0,"cards_transformed":["ICR:RageStrike"],"player_choice":"Transformed","damage_taken":0,"max_hp_gain":0,"max_hp_loss":0,"event_name":"Transmorgrifier","floor":29,"gold_loss":0,"cards_obtained":["Demonic Infusion"]}],"is_beta":false,"boss_relics":[{"not_picked":["Pandora\u0027s Box","hubris:CrackedHourglass"],"picked":"Black Blood"}],"items_purged_floors":[],"is_endless":false,"potions_floor_spawned":[1,5,16,18,20,21,30],"killed_by":"Snake Plant","ascension_level":0}}