{"host":"8fuipfsvjht9cgcs","time":1611286580,"event":{"mods":["AchievementEnabler","BaseMod","Colored Map","Colored Powertips","DeckTracker","Friendly Minions","Kiyohime£¨?ýï£©","Marisa£¨Ùöéë¡¡Øª×âÞÞ£©","Minty Spire (QoL Compilation)","Prisma Mod","StSLib","SuperFastMode","The Cursed","The Gatherer"],"gold_per_floor":[112,128,128,53,64,98,98,123,146,179,179,189,205,222,222,327,327,347,154,169,44,144,144,144],"floor_reached":23,"language":"KOR","playtime":579,"items_purged":["Pain","Strike_R","Strike_R"],"score":338,"play_id":"7074efb2-593b-411c-9d39-df1861ce7b42","local_time":"20210122163620","is_ascension_mode":true,"campfire_choices":[{"data":"Wild Strike","floor":7,"key":"SMITH"},{"data":"Fire Breathing","floor":11,"key":"SMITH"},{"data":"Double Tap","floor":15,"key":"SMITH"}],"circlet_count":0,"master_deck":["AscendersBane","Strike_R","Strike_R","Strike_R","Defend_R","Defend_R","Defend_R","Defend_R","Bash","Fire Breathing+1","Sever Soul","Wild Strike+1","Wild Strike","Double Tap+1","Seeing Red","Offering","Madness","Feel No Pain"],"relics":["Burning Blood","NeowsBlessing","WarpedTongs","Dream Catcher","Lantern","Pen Nib","Black Star"],"acts_visited":["Exordium","TheCity"],"potions_floor_usage":[13,16,16],"damage_taken":[{"damage":0,"enemies":"Small Slimes","floor":1,"turns":1},{"damage":0,"enemies":"Cultist","floor":2,"turns":1},{"damage":0,"enemies":"2 Louse","floor":5,"turns":1},{"damage":32,"enemies":"3 Sentries","floor":6,"turns":5},{"damage":16,"enemies":"Gremlin Nob","floor":8,"turns":3},{"damage":15,"enemies":"3 Sentries","floor":10,"turns":5},{"damage":23,"enemies":"Exordium Thugs","floor":12,"turns":4},{"damage":8,"enemies":"3 Louse","floor":13,"turns":3},{"damage":11,"enemies":"Blue Slaver","floor":14,"turns":3},{"damage":6,"enemies":"Hexaghost","floor":16,"turns":7},{"damage":6,"enemies":"Chosen","floor":18,"turns":3},{"damage":12,"enemies":"Spheric Guardian","floor":20,"turns":3},{"damage":62,"enemies":"Slavers","floor":23,"turns":3}],"seed_played":"-2483300954156273673","potions_obtained":[{"floor":1,"key":"EssenceOfSteel"},{"floor":2,"key":"SpeedPotion"},{"floor":13,"key":"BloodPotion"},{"floor":14,"key":"Block Potion"},{"floor":16,"key":"Ancient Potion"}],"is_trial":false,"path_per_floor":["M","M","?","$","M","E","R","E","T","E","R","M","M","M","R","B",null,"M","$","M","$","?","E"],"character_chosen":"IRONCLAD","items_purchased":["Madness"],"campfire_rested":0,"item_purchase_floors":[19],"current_hp_per_floor":[78,80,80,80,80,54,54,44,44,35,35,18,32,27,27,27,67,67,67,61,61,61,0,0],"gold":144,"neow_bonus":"THREE_ENEMY_KILL","is_daily":false,"chose_seed":false,"campfire_upgraded":3,"win_rate":0.0,"timestamp":1611286580,"path_taken":["M","M","?","$","?","E","R","E","T","E","R","M","M","M","R","BOSS","M","$","M","$","?","E"],"items_purchased_type":["Card"],"build_version":"2020-12-22","purchased_purges":3,"victory":false,"max_hp_per_floor":[80,80,80,80,80,80,80,80,80,80,80,80,80,80,80,80,80,80,80,80,80,80,80,80],"card_choices":[{"not_picked":["Power Through","Inflame"],"picked":"Fire Breathing","floor":1},{"not_picked":["Warcry","Heavy Blade"],"picked":"Sever Soul","floor":2},{"not_picked":["Body Slam","Entrench"],"picked":"Wild Strike","floor":5},{"not_picked":["Burning Pact","Infernal Blade","Havoc"],"picked":"SKIP","floor":6},{"not_picked":["Anger","Body Slam"],"picked":"Wild Strike","floor":8},{"not_picked":["Rage","Thunderclap","Twin Strike"],"picked":"SKIP","floor":10},{"not_picked":["Warcry","Wild Strike","Body Slam"],"picked":"SKIP","floor":12},{"not_picked":["Wild Strike","Rage"],"picked":"Double Tap","floor":13},{"not_picked":["Clash","Shrug It Off"],"picked":"Seeing Red","floor":14},{"not_picked":["Barricade","Bludgeon"],"picked":"Offering","floor":16},{"not_picked":["Cleave","Heavy Blade","Wild Strike"],"picked":"SKIP","floor":18},{"not_picked":["Inflame","True Grit"],"picked":"Feel No Pain","floor":20}],"player_experience":433755,"relics_obtained":[{"floor":6,"key":"Dream Catcher"},{"floor":8,"key":"Lantern"},{"floor":10,"key":"Pen Nib"}],"event_choices":[{"damage_healed":0,"gold_gain":0,"player_choice":"Rummage","damage_taken":0,"relics_obtained":["WarpedTongs"],"max_hp_gain":0,"max_hp_loss":0,"event_name":"Accursed Blacksmith","floor":3,"gold_loss":0,"cards_obtained":["Pain"]},{"damage_healed":0,"gold_gain":100,"player_choice":"Pray","damage_taken":0,"max_hp_gain":0,"max_hp_loss":0,"event_name":"Golden Shrine","floor":22,"gold_loss":0}],"is_beta":false,"boss_relics":[{"not_picked":["Runic Cube","Ectoplasm"],"picked":"Black Star"}],"items_purged_floors":[4,19,21],"is_endless":false,"potions_floor_spawned":[1,2,13,14,16],"killed_by":"Slavers","ascension_level":12}}