{"host":"xsfbp1yx1f2ea5z7","time":1611317317,"event":{"mods":["AchievementEnabler","Act Like it!","Bard","BaseMod","Beaked The Cultist","Better Altar","Better Match","Better Note","Better Sensory Stone","Better Skull","Better Third Choice","BetterRewards","Block Reminder","ChefMod","Colored Map","Colored Powertips","Conspire","DeckTracker","Downfall","GifTheSpireLib","GungeonMod","Halation","Hermit","Hubris","Infinite Spire","Jedi Mod","Jorbs\u0027s Wanderer Trilogy","Marked Mod","Mimic Mod","Minty Spire (QoL Compilation)","Shade Mod","Spicy Shops","StSLib","Stuff the Spire","The Blackbeard","The Cursed","The Hierophant","The Judge","The Jungle","The Mystic","The Runesmith","TheBandit","Unceasing Turn Reminder","Wandering Minibosses","everything is the same but u backflip on backflip","vexMod"],"gold_per_floor":[99,112,130,40,140,169,239,39,54,87,87,104,4,21,39,135,135,135,135,147,167,180,213,213,228,248,280,318,331,331,331,342,442,442,442,457,472,484,369,386,411,741,741,752,752,752],"floor_reached":45,"language":"ENG","playtime":2279,"items_purged":["bronze:Strike","bronze:Strike","bronze:Defend"],"score":521,"play_id":"4200a151-d134-466d-a0cb-84e30ad08590","local_time":"20210122200837","is_ascension_mode":false,"campfire_choices":[{"floor":1,"key":"RECALL"},{"data":"bronze:Philosophize","floor":8,"key":"SMITH"},{"floor":13,"key":"REST"},{"data":"bronze:SpaghettiCode","floor":18,"key":"SMITH"},{"floor":30,"key":"REST"},{"floor":35,"key":"DIG"},{"data":"bronze:GetLatest","floor":43,"key":"SMITH"}],"circlet_count":0,"master_deck":["bronze:Replicate","bronze:Goto","bronze:DelayedSlice+1","bronze:WhirlingStrike","bronze:Philosophize+1","bronze:ForceShield","bronze:BronzeOrb","bronze:WhirlingStrike","bronze:SpaghettiCode+1","bronze:GetLatest+1","bronze:Iterate+1","bronze:Optimize","bronze:ChosenStrike+1","bronze:BronzeOrb","bronze:FindAndReplace","bronze:DigitalCarnage+1","bronze:Branch+1","bronze:ClassDefault+1","bronze:Iterate+1"],"relics":["bronze:PlatinumCore","Toy Ornithopter","downfall:HeartBlessingRed","downfall:HeartBlessingBlue","DemoMod:OrangeGuonStone","halation:EternalFortune","downfall:HeartBlessingGreen","bronze:ProtectiveGoggles","StuffTheSpire:SapphireSignet","vexMod:FocusSash","Shovel","wanderingMiniBosses:Inkheart","vexMod:Cooldron","Empty Cage","halation:Trompette","StuffTheSpire:Barrel"],"acts_visited":["Exordium","TheCity","TheBeyond"],"potions_floor_usage":[5,6,16,16,26,33,33,33,34,36,36,39,39,39,39,40,44,45,45],"damage_taken":[{"damage":10,"enemies":"Jaw Worm","floor":2,"turns":4},{"damage":0,"enemies":"2 Louse","floor":3,"turns":2},{"damage":3,"enemies":"downfall:FleeingMerchant","floor":4,"turns":4},{"damage":24,"enemies":"downfall:Heads","floor":5,"turns":6},{"damage":15,"enemies":"Lagavulin","floor":6,"turns":3},{"damage":0,"enemies":"Cultist","floor":9,"turns":2},{"damage":19,"enemies":"Gremlin Nob","floor":10,"turns":4},{"damage":6,"enemies":"Red Slaver","floor":12,"turns":2},{"damage":2,"enemies":"Exordium Wildlife","floor":14,"turns":3},{"damage":0,"enemies":"Large Slime","floor":15,"turns":3},{"damage":26,"enemies":"DF_ARCHETYPE_STREAMLINE","floor":16,"turns":9},{"damage":0,"enemies":"Shell Parasite","floor":20,"turns":2},{"damage":0,"enemies":"Spheric Guardian","floor":21,"turns":2},{"damage":7,"enemies":"conspire:HollyBat","floor":22,"turns":6},{"damage":0,"enemies":"conspire:Head Lice","floor":23,"turns":4},{"damage":0,"enemies":"Snecko","floor":25,"turns":3},{"damage":0,"enemies":"Snake Plant","floor":26,"turns":2},{"damage":13,"enemies":"Slavers","floor":27,"turns":3},{"damage":64,"enemies":"conspire:MimicChest","floor":28,"turns":6},{"damage":0,"enemies":"Centurion and Healer","floor":29,"turns":2},{"damage":0,"enemies":"Shelled Parasite and Fungi","floor":32,"turns":2},{"damage":20,"enemies":"SI_MIRROR_ARCHETYPE","floor":33,"turns":5},{"damage":0,"enemies":"Orb Walker","floor":36,"turns":1},{"damage":8,"enemies":"3 Darklings","floor":37,"turns":2},{"damage":0,"enemies":"Sphere and 2 Shapes","floor":38,"turns":4},{"damage":3,"enemies":"downfall:FleeingMerchant","floor":39,"turns":4},{"damage":11,"enemies":"Maw","floor":40,"turns":5},{"damage":0,"enemies":"downfall:FleeingMerchant","floor":42,"turns":2},{"damage":0,"enemies":"Jaw Worm Horde","floor":44,"turns":2},{"damage":91,"enemies":"Nightmare","floor":45,"turns":5}],"seed_played":"-438149319649426186","potions_obtained":[{"floor":2,"key":"Fire Potion"},{"floor":5,"key":"jedi:StrikingPotion"},{"floor":9,"key":"jedi:holywater"},{"floor":12,"key":"Fire Potion"},{"floor":14,"key":"Guardian:BlockOnCardUsePotion"},{"floor":15,"key":"jedi:tentaclejuice"},{"floor":20,"key":"hexamod:SoulburnPotion"},{"floor":25,"key":"LiquidMemories"},{"floor":29,"key":"LiquidBronze"},{"floor":33,"key":"EntropicBrew"},{"floor":36,"key":"EntropicBrew"},{"floor":40,"key":"EntropicBrew"}],"is_trial":false,"path_per_floor":["R","M","M","$","?","E","T","R","M","E","?","M","R","M","M","B",null,"R","?","M","M","M","E","T","M","M","E","?","M","R","AVR","M","B",null,"R","M","M","M","$","M","T","$","R","M","NM"],"character_chosen":"THE_AUTOMATON","items_purchased":[],"campfire_rested":2,"item_purchase_floors":[],"current_hp_per_floor":[70,60,60,57,33,18,18,28,28,9,12,6,30,28,28,12,83,83,83,83,83,76,76,76,76,81,68,4,6,30,30,30,25,83,83,83,75,75,80,76,76,76,76,81,0,0],"gold":752,"neow_bonus":"REMOVE_CARD","is_daily":false,"chose_seed":false,"campfire_upgraded":3,"win_rate":0.0,"timestamp":1611317317,"path_taken":["R","M","M","$","?","E","T","R","M","E","?","M","R","M","M","BOSS","R","?","M","M","?","E","T","M","M","E","?","M","R","AVR","M","BOSS","R","M","M","M","$","M","T","$","R","M","NM"],"items_purchased_type":[],"build_version":"2020-12-22","purchased_purges":3,"victory":false,"max_hp_per_floor":[70,70,70,70,70,70,70,80,80,80,83,83,83,83,83,83,83,83,83,83,83,83,83,83,83,83,83,83,83,83,83,83,83,83,83,83,83,83,83,83,83,83,83,83,83,83],"card_choices":[{"not_picked":["bronze:BitShift","bronze:ForLoop"],"picked":"bronze:DelayedSlice","floor":2},{"not_picked":["bronze:BitShift","bronze:Repulsor"],"picked":"bronze:WhirlingStrike","floor":3},{"not_picked":["bronze:Deprecate","bronze:Invalidate","bronze:Fortify"],"picked":"SKIP","floor":4},{"not_picked":["bronze:Backtrace","bronze:Invalidate"],"picked":"bronze:ForceShield","floor":6},{"not_picked":["bronze:CutThrough","bronze:Shield","bronze:BuggyMess"],"picked":"SKIP","floor":9},{"not_picked":["bronze:BurnOut","bronze:CutThrough","bronze:Deprecate"],"picked":"SKIP","floor":10},{"not_picked":["bronze:Shell","bronze:DelayedSlice"],"picked":"bronze:BronzeOrb","floor":12},{"not_picked":["bronze:CutThrough","bronze:WildBeam","bronze:BitShift"],"picked":"SKIP","floor":14},{"not_picked":["bronze:Frontload","bronze:Boost"],"picked":"bronze:WhirlingStrike","floor":15},{"not_picked":["bronze:Break","bronze:HardenedForm"],"picked":"bronze:SpaghettiCode","floor":16},{"not_picked":["bronze:Overheat","bronze:Invalidate+1","bronze:Deprecate"],"picked":"SKIP","floor":20},{"not_picked":["bronze:DarkDash","bronze:Flail+1","bronze:Repair"],"picked":"SKIP","floor":21},{"not_picked":["bronze:Invalidate","bronze:Deprecate"],"picked":"bronze:GetLatest","floor":22},{"not_picked":["bronze:HyperBeam","bronze:Turbo"],"picked":"bronze:Iterate+1","floor":23},{"not_picked":["bronze:FineTuning","bronze:NullPointer","bronze:OilSpill"],"picked":"SKIP","floor":25},{"not_picked":["bronze:DelayedGuard","bronze:Deprecate"],"picked":"bronze:Optimize","floor":26},{"not_picked":["bronze:Shield+1","bronze:WildBeam"],"picked":"bronze:ChosenStrike+1","floor":27},{"not_picked":["bronze:Invalidate","bronze:ForLoop","bronze:Deprecate"],"picked":"SKIP","floor":29},{"not_picked":["bronze:BuggyMess","bronze:FindAndReplace"],"picked":"bronze:BronzeOrb","floor":32},{"not_picked":["bronze:SpaghettiCode","bronze:Virus"],"picked":"bronze:FindAndReplace","floor":33},{"not_picked":["bronze:FineTuning","bronze:CutThrough"],"picked":"bronze:DigitalCarnage+1","floor":36},{"not_picked":["bronze:WhirlingStrike","bronze:Safeguard"],"picked":"bronze:Branch+1","floor":37},{"not_picked":["bronze:Deprecate","bronze:Iterate","bronze:DigitalCarnage"],"picked":"SKIP","floor":38},{"not_picked":["bronze:BitShift+1","bronze:NullPointer"],"picked":"bronze:ClassDefault+1","floor":39},{"not_picked":["bronze:BugBarrage","bronze:Deprecate","bronze:OilSpill"],"picked":"SKIP","floor":40},{"not_picked":["bronze:OilSpill","bronze:CleanCode","bronze:Shield+1"],"picked":"SKIP","floor":42},{"not_picked":["bronze:CutThrough","bronze:Shield+1"],"picked":"bronze:Iterate+1","floor":44}],"player_experience":99804,"relics_obtained":[{"floor":6,"key":"Toy Ornithopter"},{"floor":10,"key":"DemoMod:OrangeGuonStone"},{"floor":23,"key":"bronze:ProtectiveGoggles"},{"floor":24,"key":"StuffTheSpire:SapphireSignet"},{"floor":27,"key":"vexMod:FocusSash"},{"floor":28,"key":"Shovel"},{"floor":28,"key":"wanderingMiniBosses:Inkheart"},{"floor":35,"key":"halation:Trompette"},{"floor":41,"key":"StuffTheSpire:Barrel"}],"event_choices":[{"damage_healed":0,"gold_gain":0,"player_choice":"Ignored","damage_taken":0,"max_hp_gain":0,"max_hp_loss":0,"event_name":"betterNote:BetterNote","floor":19,"gold_loss":0,"cards_obtained":["Battle Trance"]}],"is_beta":false,"boss_relics":[{"not_picked":["vexMod:MegatonBomb","halation:ForbiddenBikini"],"picked":"bronze:PlatinumCore"},{"not_picked":["hubris:GrandSneckoEye","Snecko Eye"],"picked":"Empty Cage"}],"items_purged_floors":[4,31,39],"is_endless":false,"potions_floor_spawned":[2,5,9,12,14,15,20,25,29,33,36,40],"killed_by":"Nightmare","ascension_level":0}}