{"host":"6aycdg1azw3gf4o9","time":1611322200,"event":{"mods":["Arknights The Spire","BaseMod","CapriCore","Marisa£®ÏF”Í°°ƒß¿Ì…≥£©","Minty Spire (QoL Compilation)","READ ME - Guardian Mod","Remilia£®¿Ÿ√◊¿Ú—«£©","StSLib"],"gold_per_floor":[114,114,114,114,137,137,160,144,144,107,122,122,122,138,138,268,268,283,86,86,74,93,93,93,93],"floor_reached":24,"language":"ZHS","playtime":1450,"items_purged":["ats:Defend"],"score":208,"play_id":"98d95708-1b73-49ae-99d2-a528b4b696f9","local_time":"20210122213000","is_ascension_mode":false,"campfire_choices":[{"data":"ats:Healing Strengthening","floor":6,"key":"SMITH"},{"data":"ats:Counter Healing Mode","floor":12,"key":"SMITH"},{"data":"ats:Emotion Absorption","floor":15,"key":"SMITH"}],"circlet_count":0,"master_deck":["ats:Strike C","ats:Strike S","ats:Armor Crushing Shot","ats:Defend","ats:Defend","ats:Emotion Absorption+1","ats:Calcification","ats:Counter Healing Mode+1","ats:Healing Strengthening+1","ats:Childhood Dance","ats:Shell Defense","ats:Nebulous Foxfire+1","ats:Ignite","ats:Echo Reverb+1","ats:Song Of Battle+1","ats:Shadow Raid+1","ats:Part Time Job+1","ats:Demon Strength+1","ats:Hammer On","ats:Assault Order+1","ats:Powerful Strike","Wrath_TH","EndlessPower","ats:Consecutive Shot Auto","ats:Steam Pump+1"],"relics":["ats:Sanity","Golden Idol","Pantograph","Toxic Egg 2","Astrolabe"],"acts_visited":["Exordium","TheCity"],"potions_floor_usage":[16,16,16,23],"damage_taken":[{"damage":11,"enemies":"Cultist","floor":1,"turns":4},{"damage":8,"enemies":"Small Slimes","floor":5,"turns":5},{"damage":9,"enemies":"Jaw Worm","floor":7,"turns":6},{"damage":20,"enemies":"Exordium Thugs","floor":8,"turns":5},{"damage":14,"enemies":"2 Fungi Beasts","floor":11,"turns":6},{"damage":7,"enemies":"Red Slaver","floor":14,"turns":8},{"damage":235,"enemies":"Hexaghost","floor":16,"turns":29},{"damage":65,"enemies":"Spheric Guardian","floor":18,"turns":11},{"damage":20,"enemies":"2 Thieves","floor":21,"turns":4},{"damage":37,"enemies":"Snake Plant","floor":22,"turns":4},{"damage":0,"enemies":"Slavers","floor":23,"turns":1},{"damage":56,"enemies":"Sentry and Sphere","floor":24,"turns":6}],"seed_played":"-7189007351075739173","potions_obtained":[{"floor":1,"key":"Weak Potion"},{"floor":13,"key":"EntropicBrew"},{"floor":13,"key":"ColorlessPotion"}],"is_trial":false,"path_per_floor":["M","?","?","T","M","R","M","M","T","?","M","R","?","M","R","B",null,"M","$","?","M","M","E","M"],"character_chosen":"DOCTOR_CLASS","items_purchased":["ats:Hammer On","ats:Assault Order+1","ats:Powerful Strike"],"campfire_rested":0,"item_purchase_floors":[19,19,19],"current_hp_per_floor":[55,60,43,43,37,37,32,15,15,15,17,17,17,44,44,41,70,70,70,70,56,25,25,0,0],"gold":93,"neow_bonus":"THREE_RARE_CARDS","is_daily":false,"chose_seed":false,"campfire_upgraded":3,"win_rate":0.0,"timestamp":1611322200,"path_taken":["M","?","?","?","M","R","?","M","T","?","M","R","?","M","R","BOSS","M","$","?","M","M","E","M"],"items_purchased_type":["Card","Card","Card"],"build_version":"2020-12-22","purchased_purges":1,"victory":false,"max_hp_per_floor":[65,70,70,70,70,70,70,70,70,70,70,70,70,70,70,70,70,70,70,70,70,70,70,70,70],"card_choices":[{"not_picked":["ats:Nebulous Foxfire","ats:Disruption Kick"],"picked":"ats:Calcification","floor":0},{"not_picked":["ats:Cat Scratch","ats:Poison Spread"],"picked":"ats:Counter Healing Mode","floor":1},{"not_picked":["ats:Curse Doll","ats:Apocalypse"],"picked":"ats:Healing Strengthening","floor":5},{"not_picked":["ats:Ignite","ats:Counter Healing Mode"],"picked":"ats:Childhood Dance","floor":7},{"not_picked":["ats:Hammer On","ats:Sword Rain"],"picked":"ats:Shell Defense","floor":8},{"not_picked":["ats:Leaping Hammer","ats:Defend Order"],"picked":"ats:Nebulous Foxfire+1","floor":11},{"not_picked":["ats:Leaping Hammer","ats:Poison Spread"],"picked":"ats:Ignite","floor":14},{"not_picked":["ats:Roar Of Ursus","ats:Shadow Assault"],"picked":"ats:Echo Reverb+1","floor":16},{"not_picked":["ats:Hammer On","ats:Consecutive Shot Auto"],"picked":"ats:Demon Strength+1","floor":18},{"not_picked":["ats:Revitalization+1","ats:Childhood Dance+1"],"picked":"ats:Consecutive Shot Auto","floor":21},{"not_picked":["ats:Explosion Area Strengthen","ats:Flexible Camouflage+1"],"picked":"ats:Steam Pump+1","floor":22}],"player_experience":438928,"relics_obtained":[{"floor":4,"key":"Pantograph"},{"floor":9,"key":"Toxic Egg 2"}],"event_choices":[{"damage_healed":0,"gold_gain":0,"player_choice":"Donut","damage_taken":0,"max_hp_gain":5,"max_hp_loss":0,"event_name":"Big Fish","floor":2,"gold_loss":0},{"damage_healed":0,"gold_gain":0,"player_choice":"Take Damage","damage_taken":17,"relics_obtained":["Golden Idol"],"max_hp_gain":0,"max_hp_loss":0,"event_name":"Golden Idol","floor":3,"gold_loss":0},{"damage_healed":0,"gold_gain":0,"player_choice":"Left Gold","damage_taken":0,"max_hp_gain":0,"max_hp_loss":0,"event_name":"World of Goop","floor":10,"gold_loss":37},{"damage_healed":0,"gold_gain":0,"player_choice":"Got Potions","damage_taken":0,"max_hp_gain":0,"max_hp_loss":0,"event_name":"Lab","floor":13,"gold_loss":0}],"is_beta":false,"boss_relics":[{"not_picked":["Ectoplasm","Snecko Eye"],"picked":"Astrolabe"}],"items_purged_floors":[19],"is_endless":false,"potions_floor_spawned":[1,16,18,22,23],"killed_by":"Sentry and Sphere","ascension_level":0}}