{"host":"4rtn89y1rk8bswvs","time":1611311946,"event":{"mods":["BaseMod","Colored Powertips","HololiveMod","Minty Spire (QoL Compilation)","Prisma Mod","Quick Restart","Reimu£®≤©¿ˆ¡È√Œ£©","StSLib","The Gatherer","Yakumo Yukari mod","Youmu£®ªÍ∆«—˝√Œ£©","Yuyuko"],"gold_per_floor":[109,284,284,359,359,394,394,414,440,460,460,460,483,54,54,173,173,187,212,172,172,185,185,221,21,69,69,69,69],"floor_reached":28,"language":"ZHS","playtime":1387,"items_purged":["Doubt"],"score":259,"play_id":"3ce6eea5-5ab4-4731-8520-c9864be13415","local_time":"20210122183906","is_ascension_mode":false,"campfire_choices":[{"data":"NB:ReiMu","floor":7.0,"key":"SMITH"},{"data":"SafetyPray:ReiMu","floor":11.0,"key":"SMITH"},{"data":"Crusade:ReiMu","floor":15.0,"key":"SMITH"},{"data":"SpringWay:ReiMu","floor":23,"key":"SMITH"},{"floor":27,"key":"REST"}],"circlet_count":0,"master_deck":["Strike_Lin:ReiMu+1","Strike_Lin:ReiMu+1","Strike_Lin:ReiMu+1","Strike_Lin:ReiMu+1","Defend_Lin:ReiMu+1","Defend_Lin:ReiMu+1","Defend_Lin:ReiMu+1","Defend_Lin:ReiMu+1","NB:ReiMu+1","Stagnation:ReiMu","SafetyPray:ReiMu+1","Enchanting:ReiMu","LovePray:ReiMu+1","Intuition:ReiMu","AirManeuver:ReiMu","SubAcupoint:ReiMu","Crusade:ReiMu+1","HakureiPhantom:ReiMu","AlertArray:ReiMu","SpringWay:ReiMu+1","Revelation:ReiMu+1","Gathering:ReiMu+1","SpringWay:ReiMu"],"relics":["FlyPower:ReiMu","NeowsBlessing","Golden Idol","Gremlin Horn","Blood Vial","War Paint","Frozen Egg 2","Sozu","ZunR:ReiMu","SkyOrb:ReiMu","Medical Kit","Omamori"],"acts_visited":["Exordium","TheCity"],"potions_floor_usage":[16,19,28],"damage_taken":[{"damage":0.0,"enemies":"Cultist","floor":1.0,"turns":1.0},{"damage":0.0,"enemies":"Lagavulin","floor":6.0,"turns":4.0},{"damage":0.0,"enemies":"Jaw Worm","floor":8.0,"turns":1.0},{"damage":19.0,"enemies":"2 Louse","floor":10.0,"turns":5.0},{"damage":2.0,"enemies":"Looter","floor":13.0,"turns":3.0},{"damage":18,"enemies":"The Guardian","floor":16,"turns":16},{"damage":13,"enemies":"Shell Parasite","floor":18,"turns":8},{"damage":18,"enemies":"Spheric Guardian","floor":19,"turns":9},{"damage":9,"enemies":"Shelled Parasite and Fungi","floor":22,"turns":6},{"damage":3,"enemies":"Book of Stabbing","floor":24,"turns":7},{"damage":4,"enemies":"Colosseum Slavers","floor":28,"turns":8},{"damage":71,"enemies":"Colosseum Nobs","floor":28,"turns":4}],"seed_played":"-1336301277345013889","potions_obtained":[{"floor":6.0,"key":"GrandPatriotsElixir:ReiMu"},{"floor":13.0,"key":"Swift Potion"},{"floor":16,"key":"Ancient Potion"}],"is_trial":false,"path_per_floor":["M","?","?","?","T","E","R","M","T","M","R","?","M","$","R","B",null,"M","M","?","?","M","R","E","$","T","R","?"],"character_chosen":"REIMU","items_purchased":["Frozen Egg 2","SubAcupoint:ReiMu","Crusade:ReiMu","Medical Kit","SpringWay:ReiMu"],"campfire_rested":1,"item_purchase_floors":[14,14,14,25,25],"current_hp_per_floor":[65,65,49,38,38,38,38,40,40,23,23,23,23,23,23,7,65,52,36,36,36,29,29,28,28,28,47,0,0],"gold":69,"neow_bonus":"THREE_ENEMY_KILL","is_daily":false,"chose_seed":false,"campfire_upgraded":4,"win_rate":0.0,"timestamp":1611311946,"path_taken":["M","?","?","?","?","E","R","M","T","M","R","?","?","$","R","BOSS","M","M","?","?","M","R","E","$","T","R","?"],"items_purchased_type":["Relic","Card","Card","Relic","Card"],"build_version":"2020-12-22","purchased_purges":1,"victory":false,"max_hp_per_floor":[65,65,65,65,65,65,65,65,65,65,65,65,65,65,65,65,65,65,65,65,65,65,65,65,65,65,65,65,65],"card_choices":[{"not_picked":["CareerPray:ReiMu","SpreadBorder2:ReiMu"],"picked":"SafetyPray:ReiMu","floor":1.0},{"not_picked":["ManaGlint:ReiMu","KamiSacrifice:ReiMu"],"picked":"Enchanting:ReiMu","floor":6.0},{"not_picked":["SubcavityInstant:ReiMu","UniversalSpiritual:ReiMu"],"picked":"LovePray:ReiMu","floor":8.0},{"not_picked":["YinYangSign:ReiMu","FantasyBorder:ReiMu"],"picked":"Intuition:ReiMu","floor":10.0},{"not_picked":["SubcavityInstant:ReiMu","Amulet:ReiMu"],"picked":"AirManeuver:ReiMu","floor":13.0},{"not_picked":["RunawayExorcism:ReiMu","KyokaiOfKami:ReiMu+1"],"picked":"HakureiPhantom:ReiMu","floor":16},{"not_picked":["FantasyBorder:ReiMu","UniversalSpiritual:ReiMu+1"],"picked":"AlertArray:ReiMu","floor":18},{"not_picked":["UpKicking:ReiMu+1","AlertArray:ReiMu"],"picked":"SpringWay:ReiMu","floor":19},{"not_picked":["PhosphorusFlame:ReiMu+1","Conquer:ReiMu"],"picked":"Revelation:ReiMu+1","floor":22},{"not_picked":["Meditation:ReiMu","FantasyMoon:ReiMu+1"],"picked":"Gathering:ReiMu+1","floor":24}],"player_experience":82966,"relics_obtained":[{"floor":5.0,"key":"Gremlin Horn"},{"floor":6.0,"key":"Blood Vial"},{"floor":9.0,"key":"War Paint"},{"floor":24,"key":"SkyOrb:ReiMu"},{"floor":26,"key":"Omamori"}],"event_choices":[{"damage_healed":0.0,"max_hp_gain":0.0,"max_hp_loss":0.0,"gold_gain":175.0,"event_name":"Liars Game","player_choice":"AGREE","floor":2.0,"gold_loss":0.0,"damage_taken":0.0,"cards_obtained":["Doubt"]},{"damage_healed":0.0,"max_hp_gain":0.0,"max_hp_loss":0.0,"gold_gain":0.0,"event_name":"Golden Idol","player_choice":"Take Damage","floor":3.0,"gold_loss":0.0,"damage_taken":16.0,"relics_obtained":["Golden Idol"]},{"damage_healed":0.0,"max_hp_gain":0.0,"max_hp_loss":0.0,"gold_gain":75.0,"event_name":"World of Goop","player_choice":"Gather Gold","floor":4.0,"gold_loss":0.0,"damage_taken":11.0},{"damage_healed":0.0,"max_hp_gain":0.0,"max_hp_loss":0.0,"gold_gain":0.0,"event_name":"Golden Wing","player_choice":"Ignored","floor":12.0,"gold_loss":0.0,"damage_taken":0.0},{"damage_healed":0,"gold_gain":0,"player_choice":"π∫¬Ú…Òæ∆","damage_taken":0,"relics_obtained":["ZunR:ReiMu"],"max_hp_gain":0,"max_hp_loss":0,"event_name":"ZunEvent","floor":20,"gold_loss":40},{"damage_healed":0,"gold_gain":0,"player_choice":"Simplicity","damage_taken":0,"max_hp_gain":0,"max_hp_loss":0,"event_name":"Back to Basics","floor":21,"gold_loss":0,"cards_upgraded":["Strike_Lin:ReiMu","Strike_Lin:ReiMu","Strike_Lin:ReiMu","Strike_Lin:ReiMu","Defend_Lin:ReiMu","Defend_Lin:ReiMu","Defend_Lin:ReiMu"]},{"damage_healed":0,"gold_gain":0,"player_choice":"Fight","damage_taken":0,"max_hp_gain":0,"max_hp_loss":0,"event_name":"Colosseum","floor":28,"gold_loss":0},{"damage_healed":0,"gold_gain":0,"player_choice":"Fought Nobs","damage_taken":0,"max_hp_gain":0,"max_hp_loss":0,"event_name":"Colosseum","floor":28,"gold_loss":0}],"is_beta":false,"boss_relics":[{"not_picked":["Ectoplasm","CrownOfHeavens:ReiMu"],"picked":"Sozu"}],"items_purged_floors":[14],"is_endless":false,"potions_floor_spawned":[6,13,16,18,19,24],"killed_by":"Colosseum Nobs","ascension_level":0}}