{"host":"ftwnpa9ceeptmrn1","time":1611290976,"event":{"mods":["Aspiration","BaseMod","Colored Map","Colored Powertips","Conspire","Downfall","Hubris","Infinite Spire","Minty Spire (QoL Compilation)","Relic Stats","StSLib","Waifu the Spire","vexMod"],"gold_per_floor":[116,126,142,153,169,194,194,206,232,248,18,18,50,61,61,164,164,179,179,179,179,189,189,217,228,228,259,278,296,315,328,328,424,424,443,462,316,316,361,396,410,443,470,497,597,623,623,431,431,431,431,431,29,58,58],"floor_reached":56,"language":"ENG","playtime":8274,"items_purged":["Defend_P"],"score":1371,"play_id":"bedf4457-f580-43e1-bc28-6f5039ab9267","local_time":"20210121224936","is_ascension_mode":true,"campfire_choices":[{"floor":7.0,"key":"REST"},{"data":"Crescendo","floor":12.0,"key":"SMITH"},{"data":"Eruption","floor":15.0,"key":"SMITH"},{"floor":23.0,"key":"RECALL"},{"data":"DevaForm","floor":32.0,"key":"SMITH"},{"floor":49.0,"key":"REST"},{"data":"infinitespire:NeuralNetwork","floor":52.0,"key":"SMITH"}],"circlet_count":0,"master_deck":["Defend_P","Defend_P","Defend_P","Eruption+1","Vigilance","CutThroughFate","DeceiveReality","Halt","FlurryOfBlows","Collect","JustLucky","CutThroughFate","FollowUp","Master of Strategy","Crescendo+1","FollowUp","FlurryOfBlows","Evaluate","DevaForm+1","CutThroughFate","Bite","Bite","Bite","Bite","Bite","Crescendo","SashWhip","FollowUp","MasterReality","Meditate+1","Consecrate","ThirdEye","Collect+1","Ragnarok","Fasting2+1","CrushJoints","Weave","Adaptation","Consecrate+1","Weave","ReachHeaven+1","CutThroughFate+1","infinitespire:NeuralNetwork+1","ClearTheMind","ClearTheMind+1","Enlightenment","LikeWater","hubris:Insight","DeceiveReality"],"relics":["PureWater","Tiny Chest","infinitespire:Beetle Shell","conspire:RunicOctahedron","hubris:Towel","MealTicket","Torii","Question Card","vexMod:ScavengeHelm","aspiration:SecretTechniqueScroll","aspiration:SeaSaltIceCream","Vajra","Orichalcum","Oddly Smooth Stone","conspire:TopHat","hubris:FunFungus","hubris:TenFootPole","vexMod:TimeEaterHat","vexMod:BarristanHead"],"acts_visited":["Exordium","TheCity","TheBeyond","TheEnding"],"potions_floor_usage":[55,55],"damage_taken":[{"damage":0.0,"enemies":"Cultist","floor":1.0,"turns":3.0},{"damage":9.0,"enemies":"Jaw Worm","floor":2.0,"turns":4.0},{"damage":1.0,"enemies":"Small Slimes","floor":3.0,"turns":5.0},{"damage":7.0,"enemies":"Exordium Thugs","floor":4.0,"turns":6.0},{"damage":0.0,"enemies":"Exordium Wildlife","floor":5.0,"turns":3.0},{"damage":18.0,"enemies":"Lagavulin","floor":6.0,"turns":9.0},{"damage":4.0,"enemies":"Red Slaver","floor":8.0,"turns":3.0},{"damage":9.0,"enemies":"Lots of Slimes","floor":10.0,"turns":5.0},{"damage":6.0,"enemies":"3 Sentries","floor":13.0,"turns":5.0},{"damage":3.0,"enemies":"3 Louse","floor":14.0,"turns":3.0},{"damage":7.0,"enemies":"Slime Boss","floor":16.0,"turns":10.0},{"damage":0.0,"enemies":"3 Byrds","floor":18.0,"turns":3.0},{"damage":18.0,"enemies":"2 Thieves","floor":22.0,"turns":3.0},{"damage":7.0,"enemies":"Gremlin Leader","floor":24.0,"turns":4.0},{"damage":1.0,"enemies":"Cultist and Chosen","floor":25.0,"turns":4.0},{"damage":7.0,"enemies":"conspire:Head Lice","floor":27.0,"turns":6.0},{"damage":10.0,"enemies":"Shelled Parasite and Fungi","floor":28.0,"turns":4.0},{"damage":8.0,"enemies":"Sentry and Sphere","floor":29.0,"turns":4.0},{"damage":4.0,"enemies":"Snake Plant","floor":30.0,"turns":4.0},{"damage":27.0,"enemies":"Centurion and Healer","floor":31.0,"turns":5.0},{"damage":6.0,"enemies":"Automaton","floor":33.0,"turns":6.0},{"damage":14.0,"enemies":"3 Darklings","floor":35.0,"turns":5.0},{"damage":7.0,"enemies":"3 Shapes","floor":36.0,"turns":3.0},{"damage":13.0,"enemies":"Nemesis","floor":40.0,"turns":5.0},{"damage":2.0,"enemies":"Transient","floor":41.0,"turns":5.0},{"damage":15.0,"enemies":"Reptomancer","floor":42.0,"turns":2.0},{"damage":11.0,"enemies":"Nemesis","floor":44.0,"turns":7.0},{"damage":0.0,"enemies":"infinitespire:Three Voidlings","floor":45.0,"turns":2.0},{"damage":19.0,"enemies":"Nightmare_Alpha","floor":45.0,"turns":15.0},{"damage":60.0,"enemies":"Reptomancer","floor":46.0,"turns":6.0},{"damage":12.0,"enemies":"conspire:OrnateMirror","floor":50.0,"turns":7.0},{"damage":83,"enemies":"Shield and Spear","floor":54,"turns":8},{"damage":46,"enemies":"The Heart","floor":55,"turns":10}],"seed_played":"205057431179706753","potions_obtained":[{"floor":3.0,"key":"AttackPotion"},{"floor":6.0,"key":"BottledMiracle"},{"floor":8.0,"key":"BottledMiracle"},{"floor":10.0,"key":"LiquidBronze"},{"floor":14.0,"key":"Swift Potion"},{"floor":16.0,"key":"Dexterity Potion"},{"floor":22.0,"key":"Dexterity Potion"},{"floor":24.0,"key":"PowerPotion"},{"floor":28.0,"key":"infinitespire:BlackPotion"},{"floor":29.0,"key":"Ancient Potion"},{"floor":30.0,"key":"Fire Potion"},{"floor":42.0,"key":"Weak Potion"},{"floor":45.0,"key":"SpeedPotion"},{"floor":54,"key":"LiquidMemories"}],"is_trial":false,"path_per_floor":["M","M","M","M","M","E","R","M","T","M","$","R","E","M","R","B",null,"M","?","?","T","M","R","E","M","T","E","M","M","M","M","R","B",null,"M","M","$","?","T","E","M","E","T","E","?","E","?","$","R","B",null,"R","$","E","B",null],"character_chosen":"WATCHER","items_purchased":["Master of Strategy","Crescendo","FollowUp","Weave","FairyPotion","Enlightenment","LikeWater","vexMod:TimeEaterHat","Guardian:BlockOnCardUsePotion","SkillPotion","hubris:Insight"],"campfire_rested":2,"item_purchase_floors":[11,11,11,37,48,48,53,53,53,53,53],"current_hp_per_floor":[72,63,62,55,55,37,58,56,56,49,49,49,45,44,44,39,72,72,72,72,72,56,56,57,60,60,71,68,70,72,49,49,57,72,68,69,72,72,72,59,65,54,54,49,54,10,10,25,46,54,72,72,72,23,39],"gold":58,"neow_bonus":"REMOVE_CARD","is_daily":false,"chose_seed":false,"campfire_upgraded":4,"win_rate":0.0,"timestamp":1611290976,"path_taken":["M","M","M","M","?","E","R","M","T","M","$","R","E","?","R","BOSS","M","?","?","?","M","R","E","M","T","E","M","M","M","?","R","BOSS","M","M","?","?","?","E","M","E","T","E","?","E","?","?","R","BOSS","R","$","E","BOSS"],"items_purchased_type":["Card","Card","Card","Card","Potion","Card","Card","Relic","Potion","Potion","Card"],"build_version":"2020-12-22","purchased_purges":1,"victory":true,"max_hp_per_floor":[72,72,72,72,72,72,72,72,72,72,72,72,72,72,72,72,72,72,72,72,72,72,72,72,72,72,72,72,72,72,72,72,72,72,72,72,72,72,72,72,72,72,72,72,72,72,72,72,72,72,72,72,72,72,72],"relic_stats":{"Torii":98,"counters":[33,174],"Tiny Chest":2,"MealTicket":18,"Orichalcum":[42],"Question Card":49,"obtain_stats":[{"Torii":24,"vexMod:ScavengeHelm":27,"Vajra":40,"Oddly Smooth Stone":43,"conspire:RunicOctahedron":17,"vexMod:TimeEaterHat":53,"infinitespire:Beetle Shell":13,"aspiration:SecretTechniqueScroll":34,"aspiration:SeaSaltIceCream":40,"hubris:Towel":19,"Orichalcum":42,"Question Card":26,"conspire:TopHat":44,"Blood Vial":6,"vexMod:BarristanHead":54,"Tiny Chest":9,"MealTicket":21,"hubris:FunFungus":45,"hubris:TenFootPole":46,"PureWater":0},{"Torii":14,"vexMod:ScavengeHelm":16,"Vajra":24,"Oddly Smooth Stone":26,"conspire:RunicOctahedron":11,"vexMod:TimeEaterHat":31,"infinitespire:Beetle Shell":9,"aspiration:SecretTechniqueScroll":21,"aspiration:SeaSaltIceCream":24,"hubris:Towel":12,"Orichalcum":26,"Question Card":15,"conspire:TopHat":27,"Blood Vial":6,"vexMod:BarristanHead":32,"Tiny Chest":7,"MealTicket":12,"hubris:FunFungus":29,"hubris:TenFootPole":30,"PureWater":0},{"Torii":66,"vexMod:ScavengeHelm":76,"Vajra":112,"Oddly Smooth Stone":119,"conspire:RunicOctahedron":56,"vexMod:TimeEaterHat":156,"infinitespire:Beetle Shell":43,"aspiration:SecretTechniqueScroll":99,"aspiration:SeaSaltIceCream":112,"hubris:Towel":59,"Orichalcum":119,"Question Card":70,"conspire:TopHat":126,"Blood Vial":30,"vexMod:BarristanHead":164,"Tiny Chest":33,"MealTicket":59,"hubris:FunFungus":143,"hubris:TenFootPole":149,"PureWater":0}]},"card_choices":[{"not_picked":["SandsOfTime","Conclude"],"picked":"CutThroughFate","floor":1.0},{"not_picked":["BattleHymn","EmptyFist"],"picked":"DeceiveReality","floor":2.0},{"not_picked":["InnerPeace","EmptyFist"],"picked":"Halt","floor":3.0},{"not_picked":["WaveOfTheHand","Halt"],"picked":"FlurryOfBlows","floor":4.0},{"not_picked":["Evaluate","Halt"],"picked":"Collect","floor":5.0},{"not_picked":["EmptyBody","Judgement"],"picked":"JustLucky","floor":6.0},{"not_picked":["EmptyBody","Swivel"],"picked":"CutThroughFate","floor":8.0},{"not_picked":["JustLucky","CutThroughFate"],"picked":"FollowUp","floor":10.0},{"not_picked":["Halt","EmptyBody"],"picked":"FlurryOfBlows","floor":13.0},{"not_picked":["Collect","SignatureMove"],"picked":"Evaluate","floor":14.0},{"not_picked":["ConjureBlade","Blasphemy"],"picked":"DevaForm","floor":16.0},{"not_picked":["Evaluate+1","Protect"],"picked":"CutThroughFate","floor":18.0},{"not_picked":["Sanctity","FollowUp"],"picked":"Crescendo","floor":22.0},{"not_picked":["Crescendo","FlurryOfBlows+1"],"picked":"SashWhip","floor":24.0},{"not_picked":["Halt","PathToVictory"],"picked":"FollowUp","floor":25.0},{"not_picked":["JustLucky","Prostrate","Protect+1"],"picked":"MasterReality","floor":27.0},{"not_picked":["Crescendo","FollowUp","CrushJoints"],"picked":"Meditate+1","floor":28.0},{"not_picked":["Crescendo","PathToVictory","SignatureMove"],"picked":"Consecrate","floor":29.0},{"not_picked":["Meditate","WheelKick","Judgement"],"picked":"ThirdEye","floor":30.0},{"not_picked":["EmptyBody+1","BowlingBash","CutThroughFate"],"picked":"Collect+1","floor":31.0},{"not_picked":["Judgement","Brilliance","ConjureBlade"],"picked":"Ragnarok","floor":33.0},{"not_picked":["EmptyBody+1","WheelKick+1","Consecrate"],"picked":"Fasting2+1","floor":35.0},{"not_picked":["Protect+1","FollowUp+1","Consecrate"],"picked":"CrushJoints","floor":36.0},{"not_picked":["ForeignInfluence","Conclude+1","CarveReality+1"],"picked":"Consecrate+1","floor":40.0},{"not_picked":["Tantrum+1","Sanctity","Worship+1"],"picked":"Weave","floor":41.0},{"not_picked":["EmptyBody","Protect","DeceiveReality+1"],"picked":"ReachHeaven+1","floor":42.0},{"not_picked":["BowlingBash+1","Judgement","MentalFortress+1"],"picked":"CutThroughFate+1","floor":44.0},{"not_picked":["hubris:Rewind","infinitespire:DeathsTouch"],"picked":"infinitespire:NeuralNetwork","floor":45.0},{"not_picked":["FollowUp","PathToVictory","Consecrate"],"picked":"ClearTheMind","floor":45.0},{"not_picked":["SandsOfTime","EmptyFist","BowlingBash+1"],"picked":"ClearTheMind+1","floor":46.0},{"not_picked":["JustLucky+1","SignatureMove","Collect"],"picked":"DeceiveReality","floor":54}],"player_experience":290794,"relics_obtained":[{"floor":6.0,"key":"Blood Vial"},{"floor":9.0,"key":"Tiny Chest"},{"floor":13.0,"key":"infinitespire:Beetle Shell"},{"floor":21.0,"key":"MealTicket"},{"floor":24.0,"key":"Torii"},{"floor":26.0,"key":"Question Card"},{"floor":27.0,"key":"vexMod:ScavengeHelm"},{"floor":40.0,"key":"aspiration:SeaSaltIceCream"},{"floor":42.0,"key":"Orichalcum"},{"floor":43.0,"key":"Oddly Smooth Stone"},{"floor":44.0,"key":"conspire:TopHat"},{"floor":45.0,"key":"hubris:FunFungus"},{"floor":46.0,"key":"hubris:TenFootPole"},{"floor":54,"key":"vexMod:BarristanHead"}],"event_choices":[{"damage_healed":0.0,"max_hp_gain":0.0,"max_hp_loss":0.0,"gold_gain":0.0,"event_name":"Vampires","player_choice":"Became a vampire (Vial)","floor":20.0,"relics_lost":["Blood Vial"],"gold_loss":0.0,"damage_taken":0.0,"cards_obtained":["Bite","Bite","Bite","Bite","Bite"]}],"is_beta":false,"boss_relics":[{"not_picked":["Runic Dome","conspire:SpecialSausage"],"picked":"conspire:RunicOctahedron"},{"not_picked":["hubris:Stopwatch","Snecko Eye"],"picked":"aspiration:SecretTechniqueScroll"}],"items_purged_floors":[37],"is_endless":false,"potions_floor_spawned":[3,6,8,10,14,16,22,24,28,29,30,40,42,45,45,54],"ascension_level":1}}