{"host":"8i58hvcssdezoe94","time":1611336899,"event":{"mods":["Act Like it!","BaseMod","Colored Map","Conspire","Downfall","Gensokyo","Good Game Mod","KinomotoSakuraMod(木之本樱)","Marisa（F雨　魔理沙）","Minty Spire (QoL Compilation)","Quick Restart","Remilia（蕾米莉亚）","Replay The Spire","StSLib","The Bug Knight","The Construct","The Cursed","The Hierophant","The Jungle","The Servant 0.9.4"],"gold_per_floor":[117,34,34,51,51,51,85,85,158,177,187,187,227,260,260,270,270],"floor_reached":16,"language":"ZHS","playtime":711,"items_purged":[],"score":110,"play_id":"788be905-9d5b-4af4-b5d5-5c0ea5fa8ce1","local_time":"20210123013459","is_ascension_mode":false,"campfire_choices":[{"data":"construct:Synchronize","floor":6,"key":"SMITH"},{"data":"Metallicize","floor":15,"key":"SMITH"}],"circlet_count":0,"master_deck":["Strike_R","Strike_R","Strike_R","Strike_R","Strike_R","Defend_R","Defend_R","Defend_R","Defend_R","Bash","construct:Synchronize+1","Metallicize+1","Pommel Strike","Demon Form","Barricade","Dual Wield","Sword Boomerang","Anger","Pommel Strike"],"relics":["Burning Blood","REME:ComplimentaryCards","NeowsBlessing","Strawberry","Replay:Bandana","Replay:Towering Pillar of Hats"],"acts_visited":["Gensokyo:Gensokyo"],"potions_floor_usage":[],"damage_taken":[{"damage":0,"enemies":"Gensokyo:2_Kodama","floor":1,"turns":1},{"damage":0,"enemies":"Gensokyo:Python","floor":4,"turns":1},{"damage":4,"enemies":"Gensokyo:Mamizou","floor":7,"turns":3},{"damage":10,"enemies":"Gensokyo:Gryphon","floor":10,"turns":7},{"damage":14,"enemies":"Gensokyo:CorruptedTreant","floor":11,"turns":4},{"damage":32,"enemies":"Gensokyo:Aya","floor":13,"turns":8},{"damage":18,"enemies":"Gensokyo:Gryphon_and_Rabbit","floor":14,"turns":5},{"damage":55,"enemies":"Gensokyo:Reimu","floor":16,"turns":9}],"seed_played":"1118454939656586080","potions_obtained":[{"floor":1,"key":"Block Potion"},{"floor":7,"key":"PowerPotion"}],"is_trial":false,"path_per_floor":["M","COS","?","M","$","R","E","?","T","M","M","$","E","M","R","B"],"character_chosen":"IRONCLAD","items_purchased":[],"campfire_rested":0,"item_purchase_floors":[],"current_hp_per_floor":[80,80,80,80,80,80,87,87,87,83,75,75,49,37,37,0,0],"gold":270,"neow_bonus":"THREE_ENEMY_KILL","is_daily":false,"chose_seed":false,"campfire_upgraded":2,"win_rate":0.0,"timestamp":1611336899,"path_taken":["M","COS","?","M","?","R","E","?","T","M","M","$","E","M","R","BOSS"],"items_purchased_type":[],"build_version":"2020-12-22","purchased_purges":0,"victory":false,"max_hp_per_floor":[80,80,80,80,80,80,87,87,87,87,87,87,87,87,87,87,87],"card_choices":[{"not_picked":["ReplayTheSpireMod:Strike From Hell","Pommel Strike"],"picked":"Metallicize","floor":1},{"not_picked":["Perfected Strike","True Grit"],"picked":"Pommel Strike","floor":4},{"not_picked":["Power Through","Defy Death"],"picked":"Demon Form","floor":7},{"not_picked":["Demonic Infusion","conspire:Purge"],"picked":"Barricade","floor":10},{"not_picked":["Havoc","Wild Strike"],"picked":"Dual Wield","floor":10},{"not_picked":["Rupture","Pommel Strike"],"picked":"Sword Boomerang","floor":11},{"not_picked":["Second Wind","ReplayTheSpireMod:Strike From Hell"],"picked":"Anger","floor":13},{"not_picked":["Replay:Undeath\u0027s Touch","Uppercut"],"picked":"Pommel Strike","floor":14}],"player_experience":49803,"relics_obtained":[{"floor":7,"key":"Strawberry"},{"floor":13,"key":"Replay:Towering Pillar of Hats"}],"event_choices":[{"damage_healed":0,"gold_gain":0,"player_choice":"Leave","damage_taken":0,"max_hp_gain":0,"max_hp_loss":0,"event_name":"conspire:Investor","floor":8,"gold_loss":0}],"is_beta":false,"boss_relics":[],"items_purged_floors":[],"is_endless":false,"potions_floor_spawned":[1,7],"killed_by":"Gensokyo:Reimu","ascension_level":0}}