{"host":"r53pw7z744tg3fxg","time":1611330246,"event":{"mods":["AchievementEnabler","BaseMod","Colored Map","Colored Powertips","Highlight Path","Minty Spire (QoL Compilation)","Quick Restart","Transform Curses"],"gold_per_floor":[118,168,180,191,207,240,267,267,267,285,74,74,74,74],"floor_reached":13,"language":"ENG","playtime":377,"items_purged":[],"score":157,"play_id":"f4ee7269-42b4-4213-84f4-fdd50c4b0d3c","local_time":"20210122084406","is_ascension_mode":true,"campfire_choices":[{"floor":8.0,"key":"REST"},{"floor":12.0,"key":"REST"}],"circlet_count":0,"master_deck":["AscendersBane","Strike_P","Strike_P","Strike_P","Strike_P","Defend_P","Defend_P","Defend_P","Defend_P","Eruption","Vigilance","Wallop","ReachHeaven","Consecrate","LikeWater","Prostrate","EmptyBody","Establishment","DeceiveReality"],"relics":["PureWater","Boot","White Beast Statue","Odd Mushroom","Darkstone Periapt","Pen Nib"],"acts_visited":["Exordium"],"potions_floor_usage":[13],"damage_taken":[{"damage":4.0,"enemies":"Jaw Worm","floor":1.0,"turns":5.0},{"damage":0.0,"enemies":"Cultist","floor":3.0,"turns":3.0},{"damage":0.0,"enemies":"2 Louse","floor":4.0,"turns":2.0},{"damage":18.0,"enemies":"2 Fungi Beasts","floor":5.0,"turns":2.0},{"damage":20.0,"enemies":"Lagavulin","floor":6.0,"turns":4.0},{"damage":0.0,"enemies":"The Mushroom Lair","floor":7.0,"turns":3.0},{"damage":8.0,"enemies":"Blue Slaver","floor":10.0,"turns":3.0},{"damage":48,"enemies":"Gremlin Nob","floor":13,"turns":6}],"seed_played":"-8138300040775183220","potions_obtained":[{"floor":3.0,"key":"Explosive Potion"},{"floor":4.0,"key":"SpeedPotion"},{"floor":7.0,"key":"SpeedPotion"},{"floor":10.0,"key":"Fire Potion"}],"is_trial":false,"path_per_floor":["M","?","M","M","M","E","?","R","T","M","$","R","E"],"character_chosen":"WATCHER","items_purchased":["Pen Nib","DeceiveReality"],"campfire_rested":2,"item_purchase_floors":[11,11],"current_hp_per_floor":[57,51,51,51,33,13,13,33,33,25,25,45,0,0],"gold":74,"neow_bonus":"RANDOM_COMMON_RELIC","is_daily":false,"chose_seed":false,"campfire_upgraded":0,"win_rate":0.0,"timestamp":1611330246,"path_taken":["M","?","M","?","M","E","?","R","T","M","$","R","E"],"items_purchased_type":["Relic","Card"],"build_version":"2020-12-22","purchased_purges":0,"victory":false,"max_hp_per_floor":[68,68,68,68,68,68,68,68,68,68,68,68,68,68],"card_choices":[{"not_picked":["Crescendo","InnerPeace"],"picked":"Wallop","floor":1.0},{"not_picked":["Protect","PathToVictory"],"picked":"ReachHeaven","floor":3.0},{"not_picked":["Evaluate","Tantrum"],"picked":"Consecrate","floor":4.0},{"not_picked":["Study","Consecrate"],"picked":"LikeWater","floor":5.0},{"not_picked":["InnerPeace","Study"],"picked":"Prostrate","floor":6.0},{"not_picked":["CutThroughFate","Adaptation"],"picked":"EmptyBody","floor":7.0},{"not_picked":["CutThroughFate","PathToVictory"],"picked":"Establishment","floor":10.0}],"player_experience":1336003,"relics_obtained":[{"floor":6.0,"key":"White Beast Statue"},{"floor":7.0,"key":"Odd Mushroom"},{"floor":9.0,"key":"Darkstone Periapt"}],"event_choices":[{"damage_healed":0.0,"max_hp_gain":0.0,"max_hp_loss":0.0,"gold_gain":50.0,"event_name":"FaceTrader","player_choice":"Touch","floor":2.0,"gold_loss":0.0,"damage_taken":6.0},{"damage_healed":0.0,"max_hp_gain":0.0,"max_hp_loss":0.0,"gold_gain":0.0,"event_name":"Mushrooms","player_choice":"Fought Mushrooms","floor":7.0,"gold_loss":0.0,"damage_taken":0.0}],"is_beta":false,"boss_relics":[],"items_purged_floors":[],"is_endless":false,"potions_floor_spawned":[3,4,7,10],"killed_by":"Gremlin Nob","ascension_level":17}}