{"host":"mi0eibewekhugwl1","time":1611318250,"event":{"mods":["AchievementEnabler","BaseMod","Colored Map","Colored Powertips","DeckTracker","Keyboard Shortcuts","Minty Spire (QoL Compilation)","Quick Restart","Rare Cards Sparkle","Relic Stats","StSLib","SuperFastMode","everything is the same but u backflip on backflip"],"gold_per_floor":[209,226,240,58,58,58,76,87,87,87,107,32,45,59,59,133,133,153,243,115,163,173,173,184,184,184],"floor_reached":25,"language":"KOR","playtime":845,"items_purged":["Defend_B"],"score":394,"play_id":"0534f242-3611-4f3e-a715-464abb004ec4","local_time":"20210122212410","is_ascension_mode":true,"campfire_choices":[{"data":"Apotheosis","floor":6,"key":"SMITH"},{"floor":10,"key":"REST"},{"data":"Coolheaded","floor":15,"key":"SMITH"},{"floor":23,"key":"REST"}],"circlet_count":0,"master_deck":["AscendersBane","Defend_B","Defend_B","Defend_B","Zap","Dualcast","Ball Lightning","Darkness","Coolheaded+1","Apotheosis+1","Darkness","Sweeping Beam","Redo","Lockon","Echo Form","Sunder+1","Doom and Gloom+1","Sweeping Beam+1","FTL","Conserve Battery","Coolheaded"],"relics":["Cracked Core","Astrolabe","Lantern"],"acts_visited":["Exordium","TheCity"],"potions_floor_usage":[14,16,18,25],"damage_taken":[{"damage":0,"enemies":"2 Louse","floor":1,"turns":2},{"damage":20,"enemies":"Small Slimes","floor":2,"turns":3},{"damage":1,"enemies":"Cultist","floor":3,"turns":3},{"damage":1,"enemies":"Red Slaver","floor":7,"turns":3},{"damage":8,"enemies":"Large Slime","floor":8,"turns":6},{"damage":8,"enemies":"Lots of Slimes","floor":11,"turns":4},{"damage":6,"enemies":"Blue Slaver","floor":13,"turns":4},{"damage":0,"enemies":"Looter","floor":14,"turns":2},{"damage":20,"enemies":"Hexaghost","floor":16,"turns":6},{"damage":22,"enemies":"2 Thieves","floor":18,"turns":3},{"damage":12,"enemies":"Spheric Guardian","floor":22,"turns":4},{"damage":22,"enemies":"Snake Plant","floor":24,"turns":4},{"damage":13,"enemies":"Centurion and Healer","floor":25,"turns":3}],"seed_played":"-796045845482580461","potions_obtained":[{"floor":8,"key":"FearPotion"},{"floor":11,"key":"Block Potion"},{"floor":14,"key":"AttackPotion"},{"floor":16,"key":"FocusPotion"},{"floor":18,"key":"DuplicationPotion"}],"is_trial":false,"path_per_floor":["M","M","M","$","?","R","M","M","T","R","M","?","M","M","R","B",null,"M","?","$","T","M","R","M","M"],"character_chosen":"DEFECT","items_purchased":["Apotheosis","Conserve Battery"],"campfire_rested":2,"item_purchase_floors":[4,20],"current_hp_per_floor":[64,44,43,43,43,43,42,34,34,55,47,47,41,41,41,21,59,37,25,25,25,13,34,12,0,0],"gold":184,"neow_bonus":"HUNDRED_GOLD","is_daily":false,"chose_seed":false,"campfire_upgraded":2,"win_rate":0.0,"timestamp":1611318250,"path_taken":["M","M","M","$","?","R","M","M","T","R","M","?","M","M","R","BOSS","M","?","$","?","M","R","?","M"],"items_purchased_type":["Card","Card"],"build_version":"2020-12-22","purchased_purges":1,"victory":false,"max_hp_per_floor":[71,71,71,71,71,71,71,71,71,71,71,71,71,71,71,71,71,71,71,71,71,71,71,71,71,71],"relic_stats":{"counters":[13,47],"Astrolabe":["Sunder","Doom and Gloom","Sweeping Beam"],"obtain_stats":[{"Lantern":21,"Astrolabe":17,"Cracked Core":0},{"Lantern":10,"Astrolabe":9,"Cracked Core":0},{"Lantern":36,"Astrolabe":33,"Cracked Core":0}]},"card_choices":[{"not_picked":["Redo","Sweeping Beam"],"picked":"Ball Lightning","floor":1},{"not_picked":["Barrage","Streamline"],"picked":"Darkness","floor":2},{"not_picked":["Conserve Battery","Compile Driver"],"picked":"Coolheaded","floor":3},{"not_picked":["Ball Lightning","Coolheaded","Rebound"],"picked":"SKIP","floor":7},{"not_picked":["Conserve Battery","Cold Snap"],"picked":"Darkness","floor":8},{"not_picked":["BootSequence","Hello World"],"picked":"Sweeping Beam","floor":11},{"not_picked":["Stack","Cold Snap"],"picked":"Redo","floor":13},{"not_picked":["Go for the Eyes","Leap"],"picked":"Lockon","floor":14},{"not_picked":["Fission","Reboot"],"picked":"Echo Form","floor":16},{"not_picked":["Rebound","Fusion+1"],"picked":"FTL","floor":18},{"not_picked":["Streamline","Gash","Conserve Battery+1"],"picked":"SKIP","floor":22},{"not_picked":["Gash","Genetic Algorithm"],"picked":"Coolheaded","floor":24}],"player_experience":1753105,"relics_obtained":[{"floor":21,"key":"Lantern"}],"event_choices":[{"damage_healed":0,"gold_gain":0,"player_choice":"Ignored","damage_taken":0,"max_hp_gain":0,"max_hp_loss":0,"event_name":"Shining Light","floor":5,"gold_loss":0},{"cards_removed":["Strike_B"],"damage_healed":0,"gold_gain":0,"player_choice":"Card Removal","damage_taken":0,"max_hp_gain":0,"max_hp_loss":0,"event_name":"The Cleric","floor":12,"gold_loss":75},{"damage_healed":0,"gold_gain":90,"player_choice":"GOLD ","damage_taken":12,"max_hp_gain":0,"max_hp_loss":0,"event_name":"Knowing Skull","floor":19,"potions_obtained":[],"gold_loss":0,"cards_obtained":[]}],"is_beta":false,"boss_relics":[{"not_picked":["Nuclear Battery","Pandora\u0027s Box"],"picked":"Astrolabe"}],"items_purged_floors":[20],"is_endless":false,"potions_floor_spawned":[8,11,14,16,18,22],"killed_by":"Centurion and Healer","ascension_level":20}}