{"host":"3y2rtlgteqp2nuo3","time":1611278926,"event":{"mods":["2.2 Compatiblity","AchievementEnabler","BaseMod","Colored Map","DeckTracker","Highlight Path","Keyboard Shortcuts","Minty Spire (QoL Compilation)","Permanent Neow","Quick Restart","StSLib","SuperFastMode","everything is the same but u backflip on backflip"],"gold_per_floor":[117,129,147,162,61,61,61,122,147,147,157,177,177,193,193,193,193],"floor_reached":16,"language":"KOR","playtime":450,"items_purged":["Strike_G"],"score":165,"play_id":"138f51ea-8a79-4651-a039-08997a9c78f3","local_time":"20210122102846","is_ascension_mode":true,"campfire_choices":[{"data":"Deadly Poison","floor":7,"key":"SMITH"},{"floor":10,"key":"REST"},{"data":"Deadly Poison","floor":15,"key":"SMITH"}],"circlet_count":0,"master_deck":["AscendersBane","Strike_G","Strike_G","Strike_G","Defend_G","Defend_G","Defend_G","Defend_G","Defend_G","Survivor+1","Neutralize","Leg Sweep","Outmaneuver","Dagger Throw","Cloak And Dagger+1","Deadly Poison+1","Acrobatics","Escape Plan","Deadly Poison+1"],"relics":["Ring of the Snake","Orichalcum","Calipers","War Paint"],"acts_visited":["Exordium"],"potions_floor_usage":[8,16],"damage_taken":[{"damage":0.0,"enemies":"Jaw Worm","floor":1.0,"turns":6.0},{"damage":0.0,"enemies":"2 Louse","floor":2.0,"turns":4.0},{"damage":4,"enemies":"Small Slimes","floor":3,"turns":6},{"damage":2,"enemies":"Looter","floor":4,"turns":4},{"damage":21,"enemies":"Lagavulin Event","floor":8,"turns":8},{"damage":1,"enemies":"Gremlin Gang","floor":11,"turns":7},{"damage":0,"enemies":"Blue Slaver","floor":12,"turns":4},{"damage":6,"enemies":"Lots of Slimes","floor":14,"turns":6},{"damage":29,"enemies":"Slime Boss","floor":16,"turns":9}],"seed_played":"-6081367801138594526","potions_obtained":[{"floor":3,"key":"Weak Potion"},{"floor":12,"key":"Weak Potion"},{"floor":14,"key":"Energy Potion"}],"is_trial":false,"path_per_floor":["M","M","M","M","$","?","R","?","T","R","M","M","?","M","R","B"],"character_chosen":"THE_SILENT","items_purchased":["Deadly Poison"],"campfire_rested":1,"item_purchase_floors":[5],"current_hp_per_floor":[59,59,55,53,53,35,35,14,14,33,32,32,32,26,26,0,0],"gold":193,"neow_bonus":"REMOVE_CARD","is_daily":false,"chose_seed":false,"campfire_upgraded":2,"win_rate":0.0,"timestamp":1611278926,"path_taken":["M","M","M","M","$","?","R","?","T","R","M","M","?","M","R","BOSS"],"items_purchased_type":["Card"],"build_version":"2020-12-22","purchased_purges":1,"victory":false,"max_hp_per_floor":[66,66,66,66,66,66,66,66,66,66,66,66,66,66,66,66,66],"card_choices":[{"not_picked":["Prepared","Masterful Stab"],"picked":"Leg Sweep","floor":1.0},{"not_picked":["Dodge and Roll","Acrobatics"],"picked":"Outmaneuver","floor":2.0},{"not_picked":["Bane","Underhanded Strike"],"picked":"Dagger Throw","floor":3},{"not_picked":["PiercingWail","Terror"],"picked":"Cloak And Dagger","floor":4},{"not_picked":["Eviscerate","Sucker Punch"],"picked":"Acrobatics","floor":11},{"not_picked":["Prepared","All Out Attack"],"picked":"Escape Plan","floor":12},{"not_picked":["Outmaneuver","Deflect"],"picked":"Deadly Poison","floor":14}],"player_experience":706879,"relics_obtained":[{"floor":8,"key":"Calipers"},{"floor":9,"key":"War Paint"}],"event_choices":[{"damage_healed":0,"gold_gain":0,"player_choice":"Success","damage_taken":18,"relics_obtained":["Orichalcum"],"max_hp_gain":0,"max_hp_loss":0,"event_name":"Scrap Ooze","floor":6,"gold_loss":0},{"damage_healed":0,"gold_gain":0,"player_choice":"Searched \u00271\u0027 times","damage_taken":0,"max_hp_gain":0,"max_hp_loss":0,"event_name":"Dead Adventurer","floor":8,"gold_loss":0},{"damage_healed":0,"gold_gain":0,"player_choice":"Ignored","damage_taken":0,"max_hp_gain":0,"max_hp_loss":0,"event_name":"Shining Light","floor":13,"gold_loss":0}],"is_beta":false,"boss_relics":[],"items_purged_floors":[5],"is_endless":false,"potions_floor_spawned":[3,12,14],"killed_by":"Slime Boss","ascension_level":15}}