{"host":"uclt3t1usqzz4m5p","time":1611310691,"event":{"mods":["100% Spire Juice","A Penny For Your Troubles","AchievementEnabler","BaseMod","Better Altar","Better Match","Better Sensory Stone","Better Skull","Better Third Choice","Booster Modes","CCEM","Card Forge","Colored Powertips","Displayed Cursed Tome","Downfall","Fox Events","GifTheSpireLib","Gremlin Skip","Minty Spire (QoL Compilation)","Permanent Neow","Quick Restart","Robot Space Explorer","StSLib","SuperFastMode"],"gold_per_floor":[199,218,237,251,271,271,271,300,400,311,111,122,122,134,144,244,244,244,260,310,326,4,4,29,129,149,149,175,225,225,241,256,359,359,359,379,73,83,95,113,113,209,23,73,98,113,163,213,228,229,229,256,54,54,54,54],"floor_reached":57,"language":"ENG","playtime":3526,"items_purged":["champ:Strike","champ:ViciousMockery"],"score":1431,"play_id":"9b1f8051-0968-4d7a-86c5-68c378a0ed83","local_time":"20210122021811","is_ascension_mode":false,"campfire_choices":[{"data":"champ:Taunt","floor":1.0,"key":"SMITH"},{"floor":6.0,"key":"RECALL"},{"data":"champ:GladiatorStyle","floor":11.0,"key":"SMITH"},{"data":"champ:ShieldSigil","floor":13.0,"key":"SMITH"},{"data":"champ:StrikeOfGenius","floor":18.0,"key":"SMITH"},{"data":"expansioncontent:PrepareCrush","floor":23.0,"key":"SMITH"},{"data":"champ:ShieldWall","floor":25.0,"key":"SMITH"},{"data":"champ:FlashCut","floor":27.0,"key":"SMITH"},{"data":"champ:IronFortress","floor":30.0,"key":"SMITH"},{"data":"champ:Devastate","floor":35.0,"key":"SMITH"},{"data":"champ:UltimateStance","floor":54,"key":"SMITH"}],"circlet_count":0,"master_deck":["champ:Strike","champ:Defend","champ:Defend","champ:Defend","champ:Defend","champ:Execute","champ:Taunt+1","champ:PerfectedStrike","champ:RageSigil","champ:PreciseThrust","champ:EnGarde","champ:ShieldSigil+1","champ:Haymaker","champ:IronFortress+1","champ:GladiatorStyle+1","champ:RisingSlash","champ:Parry","champ:AdrenalArmor","champ:StrikeOfGenius+1","champ:Endure+1","champ:FanOfKnives","champ:ShieldWall+1","expansioncontent:PrepareCrush+1","champ:FlashCut+1","champ:SetATrap","champ:Circumvent","champ:DeathBlow","champ:Devastate+1","champ:TornadoPunch","expansioncontent:PrepareCrush+1","champ:FocusedDefense","champ:StanceDance+1","champ:IronFortress","champ:UltimateStance+1"],"relics":["champ:ChampionCrown","Hammer of Thor","Seething Fire","Anvil of the Gods","Calipers","bronze:DecasWashers","downfall:CloakOfManyFaces","CultistMask","FaceOfCleric","SsserpentHead","Strawberry","Question Card","downfall:HeartBlessingRed","downfall:HeartBlessingGreen","Coffee Dripper","Slimebound:StickyStick","Juzu Bracelet","downfall:HeartBlessingBlue","CCEMRelics:TinyMinotavrHorn","Snecko Eye","Pen Nib","DollysMirror","The Courier","TungstenRod","Happy Flower","Bag of Preparation","Blue Candle","CCEMRelics:FryingPan","Guardian:PocketSentry"],"acts_visited":["Exordium","TheCity","TheBeyond","TheEnding"],"potions_floor_usage":[],"damage_taken":[{"damage":16.0,"enemies":"2 Louse","floor":2.0,"turns":3.0},{"damage":10.0,"enemies":"Cultist","floor":3.0,"turns":3.0},{"damage":3.0,"enemies":"Jaw Worm","floor":4.0,"turns":2.0},{"damage":2.0,"enemies":"2 Fungi Beasts","floor":5.0,"turns":3.0},{"damage":50.0,"enemies":"Lagavulin","floor":8.0,"turns":8.0},{"damage":46.0,"enemies":"downfall:FaceTrader","floor":9.0,"turns":6.0},{"damage":0.0,"enemies":"downfall:FleeingMerchant","floor":10.0,"turns":1.0},{"damage":1.0,"enemies":"Blue Slaver","floor":12.0,"turns":2.0},{"damage":3.0,"enemies":"Exordium Thugs","floor":14.0,"turns":3.0},{"damage":16.0,"enemies":"3 Louse","floor":15.0,"turns":3.0},{"damage":49.0,"enemies":"IC_STATUS_ARCHETYPE","floor":16.0,"turns":8.0},{"damage":0.0,"enemies":"Chosen","floor":19.0,"turns":3.0},{"damage":34.0,"enemies":"Spheric Guardian","floor":21.0,"turns":4.0},{"damage":15.0,"enemies":"Snecko","floor":26.0,"turns":3.0},{"damage":59.0,"enemies":"Gremlin Leader","floor":28.0,"turns":6.0},{"damage":9.0,"enemies":"Sentry and Sphere","floor":31.0,"turns":4.0},{"damage":10.0,"enemies":"3 Cultists","floor":32.0,"turns":4.0},{"damage":76.0,"enemies":"SI_MIRROR_ARCHETYPE","floor":33.0,"turns":4.0},{"damage":7.0,"enemies":"Orb Walker","floor":36.0,"turns":3.0},{"damage":17.0,"enemies":"3 Shapes","floor":38.0,"turns":4.0},{"damage":5.0,"enemies":"Sphere and 2 Shapes","floor":39.0,"turns":3.0},{"damage":30.0,"enemies":"Jaw Worm Horde","floor":40.0,"turns":4.0},{"damage":0.0,"enemies":"2 Orb Walkers","floor":42.0,"turns":1.0},{"damage":0.0,"enemies":"Reptomancer","floor":45.0,"turns":1.0},{"damage":0.0,"enemies":"3 Darklings","floor":46.0,"turns":1.0},{"damage":0.0,"enemies":"Spire Growth","floor":49.0,"turns":1.0},{"damage":0.0,"enemies":"DF_ARCHETYPE_ORBS","floor":50.0,"turns":1.0},{"damage":0.0,"enemies":"downfall:CharBossMerchant","floor":52.0,"turns":1.0},{"damage":0,"enemies":"downfall:NeowBoss","floor":55,"turns":3},{"damage":0,"enemies":"downfall:NeowBossFinal","floor":56,"turns":2}],"seed_played":"6340365613308727445","potions_obtained":[{"floor":3.0,"key":"SteroidPotion"},{"floor":5.0,"key":"bronze:BurnAndBuffPotion"},{"floor":9.0,"key":"FearPotion"},{"floor":12.0,"key":"Block Potion"},{"floor":21.0,"key":"LiquidBronze"},{"floor":28.0,"key":"Dexterity Potion"},{"floor":36.0,"key":"champ:TechniquePotion"}],"is_trial":false,"path_per_floor":["R","M","M","M","M","R","T","E","?","$","R","M","R","M","M","B",null,"R","M","?","M","$","R","T","R","M","R","E","?","R","M","M","B",null,"R","M","$","M","M","M","T","?","$","?","E","M","?","?","M","B",null,"E","$","R","B","B",null],"character_chosen":"THE_CHAMP","items_purchased":["Strawberry","Question Card","champ:GladiatorStyle","champ:ShieldWall","expansioncontent:PrepareCrush","Juzu Bracelet","Pen Nib","DollysMirror","Happy Flower","Guardian:PocketSentry"],"campfire_rested":0,"item_purchase_floors":[10,10,10,22,22,22,37,37,43,53],"current_hp_per_floor":[90,84,84,81,79,79,79,44,8,16,16,96,96,94,89,71,102,102,103,103,90,90,90,90,100,86,86,73,73,73,65,66,26,101,101,95,95,89,90,71,71,72,72,65,66,67,63,63,64,65,110,111,111,111,112,113],"gold":54,"neow_bonus":"HUNDRED_GOLD","is_daily":false,"chose_seed":false,"campfire_upgraded":10,"win_rate":0.0,"timestamp":1611310691,"path_taken":["R","M","M","M","M","R","T","E","?","?","R","M","R","M","M","BOSS","R","M","?","M","$","R","T","R","M","R","E","?","R","M","M","BOSS","R","M","$","M","M","M","T","?","$","?","E","M","?","?","M","BOSS","E","$","R","BOSS","BOSS"],"items_purchased_type":["Relic","Relic","Card","Card","Card","Relic","Relic","Relic","Relic","Relic"],"build_version":"2020-12-22","purchased_purges":2,"victory":true,"max_hp_per_floor":[90,90,90,90,90,90,90,90,90,98,98,99,99,100,101,102,102,102,103,103,104,104,104,104,114,115,115,116,98,98,99,100,101,101,101,102,102,103,104,105,105,106,106,106,107,108,108,108,109,110,110,111,111,111,112,113],"card_choices":[{"not_picked":["champ:BerserkersShout","champ:BladeFlurry"],"picked":"champ:PerfectedStrike","floor":2.0},{"not_picked":["champ:GutPunch","champ:BladeFlurry"],"picked":"champ:RageSigil","floor":3.0},{"not_picked":["champ:EnGarde","champ:Circumvent"],"picked":"champ:PreciseThrust","floor":4.0},{"not_picked":["champ:Haymaker","champ:Shatter"],"picked":"champ:EnGarde","floor":5.0},{"not_picked":["champ:FocusedDefense","champ:EnGarde"],"picked":"champ:ShieldSigil","floor":8.0},{"not_picked":["champ:EnGarde","champ:BerserkersShout"],"picked":"champ:Haymaker","floor":9.0},{"not_picked":["champ:StanceDance","champ:RapidStrikes"],"picked":"champ:IronFortress","floor":10.0},{"not_picked":["champ:FocusedBerserking","champ:PreemptiveStrike","champ:CalledShot"],"picked":"champ:RisingSlash","floor":12.0},{"not_picked":["champ:BerserkerStyle","champ:ViciousMockery","champ:CrownThrow"],"picked":"champ:Parry","floor":14.0},{"not_picked":["champ:EnchantShield","champ:Backstep","champ:BladeFlurry"],"picked":"champ:AdrenalArmor","floor":15.0},{"not_picked":["champ:VampiricStrike","champ:SwordThrow","champ:CheapShot"],"picked":"champ:StrikeOfGenius","floor":16.0},{"not_picked":["champ:FocusedBerserking","champ:Backstep","champ:BerserkersShout"],"picked":"champ:Endure+1","floor":19.0},{"not_picked":["champ:StanceDance+1","champ:RapidStrikes","champ:BerserkersShout+1"],"picked":"champ:FanOfKnives","floor":21.0},{"not_picked":["champ:HeartStrike","champ:DefensiveShout","champ:ArenaPreparation"],"picked":"champ:FlashCut","floor":26.0},{"not_picked":["champ:RisingSlash","champ:FaceSlap","champ:BladeFlurry"],"picked":"champ:SetATrap","floor":28.0},{"not_picked":["champ:GladiatorStyle+1","champ:PreciseThrust+1","champ:ShieldSigil"],"picked":"champ:Circumvent","floor":31.0},{"not_picked":["champ:AdrenalArmor+1","champ:IronFortress","champ:ArenaPreparation"],"picked":"champ:DeathBlow","floor":32.0},{"not_picked":["champ:ShieldThrow","champ:CheapShot","champ:IgnorePain"],"picked":"champ:Devastate","floor":33.0},{"not_picked":["champ:FanOfKnives+1","champ:Parry","champ:GladiatorStyle+1"],"picked":"champ:TornadoPunch","floor":36.0},{"not_picked":["champ:DefensiveStyle+1","champ:RecklessLeap+1","champ:PerfectedStrike"],"picked":"champ:FocusedDefense","floor":38.0},{"not_picked":["champ:PreciseThrust+1","champ:BerserkerStyle+1","champ:BerserkersShout","champ:CrownThrow"],"picked":"SKIP","floor":39.0},{"not_picked":["champ:DefensiveStyle+1","champ:GutPunch+1","champ:DefensiveShout+1","champ:BerserkersShout+1"],"picked":"SKIP","floor":40.0},{"not_picked":["champ:Encircle","champ:Haymaker","champ:RecklessLeap"],"picked":"champ:StanceDance+1","floor":42.0},{"not_picked":["champ:FaceSlap+1","champ:DefensiveShout","champ:GutPunch+1"],"picked":"champ:UltimateStance","floor":45.0},{"not_picked":["champ:Backstep+1","champ:Shatter+1","champ:CrownThrow","champ:TornadoPunch+1"],"picked":"SKIP","floor":46.0},{"not_picked":["champ:StanceDance","champ:RapidStrikes+1","champ:DeathBlow","champ:FalseCounter"],"picked":"SKIP","floor":49.0},{"not_picked":["champ:SetATrap+1","champ:EndlessRage","champ:Endure","champ:GladiatorStyle+1"],"picked":"SKIP","floor":52.0}],"player_experience":654879,"relics_obtained":[{"floor":7.0,"key":"Calipers"},{"floor":8.0,"key":"bronze:DecasWashers"},{"floor":9.0,"key":"downfall:CloakOfManyFaces"},{"floor":28.0,"key":"CCEMRelics:TinyMinotavrHorn"},{"floor":41.0,"key":"The Courier"},{"floor":42.0,"key":"TungstenRod"},{"floor":45.0,"key":"Bag of Preparation"},{"floor":52.0,"key":"CCEMRelics:FryingPan"}],"event_choices":[{"damage_healed":0.0,"max_hp_gain":0.0,"max_hp_loss":0.0,"gold_gain":0.0,"event_name":"Mysterious Sphere","player_choice":"Fight","floor":42.0,"gold_loss":0.0,"damage_taken":0.0}],"is_beta":false,"boss_relics":[{"not_picked":["CCEMRelics:GreenEgg","Black Star"],"picked":"Coffee Dripper"},{"not_picked":["Sozu","SacredBark"],"picked":"Snecko Eye"}],"items_purged_floors":[43,53],"is_endless":false,"potions_floor_spawned":[3,5,9,12,21,28,36,39,42,46],"ascension_level":0}}