{"host":"a7n5dzefz0hsmd08","time":1611344913,"event":{"mods":["2.2 Compatiblity","AchievementEnabler","BaseMod","Minty Spire (QoL Compilation)","Relic Stats","StSLib"],"gold_per_floor":[115,115,129,204,57,57,57],"floor_reached":6,"language":"ENG","playtime":174,"items_purged":[],"score":37,"play_id":"a30ddc71-43e8-4289-9a57-a783e8f5ce5d","local_time":"20210122204833","is_ascension_mode":true,"campfire_choices":[],"circlet_count":0,"master_deck":["Strike_G","Strike_G","Strike_G","Strike_G","Strike_G","Defend_G","Defend_G","Defend_G","Defend_G","Defend_G","Survivor","Neutralize","Panache","Infinite Blades","Acrobatics","Cloak And Dagger","Noxious Fumes","Deadly Poison"],"relics":["Ring of the Snake","Oddly Smooth Stone"],"acts_visited":["Exordium"],"potions_floor_usage":[],"damage_taken":[{"damage":0,"enemies":"2 Louse","floor":1,"turns":2},{"damage":1,"enemies":"Cultist","floor":3,"turns":4},{"damage":48,"enemies":"Gremlin Nob","floor":6,"turns":4}],"seed_played":"-8192600850473699236","potions_obtained":[{"floor":1,"key":"SteroidPotion"},{"floor":3,"key":"CultistPotion"}],"is_trial":false,"path_per_floor":["M","?","M","?","$","E"],"character_chosen":"THE_SILENT","items_purchased":["Cloak And Dagger","Noxious Fumes","Deadly Poison"],"campfire_rested":0,"item_purchase_floors":[5,5,5],"current_hp_per_floor":[63,51,50,39,39,0,0],"gold":57,"neow_bonus":"RANDOM_COLORLESS_2","is_daily":false,"chose_seed":false,"campfire_upgraded":0,"win_rate":0.0,"timestamp":1611344913,"path_taken":["M","?","M","?","$","E"],"items_purchased_type":["Card","Card","Card"],"build_version":"2020-12-22","purchased_purges":0,"victory":false,"max_hp_per_floor":[63,63,63,63,63,63,63],"relic_stats":{"counters":[3,10],"obtain_stats":[{"Oddly Smooth Stone":2,"Ring of the Snake":0},{"Oddly Smooth Stone":1,"Ring of the Snake":0},{"Oddly Smooth Stone":2,"Ring of the Snake":0}],"Ring of the Snake":[6]},"card_choices":[{"not_picked":["Sadistic Nature","Chrysalis"],"picked":"Panache","floor":0},{"not_picked":["Terror","Underhanded Strike"],"picked":"Infinite Blades","floor":1},{"not_picked":["Deflect","Backstab"],"picked":"Acrobatics","floor":3}],"player_experience":181353,"relics_obtained":[],"event_choices":[{"damage_healed":0,"gold_gain":0,"player_choice":"Success","damage_taken":12,"relics_obtained":["Oddly Smooth Stone"],"max_hp_gain":0,"max_hp_loss":0,"event_name":"Scrap Ooze","floor":2,"gold_loss":0},{"damage_healed":0,"gold_gain":75,"player_choice":"Gather Gold","damage_taken":11,"max_hp_gain":0,"max_hp_loss":0,"event_name":"World of Goop","floor":4,"gold_loss":0}],"is_beta":false,"boss_relics":[],"items_purged_floors":[],"is_endless":false,"potions_floor_spawned":[1,3],"killed_by":"Gremlin Nob","ascension_level":2}}