{"host":"l6vifo5ajdb3p20b","time":1611326165,"event":{"mods":["2.2 Compatiblity","BaseMod","Better Altar","Better Sensory Stone","Better Skull","Better Third Choice","BetterRewards","Block Reminder","Booster Modes","Card Forge","Clockwork Mod","Colored Map","Defuse TimeMaze Blight","Energized Spire","Hermit","Minty Spire (QoL Compilation)","Relic Stats","Replay The Spire","StSLib"],"gold_per_floor":[115,135,152,163,176,209,243,255,255],"floor_reached":8,"language":"ENG","playtime":1786,"items_purged":[],"score":126,"play_id":"5d7ffe0b-d25a-4483-8442-5598fd9a4565","local_time":"20210122213605","daily_mods":["SealedDeck","Flight","DeadlyEvents","Elite Swarm"],"is_ascension_mode":true,"campfire_choices":[],"circlet_count":0,"master_deck":["hermit:EyeOfTheStorm","hermit:LowProfile","hermit:LowProfile","hermit:Dissolve","hermit:Headshot","hermit:Enervate","hermit:GoldenBullet","hermit:GoldenBullet","hermit:Headshot","hermit:HeroicBravado","hermit:Manifest","hermit:CalledShot","hermit:Virtue","hermit:FinalCanter","hermit:Purgatory","hermit:Magnum"],"relics":["hermit:Momento","Hammer of Thor","Seething Fire","Anvil of the Gods","Ancient Tea Set","MawBank"],"acts_visited":["Exordium"],"potions_floor_usage":[5],"damage_taken":[{"damage":0,"enemies":"Jaw Worm","floor":1,"turns":4},{"damage":0,"enemies":"Small Slimes","floor":2,"turns":5},{"damage":0,"enemies":"Cultist","floor":3,"turns":4},{"damage":1,"enemies":"3 Louse","floor":4,"turns":3},{"damage":0,"enemies":"Exordium Wildlife","floor":5,"turns":2},{"damage":8,"enemies":"3 Sentries","floor":6,"turns":7},{"damage":26,"enemies":"Gremlin Nob","floor":7,"turns":3},{"damage":2,"enemies":"Lagavulin","floor":8,"turns":5}],"seed_played":"1458882166444408102","potions_obtained":[{"floor":3,"key":"SpeedPotion"},{"floor":4,"key":"Fire Potion"}],"is_trial":true,"path_per_floor":["M","M","M","M","M","E","E","E"],"character_chosen":"HERMIT","items_purchased":[],"campfire_rested":0,"item_purchase_floors":[],"current_hp_per_floor":[75,75,75,74,74,66,40,38,38],"gold":255,"neow_bonus":"","is_daily":false,"chose_seed":false,"campfire_upgraded":0,"win_rate":0.0,"timestamp":1611326165,"path_taken":["M","M","M","M","M","E","E","E"],"items_purchased_type":[],"build_version":"2020-12-22","purchased_purges":0,"victory":false,"max_hp_per_floor":[75,75,75,75,75,75,75,75,75],"relic_stats":{"counters":[8,33],"MawBank":12,"obtain_stats":[{"Anvil of the Gods":0,"Hammer of Thor":0,"Seething Fire":0,"Ancient Tea Set":6,"MawBank":7,"hermit:Momento":0},{"Anvil of the Gods":0,"Hammer of Thor":0,"Seething Fire":0,"Ancient Tea Set":6,"MawBank":7,"hermit:Momento":0},{"Anvil of the Gods":0,"Hammer of Thor":0,"Seething Fire":0,"Ancient Tea Set":25,"MawBank":28,"hermit:Momento":0}]},"card_choices":[{"not_picked":["hermit:Shortfuse","hermit:WideOpen","hermit:CalledShot"],"picked":"SKIP","floor":1},{"not_picked":["hermit:Headshot","hermit:Desperado"],"picked":"hermit:Manifest","floor":2},{"not_picked":["hermit:TrackingShot","hermit:Misfire"],"picked":"hermit:CalledShot","floor":3},{"not_picked":["hermit:Combo","hermit:TrackingShot"],"picked":"hermit:Virtue","floor":4},{"not_picked":["hermit:Combo","hermit:Quickdraw"],"picked":"hermit:FinalCanter","floor":5},{"not_picked":["hermit:BlackWind","hermit:FatalDesire"],"picked":"hermit:Purgatory","floor":6},{"not_picked":["hermit:Roughhouse","hermit:OverwhelmingPower"],"picked":"hermit:Magnum","floor":7}],"player_experience":934013,"relics_obtained":[{"floor":6,"key":"Ancient Tea Set"},{"floor":7,"key":"MawBank"}],"event_choices":[],"is_beta":false,"boss_relics":[],"items_purged_floors":[],"is_endless":true,"potions_floor_spawned":[3,4],"killed_by":"Lagavulin","ascension_level":1}}