{"host":"ttx8tv95o5vka1nm","time":1611279505,"event":{"mods":["AchievementEnabler","BaseMod","Colored Map","Downfall","Infinite Spire","Minty Spire (QoL Compilation)","Shop Mod","StSLib","The Jungle"],"gold_per_floor":[111,121,137,148,166,192,192,192,192,220,220,224,224,253,253,362,362,374,374,374,374,374,374,408,427,478,516,536,461,461,70,70,78,78],"floor_reached":33,"language":"ENG","playtime":1437,"items_purged":["Defend_G","Bite"],"score":416,"play_id":"32158d15-da06-4766-8dff-e2e7ead42e7b","local_time":"20210122113825","is_ascension_mode":true,"campfire_choices":[{"floor":7,"key":"REST"},{"floor":11,"key":"REST"},{"data":"Catalyst","floor":13,"key":"SMITH"},{"data":"Bouncing Flask","floor":15,"key":"SMITH"},{"data":"Envenom","floor":23,"key":"SMITH"},{"floor":32,"key":"REST"}],"circlet_count":0,"master_deck":["Defend_G","Defend_G","Defend_G","Survivor","Neutralize","Sadistic Nature","Quick Slash","Bouncing Flask+1","Catalyst+1","Sucker Punch","Deflect","Flying Knee","Die Die Die","Envenom+1","Heel Hook","Bite","Bite","Bite","Bite","Masterful Stab","Accuracy","Tactician+1","Finisher","Cloak And Dagger","Dodge and Roll"],"relics":["Ring of the Serpent","Juzu Bracelet","Mercury Hourglass","infinitespire:Midas Blood","Tough Bandages","Bronze Scales","Kunai","Darkstone Periapt","infinitespire:PuzzleCube","Toy Ornithopter","MerchantsRug","Happy Flower"],"acts_visited":["Exordium","TheCity"],"potions_floor_usage":[6,14,16,18,27],"damage_taken":[{"damage":2,"enemies":"Cultist","floor":1,"turns":5},{"damage":0,"enemies":"Small Slimes","floor":2,"turns":3},{"damage":5,"enemies":"2 Louse","floor":3,"turns":3},{"damage":0,"enemies":"Large Slime","floor":4,"turns":4},{"damage":2,"enemies":"2 Fungi Beasts","floor":5,"turns":3},{"damage":13,"enemies":"3 Sentries","floor":6,"turns":3},{"damage":8,"enemies":"Lagavulin","floor":10,"turns":4},{"damage":16,"enemies":"Gremlin Nob","floor":14,"turns":4},{"damage":13,"enemies":"The Guardian","floor":16,"turns":7},{"damage":0,"enemies":"3 Byrds","floor":18,"turns":2},{"damage":2,"enemies":"Nightmare","floor":24,"turns":4},{"damage":0,"enemies":"Spheric Guardian","floor":25,"turns":3},{"damage":17,"enemies":"Book of Stabbing","floor":27,"turns":3},{"damage":34,"enemies":"Snake Plant","floor":28,"turns":3},{"damage":0,"enemies":"Colosseum Slavers","floor":30,"turns":1},{"damage":34,"enemies":"Automaton","floor":33,"turns":4}],"seed_played":"8705448207671794110","potions_obtained":[{"floor":5,"key":"SkillPotion"},{"floor":6,"key":"Slimebound:ThreeZeroPotion"},{"floor":8,"key":"GamblersBrew"},{"floor":8,"key":"Block Potion"},{"floor":14,"key":"Ancient Potion"},{"floor":16,"key":"Poison Potion"},{"floor":18,"key":"SteroidPotion"},{"floor":25,"key":"DistilledChaos"}],"is_trial":false,"path_per_floor":["M","M","M","M","M","E","R","?","T","E","R","?","R","E","R","B",null,"M","?","?","AVR","?","R","NM","M","T","E","M","?","?","$","R","B"],"character_chosen":"THE_SILENT","items_purchased":["MerchantsRug","Happy Flower","Cloak And Dagger","Dodge and Roll"],"campfire_rested":3,"item_purchase_floors":[31,31,31,31],"current_hp_per_floor":[43,43,38,38,36,23,44,44,44,36,57,50,50,34,34,21,58,58,49,49,49,49,49,49,49,49,38,8,8,12,12,26,0,0],"gold":78,"neow_bonus":"RANDOM_COLORLESS_2","is_daily":false,"chose_seed":false,"campfire_upgraded":3,"win_rate":0.0,"timestamp":1611279505,"path_taken":["M","M","M","?","M","E","R","?","T","E","R","?","R","E","R","BOSS","M","?","?","AVR","?","R","NM","M","T","E","M","?","?","$","R","BOSS"],"items_purchased_type":["Relic","Relic","Card","Card"],"build_version":"2020-12-22","purchased_purges":2,"victory":false,"max_hp_per_floor":[70,70,70,70,70,70,70,70,70,70,70,70,70,70,70,70,70,70,49,49,49,49,49,49,49,49,49,49,49,49,49,49,49,49],"card_choices":[{"not_picked":["Metamorphosis","Master of Strategy"],"picked":"Sadistic Nature","floor":0},{"not_picked":["Bane","Dodge and Roll"],"picked":"Quick Slash","floor":1},{"not_picked":["Acrobatics","Skewer"],"picked":"Bouncing Flask","floor":2},{"not_picked":["Predator","PiercingWail"],"picked":"Catalyst","floor":3},{"not_picked":["Calculated Gamble","Backflip"],"picked":"Sucker Punch","floor":4},{"not_picked":["Acrobatics","Slice"],"picked":"Deflect","floor":5},{"not_picked":["Blur","Dagger Throw","Slice"],"picked":"SKIP","floor":6},{"not_picked":["Caltrops","Escape Plan"],"picked":"Flying Knee","floor":10},{"not_picked":["Glass Knife","Outmaneuver"],"picked":"Die Die Die","floor":14},{"not_picked":["Doppelganger","Phantasmal Killer"],"picked":"Envenom","floor":16},{"not_picked":["Backflip","Flying Knee"],"picked":"Heel Hook","floor":18},{"not_picked":["Dodge and Roll","Flying Knee+1"],"picked":"Masterful Stab","floor":24},{"not_picked":["Dagger Throw+1","Quick Slash+1"],"picked":"Accuracy","floor":25},{"not_picked":["Bane+1","Backflip"],"picked":"Tactician+1","floor":27},{"not_picked":["Dodge and Roll","Heel Hook"],"picked":"Finisher","floor":28}],"player_experience":794523,"relics_obtained":[{"floor":6,"key":"Juzu Bracelet"},{"floor":9,"key":"Mercury Hourglass"},{"floor":10,"key":"infinitespire:Midas Blood"},{"floor":14,"key":"Bronze Scales"},{"floor":24,"key":"Darkstone Periapt"},{"floor":26,"key":"infinitespire:PuzzleCube"},{"floor":27,"key":"Toy Ornithopter"}],"event_choices":[{"damage_healed":0,"gold_gain":0,"player_choice":"Got Potions","damage_taken":0,"max_hp_gain":0,"max_hp_loss":0,"event_name":"Lab","floor":8,"gold_loss":0},{"damage_healed":0,"gold_gain":0,"player_choice":"Success","damage_taken":7,"relics_obtained":["Tough Bandages"],"max_hp_gain":0,"max_hp_loss":0,"event_name":"Scrap Ooze","floor":12,"gold_loss":0},{"damage_healed":0,"gold_gain":0,"player_choice":"Became a vampire","damage_taken":0,"max_hp_gain":0,"max_hp_loss":21,"event_name":"Vampires","floor":19,"gold_loss":0,"cards_obtained":["Bite","Bite","Bite","Bite","Bite"]},{"damage_healed":0,"gold_gain":0,"player_choice":"Ignored","damage_taken":0,"max_hp_gain":0,"max_hp_loss":0,"event_name":"Ghosts","floor":22,"gold_loss":0},{"cards_removed":["Defend_G"],"damage_healed":0,"gold_gain":0,"player_choice":"Gave Gold","damage_taken":0,"max_hp_gain":0,"max_hp_loss":0,"event_name":"Beggar","floor":29,"gold_loss":75},{"damage_healed":0,"gold_gain":0,"player_choice":"Fight","damage_taken":0,"max_hp_gain":0,"max_hp_loss":0,"event_name":"Colosseum","floor":30,"gold_loss":0},{"damage_healed":0,"gold_gain":0,"player_choice":"Fled From Nobs","damage_taken":0,"max_hp_gain":0,"max_hp_loss":0,"event_name":"Colosseum","floor":30,"gold_loss":0}],"is_beta":false,"boss_relics":[{"not_picked":["Runic Dome","Calling Bell"],"picked":"Ring of the Serpent"}],"items_purged_floors":[21,31],"is_endless":true,"potions_floor_spawned":[5,6,14,16,18,25],"killed_by":"Automaton","ascension_level":6}}