{"host":"zrg8yzdwi219jxzu","time":1611350438,"event":{"mods":["BaseMod","Minty Spire (QoL Compilation)","StSLib","The Alterego","The Bug Knight","The IronCluck","The Runesmith","slay the spire mod where everything is the same but ironclad has a cowboy hat"],"gold_per_floor":[118,138,156,156,172,201,201,217,217,244,50,50,225,242,242,345,345,363,363,121,134,153,184,184,184,184,200,200,227,227,262,262,366,366,385,385,239,259,259,284,233,233,258,308,333,333,333,344,344,344],"floor_reached":51,"language":"ENG","playtime":3274,"items_purged":["Doubt","Runesmith:Overpower"],"score":871,"play_id":"258f18c8-ebe3-4013-b876-bdebf2743c61","local_time":"20210122162038","is_ascension_mode":false,"campfire_choices":[{"data":"Runesmith:ChaoticBlast","floor":7,"key":"SMITH"},{"floor":15,"key":"REST"},{"data":"Secret Technique","floor":25,"key":"SMITH"},{"floor":28,"key":"REST"},{"floor":30,"key":"DIG"},{"floor":32,"key":"DIG"},{"floor":42,"key":"DIG"},{"floor":46,"key":"DIG"},{"floor":49,"key":"DIG"}],"circlet_count":0,"master_deck":["Runesmith:CraftFirestone","Runesmith:Fortify","Runesmith:Accelerate","Runesmith:BackupBattery","Runesmith:Superposition","Runesmith:ChaoticBlast+1","Runesmith:Grindstone","Runesmith:EnergizedChisel","Runesmith:PerfectChisel+1","Runesmith:Firestorm+1","Runesmith:EarthShield","Runesmith:EnergizedChisel","Runesmith:WhiteBalance+1","Runesmith:OneForEveryone+1","Runesmith:MakeshiftArmor","Runesmith:LithiumIon","Runesmith:CraftMedicinae","Secret Technique+1","Runesmith:BackupBattery","Runesmith:UnstableHammer+1","Runesmith:RuneHurl+1","Runesmith:DuctTape","Runesmith:ReplicatingBarrier","Runesmith:EarthShield+1","Runesmith:RuneHurl+1","Runesmith:UnstableHammer+1","Madness","Madness","Runesmith:BackupBattery+1","Runesmith:Repurpose"],"relics":["Pandora\u0027s Box","FossilizedHelix","Peace Pipe","Molten Egg 2","Runesmith:UraniumAnvil","alterego_mod:SomeoneToFightFor","Unceasing Top","Oddly Smooth Stone","Shovel","Dream Catcher","Happy Flower","Shuriken","Philosopher\u0027s Stone","Singing Bowl","Runesmith:MiniCore","Omamori","Incense Burner","Potion Belt","Blue Candle","Toy Ornithopter"],"acts_visited":["Exordium","TheCity","TheBeyond"],"potions_floor_usage":[10,18,29,33,35,45,50,50],"damage_taken":[{"damage":0,"enemies":"Small Slimes","floor":1,"turns":4},{"damage":0,"enemies":"Cultist","floor":2,"turns":3},{"damage":5,"enemies":"Jaw Worm","floor":3,"turns":4},{"damage":7,"enemies":"Blue Slaver","floor":5,"turns":4},{"damage":23,"enemies":"Gremlin Nob","floor":6,"turns":5},{"damage":0,"enemies":"Looter","floor":8,"turns":2},{"damage":4,"enemies":"3 Sentries","floor":10,"turns":6},{"damage":8,"enemies":"3 Louse","floor":14,"turns":3},{"damage":15,"enemies":"The Guardian","floor":16,"turns":10},{"damage":0,"enemies":"2 Thieves","floor":18,"turns":4},{"damage":0,"enemies":"Shell Parasite","floor":21,"turns":4},{"damage":13,"enemies":"Shelled Parasite and Fungi","floor":22,"turns":6},{"damage":0,"enemies":"Book of Stabbing","floor":23,"turns":5},{"damage":20,"enemies":"Cultist and Chosen","floor":27,"turns":7},{"damage":4,"enemies":"Gremlin Leader","floor":29,"turns":6},{"damage":0,"enemies":"HollowMod:Nosk","floor":31,"turns":4},{"damage":51,"enemies":"Collector","floor":33,"turns":14},{"damage":14,"enemies":"3 Shapes","floor":35,"turns":5},{"damage":0,"enemies":"Orb Walker","floor":38,"turns":3},{"damage":0,"enemies":"Reptomancer","floor":40,"turns":5},{"damage":10,"enemies":"Mind Bloom Boss Battle","floor":44,"turns":7},{"damage":0,"enemies":"Giant Head","floor":45,"turns":6},{"damage":0,"enemies":"Writhing Mass","floor":48,"turns":6},{"damage":17,"enemies":"Donu and Deca","floor":50,"turns":8}],"seed_played":"-1118734933631735712","potions_obtained":[{"floor":2,"key":"SpeedPotion"},{"floor":3,"key":"GamblersBrew"},{"floor":8,"key":"SpeedPotion"},{"floor":14,"key":"Weak Potion"},{"floor":16,"key":"BlessingOfTheForge"},{"floor":18,"key":"Dexterity Potion"},{"floor":31,"key":"Explosive Potion"},{"floor":33,"key":"DistilledChaos"},{"floor":40,"key":"ColorlessPotion"},{"floor":48,"key":"PowerPotion"}],"is_trial":false,"path_per_floor":["M","M","M","?","M","E","R","M","T","E","$","?","?","M","R","B",null,"M","?","$","M","M","E","?","R","T","M","R","E","R","E","R","B",null,"M","?","$","M","?","E","$","R","T","?","E","R","?","M","R","B",null],"character_chosen":"RUNESMITH_CLASS","items_purchased":["Runesmith:OneForEveryone+1","Runesmith:MakeshiftArmor","Runesmith:LithiumIon","Secret Technique","Runesmith:RuneHurl+1","Runesmith:Repurpose"],"campfire_rested":2,"item_purchase_floors":[11,11,11,20,37,41],"current_hp_per_floor":[70,70,65,65,58,35,35,35,35,31,31,17,17,9,30,15,70,70,70,70,70,57,64,51,51,51,33,55,75,75,75,75,73,75,61,61,61,71,62,75,75,75,75,71,77,77,89,91,91,91],"gold":344,"neow_bonus":"BOSS_RELIC","is_daily":false,"chose_seed":false,"campfire_upgraded":2,"win_rate":0.0,"timestamp":1611350438,"path_taken":["M","M","M","?","M","E","R","?","T","E","$","?","?","M","R","BOSS","M","?","$","M","M","E","?","R","T","M","R","E","R","E","R","BOSS","M","?","$","M","?","E","?","R","T","?","E","R","?","M","R","BOSS"],"items_purchased_type":["Card","Card","Card","Card","Card","Card"],"build_version":"2020-12-22","purchased_purges":2,"victory":true,"max_hp_per_floor":[70,70,70,70,70,70,70,70,70,70,70,70,70,70,70,70,70,70,70,70,70,70,70,75,75,75,75,75,75,75,75,75,75,75,75,75,75,75,75,75,75,75,75,77,79,79,89,91,91,91],"card_choices":[{"not_picked":["Runesmith:UnstableHammer","Runesmith:Malloc"],"picked":"Runesmith:PerfectChisel","floor":1},{"not_picked":["Runesmith:Repurpose","Runesmith:Grindstone"],"picked":"Runesmith:Firestorm","floor":2},{"not_picked":["Runesmith:Prism","Runesmith:NegativeSpace"],"picked":"Runesmith:EarthShield","floor":3},{"not_picked":["Runesmith:NanitesCloud","Runesmith:Superposition"],"picked":"Runesmith:EnergizedChisel","floor":5},{"not_picked":["Runesmith:Prism","Runesmith:DoubleUp"],"picked":"Runesmith:Grindstone","floor":6},{"not_picked":["Runesmith:CraftSpiculum","Runesmith:ChaoticBlast","Runesmith:Terraform"],"picked":"SKIP","floor":8},{"not_picked":["Runesmith:StaticCage","Runesmith:ShiftingStrike+1"],"picked":"Runesmith:WhiteBalance+1","floor":10},{"not_picked":["Runesmith:Permafrost","Runesmith:Overpower+1","Runesmith:HammerThrow+1"],"picked":"SKIP","floor":14},{"not_picked":["Runesmith:LightningRod","Runesmith:CreatorForm"],"picked":"Runesmith:CraftMedicinae","floor":16},{"not_picked":["Runesmith:Overpower+1","Runesmith:NegativeSpace","Runesmith:Firewall"],"picked":"SKIP","floor":18},{"not_picked":["Runesmith:Attraction+1","Runesmith:CraftMagma"],"picked":"Runesmith:BackupBattery","floor":21},{"not_picked":["Runesmith:ChiselStab+1","Runesmith:ShiftingStrike+1"],"picked":"Runesmith:UnstableHammer+1","floor":22},{"not_picked":["Runesmith:ShiftingStrike+1","Runesmith:GoWithTheFlow+1","Runesmith:HammerThrow+1"],"picked":"SKIP","floor":23},{"not_picked":["Runesmith:Discharge+1","Runesmith:ChiselStab+1","Runesmith:MakeshiftArmor"],"picked":"SKIP","floor":27},{"not_picked":["Runesmith:UnstableHammer+1","Runesmith:WhiteBalance+1"],"picked":"Runesmith:RuneHurl+1","floor":29},{"not_picked":["Runesmith:ElementalConversion","Runesmith:MakeshiftArmor"],"picked":"Runesmith:DuctTape","floor":31},{"not_picked":["Runesmith:GenerateForcefield","Runesmith:CraftIndustria"],"picked":"Runesmith:ReplicatingBarrier","floor":33},{"not_picked":["Runesmith:Overpower+1","Runesmith:Grindstone"],"picked":"Runesmith:EarthShield+1","floor":35},{"not_picked":["Runesmith:EarthShield+1","Runesmith:StaticCage+1"],"picked":"Runesmith:UnstableHammer+1","floor":38},{"not_picked":["Runesmith:CraftProtectio+1","Runesmith:ElementalConversion"],"picked":"Runesmith:BackupBattery+1","floor":40},{"not_picked":["Runesmith:NanitesCloud+1","Runesmith:EarthShield+1","Runesmith:EnergizedChisel+1"],"picked":"Singing Bowl","floor":44},{"not_picked":["Runesmith:RunicBlueprint+1","Runesmith:WhiteBalance+1","Runesmith:DuctTape"],"picked":"Singing Bowl","floor":45},{"not_picked":["Runesmith:ChiselStab+1","Runesmith:HeatedChisel+1","Runesmith:EnergizedChisel+1"],"picked":"Singing Bowl","floor":48}],"player_experience":128172,"relics_obtained":[{"floor":6,"key":"FossilizedHelix"},{"floor":9,"key":"Peace Pipe"},{"floor":10,"key":"Molten Egg 2"},{"floor":23,"key":"Unceasing Top"},{"floor":26,"key":"Oddly Smooth Stone"},{"floor":29,"key":"Shovel"},{"floor":30,"key":"Dream Catcher"},{"floor":31,"key":"Happy Flower"},{"floor":32,"key":"Shuriken"},{"floor":40,"key":"Singing Bowl"},{"floor":42,"key":"Runesmith:MiniCore"},{"floor":43,"key":"Omamori"},{"floor":44,"key":"Incense Burner"},{"floor":45,"key":"Potion Belt"},{"floor":46,"key":"Blue Candle"},{"floor":49,"key":"Toy Ornithopter"}],"event_choices":[{"damage_healed":0,"gold_gain":0,"player_choice":"Forge","damage_taken":0,"max_hp_gain":0,"max_hp_loss":0,"event_name":"Accursed Blacksmith","floor":4,"gold_loss":0,"cards_upgraded":["Runesmith:Firestorm"]},{"damage_healed":0,"gold_gain":0,"player_choice":"Entered Light","damage_taken":14,"max_hp_gain":0,"max_hp_loss":0,"event_name":"Shining Light","floor":12,"gold_loss":0,"cards_upgraded":["Runesmith:PerfectChisel","Runesmith:ArcReactor"]},{"damage_healed":0,"gold_gain":175,"player_choice":"AGREE","damage_taken":0,"max_hp_gain":0,"max_hp_loss":0,"event_name":"Liars Game","floor":13,"gold_loss":0,"cards_obtained":["Doubt"]},{"damage_healed":0,"gold_gain":0,"player_choice":"Choice 2","damage_taken":0,"relics_obtained":["alterego_mod:SomeoneToFightFor"],"max_hp_gain":0,"max_hp_loss":0,"event_name":"Secret Garden","floor":19,"gold_loss":0},{"damage_healed":0,"gold_gain":0,"player_choice":"Shed Blood","damage_taken":18,"max_hp_gain":5,"max_hp_loss":0,"event_name":"Forgotten Altar","floor":24,"gold_loss":0},{"cards_removed":["Runesmith:Grindstone"],"damage_healed":0,"gold_gain":0,"player_choice":"Removed Skill","damage_taken":0,"max_hp_gain":0,"max_hp_loss":0,"event_name":"Falling","floor":36,"gold_loss":0},{"damage_healed":0,"gold_gain":0,"player_choice":"Embrace Madness","damage_taken":9,"max_hp_gain":0,"max_hp_loss":0,"event_name":"Winding Halls","floor":39,"gold_loss":0,"cards_obtained":["Madness","Madness"]},{"damage_healed":0,"gold_gain":0,"player_choice":"Fight","damage_taken":0,"max_hp_gain":0,"max_hp_loss":0,"event_name":"MindBloom","floor":44,"gold_loss":0},{"cards_removed":["Runesmith:ArcReactor"],"damage_healed":2,"gold_gain":0,"player_choice":"Offered Rare","damage_taken":0,"max_hp_gain":10,"max_hp_loss":0,"event_name":"Bonfire Elementals","floor":47,"gold_loss":0}],"is_beta":false,"boss_relics":[{"not_picked":["Runesmith:PocketReactor","Astrolabe"],"picked":"Runesmith:UraniumAnvil"},{"not_picked":["SacredBark","Busted Crown"],"picked":"Philosopher\u0027s Stone"}],"items_purged_floors":[20,37],"is_endless":false,"potions_floor_spawned":[2,3,8,14,16,18,22,31,33,40,48],"ascension_level":0}}