{"host":"lafpjqyrw507zkmv","time":1611328536,"event":{"mods":["AchievementEnabler","BaseMod","Colored Map","Minty Spire (QoL Compilation)","Relic Stats"],"gold_per_floor":[111,128,53,63,74,99,99,133,133,152,168,168,168,168,168,273,273,283,283,36,49,60,60,60,91,114,114,114],"floor_reached":27,"language":"ENG","playtime":1526,"items_purged":["Strike_B","Defend_B"],"score":243,"play_id":"d58171cb-8721-4452-863a-f82fb58a4b77","local_time":"20210122171536","is_ascension_mode":false,"campfire_choices":[{"data":"Self Repair","floor":7,"key":"SMITH"},{"data":"Storm","floor":13,"key":"SMITH"},{"floor":15,"key":"RECALL"},{"data":"Echo Form","floor":23,"key":"SMITH"}],"circlet_count":0,"master_deck":["Strike_B","Strike_B","Defend_B","Defend_B","Defend_B","Zap","Dualcast","Loop+1","Self Repair+1","Storm+1","Leap","Ball Lightning","Cold Snap","Recycle","Conserve Battery","Echo Form+1","Coolheaded","Glacier","Hello World","Coolheaded"],"relics":["Cracked Core","NeowsBlessing","Blood Vial","Bag of Marbles","Symbiotic Virus","Black Star","Ancient Tea Set","CaptainsWheel","Calipers"],"acts_visited":["Exordium","TheCity"],"potions_floor_usage":[6,25,27],"damage_taken":[{"damage":0,"enemies":"Jaw Worm","floor":1,"turns":1},{"damage":0,"enemies":"Small Slimes","floor":2,"turns":1},{"damage":0,"enemies":"Cultist","floor":4,"turns":1},{"damage":9,"enemies":"Blue Slaver","floor":5,"turns":3},{"damage":48,"enemies":"Gremlin Nob","floor":6,"turns":6},{"damage":13,"enemies":"Lagavulin","floor":8,"turns":6},{"damage":14,"enemies":"Large Slime","floor":10,"turns":3},{"damage":18,"enemies":"Lots of Slimes","floor":11,"turns":4},{"damage":13,"enemies":"The Guardian","floor":16,"turns":13},{"damage":26,"enemies":"2 Thieves","floor":18,"turns":4},{"damage":3,"enemies":"3 Byrds","floor":21,"turns":5},{"damage":16,"enemies":"Snecko","floor":22,"turns":4},{"damage":47,"enemies":"Gremlin Leader","floor":25,"turns":10},{"damage":39,"enemies":"Book of Stabbing","floor":27,"turns":8}],"seed_played":"-7864831010870044799","potions_obtained":[{"floor":5,"key":"Fire Potion"},{"floor":8,"key":"FearPotion"},{"floor":10,"key":"BlessingOfTheForge"},{"floor":11,"key":"Swift Potion"},{"floor":16,"key":"Explosive Potion"},{"floor":18,"key":"EssenceOfDarkness"},{"floor":22,"key":"Weak Potion"}],"is_trial":false,"path_per_floor":["M","M","$","M","M","E","R","E","T","M","M","?","R","?","R","B",null,"M","?","$","M","M","R","?","E","T","E"],"character_chosen":"DEFECT","items_purchased":["Ancient Tea Set"],"campfire_rested":0,"item_purchase_floors":[20],"current_hp_per_floor":[75,75,75,75,73,32,32,31,31,29,23,48,48,41,41,40,75,69,69,69,75,69,69,69,34,34,0,0],"gold":114,"neow_bonus":"THREE_ENEMY_KILL","is_daily":false,"chose_seed":false,"campfire_upgraded":3,"win_rate":0.0,"timestamp":1611328536,"path_taken":["M","M","$","M","M","E","R","E","T","M","M","?","R","?","R","BOSS","M","?","$","M","M","R","?","E","T","E"],"items_purchased_type":["Relic"],"build_version":"2020-12-22","purchased_purges":2,"victory":false,"max_hp_per_floor":[75,75,75,75,75,75,75,75,75,75,75,75,75,75,75,75,75,75,75,75,75,75,75,75,75,75,75,75],"relic_stats":{"Blood Vial":14,"counters":[14,68],"Black Star":1,"obtain_stats":[{"Blood Vial":6,"CaptainsWheel":25,"Calipers":25,"NeowsBlessing":0,"Bag of Marbles":8,"Black Star":17,"Cracked Core":0,"Symbiotic Virus":9,"Ancient Tea Set":20},{"Blood Vial":5,"CaptainsWheel":13,"Calipers":13,"NeowsBlessing":0,"Bag of Marbles":6,"Black Star":9,"Cracked Core":0,"Symbiotic Virus":6,"Ancient Tea Set":10},{"Blood Vial":12,"CaptainsWheel":60,"Calipers":60,"NeowsBlessing":0,"Bag of Marbles":18,"Black Star":37,"Cracked Core":0,"Symbiotic Virus":18,"Ancient Tea Set":41}]},"card_choices":[{"not_picked":["Rebound","Barrage"],"picked":"Loop","floor":1},{"not_picked":["Blizzard","Rebound"],"picked":"Self Repair","floor":2},{"not_picked":["Aggregate","Sweeping Beam"],"picked":"Storm","floor":4},{"not_picked":["Sweeping Beam","Reprogram"],"picked":"Leap","floor":5},{"not_picked":["Rainbow","Beam Cell"],"picked":"Ball Lightning","floor":6},{"not_picked":["Go for the Eyes","Darkness"],"picked":"Cold Snap","floor":8},{"not_picked":["Reprogram","Barrage"],"picked":"Recycle","floor":10},{"not_picked":["Consume","Reinforced Body"],"picked":"Conserve Battery","floor":11},{"not_picked":["Core Surge","Machine Learning"],"picked":"Echo Form","floor":16},{"not_picked":["Barrage","Go for the Eyes"],"picked":"Coolheaded","floor":18},{"not_picked":["Stack","Go for the Eyes","Skim"],"picked":"SKIP","floor":21},{"not_picked":["BootSequence","Beam Cell+1"],"picked":"Hello World","floor":22},{"not_picked":["Sweeping Beam","Sunder"],"picked":"Coolheaded","floor":25}],"player_experience":354528,"relics_obtained":[{"floor":6,"key":"Blood Vial"},{"floor":8,"key":"Bag of Marbles"},{"floor":9,"key":"Symbiotic Virus"},{"floor":25,"key":"CaptainsWheel"},{"floor":25,"key":"Calipers"}],"event_choices":[{"damage_healed":25,"gold_gain":0,"player_choice":"Banana","damage_taken":0,"max_hp_gain":0,"max_hp_loss":0,"event_name":"Big Fish","floor":12,"gold_loss":0},{"cards_removed":["Strike_B"],"damage_healed":0,"gold_gain":0,"player_choice":"Card Removal","damage_taken":7,"max_hp_gain":0,"max_hp_loss":0,"event_name":"Golden Wing","floor":14,"gold_loss":0},{"damage_healed":0,"gold_gain":0,"player_choice":"Read","damage_taken":0,"max_hp_gain":0,"max_hp_loss":0,"event_name":"The Library","floor":19,"gold_loss":0,"cards_obtained":["Glacier"]},{"damage_healed":0,"gold_gain":0,"player_choice":"Forge","damage_taken":0,"max_hp_gain":0,"max_hp_loss":0,"event_name":"Accursed Blacksmith","floor":24,"gold_loss":0,"cards_upgraded":["Loop"]}],"is_beta":false,"boss_relics":[{"not_picked":["Runic Pyramid","Sozu"],"picked":"Black Star"}],"items_purged_floors":[3,20],"is_endless":false,"potions_floor_spawned":[5,8,10,11,16,18,22],"killed_by":"Book of Stabbing","ascension_level":0}}