{"host":"uv5ws9rdk87e8i5k","time":1611347556,"event":{"mods":["AchievementEnabler","BaseMod","Colored Map","Minty Spire (QoL Compilation)","StSLib","SuperFastMode"],"gold_per_floor":[116,128,140,140,151,151,179,192,192,204,223,257,257,272,272,272,272],"floor_reached":16,"language":"ENG","playtime":574,"items_purged":[],"score":151,"play_id":"f9228b1a-42cb-4cb5-81d5-05d645ca66e7","local_time":"20210122143236","is_ascension_mode":true,"campfire_choices":[{"data":"Envenom","floor":6.0,"key":"SMITH"},{"floor":15.0,"key":"REST"}],"circlet_count":0,"master_deck":["Strike_G","Strike_G","Strike_G","Strike_G","Strike_G+1","Defend_G","Defend_G","Defend_G+1","Defend_G","Defend_G","Survivor","Neutralize+1","Envenom+1","Leg Sweep","Endless Agony","Cloak And Dagger+1","Backflip","Infinite Blades","Prepared","After Image","PiercingWail","Endless Agony"],"relics":["Ring of the Snake","Bag of Preparation","The Courier","Whetstone"],"acts_visited":["Exordium"],"potions_floor_usage":[],"damage_taken":[{"damage":0.0,"enemies":"2 Louse","floor":1.0,"turns":4.0},{"damage":3.0,"enemies":"Small Slimes","floor":2.0,"turns":6.0},{"damage":0.0,"enemies":"Jaw Worm","floor":3.0,"turns":4.0},{"damage":0.0,"enemies":"Blue Slaver","floor":5.0,"turns":6.0},{"damage":4.0,"enemies":"3 Sentries","floor":7.0,"turns":9.0},{"damage":6.0,"enemies":"Large Slime","floor":8.0,"turns":8.0},{"damage":2.0,"enemies":"Lots of Slimes","floor":10.0,"turns":4.0},{"damage":1.0,"enemies":"2 Fungi Beasts","floor":11.0,"turns":4.0},{"damage":15.0,"enemies":"Gremlin Nob","floor":12.0,"turns":5.0},{"damage":0.0,"enemies":"3 Louse","floor":14.0,"turns":4.0},{"damage":34,"enemies":"Slime Boss","floor":16,"turns":9}],"seed_played":"3445770026349319825","potions_obtained":[{"floor":1.0,"key":"CunningPotion"},{"floor":3.0,"key":"Block Potion"},{"floor":7.0,"key":"Energy Potion"},{"floor":10.0,"key":"Block Potion"},{"floor":14.0,"key":"Energy Potion"}],"is_trial":false,"path_per_floor":["M","M","M","?","M","R","E","M","T","M","M","E","?","M","R","B"],"character_chosen":"THE_SILENT","items_purchased":[],"campfire_rested":1,"item_purchase_floors":[],"current_hp_per_floor":[63,60,60,46,46,46,42,36,36,34,33,18,18,18,39,5,5],"gold":272,"neow_bonus":"ONE_RANDOM_RARE_CARD","is_daily":false,"chose_seed":false,"campfire_upgraded":1,"win_rate":0.0,"timestamp":1611347556,"path_taken":["M","M","M","?","M","R","E","M","T","M","M","E","?","M","R","BOSS"],"items_purchased_type":[],"build_version":"2020-12-22","purchased_purges":0,"victory":false,"max_hp_per_floor":[70,70,70,70,70,70,70,70,70,70,70,70,70,70,70,70,70],"card_choices":[{"not_picked":["Bouncing Flask","Backflip"],"picked":"Leg Sweep","floor":1.0},{"not_picked":["All Out Attack","Expertise"],"picked":"Endless Agony","floor":2.0},{"not_picked":["Poisoned Stab","Eviscerate"],"picked":"Cloak And Dagger","floor":3.0},{"not_picked":["Outmaneuver","Underhanded Strike","Sucker Punch"],"picked":"SKIP","floor":5.0},{"not_picked":["Outmaneuver","Underhanded Strike"],"picked":"Backflip","floor":7.0},{"not_picked":["Acrobatics","Poisoned Stab"],"picked":"Infinite Blades","floor":8.0},{"not_picked":["Skewer","Catalyst"],"picked":"Prepared","floor":10.0},{"not_picked":["Expertise","Footwork"],"picked":"After Image","floor":11.0},{"not_picked":["Setup","Underhanded Strike"],"picked":"PiercingWail","floor":12.0},{"not_picked":["Reflex","Dagger Spray"],"picked":"Endless Agony","floor":14.0}],"player_experience":164987,"relics_obtained":[{"floor":7.0,"key":"Bag of Preparation"},{"floor":9.0,"key":"The Courier"},{"floor":12.0,"key":"Whetstone"}],"event_choices":[{"damage_healed":0.0,"max_hp_gain":0.0,"max_hp_loss":0.0,"gold_gain":0.0,"event_name":"Shining Light","player_choice":"Entered Light","floor":4.0,"gold_loss":0.0,"damage_taken":14.0,"cards_upgraded":["Cloak And Dagger","Defend_G"]},{"damage_healed":0.0,"max_hp_gain":0.0,"max_hp_loss":0.0,"gold_gain":0.0,"event_name":"Dead Adventurer","player_choice":"Searched \u00270\u0027 times","floor":13.0,"gold_loss":0.0,"damage_taken":0.0}],"is_beta":false,"boss_relics":[],"items_purged_floors":[],"is_endless":false,"potions_floor_spawned":[1,3,7,10,14],"killed_by":"Slime Boss","ascension_level":6}}