{"host":"Sean","time":1611316686,"event":{"mods":["BaseMod","Block Reminder","Colored Map","Colored Powertips","Highlight Path","Minty Spire (QoL Compilation)","Permanent Neow","Relic Stats"],"gold_per_floor":[116,131,131,142,34,34,65,240,240,273,273,273,286,297,297,393,393,410,420,33,33,44,44,44,44,44,44,71,86,86,106,106,208,208,226,226,25,37,50,76,88,120,143,155,184,184,217,229,229,229,229,229,27,54,54,54],"floor_reached":55,"language":"ENG","playtime":5348,"items_purged":["Strike_B","Doubt"],"score":1242,"play_id":"ff407f55-3173-4449-933d-3ec2b656a5f6","local_time":"20210122115806","is_ascension_mode":true,"campfire_choices":[{"data":"Doom and Gloom","floor":6.0,"key":"SMITH"},{"data":"Skim","floor":12.0,"key":"SMITH"},{"data":"Conserve Battery","floor":15.0,"key":"SMITH"},{"data":"Multi-Cast","floor":23.0,"key":"SMITH"},{"data":"Buffer","floor":25.0,"key":"SMITH"},{"data":"Defragment","floor":32.0,"key":"SMITH"},{"floor":49.0,"key":"RECALL"},{"data":"Machine Learning","floor":52,"key":"SMITH"}],"circlet_count":0,"master_deck":["Dualcast","Conserve Battery+1","Ball Lightning","Cold Snap","Skim+1","Impatience","FTL","Doom and Gloom+1","Turbo","Sweeping Beam","Defragment+1","Electrodynamics","Multi-Cast+1","Machine Learning+1","Undo","Glacier","Coolheaded+1","Gash","Leap","Sweeping Beam","Buffer+1","Turbo","Glacier+1","Genetic Algorithm","All For One","FTL+1","Steam+1","Tempest","Double Energy+1","Hologram+1","Turbo+1","White Noise+1","Undo+1","Double Energy+1","Go for the Eyes","Capacitor+1"],"relics":["Philosopher\u0027s Stone","Ornamental Fan","Gremlin Horn","InkBottle","Emotion Chip","Pandora\u0027s Box","Bag of Preparation","HandDrill","Omamori","Pear","Cursed Key","PreservedInsect","Lantern","Eternal Feather","Strawberry","White Beast Statue","Question Card","DataDisk","Vajra"],"acts_visited":["Exordium","TheCity","TheBeyond","TheEnding"],"potions_floor_usage":[55],"damage_taken":[{"damage":2.0,"enemies":"Cultist","floor":1.0,"turns":3.0},{"damage":8.0,"enemies":"Jaw Worm","floor":2.0,"turns":3.0},{"damage":4.0,"enemies":"2 Louse","floor":4.0,"turns":3.0},{"damage":4.0,"enemies":"3 Sentries","floor":7.0,"turns":3.0},{"damage":18.0,"enemies":"Lagavulin","floor":10.0,"turns":5.0},{"damage":0.0,"enemies":"Large Slime","floor":13.0,"turns":2.0},{"damage":0.0,"enemies":"2 Fungi Beasts","floor":14.0,"turns":3.0},{"damage":21.0,"enemies":"Hexaghost","floor":16.0,"turns":7.0},{"damage":7.0,"enemies":"Shell Parasite","floor":18.0,"turns":4.0},{"damage":10.0,"enemies":"Chosen","floor":19.0,"turns":5.0},{"damage":6.0,"enemies":"Snake Plant","floor":22.0,"turns":6.0},{"damage":9.0,"enemies":"Gremlin Leader","floor":28.0,"turns":6.0},{"damage":0.0,"enemies":"Chosen and Byrds","floor":29.0,"turns":4.0},{"damage":0.0,"enemies":"Snecko","floor":31.0,"turns":7.0},{"damage":4.0,"enemies":"Collector","floor":33.0,"turns":11.0},{"damage":2.0,"enemies":"3 Darklings","floor":35.0,"turns":3.0},{"damage":0.0,"enemies":"3 Shapes","floor":38.0,"turns":4.0},{"damage":0.0,"enemies":"Maw","floor":39.0,"turns":7.0},{"damage":0.0,"enemies":"Giant Head","floor":40.0,"turns":7.0},{"damage":0.0,"enemies":"3 Darklings","floor":41.0,"turns":1.0},{"damage":0.0,"enemies":"Nemesis","floor":42.0,"turns":7.0},{"damage":0.0,"enemies":"Jaw Worm Horde","floor":44.0,"turns":2.0},{"damage":0.0,"enemies":"Giant Head","floor":45.0,"turns":6.0},{"damage":0.0,"enemies":"Nemesis","floor":47.0,"turns":7.0},{"damage":0.0,"enemies":"Transient","floor":48.0,"turns":5.0},{"damage":29,"enemies":"Awakened One","floor":50,"turns":9},{"damage":0,"enemies":"Shield and Spear","floor":54,"turns":2},{"damage":95,"enemies":"The Heart","floor":55,"turns":3}],"seed_played":"-8707882413190955020","potions_obtained":[{"floor":1.0,"key":"Explosive Potion"},{"floor":10.0,"key":"SkillPotion"},{"floor":13.0,"key":"Fire Potion"},{"floor":14.0,"key":"Swift Potion"},{"floor":18.0,"key":"LiquidBronze"},{"floor":19.0,"key":"SpeedPotion"},{"floor":38.0,"key":"FearPotion"},{"floor":42.0,"key":"Swift Potion"}],"is_trial":false,"path_per_floor":["M","M","?","M","$","R","E","?","T","E","?","R","M","M","R","B",null,"M","M","$","?","M","R","?","R","T","?","E","M","T","M","R","B",null,"M","?","$","M","M","E","M","E","T","M","E","?","E","M","R","B",null,"R","$","E","B"],"character_chosen":"DEFECT","items_purchased":["Doom and Gloom","Bag of Preparation","HandDrill","PreservedInsect","Block Potion","DataDisk","Go for the Eyes"],"campfire_rested":0,"item_purchase_floors":[5,20,20,37,37,53,53],"current_hp_per_floor":[66,58,58,54,54,54,50,50,50,32,25,25,25,25,25,4,57,50,40,40,40,34,34,34,34,34,34,25,25,35,35,35,31,72,70,70,70,70,70,70,70,70,77,77,77,77,77,77,92,63,85,92,92,92,0,0],"gold":54,"neow_bonus":"BOSS_RELIC","is_daily":false,"chose_seed":false,"campfire_upgraded":7,"win_rate":0.0,"timestamp":1611316686,"path_taken":["M","?","?","?","$","R","E","?","T","E","?","R","M","M","R","BOSS","M","M","$","?","M","R","?","R","T","?","E","M","?","M","R","BOSS","M","?","?","M","?","E","M","E","T","M","E","?","E","M","R","BOSS","R","$","E","BOSS"],"items_purchased_type":["Card","Relic","Relic","Relic","Potion","Relic","Card"],"build_version":"2020-12-18","purchased_purges":2,"victory":false,"max_hp_per_floor":[75,75,75,75,75,75,75,75,75,75,75,75,75,75,75,75,75,75,75,75,75,75,75,75,75,75,75,75,75,85,85,85,85,85,85,85,85,85,85,85,85,85,92,92,92,92,92,92,92,92,92,92,92,92,92,92],"relic_stats":{"Gremlin Horn":[21,21],"counters":[28,135],"Eternal Feather":22,"PreservedInsect":444,"Bag of Preparation":[36],"Cursed Key":1,"Question Card":2,"Emotion Chip":[33,10,19,4,0],"Ornamental Fan":[232],"Pandora\u0027s Box":["Machine Learning","Undo","Glacier","Thunder Strike","Coolheaded","Machine Learning","Gash"],"HandDrill":[32],"obtain_stats":[{"Lantern":40,"Pear":30,"Gremlin Horn":9,"Vajra":54,"Eternal Feather":42,"PreservedInsect":37,"Bag of Preparation":20,"Omamori":28,"Cursed Key":34,"Question Card":47,"White Beast Statue":45,"Emotion Chip":11,"DataDisk":53,"Ornamental Fan":7,"Strawberry":43,"Philosopher\u0027s Stone":0,"Pandora\u0027s Box":17,"HandDrill":20,"Cracked Core":0,"InkBottle":10},{"Lantern":19,"Pear":13,"Gremlin Horn":4,"Vajra":27,"Eternal Feather":21,"PreservedInsect":16,"Bag of Preparation":10,"Omamori":12,"Cursed Key":15,"Question Card":24,"White Beast Statue":23,"Emotion Chip":5,"DataDisk":26,"Ornamental Fan":4,"Strawberry":21,"Philosopher\u0027s Stone":0,"Pandora\u0027s Box":8,"HandDrill":10,"Cracked Core":0,"InkBottle":5},{"Lantern":93,"Pear":54,"Gremlin Horn":12,"Vajra":132,"Eternal Feather":101,"PreservedInsect":75,"Bag of Preparation":38,"Omamori":50,"Cursed Key":72,"Question Card":116,"White Beast Statue":109,"Emotion Chip":17,"DataDisk":130,"Ornamental Fan":12,"Strawberry":101,"Philosopher\u0027s Stone":0,"Pandora\u0027s Box":29,"HandDrill":38,"Cracked Core":0,"InkBottle":17}],"InkBottle":[68]},"card_choices":[{"not_picked":["Stack","Barrage"],"picked":"Conserve Battery","floor":1.0},{"not_picked":["Barrage","Turbo"],"picked":"Ball Lightning","floor":2.0},{"not_picked":["White Noise","Streamline"],"picked":"FTL","floor":4.0},{"not_picked":["Doom and Gloom","Storm"],"picked":"Turbo","floor":7.0},{"not_picked":["Auto Shields","Go for the Eyes"],"picked":"Sweeping Beam","floor":10.0},{"not_picked":["Double Energy","Cold Snap"],"picked":"Defragment","floor":13.0},{"not_picked":["Beam Cell","Redo"],"picked":"Electrodynamics","floor":14.0},{"not_picked":["Amplify","Biased Cognition"],"picked":"Multi-Cast","floor":16.0},{"not_picked":["Blizzard+1","Beam Cell"],"picked":"Leap","floor":18.0},{"not_picked":["Heatsinks","Ball Lightning","Steam"],"picked":"SKIP","floor":19.0},{"not_picked":["Barrage","Genetic Algorithm"],"picked":"Turbo","floor":22.0},{"not_picked":["Conserve Battery+1","Genetic Algorithm"],"picked":"Glacier+1","floor":28.0},{"not_picked":["Scrape","Lockon","Genetic Algorithm"],"picked":"SKIP","floor":29.0},{"not_picked":["Storm","Aggregate"],"picked":"Genetic Algorithm","floor":31.0},{"not_picked":["Multi-Cast","Meteor Strike"],"picked":"All For One","floor":33.0},{"not_picked":["Compile Driver+1","Self Repair"],"picked":"FTL+1","floor":35.0},{"not_picked":["Conserve Battery","Barrage"],"picked":"Steam+1","floor":38.0},{"not_picked":["Hologram","Force Field+1"],"picked":"Tempest","floor":39.0},{"not_picked":["Electrodynamics","FTL+1"],"picked":"Double Energy+1","floor":40.0},{"not_picked":["Static Discharge","Coolheaded"],"picked":"Hologram+1","floor":41.0},{"not_picked":["Recycle+1","All For One"],"picked":"Turbo+1","floor":42.0},{"not_picked":["Storm","Steam","Sweeping Beam"],"picked":"SKIP","floor":44.0},{"not_picked":["Conserve Battery","Blizzard+1"],"picked":"White Noise+1","floor":45.0},{"not_picked":["Leap","Beam Cell"],"picked":"Undo+1","floor":47.0},{"not_picked":["Beam Cell+1","Blizzard+1","Sunder"],"picked":"Double Energy+1","floor":48.0},{"not_picked":["Hologram","Stack+1","Glacier+1"],"picked":"Capacitor+1","floor":54}],"player_experience":438592,"relics_obtained":[{"floor":7.0,"key":"Ornamental Fan"},{"floor":9.0,"key":"Gremlin Horn"},{"floor":10.0,"key":"InkBottle"},{"floor":28.0,"key":"Omamori"},{"floor":30.0,"key":"Pear"},{"floor":40.0,"key":"Lantern"},{"floor":42.0,"key":"Eternal Feather"},{"floor":43.0,"key":"Strawberry"},{"floor":45.0,"key":"White Beast Statue"},{"floor":47.0,"key":"Question Card"},{"floor":54,"key":"Vajra"}],"event_choices":[{"damage_healed":0.0,"max_hp_gain":0.0,"max_hp_loss":0.0,"gold_gain":0.0,"event_name":"Match and Keep!","player_choice":"3 cards matched","floor":3.0,"gold_loss":0.0,"damage_taken":0.0,"cards_obtained":["Cold Snap","Skim","Impatience"]},{"damage_healed":0.0,"max_hp_gain":0.0,"max_hp_loss":0.0,"gold_gain":175.0,"event_name":"Liars Game","player_choice":"AGREE","floor":8.0,"gold_loss":0.0,"damage_taken":0.0,"cards_obtained":["Doubt"]},{"damage_healed":0.0,"max_hp_gain":0.0,"max_hp_loss":0.0,"gold_gain":0.0,"event_name":"Scrap Ooze","player_choice":"Success","floor":11.0,"gold_loss":0.0,"damage_taken":7.0,"relics_obtained":["Emotion Chip"]},{"damage_healed":0.0,"max_hp_gain":0.0,"max_hp_loss":0.0,"gold_gain":0.0,"cards_transformed":["Machine Learning","Zap"],"event_name":"Drug Dealer","player_choice":"Became Test Subject","floor":21.0,"gold_loss":0.0,"damage_taken":0.0,"cards_obtained":["Sweeping Beam","Buffer"]},{"cards_removed":["Thunder Strike"],"damage_healed":0.0,"max_hp_gain":0.0,"max_hp_loss":0.0,"gold_gain":0.0,"event_name":"Back to Basics","player_choice":"Elegance","floor":24.0,"gold_loss":0.0,"damage_taken":0.0},{"damage_healed":0.0,"max_hp_gain":0.0,"max_hp_loss":0.0,"gold_gain":0.0,"event_name":"Vampires","player_choice":"Ignored","floor":27.0,"gold_loss":0.0,"damage_taken":0.0},{"damage_healed":0.0,"max_hp_gain":0.0,"max_hp_loss":0.0,"gold_gain":0.0,"event_name":"Upgrade Shrine","player_choice":"Upgraded","floor":36.0,"gold_loss":0.0,"damage_taken":0.0,"cards_upgraded":["Coolheaded"]},{"damage_healed":0.0,"max_hp_gain":0.0,"max_hp_loss":0.0,"gold_gain":0.0,"event_name":"Tomb of Lord Red Mask","player_choice":"Ignored","floor":46.0,"gold_loss":0.0,"damage_taken":0.0}],"is_beta":true,"boss_relics":[{"not_picked":["Coffee Dripper","Black Star"],"picked":"Pandora\u0027s Box"},{"not_picked":["SacredBark","Calling Bell"],"picked":"Cursed Key"}],"items_purged_floors":[5,20],"is_endless":false,"potions_floor_spawned":[1,10,13,14,18,19,38,40,42,47,48,54],"killed_by":"The Heart","ascension_level":6}}