{"host":"ylxam20yo7j5dy26","time":1611299942,"event":{"mods":["ATMod(°¢èªMod)","Act Like it!","Aspiration","BaseMod","BetterRewards","Conspire","Defuse TimeMaze Blight","Energized Spire","Gensokyo","GungeonMod","Hubris","Infinite Spire","Marisa£¨ìFÓê¡¡Ä§ÀíÉ³£©","Minty Spire (QoL Compilation)","MostiFishMod","Quarter Circle Forward PUNCH!","Quick Restart","Reimu£¨²©ÀöÁéÃÎ£©","Remilia£¨ÀÙÃ×ÀòÑÇ£©","Replay The Spire","Robot Space Explorer","RumiaBox-Â¶Ã×æ«µÄÉñÃØºÐ×Ó","Spicy Shops","StSLib","The Jungle","The Runesmith","vexMod","¡¾¹¦ÄÜMod¡¿»ìãçÖ®»·ÐÞ¸´²¹¶¡","¡¾ÒÅÎï¿¨ÅÆ¡¿REMEMod"],"gold_per_floor":[112,112,127,127,127,155,155,155,155,190,210,236,236,263,263,358,358,373,373,373,373,392,419,419,444,444,460,285,301,330,342,342,442,442,459,473,525,571,425,460,460,460,460,494,510,540,540,554,554,554],"floor_reached":51,"language":"ZHS","playtime":3888,"items_purged":["ReplayTheSpireMod:Strike From Hell","hubris:EnhanceAbility"],"score":1194,"play_id":"211ad4a8-727d-4db1-b91e-3d4749ff0c1e","local_time":"20210122151902","daily_mods":["SealedDeck","Diverse","Flight"],"is_ascension_mode":false,"campfire_choices":[{"floor":13.0,"key":"REST"},{"data":"Intuition:ReiMu","floor":15.0,"key":"SMITH"},{"data":"AT_EssenceShift","floor":24,"key":"SMITH"},{"floor":32,"key":"REST"},{"data":"Hologram","floor":42,"key":"SMITH"},{"data":"Replay:Many Hands","floor":47,"key":"SMITH"},{"data":"Revelation:ReiMu","floor":49,"key":"SMITH"}],"circlet_count":0,"master_deck":["AT_EssenceShift+1","hubris:ReadiedAction","Dagger Spray","Sucker Punch","Beam Cell","JustLucky","RobotSpaceExplorer:SurgingShield","Footwork","Amulet:ReiMu","SubcavityInstant:ReiMu","CareerPray:ReiMu","Runesmith:HammerThrow","UnstableMagic","Hologram+1","Intuition:ReiMu+1","Replay:Many Hands+1","infinitespire:NeuralNetwork+1","Outmaneuver","MostiFishMod:PoisonShield","UltimateShortwave","SafetyPray:ReiMu+1","Devotion","Revelation:ReiMu+1"],"relics":["FlyPower:ReiMu","AT_ATBox","DaveBox","REME_ComplimentaryCards","RhineCircuit","SynthV:TestCard","AddBug","SecretRecord","SecretRecord","SecretRecord","SecretRecord","SecretRecord","SecretRecord"],"acts_visited":["Exordium","TheCity","TheBeyond"],"potions_floor_usage":[],"damage_taken":[{"damage":0.0,"enemies":"Small Slimes","floor":1.0,"turns":3.0},{"damage":0.0,"enemies":"2 Louse","floor":3.0,"turns":2.0},{"damage":1.0,"enemies":"Replay:BlueRogue","floor":6.0,"turns":4.0},{"damage":0.0,"enemies":"Lagavulin","floor":10.0,"turns":4.0},{"damage":0.0,"enemies":"Jaw Worm","floor":11.0,"turns":2.0},{"damage":8.0,"enemies":"Gremlin Nob","floor":12.0,"turns":4.0},{"damage":0.0,"enemies":"Replay:BlueRogue","floor":14.0,"turns":4.0},{"damage":0.0,"enemies":"Fading Forest","floor":16.0,"turns":9.0},{"damage":0.0,"enemies":"2 Thieves","floor":18.0,"turns":2.0},{"damage":0.0,"enemies":"conspire:FuzzyDice","floor":22.0,"turns":2.0},{"damage":17,"enemies":"Slavers","floor":23,"turns":3},{"damage":0,"enemies":"conspire:Head Lice","floor":25,"turns":4},{"damage":0,"enemies":"Centurion and Healer","floor":27,"turns":3},{"damage":0,"enemies":"3 Cultists","floor":29,"turns":3},{"damage":0,"enemies":"Book of Stabbing","floor":30,"turns":4},{"damage":0,"enemies":"Snake Plant","floor":31,"turns":3},{"damage":0,"enemies":"conspire:MysteriousRune","floor":33,"turns":4},{"damage":0,"enemies":"3 Shapes","floor":35,"turns":5},{"damage":7,"enemies":"3 Darklings","floor":36,"turns":4},{"damage":1,"enemies":"2 Orb Walkers","floor":37,"turns":2},{"damage":0,"enemies":"Orin","floor":38,"turns":4},{"damage":0,"enemies":"Giant Head","floor":40,"turns":4},{"damage":0,"enemies":"R_Hoarder","floor":44,"turns":6},{"damage":0,"enemies":"Jaw Worm Horde","floor":45,"turns":4},{"damage":0,"enemies":"Nemesis","floor":46,"turns":5},{"damage":0,"enemies":"Writhing Mass","floor":48,"turns":3},{"damage":10,"enemies":"Donu and Deca","floor":50,"turns":4}],"seed_played":"-4815191526144623689","potions_obtained":[{"floor":3.0,"key":"FearPotion"},{"floor":6.0,"key":"SteroidPotion"},{"floor":10.0,"key":"ColorlessPotion"},{"floor":16.0,"key":"Explosive Potion"}],"is_trial":true,"path_per_floor":["M","WH","M","?","WH","E","?","WH","T","E","M","E","R","E","R","B",null,"M","?","?","$","M","E","R","E","T","M","$","M","E","M","R","B",null,"M","M","?","?","$","E","?","R","T","E","M","E","R","M","R","B",null],"character_chosen":"REIMU","items_purchased":["CheatingSign:ReiMu"],"campfire_rested":2,"item_purchase_floors":[39],"current_hp_per_floor":[65,71,71,71,78,77,59,66,66,66,66,62,85,85,85,85,85,85,64,64,64,64,47,47,47,47,47,47,47,47,47,72,72,85,85,78,77,77,77,77,77,77,77,77,77,77,77,77,77,67],"gold":554,"neow_bonus":"TEN_PERCENT_HP_BONUS","is_daily":false,"chose_seed":false,"campfire_upgraded":5,"win_rate":0.0,"timestamp":1611299942,"path_taken":["M","WH","M","?","WH","E","?","WH","T","E","M","E","R","E","R","BOSS","M","?","?","$","M","E","R","E","T","?","$","M","E","M","R","BOSS","M","M","?","?","$","E","?","R","T","E","?","E","R","M","R","BOSS"],"items_purchased_type":["Relic"],"build_version":"2020-12-22","purchased_purges":2,"victory":true,"max_hp_per_floor":[65,71,71,71,78,78,78,85,85,85,85,85,85,85,85,85,85,85,85,85,85,85,85,85,85,85,85,85,85,85,85,85,85,85,85,85,85,85,85,85,85,85,85,85,85,85,85,85,85,85],"card_choices":[{"not_picked":["Finisher","ReplayTheSpireMod:Limb From Limb"],"picked":"CareerPray:ReiMu","floor":1.0},{"not_picked":["Heatsinks","DemoMod:CombinedRifle","RobotSpaceExplorer:FrostMissile","Stigmanizer"],"picked":"Runesmith:HammerThrow","floor":3.0},{"not_picked":["SashWhip","FlurryOfBlows","Runesmith:CraftVitae","Stigmanizer","Runesmith:EarthShield"],"picked":"SKIP","floor":6.0},{"not_picked":["Runesmith:RunicBlueprint","Steam Power","DemoMod:TeaPot","DemoMod:DoubleSwitch","RobotSpaceExplorer:MiniDrones"],"picked":"SKIP","floor":10.0},{"not_picked":["Runesmith:Grindstone","DemoMod:HuntsMan","DemoMod:SuppressiveFire","Tempest"],"picked":"UnstableMagic","floor":11.0},{"not_picked":["DemoMod:CombinedRifle","Armaments","DevilSight","Malaise"],"picked":"Hologram","floor":12.0},{"not_picked":["Gash","Leap","SignatureMove","Study"],"picked":"Intuition:ReiMu","floor":14.0},{"not_picked":["Wish","Impervious","MostiFishMod:Adaptation","MostiFishMod:GrandStart"],"picked":"Replay:Many Hands","floor":16.0},{"not_picked":["Runesmith:UnstableHammer+1","Halt","DemoMod:SpreadAmmo","Shrug It Off+1","RobotSpaceExplorer:Counterblock"],"picked":"SKIP","floor":18.0},{"not_picked":["ReplayTheSpireMod:Black Plague","infinitespire:Punishment"],"picked":"infinitespire:NeuralNetwork","floor":19.0},{"not_picked":["LuminesStrike+1","DemoMod:Unmoved","conspire:ExplosiveBarrier+1","AT_OneInchPunch","Stigmanizer"],"picked":"SKIP","floor":22.0},{"not_picked":["HeartBreak","Combust","Armaments","Runesmith:Repurpose+1","Dagger Spray"],"picked":"SKIP","floor":23},{"not_picked":["CasketOfStar","ReplayTheSpireMod:Strike From Hell","Conserve Battery","Reckless Charge","DemoMod:Ejector+1"],"picked":"SKIP","floor":25},{"not_picked":["EmptyBody","Runesmith:Repurpose+1","GravityBeat","AsteroidBelt","WaveOfTheHand+1"],"picked":"SKIP","floor":27},{"not_picked":["BasicCrystalCard","DemoMod:HardPowerCard+1","GravityBeat+1","RedRainbow","EarthLightRay"],"picked":"SKIP","floor":29},{"not_picked":["DemoMod:GunstockTap+1","MostiFishMod:PathToVictory","ScarletDevil","TwelveNightmare"],"picked":"Outmaneuver","floor":30},{"not_picked":["DemoMod:DirectionalPad","Body Slam+1","Steam","RobotSpaceExplorer:SwiftStep+1"],"picked":"MostiFishMod:PoisonShield","floor":31},{"not_picked":["MostiFishMod:DeathFromBelow","MostiFishMod:OutWit","Wish","MostiFishMod:Tomorrow"],"picked":"UltimateShortwave","floor":33},{"not_picked":["DemoMod:TripleGun+1","RefractionSpark","Flying Knee+1","RobotSpaceExplorer:ShovelStrike+1","KamiSacrifice:ReiMu+1"],"picked":"SKIP","floor":35},{"not_picked":["UnstableBomb","Runesmith:Grindstone","DemoMod:GunstockTap","Static Discharge+1"],"picked":"SafetyPray:ReiMu+1","floor":36},{"not_picked":["RobotSpaceExplorer:LaserBurst+1","Panic Button","FavorOfDestiny+1","Self Repair+1","Feel No Pain"],"picked":"SKIP","floor":40},{"not_picked":["ScarletSymphony","Life Link","ReplayGash","ReplayTheSpireMod:Calculation Training","HeartBreak"],"picked":"SKIP","floor":44},{"not_picked":["Barrage","Runesmith:HeatExchange","Streamline+1","RobotSpaceExplorer:Electropulse","Dagger Throw"],"picked":"SKIP","floor":45},{"not_picked":["DemoMod:Evolver","FavorOfDestiny+1","PathToVictory","ScarletGensokyo"],"picked":"Devotion","floor":46},{"not_picked":["RobotSpaceExplorer:ImprovisedAttack+1","Infinite Blades+1","DemoMod:RadGun","Blade Dance"],"picked":"Revelation:ReiMu","floor":48}],"player_experience":146700,"relics_obtained":[{"floor":1.0,"key":"SynthV:TestCard"},{"floor":1.0,"key":"AddBug"},{"floor":6.0,"key":"Orichalcum"},{"floor":9.0,"key":"Gremlin Horn"},{"floor":10.0,"key":"REME_LimitBreaker"},{"floor":12.0,"key":"Potion Belt"},{"floor":12.0,"key":"SecretRecord"},{"floor":14.0,"key":"GodSword1"},{"floor":23,"key":"infinitespire:Magic Flask"},{"floor":23,"key":"SecretRecord"},{"floor":25,"key":"MealTicket"},{"floor":26,"key":"RuthlessExorcism:ReiMu"},{"floor":30,"key":"infinitespire:Lucky Rock"},{"floor":33,"key":"SecretRecord"},{"floor":36,"key":"SecretRecord"},{"floor":37,"key":"hubris:MedicalManual"},{"floor":38,"key":"CatCart"},{"floor":40,"key":"Art of War"},{"floor":43,"key":"hubris:Metronome"},{"floor":44,"key":"SecretRecord"},{"floor":44,"key":"InkBottle"},{"floor":46,"key":"Bottled Tornado"}],"event_choices":[{"damage_healed":0.0,"max_hp_gain":0.0,"max_hp_loss":0.0,"gold_gain":0.0,"event_name":"Scrap Ooze","player_choice":"Success","floor":7.0,"gold_loss":0.0,"damage_taken":18.0,"relics_obtained":["REME_IWantAll"]},{"damage_healed":0.0,"max_hp_gain":0.0,"max_hp_loss":0.0,"gold_gain":0.0,"event_name":"Accursed Blacksmith","player_choice":"Forge","floor":20.0,"gold_loss":0.0,"damage_taken":0.0,"cards_upgraded":["infinitespire:NeuralNetwork"]},{"damage_healed":0,"gold_gain":0,"player_choice":"Fight","damage_taken":0,"max_hp_gain":0,"max_hp_loss":0,"event_name":"Mysterious Sphere","floor":37,"gold_loss":0},{"damage_healed":0,"gold_gain":0,"player_choice":"Fight","damage_taken":0,"max_hp_gain":0,"max_hp_loss":0,"event_name":"OrinTheCat","floor":38,"gold_loss":0}],"is_beta":false,"boss_relics":[{"not_picked":["qcfpunch:Crimson_Sash","vexMod:EndlessSickness"],"picked":"conspire:SlowCooker"},{"not_picked":["RedLine:ReiMu","Runic Dome"],"picked":"hubris:RunicObelisk"}],"items_purged_floors":[28,28],"is_endless":false,"potions_floor_spawned":[3,6,10,16,23,27,30,33,37,40,44,45],"ascension_level":0}}