{"host":"2fgwwnzqc97k7iys","time":1611342165,"event":{"mods":["BaseMod","Colored Map","Minty Spire (QoL Compilation)","Quick Restart","Relic Stats"],"gold_per_floor":[117,130,80,96,196,196,231,231,254,254,267,302,312,327,327,432,432,451,229,245,245,264,264,299,34,79,79,105,5,105,115,115,214,264,279,290,31,50,50,50,50],"floor_reached":40,"language":"ENG","playtime":2365,"items_purged":["Strike_R","Pain","Strike_R"],"score":632,"play_id":"c97b16e0-f54f-4f15-b74d-87ba7fcf38f8","local_time":"20210122130245","is_ascension_mode":true,"campfire_choices":[{"data":"Cleave","floor":6.0,"key":"SMITH"},{"data":"Bash","floor":8.0,"key":"SMITH"},{"data":"Sword Boomerang","floor":10.0,"key":"SMITH"},{"data":"Pommel Strike","floor":15.0,"key":"SMITH"},{"data":"Warcry","floor":23,"key":"SMITH"},{"data":"True Grit","floor":27,"key":"SMITH"},{"data":"Feel No Pain","floor":32,"key":"SMITH"}],"circlet_count":0,"master_deck":["Strike_R","Strike_R","Strike_R","Defend_R+1","Defend_R","Defend_R+1","Bash+1","Cleave+1","Sword Boomerang+1","Flex","Seeing Red","Pommel Strike+1","Fiend Fire","Reaper","Warcry+1","Disarm","Flame Barrier+1","Flex+1","Feel No Pain+1","True Grit+1","Sword Boomerang","Offering","Rupture+1","Dark Embrace","Whirlwind","Offering","Madness","Madness"],"relics":["Burning Blood","War Paint","Potion Belt","Oddly Smooth Stone","MealTicket","Sozu","WarpedTongs","Nunchaku","Vajra","PreservedInsect","Charon\u0027s Ashes","Tiny House","Membership Card"],"acts_visited":["Exordium","TheCity","TheBeyond"],"potions_floor_usage":[],"damage_taken":[{"damage":11.0,"enemies":"Jaw Worm","floor":1.0,"turns":5.0},{"damage":0.0,"enemies":"2 Louse","floor":2.0,"turns":3.0},{"damage":0.0,"enemies":"Cultist","floor":4.0,"turns":3.0},{"damage":19.0,"enemies":"Lagavulin","floor":7.0,"turns":7.0},{"damage":4.0,"enemies":"Looter","floor":11.0,"turns":3.0},{"damage":16.0,"enemies":"Gremlin Nob","floor":12.0,"turns":3.0},{"damage":15.0,"enemies":"Exordium Thugs","floor":13.0,"turns":4.0},{"damage":6.0,"enemies":"2 Fungi Beasts","floor":14.0,"turns":3.0},{"damage":24.0,"enemies":"The Guardian","floor":16.0,"turns":9.0},{"damage":21,"enemies":"Spheric Guardian","floor":18,"turns":4},{"damage":13,"enemies":"2 Thieves","floor":20,"turns":4},{"damage":19,"enemies":"Snecko","floor":22,"turns":5},{"damage":46,"enemies":"Book of Stabbing","floor":24,"turns":7},{"damage":8,"enemies":"Gremlin Leader","floor":28,"turns":5},{"damage":0,"enemies":"Centurion and Healer","floor":31,"turns":5},{"damage":69,"enemies":"Champ","floor":33,"turns":11},{"damage":14,"enemies":"3 Shapes","floor":35,"turns":3},{"damage":47,"enemies":"3 Darklings","floor":36,"turns":4},{"damage":38,"enemies":"Writhing Mass","floor":38,"turns":6},{"damage":17,"enemies":"Giant Head","floor":40,"turns":4}],"seed_played":"9006043064546365530","potions_obtained":[{"floor":4.0,"key":"SteroidPotion"},{"floor":7.0,"key":"PowerPotion"},{"floor":14.0,"key":"Swift Potion"}],"is_trial":false,"path_per_floor":["M","M","?","M","?","R","E","R","T","R","M","E","M","M","R","B",null,"M","$","M","?","M","R","E","$","T","R","E","$","?","M","R","B",null,"M","M","$","M","?","E"],"character_chosen":"IRONCLAD","items_purchased":["Disarm","Flame Barrier","Vajra","Feel No Pain","True Grit","Membership Card","Whirlwind"],"campfire_rested":0,"item_purchase_floors":[19,19,25,25,25,37,37],"current_hp_per_floor":[67,73,73,79,79,79,66,66,66,66,68,58,49,49,49,31,68,57,72,75,75,68,68,28,43,43,43,56,71,71,80,80,27,72,85,44,59,27,16,0,0],"gold":50,"neow_bonus":"RANDOM_COMMON_RELIC","is_daily":false,"chose_seed":false,"campfire_upgraded":7,"win_rate":0.0,"timestamp":1611342165,"path_taken":["M","M","?","M","?","R","E","R","T","R","M","E","?","M","R","BOSS","M","$","M","?","M","R","E","$","T","R","E","?","?","M","R","BOSS","M","?","$","M","?","E"],"items_purchased_type":["Card","Card","Relic","Card","Card","Relic","Card"],"build_version":"2020-12-22","purchased_purges":3,"victory":false,"max_hp_per_floor":[80,80,80,80,80,80,80,80,80,80,80,80,80,80,80,80,80,80,80,80,80,80,80,80,80,80,80,80,80,80,80,80,80,85,85,85,85,85,85,85,85],"relic_stats":{"Sozu":5,"Nunchaku":[6],"counters":[20,98],"MealTicket":60,"PreservedInsect":176,"Charon\u0027s Ashes":[162],"War Paint":["Defend_R","Defend_R"],"obtain_stats":[{"Potion Belt":7,"Tiny House":34,"Oddly Smooth Stone":9,"Vajra":25,"PreservedInsect":26,"Charon\u0027s Ashes":28,"War Paint":0,"Burning Blood":0,"WarpedTongs":21,"Sozu":17,"Nunchaku":24,"MealTicket":12,"Membership Card":37},{"Potion Belt":4,"Tiny House":16,"Oddly Smooth Stone":4,"Vajra":13,"PreservedInsect":13,"Charon\u0027s Ashes":14,"War Paint":0,"Burning Blood":0,"WarpedTongs":11,"Sozu":9,"Nunchaku":13,"MealTicket":6,"Membership Card":18},{"Potion Belt":18,"Tiny House":81,"Oddly Smooth Stone":18,"Vajra":60,"PreservedInsect":60,"Charon\u0027s Ashes":65,"War Paint":0,"Burning Blood":0,"WarpedTongs":48,"Sozu":40,"Nunchaku":60,"MealTicket":24,"Membership Card":88}],"Burning Blood":108,"WarpedTongs":[46]},"card_choices":[{"not_picked":["Battle Trance","Blood for Blood"],"picked":"Cleave","floor":1.0},{"not_picked":["Warcry","Rupture"],"picked":"Sword Boomerang","floor":2.0},{"not_picked":["Limit Break","Twin Strike"],"picked":"Flex","floor":4.0},{"not_picked":["Bloodletting","Sword Boomerang"],"picked":"Seeing Red","floor":7.0},{"not_picked":["Rampage","Rage"],"picked":"Pommel Strike","floor":11.0},{"not_picked":["Thunderclap","Clash","Uppercut"],"picked":"SKIP","floor":12.0},{"not_picked":["Reckless Charge","Heavy Blade","Body Slam"],"picked":"SKIP","floor":13.0},{"not_picked":["Intimidate","Pommel Strike"],"picked":"Fiend Fire","floor":14.0},{"not_picked":["Juggernaut","Barricade"],"picked":"Reaper","floor":16.0},{"not_picked":["Cleave","Fire Breathing"],"picked":"Warcry","floor":18},{"not_picked":["Searing Blow","Cleave","Wild Strike"],"picked":"SKIP","floor":20},{"not_picked":["Body Slam","Sword Boomerang"],"picked":"Flex+1","floor":22},{"not_picked":["Disarm","Juggernaut","Heavy Blade"],"picked":"SKIP","floor":24},{"not_picked":["Thunderclap","Body Slam"],"picked":"Sword Boomerang","floor":28},{"not_picked":["Clash+1","Armaments+1","Barricade"],"picked":"SKIP","floor":31},{"not_picked":["Bludgeon","Limit Break"],"picked":"Offering","floor":33},{"not_picked":["Twin Strike","Clash"],"picked":"Rupture+1","floor":34},{"not_picked":["Iron Wave","Disarm","Reckless Charge"],"picked":"SKIP","floor":35},{"not_picked":["Armaments+1","Pummel"],"picked":"Dark Embrace","floor":36},{"not_picked":["Rage+1","Perfected Strike"],"picked":"Offering","floor":38}],"player_experience":485427,"relics_obtained":[{"floor":7.0,"key":"Potion Belt"},{"floor":9.0,"key":"Oddly Smooth Stone"},{"floor":12.0,"key":"MealTicket"},{"floor":24,"key":"Nunchaku"},{"floor":26,"key":"PreservedInsect"},{"floor":28,"key":"Charon\u0027s Ashes"}],"event_choices":[{"cards_removed":["Defend_R"],"damage_healed":0.0,"max_hp_gain":0.0,"max_hp_loss":0.0,"gold_gain":0.0,"event_name":"The Cleric","player_choice":"Card Removal","floor":3.0,"gold_loss":50.0,"damage_taken":0.0},{"damage_healed":0.0,"max_hp_gain":0.0,"max_hp_loss":0.0,"gold_gain":100.0,"event_name":"Golden Shrine","player_choice":"Pray","floor":5.0,"gold_loss":0.0,"damage_taken":0.0},{"damage_healed":0,"gold_gain":0,"player_choice":"Rummage","damage_taken":0,"relics_obtained":["WarpedTongs"],"max_hp_gain":0,"max_hp_loss":0,"event_name":"Accursed Blacksmith","floor":21,"gold_loss":0,"cards_obtained":["Pain"]},{"damage_healed":0,"gold_gain":100,"player_choice":"Pray","damage_taken":0,"max_hp_gain":0,"max_hp_loss":0,"event_name":"Golden Shrine","floor":30,"gold_loss":0},{"damage_healed":0,"gold_gain":0,"player_choice":"Embrace Madness","damage_taken":11,"max_hp_gain":0,"max_hp_loss":0,"event_name":"Winding Halls","floor":39,"gold_loss":0,"cards_obtained":["Madness","Madness"]}],"is_beta":false,"boss_relics":[{"not_picked":["Empty Cage","Ectoplasm"],"picked":"Sozu"},{"not_picked":["Calling Bell","Fusion Hammer"],"picked":"Tiny House"}],"items_purged_floors":[19,29,37],"is_endless":false,"potions_floor_spawned":[4,7,14,20,22,28,33],"killed_by":"Giant Head","ascension_level":9}}