{"host":"TheShotgunBoss","time":1611287763,"event":{"mods":["AchievementEnabler","Always Whale","Aspiration","BaseMod","Beaked The Cultist","Colored Map","Colored Powertips","Colorless Booster Pack","Conspire","Downfall","Energized Spire","FetchMod","GifTheSpireLib","Halation","Hubris","Infinite Spire","Jedi Mod","Minty Spire (QoL Compilation)","Poor People Problems","Quick Restart","RNG!","Relic Sorter","SacredBarkPlus","Shop Mod","Spikes Relics","StSLib","Stuff the Spire","The Blue Laboratory","The Construct","Uncapped","Unceasing Turn Reminder","everything is the same but u backflip on backflip","vexMod","??????REMEMod"],"gold_per_floor":[199,213,213,73,73,73,73,73,73,105,105,132,32,63,77,182,182,182,194,194,204,220,220,220,230,230,230,248,274,274,274,292,397,397,397,414,424,299,317,317,340,359,334,414,314,339,239,239,251,251,251,281,69,69,69,71],"floor_reached":57,"language":"ENG","playtime":3628,"items_purged":["Guardian:Strike_Guardian+1","Guardian:Strike_Guardian+1","Guardian:Strike_Guardian+1","Guardian:Strike_Guardian+1","Writhe"],"score":1393,"play_id":"633bec41-6d04-4c21-974a-27586c62b765","local_time":"20210121225603","is_ascension_mode":true,"campfire_choices":[{"data":"Guardian:TwinSlam","floor":1,"key":"SMITH"},{"data":"Guardian:Repulse","floor":6,"key":"SMITH"},{"data":"Guardian:ArmoredProtocol","floor":9,"key":"SMITH"},{"data":"Guardian:CurlUp","floor":11,"key":"SMITH"},{"data":"Guardian:BronzeOrb","floor":13,"key":"SMITH"},{"data":"Guardian:EvasiveProtocol","floor":18,"key":"SMITH"},{"data":"Guardian:EvasiveProtocol","floor":23,"key":"SMITH"},{"data":"Guardian:BodySlam","floor":26,"key":"SMITH"},{"data":"Bullet Time","floor":30,"key":"SMITH"},{"data":"Guardian:RevengeProtocol","floor":35,"key":"SMITH"},{"floor":45,"key":"RECALL"},{"data":"infinitespire:Fortify","floor":47,"key":"SMITH"},{"floor":54,"key":"REST"}],"circlet_count":0,"master_deck":["Guardian:Defend_Guardian+1","Guardian:Defend_Guardian+1","Guardian:Defend_Guardian+1","Guardian:Defend_Guardian+1","Guardian:CurlUp+1","Guardian:TwinSlam+1","Bullet Time+1","Guardian:Repulse+1","Guardian:Reroute+1","Guardian:ArmoredProtocol+1","Guardian:PrimingBeam+1","Guardian:BronzeOrb+1","Guardian:EvasiveProtocol+1","Guardian:PiercingHide+1","Guardian:ConstructionForm+1","Guardian:EvasiveProtocol+1","Guardian:BodySlam+1","Guardian:RevengeProtocol+1","Guardian:RollAttack+1","Guardian:SpikerProtocol+1","Guardian:WalkerClaw+1","infinitespire:Fortify+1","Guardian:VentSteam+1","Guardian:FloatingOrbs+1","Guardian:ConstructionForm","expansioncontent:Chronoboost"],"relics":["Guardian:ModeShifter","REME_ComplimentaryCards","hubris:Towel","Meat on the Bone","StuffTheSpire:HeavyRock","Regal Pillow","downfall:HeartBlessingGreen","StuffTheSpire:RubySignet","halation:HeavySnake","StuffTheSpire:ForceGauntlet","Oddly Smooth Stone","Incense Burner","Guardian:PickAxe","Sandwich","Ice Cream","downfall:HeartBlessingBlue","infinitespire:Beetle Shell","downfall:HeartBlessingRed","Bottled Tornado"],"acts_visited":["Exordium","TheCity","TheBeyond","TheEnding"],"potions_floor_usage":[16,33,33,33,33,56,56,56,56],"damage_taken":[{"damage":7,"enemies":"Jaw Worm","floor":2,"turns":4},{"damage":0,"enemies":"downfall:FleeingMerchant","floor":4,"turns":4},{"damage":13,"enemies":"3 Sentries","floor":10,"turns":8},{"damage":10,"enemies":"Lagavulin","floor":12,"turns":8},{"damage":6,"enemies":"Gremlin Nob","floor":14,"turns":5},{"damage":0,"enemies":"2 Louse","floor":15,"turns":2},{"damage":42,"enemies":"IC_STATUS_ARCHETYPE","floor":16,"turns":15},{"damage":0,"enemies":"3 Byrds","floor":19,"turns":5},{"damage":0,"enemies":"Snake Plant","floor":21,"turns":5},{"damage":42,"enemies":"3 Cultists","floor":22,"turns":11},{"damage":6,"enemies":"Cultist and Chosen","floor":25,"turns":10},{"damage":11,"enemies":"Snake Plant","floor":28,"turns":4},{"damage":9,"enemies":"Slavers","floor":29,"turns":6},{"damage":0,"enemies":"Chosen and Byrds","floor":32,"turns":4},{"damage":39,"enemies":"SI_MIRROR_ARCHETYPE","floor":33,"turns":16},{"damage":0,"enemies":"3 Darklings","floor":36,"turns":6},{"damage":0,"enemies":"Orb Walker","floor":37,"turns":3},{"damage":0,"enemies":"downfall:FleeingMerchant","floor":38,"turns":4},{"damage":2,"enemies":"Jaw Worm Horde","floor":39,"turns":5},{"damage":0,"enemies":"Transient","floor":42,"turns":5},{"damage":4,"enemies":"downfall:FleeingMerchant","floor":44,"turns":4},{"damage":4,"enemies":"Giant Head","floor":46,"turns":5},{"damage":0,"enemies":"Sphere and 2 Shapes","floor":49,"turns":4},{"damage":0,"enemies":"DF_ARCHETYPE_ORBS","floor":50,"turns":7},{"damage":66,"enemies":"downfall:CharBossMerchant","floor":52,"turns":11},{"damage":30,"enemies":"downfall:NeowBoss","floor":55,"turns":14},{"damage":0,"enemies":"downfall:NeowBossFinal","floor":56,"turns":10}],"seed_played":"-8923970274979513039","potions_obtained":[{"floor":2,"key":"blueLaboratory:BubblePotion"},{"floor":10,"key":"Guardian:DefensiveModePotion"},{"floor":21,"key":"blueLaboratory:NullPotion"},{"floor":22,"key":"EntropicBrew"},{"floor":29,"key":"Guardian:DefensiveModePotion"},{"floor":37,"key":"blueLaboratory:EnragingPotion"},{"floor":42,"key":"FearPotion"}],"is_trial":false,"path_per_floor":["R","M","?","$","?","R","T","?","R","E","R","E","R","E","M","B",null,"R","M","?","M","M","R","T","M","R","?","M","E","R","AVR","M","B",null,"R","M","M","$","M","AVR","T","M","?","$","R","E","R","?","M","B",null,"E","$","R","B","B",null],"character_chosen":"GUARDIAN","items_purchased":["Guardian:ArmoredProtocol","Guardian:PrimingBeam","Guardian:SpikerProtocol","Guardian:FloatingOrbs","Guardian:Gem_Crimson","expansioncontent:Chronoboost"],"campfire_rested":1,"item_purchase_floors":[4,4,38,44,44,53],"current_hp_per_floor":[80,73,73,73,73,73,73,78,78,65,65,55,55,49,49,27,85,85,85,69,69,39,39,39,45,45,45,46,49,49,49,51,26,90,90,90,90,90,88,88,88,88,88,84,94,90,90,90,90,90,100,48,48,93,73,75],"gold":71,"neow_bonus":"HUNDRED_GOLD","is_daily":false,"chose_seed":false,"campfire_upgraded":11,"win_rate":0.0,"timestamp":1611287763,"path_taken":["R","M","?","$","?","R","T","?","R","E","R","E","R","E","M","BOSS","R","M","?","M","M","R","T","M","R","?","M","E","R","AVR","M","BOSS","R","M","M","$","M","AVR","T","M","?","$","R","E","R","?","M","BOSS","E","$","R","BOSS","BOSS"],"items_purchased_type":["Card","Card","Card","Card","Card","Card"],"build_version":"2020-12-18","purchased_purges":5,"victory":true,"max_hp_per_floor":[80,80,80,80,80,80,80,85,85,85,85,85,85,85,85,85,85,85,85,90,90,90,90,90,90,90,90,90,90,90,90,90,90,90,90,90,90,90,90,90,90,90,90,90,100,100,100,100,100,100,100,100,100,100,100,100],"card_choices":[{"not_picked":["Guardian:Reroute","Guardian:TemporalShield"],"picked":"Guardian:Repulse","floor":2},{"not_picked":["Guardian:PiercingHide","Guardian:Emergency"],"picked":"Guardian:Reroute","floor":4},{"not_picked":["Guardian:StasisStrike","Guardian:Gem_Yellow"],"picked":"Guardian:BronzeOrb","floor":10},{"not_picked":["Guardian:Repulse","Guardian:Orbwalk","Guardian:BronzeOrb"],"picked":"SKIP","floor":12},{"not_picked":["Guardian:Gem_Green","Guardian:CrystalBeam"],"picked":"Guardian:EvasiveProtocol","floor":14},{"not_picked":["Guardian:PrismaticBeam","Guardian:Gem_Cyan"],"picked":"Guardian:PiercingHide","floor":15},{"not_picked":["Guardian:StasisField","Guardian:TimeSifter"],"picked":"Guardian:ConstructionForm","floor":16},{"not_picked":["Guardian:Repulse+1","Guardian:TemporalStrike"],"picked":"Guardian:EvasiveProtocol","floor":19},{"not_picked":["Guardian:Planning","Guardian:ShieldCharger","Guardian:TemporalStrike+1"],"picked":"SKIP","floor":21},{"not_picked":["Guardian:WalkerClaw","Guardian:Planning+1"],"picked":"Guardian:Gem_Green","floor":22},{"not_picked":["Guardian:Clone","Guardian:Planning+1"],"picked":"Guardian:BodySlam","floor":25},{"not_picked":["Guardian:PrimingBeam","Guardian:TemporalStrike","Guardian:Gem_Lightblue"],"picked":"SKIP","floor":28},{"not_picked":["Guardian:TimeCapacitor","Guardian:ArmoredProtocol","Guardian:PrismaticBarrier+1"],"picked":"SKIP","floor":29},{"not_picked":["Guardian:RefractedBeam","Guardian:Planning"],"picked":"Guardian:Gem_Cyan","floor":32},{"not_picked":["Guardian:ExploitGems","Guardian:AncientConstruct"],"picked":"Guardian:RevengeProtocol","floor":33},{"not_picked":["Guardian:TemporalStrike","Guardian:Reroute"],"picked":"Guardian:RollAttack+1","floor":36},{"not_picked":["Guardian:WalkerClaw","Guardian:TimeCapacitor"],"picked":"Guardian:Gem_Cyan","floor":37},{"not_picked":["Guardian:ChargeCore","Guardian:PrismaticBeam+1","Guardian:Gem_Red"],"picked":"SKIP","floor":38},{"not_picked":["Guardian:Gem_Red","Guardian:VentSteam+1"],"picked":"Guardian:WalkerClaw+1","floor":39},{"not_picked":["Guardian:WalkerClaw+1","Guardian:TemporalShield+1"],"picked":"Guardian:VentSteam","floor":42},{"not_picked":["Guardian:PiercingHide","Guardian:MultiBeam","Guardian:BronzeArmor+1"],"picked":"SKIP","floor":44},{"not_picked":["Guardian:TemporalStrike","Guardian:RollAttack+1","Guardian:VentSteam"],"picked":"SKIP","floor":46},{"not_picked":["Guardian:TemporalStrike+1","Guardian:WalkerClaw","Guardian:Gem_Blue"],"picked":"SKIP","floor":49},{"not_picked":["Guardian:ShieldSpikes+1","Guardian:Emergency"],"picked":"Guardian:ConstructionForm","floor":52}],"player_experience":286885,"relics_obtained":[{"floor":7,"key":"Meat on the Bone"},{"floor":10,"key":"StuffTheSpire:HeavyRock"},{"floor":12,"key":"Regal Pillow"},{"floor":14,"key":"StuffTheSpire:RubySignet"},{"floor":24,"key":"StuffTheSpire:ForceGauntlet"},{"floor":29,"key":"Incense Burner"},{"floor":46,"key":"infinitespire:Beetle Shell"},{"floor":52,"key":"Bottled Tornado"}],"event_choices":[{"damage_healed":0,"gold_gain":0,"player_choice":"Donut","damage_taken":0,"max_hp_gain":5,"max_hp_loss":0,"event_name":"Big Fish","floor":8,"gold_loss":0}],"is_beta":true,"boss_relics":[{"not_picked":["vexMod:FluxCapacitor","Pandora\u0027s Box"],"picked":"halation:HeavySnake"},{"not_picked":["Snecko Eye","halation:SmartPhone"],"picked":"Sandwich"}],"items_purged_floors":[31,38,40,44,53],"is_endless":false,"potions_floor_spawned":[2,10,21,22,29,37,42,46],"ascension_level":1}}