{"host":"37ccm3d17clopct7","time":1611315914,"event":{"mods":["BaseMod","Lobotomy","Minty Spire (QoL Compilation)","StSLib","The Bug Knight","The Cursed","The Hierophant","The Runesmith"],"gold_per_floor":[109,60,77,77,6,6,39,39,93,105,117,148,160,182,194,307,369,399,439,128,148,148,148,148,166,214,214,214,214,33,64,64,161,161,177,177,197,18,18,18,18,29,29,29,47,47,47,63,63,63],"floor_reached":51,"language":"KOR","playtime":2623,"items_purged":["Runesmith:Defend_RS","Runesmith:Strike_RS","Runesmith:Strike_RS"],"score":784,"play_id":"100e58f0-69e8-4736-9774-ce10195332b3","local_time":"20210122204514","is_ascension_mode":false,"campfire_choices":[{"data":"Runesmith:Fortify","floor":6,"key":"SMITH"},{"floor":8,"key":"REST"},{"floor":11,"key":"REST"},{"data":"Runesmith:CraftMagma","floor":13,"key":"SMITH"},{"data":"Runesmith:Reinforce","floor":15,"key":"SMITH"},{"floor":23,"key":"REST"},{"floor":27,"key":"REST"},{"data":"Runesmith:UnlimitedPower","floor":29,"key":"SMITH"},{"data":"Runesmith:Duplicate","floor":32,"key":"SMITH"},{"floor":40,"key":"REST"},{"floor":46,"key":"REST"},{"floor":49,"key":"REST"}],"circlet_count":0,"master_deck":["Runesmith:Strike_RS+1","Runesmith:Strike_RS","Runesmith:Defend_RS","Runesmith:Defend_RS","Runesmith:Defend_RS","Runesmith:CraftFirestone","Runesmith:Fortify+1","OldLady","Runesmith:ChiselStab","Runesmith:CraftMagma+1","Runesmith:Malloc","Runesmith:Firestorm+1","Runesmith:Reinforce+1","Runesmith:BackupBattery","Runesmith:Duplicate+1","Wellcheers","Runesmith:CraftIncendium","UniverseFragment","Runesmith:UnlimitedPower+1","Runesmith:CraftObretio","Runesmith:PerfectChisel+1","ShyLook","Runesmith:StaticCage","Bloodbath","NakedNest","Runesmith:HeatedChisel","Runesmith:Attraction+1","Runesmith:EarthShield","Runesmith:CraftIndustria","Runesmith:RunicBlueprint+1","Runesmith:EnergizedChisel+1","Runesmith:Grindstone","Enlightenment","Runesmith:ShiftingStrike+1"],"relics":["Runesmith:BrokenRuby","CogitoBucket","HollowMod:StagPassRelic","Pen Nib","MawBank","Tiny House","ChangeAnything","Red Mask","Mercury Hourglass","Sundial","Bag of Preparation","Torii","Eternal Feather"],"acts_visited":["Exordium","TheCity","TheBeyond"],"potions_floor_usage":[12,45,50,50],"damage_taken":[{"damage":0,"enemies":"2 Louse","floor":1,"turns":2},{"damage":0,"enemies":"Jaw Worm","floor":3,"turns":4},{"damage":50,"enemies":"Gremlin Nob","floor":7,"turns":5},{"damage":0,"enemies":"Cultist","floor":12,"turns":4},{"damage":0,"enemies":"Blue Slaver","floor":14,"turns":3},{"damage":45,"enemies":"Hexaghost","floor":16,"turns":9},{"damage":12,"enemies":"Spheric Guardian","floor":18,"turns":4},{"damage":35,"enemies":"Masked Bandits","floor":19,"turns":6},{"damage":3,"enemies":"Shell Parasite","floor":21,"turns":3},{"damage":18,"enemies":"Snake Plant","floor":25,"turns":6},{"damage":10,"enemies":"Book of Stabbing","floor":31,"turns":5},{"damage":58,"enemies":"Collector","floor":33,"turns":12},{"damage":34,"enemies":"Orb Walker","floor":35,"turns":6},{"damage":18,"enemies":"3 Shapes","floor":37,"turns":5},{"damage":48,"enemies":"Jaw Worm Horde","floor":42,"turns":7},{"damage":22,"enemies":"4 Shapes","floor":45,"turns":3},{"damage":54,"enemies":"Transient","floor":48,"turns":5},{"damage":63,"enemies":"Donu and Deca","floor":50,"turns":15}],"seed_played":"2534724043828975951","potions_obtained":[{"floor":1,"key":"FairyPotion"},{"floor":7,"key":"Fire Potion"},{"floor":12,"key":"Fruit Juice"},{"floor":17,"key":"BlessingOfTheForge"},{"floor":35,"key":"Block Potion"},{"floor":45,"key":"Dexterity Potion"}],"is_trial":false,"path_per_floor":["M","$","M","?","$","R","E","R","T","?","R","M","R","M","R","B",null,"M","?","$","M","?","R","?","M","T","R","?","R","$","E","R","B",null,"M","?","M","$","?","R","$","M","T","?","M","R","$","M","R","B",null],"character_chosen":"RUNESMITH_CLASS","items_purchased":["Runesmith:CraftMagma","Runesmith:Firestorm","Mercury Hourglass","Runesmith:Attraction","Runesmith:Grindstone"],"campfire_rested":7,"item_purchase_floors":[2,5,20,30,38],"current_hp_per_floor":[70,70,70,63,63,63,13,34,34,34,55,60,60,63,63,21,80,68,36,36,33,33,57,42,29,29,54,82,82,82,76,76,27,85,53,53,39,39,39,64,64,17,17,17,28,71,71,21,64,6],"gold":63,"neow_bonus":"","is_daily":false,"chose_seed":false,"campfire_upgraded":5,"win_rate":0.0,"timestamp":1611315914,"path_taken":["M","$","M","?","$","R","E","R","T","?","R","M","R","M","R","BOSS","M","?","$","M","?","R","?","M","T","R","?","R","$","E","R","BOSS","M","?","M","?","?","R","$","M","T","?","M","R","$","M","R","BOSS"],"items_purchased_type":["Card","Card","Relic","Card","Card"],"build_version":"2020-12-22","purchased_purges":3,"victory":true,"max_hp_per_floor":[70,70,70,70,70,70,70,70,70,70,70,75,75,75,75,75,80,80,80,80,80,80,80,85,85,85,85,85,85,85,85,85,85,85,85,85,85,85,85,85,85,85,85,85,85,85,85,85,85,85],"card_choices":[{"not_picked":["CherryBlossoms","Murderer"],"picked":"OldLady","floor":1},{"not_picked":["Runesmith:StaticCage","Runesmith:Repurpose"],"picked":"Runesmith:ChiselStab","floor":1},{"not_picked":["DespairKnight","Variant","BeautyBeast"],"picked":"Singing Bowl","floor":3},{"not_picked":["Runesmith:HammerThrow","Runesmith:Overpower"],"picked":"Runesmith:Malloc","floor":3},{"not_picked":["PunishingBird","BeautyBeast","CrumblingArmor"],"picked":"Singing Bowl","floor":7},{"not_picked":["Runesmith:MakeshiftArmor","Runesmith:HammerTime"],"picked":"Runesmith:Reinforce","floor":7},{"not_picked":["Freischutz","MeatLantern","Porccubus"],"picked":"Singing Bowl","floor":12},{"not_picked":["Scorched","BeautyBeast"],"picked":"Wellcheers","floor":12},{"not_picked":["Runesmith:Overpower","Runesmith:UnstableHammer"],"picked":"Runesmith:CraftIncendium","floor":12},{"not_picked":["MeatLantern","Murderer","FairyFestival"],"picked":"Singing Bowl","floor":14},{"not_picked":["Runesmith:EnergizedChisel","Runesmith:Discharge","Runesmith:CraftReservo"],"picked":"SKIP","floor":14},{"not_picked":["Scorched","BlackSwan"],"picked":"UniverseFragment","floor":16},{"not_picked":["Runesmith:FissionHammer","Runesmith:ReplicatingBarrier"],"picked":"Runesmith:UnlimitedPower","floor":16},{"not_picked":["Runesmith:HammerThrow","Runesmith:Attraction"],"picked":"Runesmith:CraftObretio","floor":17},{"not_picked":["Runesmith:Attraction","Runesmith:CraftSpiculum"],"picked":"Runesmith:PerfectChisel+1","floor":18},{"not_picked":["Funeral","VoidDream"],"picked":"ShyLook","floor":19},{"not_picked":["Runesmith:ShiftingStrike","Runesmith:CraftPrismatica"],"picked":"Runesmith:StaticCage","floor":19},{"not_picked":["Scorched","Funeral"],"picked":"Bloodbath","floor":21},{"not_picked":["Runesmith:Firestorm+1","Runesmith:HammerThrow","Runesmith:StaticCage"],"picked":"SKIP","floor":21},{"not_picked":["Yin","Variant"],"picked":"NakedNest","floor":25},{"not_picked":["Runesmith:StaticCage+1","Runesmith:EnergizedChisel"],"picked":"Runesmith:HeatedChisel","floor":25},{"not_picked":["Runesmith:Duplicate","Runesmith:Overpower"],"picked":"Runesmith:EarthShield","floor":31},{"not_picked":["Woodsman","QueenBee","SnowQueen"],"picked":"Singing Bowl","floor":33},{"not_picked":["Runesmith:LightningRod","Runesmith:GrandSlam"],"picked":"Runesmith:CraftIndustria","floor":33},{"not_picked":["Runesmith:Empowerment","Runesmith:ShiftingStrike"],"picked":"Runesmith:RunicBlueprint","floor":35},{"not_picked":["Runesmith:MakeshiftArmor","Runesmith:GoWithTheFlow"],"picked":"Runesmith:EnergizedChisel+1","floor":37},{"not_picked":["Bandage Up","Dramatic Entrance"],"picked":"Enlightenment","floor":39},{"not_picked":["Runesmith:MetallurgicalResearch","Runesmith:HeatedChisel","Runesmith:CraftSpiculum"],"picked":"SKIP","floor":42},{"not_picked":["PunishingBird","DespairKnight","GreedKing"],"picked":"Singing Bowl","floor":45},{"not_picked":["Runesmith:CraftMagma+1","Runesmith:Repurpose+1","Runesmith:ShiftingStrike+1"],"picked":"SKIP","floor":45},{"not_picked":["Runesmith:Overpower","Runesmith:CraftIncendium"],"picked":"Runesmith:ShiftingStrike+1","floor":48}],"player_experience":89216,"relics_obtained":[{"floor":7,"key":"Pen Nib"},{"floor":9,"key":"MawBank"},{"floor":19,"key":"Red Mask"},{"floor":26,"key":"Bag of Preparation"},{"floor":31,"key":"Torii"},{"floor":43,"key":"Eternal Feather"}],"event_choices":[{"damage_healed":0,"gold_gain":0,"player_choice":"Success","damage_taken":7,"relics_obtained":["HollowMod:StagPassRelic"],"max_hp_gain":0,"max_hp_loss":0,"event_name":"Scrap Ooze","floor":4,"gold_loss":0},{"damage_healed":0,"gold_gain":0,"player_choice":"2 cards matched","damage_taken":0,"max_hp_gain":0,"max_hp_loss":0,"event_name":"Match and Keep!","floor":10,"gold_loss":0,"cards_obtained":["Runesmith:BackupBattery","Runesmith:Duplicate"]},{"damage_healed":0,"gold_gain":0,"player_choice":"Fought Bandits","damage_taken":0,"max_hp_gain":0,"max_hp_loss":0,"event_name":"Masked Bandits","floor":19,"gold_loss":0},{"damage_healed":0,"gold_gain":0,"player_choice":"Opened","damage_taken":0,"relics_obtained":["Sundial"],"max_hp_gain":0,"max_hp_loss":0,"event_name":"The Mausoleum","floor":22,"gold_loss":0,"cards_obtained":["Writhe"]},{"damage_healed":0,"gold_gain":0,"player_choice":"Shed Blood","damage_taken":20,"max_hp_gain":5,"max_hp_loss":0,"event_name":"Forgotten Altar","floor":24,"gold_loss":0},{"damage_healed":28,"gold_gain":0,"player_choice":"Heal","damage_taken":0,"max_hp_gain":0,"max_hp_loss":0,"event_name":"The Library","floor":28,"gold_loss":0},{"cards_removed":["Writhe"],"damage_healed":0,"gold_gain":0,"player_choice":"Removed Curses","damage_taken":0,"max_hp_gain":0,"max_hp_loss":0,"event_name":"Fountain of Cleansing","floor":36,"gold_loss":0},{"damage_healed":0,"gold_gain":0,"player_choice":"Memory 1","damage_taken":0,"max_hp_gain":0,"max_hp_loss":0,"event_name":"SensoryStone","floor":39,"gold_loss":0},{"damage_healed":0,"gold_gain":0,"player_choice":"Forge","damage_taken":0,"max_hp_gain":0,"max_hp_loss":0,"event_name":"Accursed Blacksmith","floor":44,"gold_loss":0,"cards_upgraded":["Runesmith:RunicBlueprint"]}],"is_beta":false,"boss_relics":[{"not_picked":["Busted Crown","Velvet Choker"],"picked":"Tiny House"},{"not_picked":["Runic Dome","Runesmith:UraniumAnvil","Cursed Key"]}],"items_purged_floors":[20,30,38],"is_endless":false,"potions_floor_spawned":[1,7,12,25,33,35,42,45],"ascension_level":0}}