{"host":"nbmmy2ys5j9alw05","time":1611295928,"event":{"mods":["AchievementEnabler","BaseMod","Bestiary","Better Vampires","Colored Map","Colored Powertips","Googly Eyes","Hermit","Minty Spire (QoL Compilation)","Quick Restart","StSLib","The Bug Knight","The Hierophant","The IronCluck","The Servant 0.9.4","everything is the same but u backflip on backflip"],"gold_per_floor":[109,109,109,123,123,154,24,57,57,57,86,28,28,40,40,140,190,210,210,227,227,265,265,297,297,297,307,323,323,352,367,367,471,471,486,214,194,204,204,204,239,239,239,17,17,17,35,54,54,54],"floor_reached":51,"language":"ENG","playtime":2617,"items_purged":["hermit:Strike_Hermit","hermit:Strike_Hermit","hermit:Strike_Hermit"],"score":808,"play_id":"2650619c-0dd3-4b2a-80b5-b950b884921e","local_time":"20210121221208","is_ascension_mode":false,"campfire_choices":[{"floor":10,"key":"DIG"},{"floor":13,"key":"DIG"},{"floor":15,"key":"REST"},{"data":"hermit:GoldenBullet","floor":23,"key":"SMITH"},{"floor":25,"key":"REST"},{"floor":29,"key":"REST"},{"floor":32,"key":"DIG"},{"floor":40,"key":"REST"},{"data":"hermit:Determination","floor":46,"key":"SMITH"},{"floor":49,"key":"REST"}],"circlet_count":0,"master_deck":["hermit:Defend_Hermit+1","hermit:Defend_Hermit","hermit:Defend_Hermit","hermit:Defend_Hermit+1","hermit:Snapshot","hermit:Covet","hermit:Malice","hermit:Determination+1","hermit:Feint","hermit:Determination","hermit:HoleUp","hermit:GoldenBullet+1","hermit:CursedWeapon","hermit:Coalescence","hermit:Gambit","hermit:Glare","hermit:EyeOfTheStorm+1","hermit:DeadMansHand+1","hermit:FlashPowder","hermit:GhostlyPresence","hermit:Gestalt+1","Apotheosis","hermit:Determination","hermit:HoleUp"],"relics":["hermit:Momento","NeowsBlessing","PreservedInsect","The Courier","Blue Candle","Prayer Wheel","Shovel","Mercury Hourglass","Potion Belt","Oddly Smooth Stone","Tiny House","Kunai","Dream Catcher","Letter Opener","TungstenRod","Akabeko","hermit:DentedPlate","Happy Flower","War Paint","Lee\u0027s Waffle"],"acts_visited":["Exordium","TheCity","TheBeyond"],"potions_floor_usage":[11,16,18,18,18,20,22,22,24,30,30,31,33,33,39,50,50,50],"damage_taken":[{"damage":0,"enemies":"2 Louse","floor":1,"turns":1},{"damage":0,"enemies":"Jaw Worm","floor":4,"turns":1},{"damage":0,"enemies":"3 Sentries","floor":6,"turns":1},{"damage":33,"enemies":"Lagavulin","floor":8,"turns":6},{"damage":14,"enemies":"Gremlin Nob","floor":11,"turns":3},{"damage":8,"enemies":"Cultist","floor":14,"turns":4},{"damage":15,"enemies":"Hexaghost","floor":16,"turns":14},{"damage":11,"enemies":"Shell Parasite","floor":18,"turns":7},{"damage":8,"enemies":"3 Byrds","floor":20,"turns":3},{"damage":6,"enemies":"Snecko","floor":22,"turns":4},{"damage":20,"enemies":"Slavers","floor":24,"turns":4},{"damage":9,"enemies":"Centurion and Healer","floor":27,"turns":5},{"damage":2,"enemies":"3 Cultists","floor":28,"turns":4},{"damage":7,"enemies":"Book of Stabbing","floor":30,"turns":4},{"damage":11,"enemies":"Snake Plant","floor":31,"turns":3},{"damage":13,"enemies":"Champ","floor":33,"turns":11},{"damage":1,"enemies":"Orb Walker","floor":35,"turns":4},{"damage":1,"enemies":"3 Shapes","floor":38,"turns":5},{"damage":1,"enemies":"Writhing Mass","floor":39,"turns":1},{"damage":24,"enemies":"Nemesis","floor":41,"turns":4},{"damage":15,"enemies":"Jaw Worm Horde","floor":47,"turns":6},{"damage":9,"enemies":"Sphere and 2 Shapes","floor":48,"turns":5},{"damage":52,"enemies":"Donu and Deca","floor":50,"turns":14}],"seed_played":"-8176149220124040768","potions_obtained":[{"floor":6,"key":"hermit:BlackBile"},{"floor":11,"key":"BlessingOfTheForge"},{"floor":14,"key":"hermit:BlackBile"},{"floor":17,"key":"EntropicBrew"},{"floor":20,"key":"EntropicBrew"},{"floor":22,"key":"DistilledChaos"},{"floor":28,"key":"Block Potion"},{"floor":31,"key":"Strength Potion"},{"floor":33,"key":"FairyPotion"},{"floor":35,"key":"SmokeBomb"},{"floor":37,"key":"Swift Potion"},{"floor":38,"key":"Dexterity Potion"}],"is_trial":false,"path_per_floor":["M","?","?","M","T","E","$","E","T","R","E","$","R","M","R","B",null,"M","T","M","?","M","R","E","R","T","M","M","R","E","M","R","B",null,"M","$","?","M","M","R","E","?","T","$","$","R","M","M","R","B",null],"character_chosen":"HERMIT","items_purchased":["hermit:Determination","hermit:HoleUp","hermit:CursedWeapon","Strength Potion","Apotheosis","Lee\u0027s Waffle"],"campfire_rested":5,"item_purchase_floors":[7,7,12,36,36,44],"current_hp_per_floor":[75,50,75,75,75,75,75,42,42,42,28,28,28,20,42,27,80,69,69,61,61,55,55,35,59,59,50,48,72,65,54,54,41,73,72,72,72,71,70,103,79,79,79,119,119,119,104,95,119,67],"gold":54,"neow_bonus":"THREE_ENEMY_KILL","is_daily":false,"chose_seed":false,"campfire_upgraded":2,"win_rate":0.0,"timestamp":1611295928,"path_taken":["M","?","?","M","?","E","$","E","T","R","E","$","R","M","R","BOSS","M","?","M","?","M","R","E","R","T","?","M","R","E","M","R","BOSS","M","$","?","?","?","R","E","?","T","?","$","R","M","M","R","BOSS"],"items_purchased_type":["Card","Card","Card","Potion","Card","Relic"],"build_version":"2020-12-22","purchased_purges":3,"victory":true,"max_hp_per_floor":[75,75,75,75,75,75,75,75,75,75,75,75,75,75,75,75,80,80,80,80,80,80,80,80,80,80,80,80,80,80,80,80,80,112,112,112,112,112,112,112,112,112,112,119,119,119,119,119,119,119],"card_choices":[{"not_picked":["hermit:Misfire","hermit:SprayPray"],"picked":"hermit:Malice","floor":1},{"not_picked":["hermit:BigShot","hermit:GhostlyPresence"],"picked":"hermit:Determination","floor":4},{"not_picked":["hermit:Combo","hermit:BodyArmor"],"picked":"hermit:Feint","floor":6},{"not_picked":["hermit:TrackingShot","hermit:Headshot"],"picked":"hermit:GoldenBullet","floor":8},{"not_picked":["hermit:Desperado","hermit:TakeAim","hermit:Dive"],"picked":"SKIP","floor":11},{"not_picked":["hermit:TakeAim","hermit:Vantage"],"picked":"hermit:Coalescence","floor":14},{"not_picked":["hermit:EyeOfTheStorm","hermit:Dive","hermit:Feint"],"picked":"SKIP","floor":14},{"not_picked":["hermit:OverwhelmingPower","hermit:FromBeyond"],"picked":"hermit:Gambit","floor":16},{"not_picked":["hermit:LowProfile","hermit:FullyLoaded"],"picked":"hermit:Glare","floor":17},{"not_picked":["hermit:Maintenance","hermit:ItchyTrigger"],"picked":"hermit:EyeOfTheStorm+1","floor":18},{"not_picked":["hermit:BodyArmor","hermit:ItchyTrigger","hermit:Quickdraw+1"],"picked":"SKIP","floor":18},{"not_picked":["hermit:WideOpen","hermit:Gestalt"],"picked":"hermit:DeadMansHand+1","floor":20},{"not_picked":["hermit:BodyArmor","hermit:LuckOfTheDraw","hermit:Coalescence"],"picked":"SKIP","floor":20},{"not_picked":["hermit:Snipe","hermit:LowProfile","hermit:Dive"],"picked":"SKIP","floor":22},{"not_picked":["hermit:Gestalt","hermit:Shortfuse+1","hermit:TrackingShot"],"picked":"SKIP","floor":22},{"not_picked":["hermit:Deadeye","hermit:Maintenance"],"picked":"hermit:FlashPowder","floor":24},{"not_picked":["hermit:PistolWhip+1","hermit:Desperado"],"picked":"hermit:GhostlyPresence","floor":27},{"not_picked":["hermit:CalledShot","hermit:EyeOfTheStorm","hermit:Malice"],"picked":"SKIP","floor":27},{"not_picked":["hermit:Malice","hermit:Midnight+1","hermit:PistolWhip+1"],"picked":"SKIP","floor":28},{"not_picked":["hermit:LowProfile+1","hermit:SprayPray+1","hermit:Snipe+1"],"picked":"SKIP","floor":28},{"not_picked":["hermit:Roulette","hermit:Deadeye","hermit:HighCaliber"],"picked":"SKIP","floor":30},{"not_picked":["hermit:Quickdraw+1","hermit:TrackingShot"],"picked":"hermit:Gestalt+1","floor":31},{"not_picked":["hermit:TrackingShot","hermit:Snipe","hermit:Maintenance"],"picked":"SKIP","floor":31},{"not_picked":["hermit:Desperado","hermit:BodyArmor+1","hermit:Roulette"],"picked":"SKIP","floor":35},{"not_picked":["hermit:Manifest","hermit:SprayPray+1","hermit:WideOpen+1"],"picked":"SKIP","floor":35},{"not_picked":["hermit:FlashPowder+1","hermit:Vantage+1","hermit:Snipe+1"],"picked":"SKIP","floor":38},{"not_picked":["hermit:GhostlyPresence+1","hermit:BodyArmor+1","hermit:Coalescence+1"],"picked":"SKIP","floor":38},{"not_picked":["hermit:Quickdraw+1","hermit:WideOpen"],"picked":"hermit:Determination","floor":40},{"not_picked":["hermit:EyeOfTheStorm","hermit:BodyArmor+1","hermit:Dive"],"picked":"SKIP","floor":41},{"not_picked":["hermit:Brawl+1","hermit:Magnum"],"picked":"hermit:HoleUp","floor":47},{"not_picked":["hermit:CalledShot+1","hermit:Roulette","hermit:TakeCover+1"],"picked":"SKIP","floor":47},{"not_picked":["hermit:Glare","hermit:DeadMansHand","hermit:BodyArmor+1"],"picked":"SKIP","floor":48},{"not_picked":["hermit:LowProfile","hermit:Manifest","hermit:TakeCover"],"picked":"SKIP","floor":48}],"player_experience":531573,"relics_obtained":[{"floor":5,"key":"The Courier"},{"floor":6,"key":"Blue Candle"},{"floor":8,"key":"Prayer Wheel"},{"floor":9,"key":"Shovel"},{"floor":10,"key":"Mercury Hourglass"},{"floor":11,"key":"Potion Belt"},{"floor":13,"key":"Oddly Smooth Stone"},{"floor":19,"key":"Kunai"},{"floor":24,"key":"Dream Catcher"},{"floor":26,"key":"Letter Opener"},{"floor":30,"key":"TungstenRod"},{"floor":32,"key":"Akabeko"},{"floor":41,"key":"Happy Flower"},{"floor":43,"key":"War Paint"}],"event_choices":[{"damage_healed":0,"gold_gain":0,"player_choice":"Success","damage_taken":25,"relics_obtained":["PreservedInsect"],"max_hp_gain":0,"max_hp_loss":0,"event_name":"Scrap Ooze","floor":2,"gold_loss":0},{"damage_healed":25,"gold_gain":0,"player_choice":"Banana","damage_taken":0,"max_hp_gain":0,"max_hp_loss":0,"event_name":"Big Fish","floor":3,"gold_loss":0},{"damage_healed":0,"gold_gain":0,"player_choice":"Leave","damage_taken":0,"max_hp_gain":0,"max_hp_loss":0,"event_name":"FaceTrader","floor":21,"gold_loss":0},{"damage_healed":0,"gold_gain":0,"player_choice":"Bought 1 Potion","damage_taken":0,"max_hp_gain":0,"max_hp_loss":0,"event_name":"The Woman in Blue","floor":37,"gold_loss":0},{"cards_removed":["hermit:Strike_Hermit"],"damage_healed":0,"gold_gain":0,"player_choice":"Removed Attack","damage_taken":0,"max_hp_gain":0,"max_hp_loss":0,"event_name":"Falling","floor":42,"gold_loss":0}],"is_beta":false,"boss_relics":[{"not_picked":["Cursed Key","hermit:ClaspedLocket"],"picked":"Tiny House"},{"not_picked":["Runic Dome","Philosopher\u0027s Stone"],"picked":"hermit:DentedPlate"}],"items_purged_floors":[7,36,44],"is_endless":false,"potions_floor_spawned":[6,11,14,20,22,28,31,33,35,38,39],"ascension_level":0}}