{"host":"xb2tau8pgi8aflss","time":1611316978,"event":{"mods":["AchievementEnabler","BaseMod","Hermit","Minty Spire (QoL Compilation)","StSLib","SuperFastMode"],"gold_per_floor":[110,59,9,26,26,57,73,73,73,104,104,120,154,154,154,252,252,269,280,280,80,100,131,131,157,157,157,174,186,221,237,237,332,332,343,356,356,356,406,406,434,451,451,468,481,116,148,195,195,195],"floor_reached":51,"language":"KOR","playtime":2879,"items_purged":["Barrage"],"score":1201,"play_id":"c9a5e026-4965-42d8-b432-3c8444a5fb60","local_time":"20210122210258","is_ascension_mode":true,"campfire_choices":[{"data":"Glacier","floor":8,"key":"SMITH"},{"data":"Hologram","floor":15,"key":"SMITH"},{"data":"Coolheaded","floor":24,"key":"SMITH"},{"data":"Hyperbeam","floor":27,"key":"SMITH"},{"floor":32,"key":"REST"},{"data":"FTL","floor":40,"key":"SMITH"},{"data":"FTL","floor":49,"key":"SMITH"}],"circlet_count":0,"master_deck":["Zap","Dualcast","Glacier+1","Coolheaded+1","Rebound","Conserve Battery","Undo","Conserve Battery","Hologram+1","Fission+1","Consume+1","Aggregate+1","Hyperbeam+1","FTL+1","Beam Cell","Conserve Battery+1","Hologram+1","Go for the Eyes+1","Self Repair+1","BootSequence+1","Core Surge","Melter","White Noise+1","Aggregate+1","Meteor Strike","Skim+1","Turbo+1","Master of Strategy+1","Madness+1","Madness+1","Streamline+1","Defragment+1","Hologram+1","Double Energy+1","Coolheaded+1","Master of Strategy+1","FTL+1","White Noise+1","Biased Cognition","Skim+1"],"relics":["Cracked Core","NeowsBlessing","Meat on the Bone","White Beast Statue","Question Card","PreservedInsect","Toxic Egg 2","Pandora\u0027s Box","Toolbox","Calipers","HornCleat","Cables","Sundial","Snecko Eye","FossilizedHelix","Pantograph","Shuriken","Orichalcum","Ice Cream"],"acts_visited":["Exordium","TheCity","TheBeyond"],"potions_floor_usage":[1,16,16,23,31,33,50,50,50],"damage_taken":[{"damage":0,"enemies":"2 Louse","floor":1,"turns":1},{"damage":0,"enemies":"Small Slimes","floor":4,"turns":1},{"damage":0,"enemies":"3 Sentries","floor":6,"turns":2},{"damage":1,"enemies":"Cultist","floor":7,"turns":4},{"damage":2,"enemies":"Lagavulin","floor":10,"turns":9},{"damage":4,"enemies":"Large Slime","floor":12,"turns":11},{"damage":7,"enemies":"3 Sentries","floor":13,"turns":13},{"damage":55,"enemies":"The Guardian","floor":16,"turns":30},{"damage":0,"enemies":"2 Thieves","floor":18,"turns":2},{"damage":5,"enemies":"Chosen","floor":19,"turns":5},{"damage":15,"enemies":"Centurion and Healer","floor":22,"turns":9},{"damage":12,"enemies":"Slavers","floor":23,"turns":4},{"damage":6,"enemies":"Book of Stabbing","floor":25,"turns":4},{"damage":11,"enemies":"Snake Plant","floor":28,"turns":6},{"damage":0,"enemies":"Snecko","floor":29,"turns":3},{"damage":9,"enemies":"Slavers","floor":30,"turns":2},{"damage":0,"enemies":"Shelled Parasite and Fungi","floor":31,"turns":2},{"damage":0,"enemies":"Champ","floor":33,"turns":25},{"damage":4,"enemies":"3 Darklings","floor":35,"turns":3},{"damage":0,"enemies":"Orb Walker","floor":36,"turns":3},{"damage":0,"enemies":"Mind Bloom Boss Battle","floor":39,"turns":6},{"damage":0,"enemies":"Giant Head","floor":41,"turns":5},{"damage":0,"enemies":"Spire Growth","floor":42,"turns":4},{"damage":0,"enemies":"Jaw Worm Horde","floor":44,"turns":4},{"damage":0,"enemies":"Sphere and 2 Shapes","floor":45,"turns":2},{"damage":0,"enemies":"Reptomancer","floor":47,"turns":3},{"damage":0,"enemies":"2 Orb Walkers","floor":48,"turns":3},{"damage":32,"enemies":"Time Eater","floor":50,"turns":10}],"seed_played":"1081466649402941597","potions_obtained":[{"floor":1,"key":"Fruit Juice"},{"floor":4,"key":"EssenceOfSteel"},{"floor":10,"key":"PowerPotion"},{"floor":12,"key":"Dexterity Potion"},{"floor":13,"key":"SkillPotion"},{"floor":16,"key":"Swift Potion"},{"floor":18,"key":"SkillPotion"},{"floor":23,"key":"FocusPotion"},{"floor":31,"key":"AttackPotion"},{"floor":33,"key":"GamblersBrew"}],"is_trial":false,"path_per_floor":["M","$","?","M","$","E","M","R","T","E","?","M","E","?","R","B",null,"M","M","?","$","M","E","R","E","T","R","M","M","E","M","R","B",null,"M","M","?","?","?","R","E","M","T","M","M","$","E","?","R","B",null],"character_chosen":"DEFECT","items_purchased":["Coolheaded","Barrage","Toolbox","Master of Strategy+1","FTL","White Noise+1"],"campfire_rested":1,"item_purchase_floors":[2,21,21,46,46,46],"current_hp_per_floor":[73,73,73,73,73,73,72,72,72,70,70,66,59,59,59,16,64,64,59,44,44,41,51,51,55,55,55,54,54,45,45,70,80,84,85,85,85,74,84,84,85,85,85,85,85,85,85,85,85,63],"gold":195,"neow_bonus":"THREE_ENEMY_KILL","is_daily":false,"chose_seed":false,"campfire_upgraded":6,"win_rate":0.0,"timestamp":1611316978,"path_taken":["M","$","?","M","$","E","M","R","T","E","?","?","E","?","R","BOSS","M","M","?","$","M","E","R","E","T","R","M","M","E","M","R","BOSS","M","M","?","?","?","R","E","M","T","?","M","$","E","?","R","BOSS"],"items_purchased_type":["Card","Card","Relic","Card","Card","Card"],"build_version":"2020-12-22","purchased_purges":1,"victory":true,"max_hp_per_floor":[80,80,80,80,80,80,80,80,80,80,80,80,80,80,80,80,80,80,80,85,85,85,85,85,85,85,85,85,85,85,85,85,85,85,85,85,85,85,85,85,85,85,85,85,85,85,85,85,85,85],"card_choices":[{"not_picked":["Tempest","Compile Driver"],"picked":"Glacier","floor":1},{"not_picked":["Steam","Barrage","Stack"],"picked":"SKIP","floor":4},{"not_picked":["Hello World","Chaos"],"picked":"Rebound","floor":6},{"not_picked":["Streamline","Heatsinks"],"picked":"Conserve Battery","floor":7},{"not_picked":["Force Field","Chaos"],"picked":"Undo","floor":10},{"not_picked":["Genetic Algorithm","Reinforced Body","Gash"],"picked":"Conserve Battery","floor":12},{"not_picked":["Barrage","Stack","Storm"],"picked":"Hologram","floor":13},{"not_picked":["Machine Learning","Reboot+1","Amplify+1"],"picked":"Fission+1","floor":16},{"not_picked":["Steam+1","Reprogram+1","Streamline"],"picked":"Hologram+1","floor":18},{"not_picked":["Turbo+1","Cold Snap","Reinforced Body+1"],"picked":"Go for the Eyes+1","floor":19},{"not_picked":["Streamline","Ball Lightning+1","Creative AI"],"picked":"Self Repair+1","floor":22},{"not_picked":["Beam Cell+1","Genetic Algorithm+1","Aggregate+1"],"picked":"BootSequence+1","floor":23},{"not_picked":["Ball Lightning","Steam+1","Rip and Tear"],"picked":"Core Surge","floor":25},{"not_picked":["Hologram+1","Cold Snap","Force Field+1"],"picked":"Melter","floor":28},{"not_picked":["Conserve Battery+1","Gash","Undo+1"],"picked":"White Noise+1","floor":29},{"not_picked":["Sweeping Beam","Beam Cell","Coolheaded+1"],"picked":"Aggregate+1","floor":30},{"not_picked":["Ball Lightning","Genetic Algorithm+1","Beam Cell+1","Go for the Eyes"],"picked":"SKIP","floor":31},{"not_picked":["Biased Cognition","Machine Learning","Hyperbeam"],"picked":"Meteor Strike","floor":33},{"not_picked":["Auto Shields+1","Cold Snap","Streamline"],"picked":"Skim+1","floor":35},{"not_picked":["Sweeping Beam","Chaos+1","Barrage"],"picked":"Turbo+1","floor":36},{"not_picked":["PanicButton+1","Thinking Ahead+1","Swift Strike"],"picked":"Master of Strategy+1","floor":37},{"not_picked":["Genetic Algorithm+1","Lockon+1","Coolheaded+1"],"picked":"Streamline+1","floor":39},{"not_picked":["Beam Cell+1","Rebound","Heatsinks+1"],"picked":"Defragment+1","floor":41},{"not_picked":["Rebound","Gash","Doom and Gloom"],"picked":"Hologram+1","floor":42},{"not_picked":["FTL","Streamline","Sunder+1"],"picked":"Double Energy+1","floor":44},{"not_picked":["Turbo+1","Gash","Barrage+1"],"picked":"Coolheaded+1","floor":45},{"not_picked":["Rebound+1","Melter+1","Aggregate+1"],"picked":"Biased Cognition","floor":47},{"not_picked":["Beam Cell","Gash+1","Steam Power+1"],"picked":"Skim+1","floor":48}],"player_experience":785952,"relics_obtained":[{"floor":6,"key":"Meat on the Bone"},{"floor":9,"key":"White Beast Statue"},{"floor":10,"key":"Question Card"},{"floor":13,"key":"PreservedInsect"},{"floor":23,"key":"Calipers"},{"floor":25,"key":"HornCleat"},{"floor":26,"key":"Cables"},{"floor":30,"key":"Sundial"},{"floor":39,"key":"FossilizedHelix"},{"floor":41,"key":"Pantograph"},{"floor":43,"key":"Shuriken"},{"floor":47,"key":"Orichalcum"},{"floor":48,"key":"Ice Cream"}],"event_choices":[{"cards_removed":["Defend_B"],"damage_healed":0,"gold_gain":0,"player_choice":"Card Removal","damage_taken":0,"max_hp_gain":0,"max_hp_loss":0,"event_name":"The Cleric","floor":3,"gold_loss":50},{"cards_removed":["Strike_B"],"damage_healed":0,"gold_gain":0,"player_choice":"Purged","damage_taken":0,"max_hp_gain":0,"max_hp_loss":0,"event_name":"Purifier","floor":11,"gold_loss":0},{"damage_healed":0,"gold_gain":0,"player_choice":"Searched \u00271\u0027 times","damage_taken":0,"relics_obtained":["Toxic Egg 2"],"max_hp_gain":0,"max_hp_loss":0,"event_name":"Dead Adventurer","floor":14,"gold_loss":0},{"damage_healed":0,"gold_gain":0,"player_choice":"Shed Blood","damage_taken":20,"max_hp_gain":5,"max_hp_loss":0,"event_name":"Forgotten Altar","floor":20,"gold_loss":0},{"damage_healed":0,"gold_gain":0,"player_choice":"Memory 1","damage_taken":0,"max_hp_gain":0,"max_hp_loss":0,"event_name":"SensoryStone","floor":37,"gold_loss":0},{"damage_healed":0,"gold_gain":0,"player_choice":"Embrace Madness","damage_taken":11,"max_hp_gain":0,"max_hp_loss":0,"event_name":"Winding Halls","floor":38,"gold_loss":0,"cards_obtained":["Madness","Madness"]},{"damage_healed":0,"gold_gain":0,"player_choice":"Fight","damage_taken":0,"max_hp_gain":0,"max_hp_loss":0,"event_name":"MindBloom","floor":39,"gold_loss":0},{"damage_healed":0,"gold_gain":0,"player_choice":"Fight","damage_taken":0,"max_hp_gain":0,"max_hp_loss":0,"event_name":"Mysterious Sphere","floor":48,"gold_loss":0}],"is_beta":false,"boss_relics":[{"not_picked":["Empty Cage","Tiny House"],"picked":"Pandora\u0027s Box"},{"not_picked":["Calling Bell","Coffee Dripper"],"picked":"Snecko Eye"}],"items_purged_floors":[46],"is_endless":false,"potions_floor_spawned":[1,4,10,12,13,16,18,19,22,23,25,28,29,30,31,33,35,36,39,41,42,44,45,47,48],"ascension_level":6}}