{"host":"k2mw1od0xoi9pcfj","time":1611286060,"event":{"mods":["100% Spire Juice","Act Like it!","Aspiration","BaseMod","Downfall","Energized Spire","Hermit","Highlight Path","Minty Spire (QoL Compilation)","Permanent Neow","Relic Stats","Retaliation","StSLib","TheHeartMod"],"gold_per_floor":[111,111,111,111,134,167,167,167,190,205,246,246,286,322,322,452,452,468,468,468,393,413,448,472,230,281,315,315,329,179,202,202,202,202],"floor_reached":33,"language":"ENG","playtime":2843,"items_purged":["Writhe"],"score":395,"play_id":"e5d6eca6-4b11-416e-aba2-205152c65750","local_time":"20210121212740","is_ascension_mode":true,"campfire_choices":[{"data":"hermit:GoldenBullet","floor":7,"key":"SMITH"},{"floor":12,"key":"REST"},{"floor":15,"key":"RECALL"},{"floor":32,"key":"REST"}],"circlet_count":0,"master_deck":["hermit:Strike_Hermit","hermit:Strike_Hermit","hermit:Strike_Hermit","hermit:Strike_Hermit","hermit:Defend_Hermit","hermit:Defend_Hermit+1","hermit:Defend_Hermit","hermit:Defend_Hermit+1","hermit:Snapshot","hermit:Covet","hermit:FatalDesire+1","Injury","hermit:GoldenBullet+1","hermit:ShadowCloak","hermit:Quickdraw","hermit:FatalDesire","hermit:Magnum","CurseOfTheBell","hermit:Malice","Slimebound:CheckThePlaybook","hermit:Combo","Discovery","sneckomod:UnknownBlock","Moonworks:CastOff","Capacitor+1"],"relics":["hermit:Momento","Golden Idol","hermit:Horseshoe","Ancient Tea Set","Toy Ornithopter","Bottled Tornado","hermit:Spyglass","Odd Mushroom","Calling Bell","Blood Vial","Pear","Turnip","HornCleat","PreservedInsect","PrismaticShard","War Paint","Blue Candle","aspiration:Lifesprig"],"acts_visited":["Exordium","TheCity"],"potions_floor_usage":[11,13,16,27],"damage_taken":[{"damage":0,"enemies":"2 Louse","floor":1,"turns":4},{"damage":0,"enemies":"Small Slimes","floor":5,"turns":3},{"damage":46,"enemies":"Gremlin Nob","floor":6,"turns":5},{"damage":6,"enemies":"Jaw Worm","floor":10,"turns":3},{"damage":14,"enemies":"3 Sentries","floor":11,"turns":11},{"damage":15,"enemies":"Lagavulin","floor":13,"turns":9},{"damage":12,"enemies":"The Mushroom Lair","floor":14,"turns":4},{"damage":0,"enemies":"Slime Boss","floor":16,"turns":22},{"damage":18,"enemies":"2 Thieves","floor":18,"turns":4},{"damage":0,"enemies":"Spheric Guardian","floor":22,"turns":3},{"damage":47,"enemies":"Slavers","floor":23,"turns":5},{"damage":16,"enemies":"Snake Plant","floor":24,"turns":5},{"damage":0,"enemies":"Book of Stabbing","floor":27,"turns":3},{"damage":28,"enemies":"Snecko","floor":29,"turns":6},{"damage":12,"enemies":"Cultist and Chosen","floor":31,"turns":6},{"damage":38,"enemies":"Champ","floor":33,"turns":10}],"seed_played":"-6340675581193920586","potions_obtained":[{"floor":6,"key":"hermit:Tonic"},{"floor":10,"key":"LiquidBronze"},{"floor":11,"key":"LiquidMemories"},{"floor":14,"key":"FairyPotion"},{"floor":16,"key":"Ancient Potion"},{"floor":22,"key":"sneckomod:MuddlingPotion"},{"floor":23,"key":"Block Potion"},{"floor":31,"key":"CultistPotion"}],"is_trial":false,"path_per_floor":["M","?","?","?","M","E","R","?","T","M","E","R","E","?","R","B",null,"M","?","?","$","M","E","M","$","T","E","?","M","$","M","R","B"],"character_chosen":"HERMIT","items_purchased":["PrismaticShard","Discovery","aspiration:Lifesprig"],"campfire_rested":2,"item_purchase_floors":[25,25,30],"current_hp_per_floor":[68,68,68,65,65,19,19,19,19,13,4,24,14,2,2,7,78,60,60,60,60,62,17,3,3,3,10,10,13,13,3,26,0,0],"gold":202,"neow_bonus":"THREE_RARE_CARDS","is_daily":false,"chose_seed":false,"campfire_upgraded":1,"win_rate":0.0,"timestamp":1611286060,"path_taken":["M","?","?","?","?","E","R","?","T","?","E","R","E","?","R","BOSS","M","?","?","$","M","E","M","?","T","E","?","?","$","M","R","BOSS"],"items_purchased_type":["Relic","Card","Relic"],"build_version":"2020-12-22","purchased_purges":1,"victory":false,"max_hp_per_floor":[68,68,68,68,68,68,68,68,68,68,68,68,68,68,68,68,78,78,78,78,78,78,78,78,78,78,78,78,78,78,78,78,78,78],"relic_stats":{"Blood Vial":14,"counters":[16,103],"Golden Idol":98,"Blue Candle":[1],"Turnip":[13],"PreservedInsect":41,"War Paint":["hermit:Defend_Hermit","hermit:Defend_Hermit"],"obtain_stats":[{"aspiration:Lifesprig":30,"Pear":17,"Golden Idol":2,"Blue Candle":27,"PreservedInsect":23,"Bottled Tornado":11,"Odd Mushroom":14,"War Paint":26,"Ancient Tea Set":4,"PrismaticShard":25,"Calling Bell":17,"Blood Vial":17,"HornCleat":19,"Turnip":17,"hermit:Horseshoe":3,"hermit:Momento":0,"Toy Ornithopter":6,"hermit:Spyglass":13},{"aspiration:Lifesprig":14,"Pear":8,"Golden Idol":1,"Blue Candle":13,"PreservedInsect":11,"Bottled Tornado":5,"Odd Mushroom":7,"War Paint":12,"Ancient Tea Set":1,"PrismaticShard":12,"Calling Bell":8,"Blood Vial":8,"HornCleat":9,"Turnip":8,"hermit:Horseshoe":1,"hermit:Momento":0,"Toy Ornithopter":3,"hermit:Spyglass":6},{"aspiration:Lifesprig":87,"Pear":61,"Golden Idol":4,"Blue Candle":81,"PreservedInsect":73,"Bottled Tornado":26,"Odd Mushroom":39,"War Paint":78,"Ancient Tea Set":4,"PrismaticShard":78,"Calling Bell":61,"Blood Vial":61,"HornCleat":65,"Turnip":61,"hermit:Horseshoe":4,"hermit:Momento":0,"Toy Ornithopter":12,"hermit:Spyglass":35}],"Toy Ornithopter":20},"card_choices":[{"not_picked":["hermit:Roughhouse","hermit:DeadOrAlive"],"picked":"hermit:FatalDesire","floor":0},{"not_picked":["hermit:Vantage","hermit:Feint","hermit:Cheat"],"picked":"SKIP","floor":1},{"not_picked":["hermit:Enervate","hermit:Snipe","hermit:WideOpen"],"picked":"SKIP","floor":5},{"not_picked":["hermit:Desperado","hermit:TakeAim"],"picked":"hermit:GoldenBullet","floor":6},{"not_picked":["hermit:Feint","hermit:TakeCover"],"picked":"hermit:ShadowCloak","floor":10},{"not_picked":["hermit:NoHoldsBarred","hermit:Enervate"],"picked":"hermit:Quickdraw","floor":11},{"not_picked":["hermit:NoHoldsBarred","hermit:Combo"],"picked":"hermit:FatalDesire","floor":13},{"not_picked":["hermit:Purgatory","hermit:BlackWind"],"picked":"hermit:Magnum","floor":16},{"not_picked":["hermit:Spite+1","hermit:Horror"],"picked":"hermit:Malice","floor":18},{"not_picked":["hermit:GhostlyPresence","hermit:DeadMansHand","hermit:WideOpen"],"picked":"SKIP","floor":22},{"not_picked":["hermit:ItchyTrigger+1","hermit:Spite","hermit:LowProfile+1"],"picked":"SKIP","floor":23},{"not_picked":["hermit:PistolWhip","hermit:Quickdraw"],"picked":"hermit:Combo","floor":24},{"not_picked":["Guardian:CrystalBeam","sneckomod:SoulRoll+1"],"picked":"sneckomod:UnknownBlock","floor":27},{"not_picked":["sneckomod:UnknownCommonAttack","Moonworks:ScrambledEve"],"picked":"Moonworks:CastOff","floor":29},{"not_picked":["champ:SetATrap","theHeart:AntiCoagulant+1"],"picked":"Capacitor+1","floor":31}],"player_experience":792624,"relics_obtained":[{"floor":6,"key":"Toy Ornithopter"},{"floor":11,"key":"Bottled Tornado"},{"floor":13,"key":"hermit:Spyglass"},{"floor":14,"key":"Odd Mushroom"},{"floor":17,"key":"Blood Vial"},{"floor":17,"key":"Pear"},{"floor":17,"key":"Turnip"},{"floor":23,"key":"PreservedInsect"},{"floor":26,"key":"War Paint"},{"floor":27,"key":"Blue Candle"}],"event_choices":[{"damage_healed":0,"gold_gain":0,"player_choice":"Take Wound","damage_taken":0,"relics_obtained":["Golden Idol"],"max_hp_gain":0,"max_hp_loss":0,"event_name":"Golden Idol","floor":2,"gold_loss":0,"cards_obtained":["Injury"]},{"damage_healed":0,"gold_gain":0,"player_choice":"Success","damage_taken":3,"relics_obtained":["Ancient Tea Set"],"max_hp_gain":0,"max_hp_loss":0,"event_name":"Scrap Ooze","floor":4,"gold_loss":0},{"damage_healed":0,"gold_gain":0,"player_choice":"Upgraded","damage_taken":0,"max_hp_gain":0,"max_hp_loss":0,"event_name":"Upgrade Shrine","floor":8,"gold_loss":0,"cards_upgraded":["hermit:FatalDesire"]},{"damage_healed":0,"gold_gain":0,"player_choice":"Fought Mushrooms","damage_taken":0,"max_hp_gain":0,"max_hp_loss":0,"event_name":"Mushrooms","floor":14,"gold_loss":0},{"damage_healed":0,"gold_gain":0,"player_choice":"Opened","damage_taken":0,"relics_obtained":["HornCleat"],"max_hp_gain":0,"max_hp_loss":0,"event_name":"The Mausoleum","floor":19,"gold_loss":0,"cards_obtained":["Writhe"]},{"cards_removed":["downfall:Icky"],"damage_healed":0,"gold_gain":0,"player_choice":"Purged","damage_taken":0,"max_hp_gain":0,"max_hp_loss":0,"event_name":"Purifier","floor":28,"gold_loss":0}],"is_beta":false,"boss_relics":[{"not_picked":["energizedSpire:OgreHead","hermit:DentedPlate"],"picked":"Calling Bell"}],"items_purged_floors":[21],"is_endless":false,"potions_floor_spawned":[6,10,11,14,16,22,23,31],"killed_by":"Champ","ascension_level":1}}