{"host":"89iuq2p5kwriuwfq","time":1611336823,"event":{"mods":["BaseMod","Curses Come First","Minty Spire (QoL Compilation)","Permanent Neow","StSLib"],"gold_per_floor":[114,35,35,59,83,83,114,135,135,174,194,215,215,230,230,354,354,367,387,387,406,406,406],"floor_reached":22,"language":"ENG","playtime":1082,"items_purged":[],"score":270,"play_id":"e44943eb-b125-4710-9f73-6a07f8cb84d5","local_time":"20210122173343","is_ascension_mode":true,"campfire_choices":[{"data":"Inflame","floor":6,"key":"SMITH"},{"data":"Demon Form","floor":13,"key":"SMITH"},{"data":"Metallicize","floor":15,"key":"SMITH"}],"circlet_count":0,"master_deck":["Strike_R","Strike_R","Strike_R","Strike_R","Strike_R","Defend_R","Defend_R","Defend_R","Defend_R","Bash","Shrug It Off","Inflame+1","Heavy Blade","Demon Form+1","Twin Strike","Thunderclap","Metallicize+1","Shrug It Off","Limit Break","Iron Wave","RitualDagger","Twin Strike"],"relics":["Burning Blood","TungstenRod","Golden Idol","The Courier","Self Forming Clay","Akabeko","Coffee Dripper"],"acts_visited":["Exordium","TheCity"],"potions_floor_usage":[7,8,18,21],"damage_taken":[{"damage":2,"enemies":"2 Louse","floor":1,"turns":3},{"damage":0,"enemies":"Small Slimes","floor":4,"turns":3},{"damage":2,"enemies":"Jaw Worm","floor":5,"turns":4},{"damage":30,"enemies":"Gremlin Nob","floor":7,"turns":4},{"damage":1,"enemies":"3 Louse","floor":8,"turns":4},{"damage":12,"enemies":"Lagavulin","floor":10,"turns":6},{"damage":13,"enemies":"Red Slaver","floor":11,"turns":2},{"damage":18,"enemies":"Large Slime","floor":12,"turns":6},{"damage":10,"enemies":"Looter","floor":14,"turns":3},{"damage":9,"enemies":"Hexaghost","floor":16,"turns":8},{"damage":18,"enemies":"3 Byrds","floor":18,"turns":5},{"damage":8,"enemies":"Shell Parasite","floor":19,"turns":4},{"damage":31,"enemies":"Snake Plant","floor":21,"turns":5},{"damage":11,"enemies":"Masked Bandits","floor":22,"turns":3}],"seed_played":"3323200772494367343","potions_obtained":[{"floor":4,"key":"ElixirPotion"},{"floor":5,"key":"Energy Potion"},{"floor":7,"key":"Energy Potion"},{"floor":14,"key":"Dexterity Potion"},{"floor":16,"key":"GamblersBrew"},{"floor":21,"key":"FearPotion"}],"is_trial":false,"path_per_floor":["M","$","?","M","M","R","E","M","T","E","M","M","R","M","R","B",null,"M","M","?","M","?"],"character_chosen":"IRONCLAD","items_purchased":["Inflame"],"campfire_rested":0,"item_purchase_floors":[2],"current_hp_per_floor":[72,72,55,61,65,65,41,46,46,40,33,21,21,17,17,14,58,46,44,39,14,3,3],"gold":406,"neow_bonus":"ONE_RARE_RELIC","is_daily":false,"chose_seed":false,"campfire_upgraded":3,"win_rate":0.0,"timestamp":1611336823,"path_taken":["M","$","?","M","M","R","E","M","T","E","M","M","R","M","R","BOSS","M","M","?","M","?"],"items_purchased_type":["Card"],"build_version":"2020-12-22","purchased_purges":0,"victory":false,"max_hp_per_floor":[72,72,72,72,72,72,72,72,72,72,72,72,72,72,72,72,72,72,72,72,72,72,72],"card_choices":[{"not_picked":["Sword Boomerang","Wild Strike"],"picked":"Shrug It Off","floor":1},{"not_picked":["Fire Breathing","Infernal Blade"],"picked":"Heavy Blade","floor":4},{"not_picked":["Clothesline","Rupture","Clash"],"picked":"SKIP","floor":5},{"not_picked":["Sword Boomerang","Body Slam"],"picked":"Demon Form","floor":7},{"not_picked":["Armaments","Second Wind","Infernal Blade"],"picked":"SKIP","floor":8},{"not_picked":["Carnage","Headbutt"],"picked":"Twin Strike","floor":10},{"not_picked":["Clash","Hemokinesis"],"picked":"Thunderclap","floor":11},{"not_picked":["Hemokinesis","Shockwave"],"picked":"Metallicize","floor":12},{"not_picked":["Perfected Strike","Second Wind"],"picked":"Shrug It Off","floor":14},{"not_picked":["Exhume","Reaper"],"picked":"Limit Break","floor":16},{"not_picked":["Clash","Battle Trance+1","Searing Blow+1"],"picked":"SKIP","floor":18},{"not_picked":["Flex","Evolve"],"picked":"Iron Wave","floor":19},{"not_picked":["Iron Wave+1","Sever Soul"],"picked":"Twin Strike","floor":21}],"player_experience":541649,"relics_obtained":[{"floor":7,"key":"The Courier"},{"floor":9,"key":"Self Forming Clay"},{"floor":10,"key":"Akabeko"}],"event_choices":[{"damage_healed":0,"gold_gain":0,"player_choice":"Take Damage","damage_taken":18,"relics_obtained":["Golden Idol"],"max_hp_gain":0,"max_hp_loss":0,"event_name":"Golden Idol","floor":3,"gold_loss":0},{"damage_healed":0,"gold_gain":0,"player_choice":"Joined the Cult","damage_taken":6,"max_hp_gain":0,"max_hp_loss":0,"event_name":"Nest","floor":20,"gold_loss":0,"cards_obtained":["RitualDagger"]},{"damage_healed":0,"gold_gain":0,"player_choice":"Fought Bandits","damage_taken":0,"max_hp_gain":0,"max_hp_loss":0,"event_name":"Masked Bandits","floor":22,"gold_loss":0}],"is_beta":false,"boss_relics":[{"not_picked":["Cursed Key","Pandora\u0027s Box"],"picked":"Coffee Dripper"}],"items_purged_floors":[],"is_endless":false,"potions_floor_spawned":[4,5,7,14,16,21],"killed_by":"Masked Bandits","ascension_level":7}}