{"host":"ishme5wb80o83upk","time":1611283296,"event":{"mods":["BaseMod","Hermit","Minty Spire (QoL Compilation)","StSLib"],"gold_per_floor":[117,42,52,65,65,65,90,90,117,131,162,180,200,218,218,218,218],"floor_reached":16,"language":"KOR","playtime":658,"items_purged":["Normality"],"score":137,"play_id":"01644b39-fe24-439d-97aa-7b3b5a7029f0","local_time":"20210122114136","is_ascension_mode":true,"campfire_choices":[{"data":"hermit:Manifest","floor":6.0,"key":"SMITH"},{"data":"hermit:EyeOfTheStorm","floor":8.0,"key":"SMITH"},{"data":"hermit:Maintenance","floor":15.0,"key":"SMITH"}],"circlet_count":0,"master_deck":["hermit:Strike_Hermit","hermit:Strike_Hermit","hermit:Strike_Hermit","hermit:Strike_Hermit","hermit:Defend_Hermit","hermit:Defend_Hermit","hermit:Defend_Hermit","hermit:Defend_Hermit","hermit:Snapshot","hermit:Covet","hermit:Roulette","hermit:EyeOfTheStorm+1","hermit:Manifest+1","hermit:BigShot","hermit:Adapt","hermit:TakeAim","hermit:Maintenance+1"],"relics":["hermit:Momento","Turnip","hermit:RyeStalk","Happy Flower","Omamori"],"acts_visited":["Exordium"],"potions_floor_usage":[],"damage_taken":[{"damage":6.0,"enemies":"Cultist","floor":1.0,"turns":4.0},{"damage":0.0,"enemies":"Small Slimes","floor":3.0,"turns":3.0},{"damage":0.0,"enemies":"Jaw Worm","floor":4.0,"turns":1.0},{"damage":16.0,"enemies":"Gremlin Nob","floor":7.0,"turns":3.0},{"damage":4.0,"enemies":"2 Fungi Beasts","floor":10.0,"turns":4.0},{"damage":2.0,"enemies":"Lagavulin","floor":11.0,"turns":5.0},{"damage":6.0,"enemies":"3 Louse","floor":12.0,"turns":5.0},{"damage":0.0,"enemies":"Looter","floor":13.0,"turns":3.0},{"damage":26.0,"enemies":"Gremlin Gang","floor":14.0,"turns":4.0},{"damage":0,"enemies":"Slime Boss","floor":16,"turns":3}],"seed_played":"7897370323642116580","potions_obtained":[{"floor":1.0,"key":"DistilledChaos"},{"floor":7.0,"key":"SkillPotion"},{"floor":10.0,"key":"Dexterity Potion"},{"floor":11.0,"key":"SkillPotion"}],"is_trial":false,"path_per_floor":["M","$","M","M","?","R","E","R","T","M","E","M","M","M","R","B"],"character_chosen":"HERMIT","items_purchased":[],"campfire_rested":0,"item_purchase_floors":[],"current_hp_per_floor":[69,69,69,69,69,69,53,53,53,49,47,41,41,15,15,15,15],"gold":218,"neow_bonus":"ONE_RARE_RELIC","is_daily":false,"chose_seed":false,"campfire_upgraded":3,"win_rate":0.0,"timestamp":1611283296,"path_taken":["M","?","?","M","?","R","E","R","T","M","E","?","M","M","R","BOSS"],"items_purchased_type":[],"build_version":"2020-12-22","purchased_purges":1,"victory":false,"max_hp_per_floor":[75,75,75,75,75,75,75,75,75,75,75,75,75,75,75,75,75],"card_choices":[{"not_picked":["hermit:Headshot","hermit:ItchyTrigger"],"picked":"hermit:Roulette","floor":1.0},{"not_picked":["hermit:BigShot","hermit:HighCaliber"],"picked":"hermit:EyeOfTheStorm","floor":3.0},{"not_picked":["hermit:BodyArmor","hermit:NoHoldsBarred"],"picked":"hermit:Manifest","floor":4.0},{"not_picked":["hermit:Roulette","hermit:Malice","hermit:Feint"],"picked":"SKIP","floor":7.0},{"not_picked":["hermit:Manifest","hermit:PistolWhip","hermit:ItchyTrigger"],"picked":"SKIP","floor":10.0},{"not_picked":["hermit:Roulette","hermit:Quickdraw"],"picked":"hermit:BigShot","floor":11.0},{"not_picked":["hermit:Manifest","hermit:Roulette"],"picked":"hermit:Adapt","floor":12.0},{"not_picked":["hermit:Feint","hermit:Spite"],"picked":"hermit:TakeAim","floor":13.0},{"not_picked":["hermit:Glare","hermit:Desperado"],"picked":"hermit:Maintenance","floor":14.0}],"player_experience":1072583,"relics_obtained":[{"floor":5.0,"key":"hermit:RyeStalk"},{"floor":7.0,"key":"Happy Flower"},{"floor":11.0,"key":"Omamori"}],"event_choices":[{"damage_healed":0.0,"max_hp_gain":0.0,"max_hp_loss":0.0,"gold_gain":0.0,"event_name":"Wheel of Change","player_choice":"Relic","floor":5.0,"gold_loss":0.0,"damage_taken":0.0}],"is_beta":false,"boss_relics":[],"items_purged_floors":[2],"is_endless":false,"potions_floor_spawned":[1,7,10,11],"killed_by":"Slime Boss","ascension_level":4}}