{"host":"17eltwdkyvydzbrm","time":1611318876,"event":{"mods":["BaseMod","Better Vampires","Dota2Spire","Downfall","Minty Spire (QoL Compilation)","Robot Space Explorer","StSLib","noobMod","¡¾ÒÅÎï¿¨ÅÆ¡¿REMEMod"],"gold_per_floor":[99,99,99,99,249,249,273,273,303,303,44,44,144,174,188,287,287,287,301,317,63,66,86,157,157,157,174,191,221,221,221,231,333,333,333,350,368,387,404,454,481,481,497,510,535,103,103,103,116,116],"floor_reached":51,"language":"ZHS","playtime":4192,"items_purged":["bronze:Defend"],"score":748,"play_id":"cbebec5f-3ac1-4590-96c2-e7ddfde4e190","local_time":"20210122203436","is_ascension_mode":false,"campfire_choices":[{"data":"bronze:Replicate","floor":1.0,"key":"SMITH"},{"data":"bronze:GetLatest","floor":10.0,"key":"SMITH"},{"data":"REME_WheelOfFate","floor":12.0,"key":"SMITH"},{"data":"bronze:BronzeOrb","floor":18.0,"key":"SMITH"},{"floor":25.0,"key":"RECALL"},{"data":"bronze:SpaghettiCode","floor":35,"key":"SMITH"},{"floor":47,"key":"REST"}],"circlet_count":0,"master_deck":["bronze:Strike","bronze:Defend","bronze:Defend","bronze:Replicate+1","bronze:Goto","bronze:Frontload","bronze:BitShift","downfall:Icky","bronze:GetLatest+1","bronze:NullPointer","bronze:CleanCode","bronze:BugBarrage","bronze:BronzeOrb+1","REME_WheelOfFate+1","bronze:Backtrace","bronze:DelayedSlice","Judgement+1","bronze:Mutator","bronze:ItsAFeature","bronze:DelayedSlice","bronze:BitShift","bronze:FineTuning+1","expansioncontent:DashGenerateEvil","bronze:Flail","bronze:DelayedSlice","bronze:Return","bronze:BuggyMess","bronze:ForLoop","bronze:SpaghettiCode+1","bronze:WhirlingStrike","bronze:Branch+1","expansioncontent:PolyBeam","expansioncontent:PolyBeam","expansioncontent:AwakenDeath","bronze:CloningBeam+1","bronze:WildBeam+1","bronze:Branch","bronze:Deprecate+1"],"relics":["bronze:BronzeCore","ice","REME_ComplimentaryCards","downfall:HeartsMalice","Blood Vial","Gambling Chip","HornCleat","bronze:MakeshiftBattery","Ancient Tea Set","Dota2Spire:MonkeyKingBar","Frozen Eye","Eternal Feather","Dota2Spire:EtherealBlade","bronze:BottledCode","Sozu","Orichalcum","Dota2Spire:OctarineCore","Lantern","Bag of Preparation","bronze:SilverBullet","REME_HourglassOfDeath"],"acts_visited":["Exordium","TheCity","TheBeyond"],"potions_floor_usage":[33,50],"damage_taken":[{"damage":0.0,"enemies":"2 Louse","floor":3.0,"turns":1.0},{"damage":0.0,"enemies":"Cultist","floor":6.0,"turns":1.0},{"damage":0.0,"enemies":"Jaw Worm","floor":8.0,"turns":1.0},{"damage":63.0,"enemies":"Gremlin Nob","floor":9.0,"turns":6.0},{"damage":0.0,"enemies":"downfall:FleeingMerchant","floor":11.0,"turns":4.0},{"damage":29.0,"enemies":"Lagavulin","floor":14.0,"turns":8.0},{"damage":1.0,"enemies":"3 Louse","floor":15.0,"turns":2.0},{"damage":48.0,"enemies":"DF_ARCHETYPE_STREAMLINE","floor":16.0,"turns":8.0},{"damage":0.0,"enemies":"Chosen","floor":19.0,"turns":5.0},{"damage":0.0,"enemies":"Spheric Guardian","floor":20.0,"turns":2.0},{"damage":0.0,"enemies":"downfall:FleeingMerchant","floor":21.0,"turns":4.0},{"damage":6.0,"enemies":"downfall:FleeingMerchant","floor":22.0,"turns":4.0},{"damage":10.0,"enemies":"Centurion and Healer","floor":23.0,"turns":4.0},{"damage":0.0,"enemies":"Sentry and Sphere","floor":27.0,"turns":2.0},{"damage":0.0,"enemies":"Chosen and Byrds","floor":28.0,"turns":2.0},{"damage":0.0,"enemies":"Gremlin Leader","floor":29.0,"turns":4.0},{"damage":0.0,"enemies":"Cultist and Chosen","floor":32.0,"turns":4.0},{"damage":86,"enemies":"SI_MIRROR_ARCHETYPE","floor":33,"turns":12},{"damage":0,"enemies":"Orb Walker","floor":36,"turns":2},{"damage":12,"enemies":"3 Shapes","floor":37,"turns":1},{"damage":4,"enemies":"Jaw Worm Horde","floor":38,"turns":4},{"damage":9,"enemies":"4 Shapes","floor":39,"turns":1},{"damage":0,"enemies":"4 Shapes","floor":40,"turns":3},{"damage":26,"enemies":"Spire Growth","floor":43,"turns":4},{"damage":8,"enemies":"Transient","floor":44,"turns":5},{"damage":0,"enemies":"3 Darklings","floor":49,"turns":2},{"damage":151,"enemies":"WA_ARCHETYPE_DIVINITY","floor":50,"turns":10}],"seed_played":"-1671111505122668066","potions_obtained":[{"floor":9.0,"key":"Dota2Spire:HealingSalve"},{"floor":14.0,"key":"BlessingOfTheForge"},{"floor":16.0,"key":"Dota2Spire:Clarity"},{"floor":23.0,"key":"Energy Potion"},{"floor":27.0,"key":"Energy Potion"},{"floor":28.0,"key":"REME_GoldPotion"},{"floor":32.0,"key":"Guardian:BlockOnCardUsePotion"}],"is_trial":false,"path_per_floor":["R","?","M","?","?","M","T","M","E","R","$","R","?","E","M","B",null,"R","M","M","$","$","M","T","R","?","M","M","E","?","?","M","B",null,"R","M","M","M","M","?","T","?","M","M","T","$","R","?","M","B",null],"character_chosen":"THE_AUTOMATON","items_purchased":["bronze:BronzeOrb","REME_WheelOfFate","Dota2Spire:MonkeyKingBar","expansioncontent:DashGenerateEvil","Frozen Eye","bronze:SilverBullet","REME_HourglassOfDeath","bronze:Branch"],"campfire_rested":1,"item_purchase_floors":[11,11,21,22,22,46,46,46],"current_hp_per_floor":[70,70,70,70,70,70,70,70,7,7,9,9,9,2,3,36,73,73,75,77,77,73,65,65,80,80,82,84,86,84,84,86,2,88,88,88,76,74,67,69,69,59,35,29,29,29,76,76,78,94],"gold":116,"neow_bonus":"THREE_ENEMY_KILL","is_daily":false,"chose_seed":false,"campfire_upgraded":5,"win_rate":0.0,"timestamp":1611318876,"path_taken":["R","?","?","?","?","M","T","M","E","R","$","R","?","E","M","BOSS","R","M","M","?","$","M","T","R","?","?","M","E","?","?","M","BOSS","R","M","M","M","?","?","T","?","M","M","?","$","R","?","M","BOSS"],"items_purchased_type":["Card","Card","Relic","Card","Relic","Relic","Relic","Card"],"build_version":"2020-12-22","purchased_purges":1,"victory":true,"max_hp_per_floor":[70,70,70,70,70,70,70,70,70,70,70,70,70,70,70,73,73,73,77,77,82,87,92,92,92,92,92,94,94,84,84,88,88,88,88,88,88,88,88,88,88,88,88,88,88,88,88,88,88,94],"card_choices":[{"not_picked":["bronze:ClassDefault","bronze:Safeguard"],"picked":"bronze:BitShift","floor":3.0},{"not_picked":["bronze:BitShift","bronze:WildBeam"],"picked":"bronze:GetLatest","floor":6.0},{"not_picked":["bronze:Turbo","bronze:Backtrace"],"picked":"bronze:NullPointer","floor":8.0},{"not_picked":["bronze:DelayedSlice","bronze:Safeguard"],"picked":"bronze:CleanCode","floor":9.0},{"not_picked":["bronze:OilSpill","bronze:MaxOutput"],"picked":"bronze:BugBarrage","floor":11.0},{"not_picked":["bronze:Repulsor","bronze:OilSpill"],"picked":"bronze:Backtrace","floor":14.0},{"not_picked":["bronze:DelayedGuard","bronze:Optimize"],"picked":"bronze:DelayedSlice","floor":15.0},{"not_picked":["bronze:HardenedForm","bronze:HyperBeam"],"picked":"bronze:Mutator","floor":16.0},{"not_picked":["bronze:Overheat","bronze:Repair"],"picked":"bronze:ItsAFeature","floor":19.0},{"not_picked":["bronze:BugBarrage","bronze:WildBeam"],"picked":"bronze:DelayedSlice","floor":20.0},{"not_picked":["bronze:Invalidate","bronze:Philosophize"],"picked":"bronze:BitShift","floor":21.0},{"not_picked":["bronze:BitShift","bronze:ChosenStrike+1"],"picked":"bronze:FineTuning+1","floor":22.0},{"not_picked":["bronze:BronzeArmor","bronze:NullPointer"],"picked":"bronze:Flail","floor":23.0},{"not_picked":["bronze:BugBarrage","bronze:DelayedGuard"],"picked":"bronze:DelayedSlice","floor":27.0},{"not_picked":["bronze:DelayedGuard+1","bronze:ShipIt"],"picked":"bronze:Return","floor":28.0},{"not_picked":["bronze:CutThrough","bronze:ForceShield"],"picked":"bronze:BuggyMess","floor":29.0},{"not_picked":["bronze:DelayedSlice","bronze:Flail"],"picked":"bronze:ForLoop","floor":32.0},{"not_picked":["bronze:HyperBeam","bronze:Format"],"picked":"bronze:SpaghettiCode","floor":33},{"not_picked":["bronze:Philosophize","bronze:ItsAFeature+1","bronze:BugBarrage+1"],"picked":"SKIP","floor":36},{"not_picked":["bronze:Return+1","bronze:BitShift"],"picked":"bronze:WhirlingStrike","floor":37},{"not_picked":["bronze:Frontload","bronze:Deprecate","bronze:Invalidate+1"],"picked":"SKIP","floor":38},{"not_picked":["bronze:Repair","bronze:Repulsor"],"picked":"bronze:Branch+1","floor":39},{"not_picked":["expansioncontent:YouAreMine","expansioncontent:Hexaburn"],"picked":"expansioncontent:PolyBeam","floor":42},{"not_picked":["expansioncontent:PrepareCrush","expansioncontent:Chronoboost"],"picked":"expansioncontent:PolyBeam","floor":42},{"not_picked":["expansioncontent:PrepareCrush","expansioncontent:GuardianWhirl"],"picked":"expansioncontent:AwakenDeath","floor":42},{"not_picked":["bronze:Shield+1","bronze:Return"],"picked":"bronze:CloningBeam+1","floor":43},{"not_picked":["bronze:Backtrace","bronze:Turbo"],"picked":"bronze:WildBeam+1","floor":44},{"not_picked":["bronze:DarkDash","bronze:Shell"],"picked":"bronze:Deprecate+1","floor":49}],"player_experience":20919,"relics_obtained":[{"floor":7.0,"key":"Blood Vial"},{"floor":9.0,"key":"Gambling Chip"},{"floor":14.0,"key":"HornCleat"},{"floor":24.0,"key":"Eternal Feather"},{"floor":29.0,"key":"Dota2Spire:EtherealBlade"},{"floor":40,"key":"Dota2Spire:OctarineCore"},{"floor":45,"key":"Bag of Preparation"}],"event_choices":[{"cards_removed":["bronze:Defend"],"damage_healed":0.0,"max_hp_gain":0.0,"max_hp_loss":0.0,"gold_gain":0.0,"event_name":"Bonfire Elementals","player_choice":"Offered Basic","floor":26.0,"gold_loss":0.0,"damage_taken":0.0}],"is_beta":false,"boss_relics":[{"not_picked":["Coffee Dripper","SlaversCollar"],"picked":"bronze:MakeshiftBattery"},{"not_picked":["REME_DemonsWealth","Runic Pyramid"],"picked":"Sozu"}],"items_purged_floors":[22],"is_endless":false,"potions_floor_spawned":[9,14,16,23,27,28,32,37,38],"ascension_level":0}}