{"host":"krw8blyxua7at9ak","time":1611278696,"event":{"mods":["BaseMod","Highlight Path","Minty Spire (QoL Compilation)","ojb\u0027s Info Mod"],"gold_per_floor":[114,31,31,31,31,75,75,116,170,194,212,237,237,237,237,237,237],"floor_reached":16,"language":"ENG","playtime":347,"items_purged":[],"score":316,"play_id":"821b6b02-a5de-4d06-8b11-2febfb3517e2","local_time":"20210122022456","is_ascension_mode":true,"campfire_choices":[{"data":"Wraith Form v2","floor":7,"key":"SMITH"},{"data":"Footwork","floor":13,"key":"SMITH"},{"data":"Dagger Throw","floor":15,"key":"SMITH"}],"circlet_count":0,"master_deck":["AscendersBane","Strike_G","Strike_G","Strike_G","Strike_G","Strike_G","Defend_G","Defend_G","Defend_G","Defend_G","Defend_G","Survivor","Neutralize","Footwork+1","Wraith Form v2+1","Regret","Glass Knife+1","Dagger Throw+1","Calculated Gamble"],"relics":["Ring of the Snake","NeowsBlessing","Golden Idol","StrikeDummy","Thread and Needle","MealTicket","Ornamental Fan"],"acts_visited":["Exordium"],"potions_floor_usage":[16],"damage_taken":[{"damage":0,"enemies":"Small Slimes","floor":1,"turns":1},{"damage":0,"enemies":"Lagavulin","floor":6,"turns":1},{"damage":0,"enemies":"3 Sentries","floor":8,"turns":1},{"damage":0,"enemies":"2 Louse","floor":10,"turns":2},{"damage":0,"enemies":"Jaw Worm","floor":11,"turns":4},{"damage":0,"enemies":"Looter","floor":12,"turns":4},{"damage":33,"enemies":"Hexaghost","floor":16,"turns":13}],"seed_played":"-6042284034708969399","potions_obtained":[{"floor":6,"key":"DuplicationPotion"},{"floor":11,"key":"PowerPotion"}],"is_trial":false,"path_per_floor":["M","$","?","?","?","E","R","E","T","M","M","M","R","?","R","B"],"character_chosen":"THE_SILENT","items_purchased":["Wraith Form v2"],"campfire_rested":0,"item_purchase_floors":[2],"current_hp_per_floor":[59,59,59,33,33,33,33,33,33,33,33,33,33,33,33,0,0],"gold":237,"neow_bonus":"THREE_ENEMY_KILL","is_daily":false,"chose_seed":false,"campfire_upgraded":3,"win_rate":0.0,"timestamp":1611278696,"path_taken":["M","$","?","?","?","E","R","E","T","M","?","M","R","?","R","BOSS"],"items_purchased_type":["Card"],"build_version":"2020-12-22","purchased_purges":0,"victory":false,"max_hp_per_floor":[66,66,60,60,60,60,60,60,60,60,60,60,60,60,60,60,60],"card_choices":[{"not_picked":["PiercingWail","Slice"],"picked":"Footwork","floor":1},{"not_picked":["Finisher","PiercingWail"],"picked":"Glass Knife","floor":6},{"not_picked":["Masterful Stab","Tactician"],"picked":"Dagger Throw","floor":8},{"not_picked":["PiercingWail","Bane","Backflip"],"picked":"SKIP","floor":10},{"not_picked":["Predator","Bane"],"picked":"Calculated Gamble","floor":11},{"not_picked":["Outmaneuver","Sucker Punch","Poisoned Stab"],"picked":"SKIP","floor":12}],"player_experience":362005,"relics_obtained":[{"floor":6,"key":"MealTicket"},{"floor":8,"key":"Ornamental Fan"}],"event_choices":[{"damage_healed":0,"gold_gain":0,"player_choice":"Lose Max HP","damage_taken":0,"relics_obtained":["Golden Idol"],"max_hp_gain":0,"max_hp_loss":6,"event_name":"Golden Idol","floor":3,"gold_loss":0},{"damage_healed":0,"gold_gain":0,"player_choice":"Success","damage_taken":26,"relics_obtained":["StrikeDummy"],"max_hp_gain":0,"max_hp_loss":0,"event_name":"Scrap Ooze","floor":4,"gold_loss":0},{"damage_healed":0,"gold_gain":0,"player_choice":"Box","damage_taken":0,"relics_obtained":["Thread and Needle"],"max_hp_gain":0,"max_hp_loss":0,"event_name":"Big Fish","floor":5,"gold_loss":0,"cards_obtained":["Regret"]},{"damage_healed":0,"gold_gain":0,"player_choice":"Grow","damage_taken":0,"max_hp_gain":0,"max_hp_loss":0,"event_name":"Living Wall","floor":14,"gold_loss":0,"cards_upgraded":["Glass Knife"]}],"is_beta":false,"boss_relics":[],"items_purged_floors":[],"is_endless":false,"potions_floor_spawned":[6,11],"killed_by":"Hexaghost","ascension_level":20}}