{"host":"qsusua7l529r8z9k","time":1611293491,"event":{"mods":["BaseMod","Minty Spire (QoL Compilation)","Spicy Shops","StSLib"],"gold_per_floor":[117,133,149,163,113,143,143,170,170,170,95,108,108,123,123,197,197,214,229,249,249,262,296,311,311,311,342,355,355,355,355],"floor_reached":30,"language":"ZHS","playtime":1227,"items_purged":["Strike_B"],"score":469,"play_id":"9bef2a72-0cad-422a-975e-541c1d6df266","local_time":"20210122133131","is_ascension_mode":true,"campfire_choices":[{"data":"Genetic Algorithm","floor":7.0,"key":"SMITH"},{"floor":10.0,"key":"REST"},{"data":"Hyperbeam","floor":15.0,"key":"SMITH"},{"data":"Thunder Strike","floor":25.0,"key":"SMITH"},{"floor":29.0,"key":"REST"}],"circlet_count":0,"master_deck":["AscendersBane","Strike_B","Defend_B","Defend_B","Defend_B","Zap","Dualcast","Ball Lightning","Genetic Algorithm+1","Thunder Strike+1","White Noise","Hyperbeam+1","Reinforced Body+1","Recycle+1","Turbo+1","Gash","Fission+1","Reprogram+1","Undo+1","Fusion+1","Loop","Streamline","Reprogram+1","Hologram+1","Core Surge","Reprogram+1"],"relics":["Cracked Core","Toxic Egg 2","Emotion Chip","Prayer Wheel","Snecko Eye","MutagenicStrength","Bird Faced Urn","Shuriken","Mercury Hourglass"],"acts_visited":["Exordium","TheCity"],"potions_floor_usage":[30,30],"damage_taken":[{"damage":1.0,"enemies":"Cultist","floor":1.0,"turns":4.0},{"damage":7.0,"enemies":"Small Slimes","floor":2.0,"turns":3.0},{"damage":1.0,"enemies":"2 Louse","floor":3.0,"turns":3.0},{"damage":12.0,"enemies":"Gremlin Gang","floor":4.0,"turns":5.0},{"damage":25.0,"enemies":"Lagavulin","floor":6.0,"turns":7.0},{"damage":16.0,"enemies":"3 Sentries","floor":8.0,"turns":3.0},{"damage":0.0,"enemies":"3 Louse","floor":12.0,"turns":2.0},{"damage":0.0,"enemies":"2 Fungi Beasts","floor":14.0,"turns":3.0},{"damage":65.0,"enemies":"Hexaghost","floor":16.0,"turns":10.0},{"damage":0.0,"enemies":"Shell Parasite","floor":18.0,"turns":3.0},{"damage":0.0,"enemies":"Chosen","floor":19.0,"turns":3.0},{"damage":0.0,"enemies":"3 Cultists","floor":20.0,"turns":4.0},{"damage":6.0,"enemies":"Snake Plant","floor":22.0,"turns":5.0},{"damage":13.0,"enemies":"Book of Stabbing","floor":23.0,"turns":6.0},{"damage":21.0,"enemies":"Sentry and Sphere","floor":24.0,"turns":8.0},{"damage":6.0,"enemies":"Slavers","floor":27.0,"turns":5.0},{"damage":0.0,"enemies":"Cultist and Chosen","floor":28.0,"turns":4.0},{"damage":35,"enemies":"Book of Stabbing","floor":30,"turns":5}],"seed_played":"-6050645762196388423","potions_obtained":[{"floor":1.0,"key":"Dexterity Potion"},{"floor":8.0,"key":"Block Potion"},{"floor":12.0,"key":"Strength Potion"},{"floor":16.0,"key":"Weak Potion"},{"floor":20.0,"key":"AttackPotion"}],"is_trial":false,"path_per_floor":["M","M","M","M","?","E","R","E","T","R","$","M","?","M","R","B",null,"M","M","M","?","M","E","M","R","T","E","M","R","E"],"character_chosen":"DEFECT","items_purchased":[],"campfire_rested":2,"item_purchase_floors":[],"current_hp_per_floor":[67,60,59,47,47,22,22,6,6,26,26,26,68,68,68,3,52,52,52,52,52,46,33,16,16,16,10,12,32,0,0],"gold":355,"neow_bonus":"REMOVE_TWO","is_daily":false,"chose_seed":false,"campfire_upgraded":3,"win_rate":0.0,"timestamp":1611293491,"path_taken":["M","M","?","M","?","E","R","E","T","R","$","M","?","M","R","BOSS","M","?","M","?","M","E","M","R","T","E","M","R","E"],"items_purchased_type":[],"build_version":"2020-12-22","purchased_purges":1,"victory":false,"max_hp_per_floor":[68,68,68,68,68,68,68,68,68,68,68,68,68,68,68,68,68,68,68,68,68,68,68,68,68,68,68,68,68,68,68],"card_choices":[{"not_picked":["Double Energy","Compile Driver"],"picked":"Ball Lightning","floor":1.0},{"not_picked":["Scrape","Darkness"],"picked":"Genetic Algorithm","floor":2.0},{"not_picked":["Streamline","Redo"],"picked":"Thunder Strike","floor":3.0},{"not_picked":["Barrage","Consume"],"picked":"White Noise","floor":4.0},{"not_picked":["Ball Lightning","Barrage"],"picked":"Hyperbeam","floor":6.0},{"not_picked":["Redo+1","Heatsinks"],"picked":"Reinforced Body+1","floor":8.0},{"not_picked":["Go for the Eyes","Gash"],"picked":"Recycle+1","floor":12.0},{"not_picked":["Streamline","FTL"],"picked":"Turbo+1","floor":12.0},{"not_picked":["Cold Snap","Barrage"],"picked":"Gash","floor":14.0},{"not_picked":["Darkness+1","Turbo+1","Recycle+1"],"picked":"SKIP","floor":14.0},{"not_picked":["Rainbow+1","Buffer"],"picked":"Fission+1","floor":16.0},{"not_picked":["Leap+1","Tempest+1"],"picked":"Reprogram+1","floor":18.0},{"not_picked":["Beam Cell","Gash","Compile Driver"],"picked":"SKIP","floor":18.0},{"not_picked":["Darkness+1","Coolheaded+1","Cold Snap"],"picked":"SKIP","floor":19.0},{"not_picked":["Sweeping Beam","Capacitor","Blizzard"],"picked":"SKIP","floor":19.0},{"not_picked":["Gash+1","Auto Shields+1"],"picked":"Undo+1","floor":20.0},{"not_picked":["Steam+1","Reboot+1"],"picked":"Fusion+1","floor":20.0},{"not_picked":["Coolheaded+1","Auto Shields+1","Sweeping Beam+1"],"picked":"SKIP","floor":22.0},{"not_picked":["Recycle+1","Sweeping Beam","Loop"],"picked":"SKIP","floor":22.0},{"not_picked":["Recycle+1","Sweeping Beam"],"picked":"Loop","floor":22.0},{"not_picked":["Coolheaded+1","Auto Shields+1","Sweeping Beam+1"],"picked":"SKIP","floor":22.0},{"not_picked":["Force Field+1","Leap+1"],"picked":"Streamline","floor":23.0},{"not_picked":["Gash","Barrage"],"picked":"Reprogram+1","floor":24.0},{"not_picked":["Redo+1","Capacitor"],"picked":"Hologram+1","floor":24.0},{"not_picked":["Darkness+1","Sweeping Beam"],"picked":"Core Surge","floor":27.0},{"not_picked":["Leap+1","Ball Lightning+1"],"picked":"Reprogram+1","floor":28.0},{"not_picked":["Sweeping Beam","Gash","Hello World"],"picked":"SKIP","floor":28.0}],"player_experience":443735,"relics_obtained":[{"floor":6.0,"key":"Toxic Egg 2"},{"floor":8.0,"key":"Emotion Chip"},{"floor":9.0,"key":"Prayer Wheel"},{"floor":23.0,"key":"Bird Faced Urn"},{"floor":26.0,"key":"Shuriken"},{"floor":27.0,"key":"Mercury Hourglass"}],"event_choices":[{"cards_removed":["Strike_B"],"damage_healed":0.0,"max_hp_gain":0.0,"max_hp_loss":0.0,"gold_gain":0.0,"event_name":"The Cleric","player_choice":"Card Removal","floor":5.0,"gold_loss":50.0,"damage_taken":0.0},{"damage_healed":42.0,"max_hp_gain":0.0,"max_hp_loss":0.0,"gold_gain":0.0,"event_name":"Wheel of Change","player_choice":"Full Heal","floor":13.0,"gold_loss":0.0,"damage_taken":0.0},{"damage_healed":0.0,"max_hp_gain":0.0,"max_hp_loss":0.0,"gold_gain":0.0,"event_name":"Drug Dealer","player_choice":"Inject Mutagens","floor":21.0,"gold_loss":0.0,"damage_taken":0.0,"relics_obtained":["MutagenicStrength"]}],"is_beta":false,"boss_relics":[{"not_picked":["Runic Dome","Inserter"],"picked":"Snecko Eye"}],"items_purged_floors":[11],"is_endless":false,"potions_floor_spawned":[1,8,12,16,20,22,24,27],"killed_by":"Book of Stabbing","ascension_level":13}}