{"host":"srk2drlvga69hbot","time":1611336792,"event":{"mods":["BaseMod","Bestiary","Block Reminder","Colored Map","Colored Powertips","Dark Map","DeckTracker","Highlight Path","Minty Spire (QoL Compilation)","Quick Restart","Rare Cards Sparkle","Relic Stats","SuperFastMode","Unceasing Turn Reminder"],"gold_per_floor":[111,111,130,142,142,168,184,253,280,280,291,291,291],"floor_reached":12,"language":"ZHS","playtime":406,"items_purged":[],"score":100,"play_id":"8626aeab-01eb-413c-8cc4-21d808da004a","local_time":"20210123013312","is_ascension_mode":true,"campfire_choices":[],"circlet_count":0,"master_deck":["Strike_R+1","Strike_R","Strike_R","Strike_R","Strike_R+1","Defend_R","Defend_R","Defend_R","Defend_R","Bash","Clash","Twin Strike","Clash","Clash"],"relics":["Burning Blood","Torii","Pocketwatch","NlothsMask","Whetstone","Tiny Chest"],"acts_visited":["Exordium"],"potions_floor_usage":[12],"damage_taken":[{"damage":8,"enemies":"Small Slimes","floor":1,"turns":3},{"damage":7,"enemies":"Jaw Worm","floor":3,"turns":3},{"damage":6,"enemies":"Cultist","floor":4,"turns":3},{"damage":44,"enemies":"Gremlin Nob","floor":6,"turns":5},{"damage":15,"enemies":"Exordium Thugs","floor":7,"turns":5},{"damage":6,"enemies":"Looter","floor":11,"turns":2},{"damage":10,"enemies":"3 Sentries","floor":12,"turns":3}],"seed_played":"-7338870182154811158","potions_obtained":[{"floor":6,"key":"SpeedPotion"},{"floor":7,"key":"BlessingOfTheForge"}],"is_trial":false,"path_per_floor":["M","?","M","M","?","E","M","T","T","?","M","E"],"character_chosen":"IRONCLAD","items_purchased":[],"campfire_rested":0,"item_purchase_floors":[],"current_hp_per_floor":[70,58,57,57,57,19,10,10,10,10,10,0,0],"gold":291,"neow_bonus":"ONE_RARE_RELIC","is_daily":false,"chose_seed":false,"campfire_upgraded":0,"win_rate":0.0,"timestamp":1611336792,"path_taken":["M","?","M","M","?","E","?","?","T","?","M","E"],"items_purchased_type":[],"build_version":"2020-12-22","purchased_purges":0,"victory":false,"max_hp_per_floor":[72,72,72,72,72,72,72,72,72,72,72,72,72],"relic_stats":{"Torii":5,"counters":[7,24],"Tiny Chest":0,"Whetstone":["Strike_R","Strike_R"],"obtain_stats":[{"Torii":0,"Tiny Chest":9,"Whetstone":6,"Burning Blood":0,"Pocketwatch":2,"NlothsMask":5},{"Torii":0,"Tiny Chest":5,"Whetstone":4,"Burning Blood":0,"Pocketwatch":1,"NlothsMask":3},{"Torii":0,"Tiny Chest":19,"Whetstone":14,"Burning Blood":0,"Pocketwatch":3,"NlothsMask":9}],"Burning Blood":36,"Pocketwatch":[36]},"card_choices":[{"not_picked":["Havoc","Inflame"],"picked":"Clash","floor":1},{"not_picked":["Dark Embrace","Flex","Anger"],"picked":"SKIP","floor":3},{"not_picked":["Thunderclap","Burning Pact","Spot Weakness"],"picked":"SKIP","floor":4},{"not_picked":["Heavy Blade","Reckless Charge"],"picked":"Twin Strike","floor":6},{"not_picked":["Sword Boomerang","Flex"],"picked":"Clash","floor":7},{"not_picked":["Metallicize","Wild Strike"],"picked":"Clash","floor":11}],"player_experience":158342,"relics_obtained":[{"floor":6,"key":"Whetstone"},{"floor":9,"key":"Tiny Chest"}],"event_choices":[{"damage_healed":0,"gold_gain":0,"player_choice":"Success","damage_taken":12,"relics_obtained":["Pocketwatch"],"max_hp_gain":0,"max_hp_loss":0,"event_name":"Scrap Ooze","floor":2,"gold_loss":0},{"damage_healed":0,"gold_gain":0,"player_choice":"Trade","damage_taken":0,"relics_obtained":["NlothsMask"],"max_hp_gain":0,"max_hp_loss":0,"event_name":"FaceTrader","floor":5,"gold_loss":0},{"damage_healed":0,"gold_gain":0,"player_choice":"Ignored","damage_taken":0,"max_hp_gain":0,"max_hp_loss":0,"event_name":"Liars Game","floor":10,"gold_loss":0}],"is_beta":false,"boss_relics":[],"items_purged_floors":[],"is_endless":false,"potions_floor_spawned":[6,7],"killed_by":"3 Sentries","ascension_level":5}}