{"host":"w9njud19qyl0lpz1","time":1611276965,"event":{"mods":["BaseMod","Minty Spire (QoL Compilation)","StSLib"],"gold_per_floor":[109,119,29,48,66,66,66,93,117,146,157,332,362,402,402,500,500,515,533,533,533],"floor_reached":20,"language":"ENG","playtime":1751,"items_purged":[],"score":186,"play_id":"308ed27c-e778-40a8-afd1-6f1f5db8dd43","local_time":"20210121195605","is_ascension_mode":false,"campfire_choices":[{"data":"Discovery","floor":7,"key":"SMITH"},{"floor":15,"key":"REST"}],"circlet_count":0,"master_deck":["Strike_R","Strike_R+1","Strike_R","Strike_R+1","Defend_R","Defend_R","Defend_R","Defend_R","Bash","Shrug It Off","Flex","Discovery+1","Inflame","Ghostly Armor","Regret","Rampage","Doubt","Heavy Blade","Rupture","Demon Form"],"relics":["Burning Blood","Strawberry","Odd Mushroom","Whetstone","Potion Belt","Regal Pillow","SlaversCollar"],"acts_visited":["Exordium","TheCity"],"potions_floor_usage":[8,14,14,16,18],"damage_taken":[{"damage":7,"enemies":"Small Slimes","floor":1,"turns":3},{"damage":1,"enemies":"Jaw Worm","floor":2,"turns":5},{"damage":1,"enemies":"Cultist","floor":4,"turns":4},{"damage":7,"enemies":"Looter","floor":5,"turns":3},{"damage":6,"enemies":"The Mushroom Lair","floor":8,"turns":4},{"damage":31,"enemies":"3 Sentries","floor":10,"turns":8},{"damage":8,"enemies":"Exordium Wildlife","floor":11,"turns":3},{"damage":56,"enemies":"Gremlin Nob","floor":13,"turns":5},{"damage":0,"enemies":"Blue Slaver","floor":14,"turns":1},{"damage":50,"enemies":"The Guardian","floor":16,"turns":14},{"damage":51,"enemies":"3 Byrds","floor":18,"turns":6},{"damage":25,"enemies":"Shell Parasite","floor":19,"turns":6},{"damage":24,"enemies":"Shelled Parasite and Fungi","floor":20,"turns":3}],"seed_played":"-8229398967711988214","potions_obtained":[{"floor":1,"key":"Regen Potion"},{"floor":4,"key":"ElixirPotion"},{"floor":5,"key":"Block Potion"},{"floor":13,"key":"ColorlessPotion"},{"floor":16,"key":"AttackPotion"}],"is_trial":false,"path_per_floor":["M","M","$","M","M","?","R","?","T","E","M","?","E","M","R","B",null,"M","M","M"],"character_chosen":"IRONCLAD","items_purchased":["Discovery"],"campfire_rested":1,"item_purchase_floors":[3],"current_hp_per_floor":[79,80,80,80,79,86,86,86,86,61,59,59,9,15,56,12,87,42,23,0,0],"gold":533,"neow_bonus":"REMOVE_CARD","is_daily":false,"chose_seed":false,"campfire_upgraded":1,"win_rate":0.0,"timestamp":1611276965,"path_taken":["M","M","$","M","M","?","R","?","T","E","M","?","E","M","R","BOSS","M","M","M"],"items_purchased_type":["Card"],"build_version":"2020-12-22","purchased_purges":0,"victory":false,"max_hp_per_floor":[80,80,80,80,80,87,87,87,87,87,87,87,87,87,87,87,87,87,87,87,87],"card_choices":[{"not_picked":["Power Through","Dropkick"],"picked":"Shrug It Off","floor":1},{"not_picked":["Headbutt","Perfected Strike"],"picked":"Flex","floor":2},{"not_picked":["Burning Pact","Blood for Blood"],"picked":"Inflame","floor":4},{"not_picked":["Sentinel","Warcry"],"picked":"Ghostly Armor","floor":5},{"not_picked":["Warcry","Cleave"],"picked":"Rampage","floor":10},{"not_picked":["Thunderclap","Hemokinesis","Entrench"],"picked":"SKIP","floor":11},{"not_picked":["Shrug It Off","Twin Strike"],"picked":"Heavy Blade","floor":13},{"not_picked":["Clothesline","Flex"],"picked":"Rupture","floor":14},{"not_picked":["Corruption","Fiend Fire"],"picked":"Demon Form","floor":16},{"not_picked":["Sever Soul+1","Ghostly Armor","Blood for Blood+1"],"picked":"SKIP","floor":18},{"not_picked":["Perfected Strike","Havoc","Headbutt"],"picked":"SKIP","floor":19}],"player_experience":2252643,"relics_obtained":[{"floor":8,"key":"Odd Mushroom"},{"floor":9,"key":"Whetstone"},{"floor":10,"key":"Potion Belt"},{"floor":13,"key":"Regal Pillow"}],"event_choices":[{"damage_healed":0,"gold_gain":0,"player_choice":"Box","damage_taken":0,"relics_obtained":["Strawberry"],"max_hp_gain":0,"max_hp_loss":0,"event_name":"Big Fish","floor":6,"gold_loss":0,"cards_obtained":["Regret"]},{"damage_healed":0,"gold_gain":0,"player_choice":"Fought Mushrooms","damage_taken":0,"max_hp_gain":0,"max_hp_loss":0,"event_name":"Mushrooms","floor":8,"gold_loss":0},{"damage_healed":0,"gold_gain":175,"player_choice":"AGREE","damage_taken":0,"max_hp_gain":0,"max_hp_loss":0,"event_name":"Liars Game","floor":12,"gold_loss":0,"cards_obtained":["Doubt"]}],"is_beta":false,"boss_relics":[{"not_picked":["Black Star","Calling Bell"],"picked":"SlaversCollar"}],"items_purged_floors":[],"is_endless":false,"potions_floor_spawned":[1,4,5,13,16],"killed_by":"Shelled Parasite and Fungi","ascension_level":0}}