{"host":"6eswuwtz6j8isipc","time":1611356955,"event":{"mods":["BaseMod","Better Third Choice","BetterRewards","Colored Map","Conspire","Hubris","Infinite Spire","Minty Spire (QoL Compilation)","Replay The Spire","Spicy Shops","StSLib","The Animator","The Bug Knight"],"gold_per_floor":[118,193,193,193,368,368,379,379,451,451,481,305,305,345,345,441,441,456,474,474,143,143,143,157,157,157,177,190,229,255,272,272,368,368,387,400,494,514,514,514,123,123,123,123,123],"floor_reached":44,"language":"ENG","playtime":3305,"items_purged":["animator:Strike","animator:Strike","animator:Defend","animator:Archer"],"score":474,"play_id":"d8e6084e-2a81-40b9-8129-722b7fa05ed9","local_time":"20210122180915","is_ascension_mode":false,"campfire_choices":[{"data":"animator:DolaSchwi","floor":6,"key":"SMITH"},{"data":"animator:HiiragiShinya","floor":8,"key":"SMITH"},{"data":"animator:Defend_Konosuba","floor":10,"key":"SMITH"},{"data":"animator:Demiurge","floor":15,"key":"SMITH"},{"data":"animator:Lancer","floor":23,"key":"SMITH"},{"data":"animator:Laby","floor":25,"key":"SMITH"},{"floor":32,"key":"REST"}],"circlet_count":0,"master_deck":["animator:Strike_Konosuba+1","animator:Defend_Konosuba+1","animator:Defend","animator:Kazuma","animator:Aqua","animator:DolaSchwi+1","animator:HiiragiShinya+1","animator:Megumin+3","animator:Laby+1","animator:CrowleyEusford","animator:EmiyaShirou+1","animator:Demiurge+1","animator:Lancer+1","animator:Elesis","animator:Demiurge","animator:YaoHaDucy","animator:Mitsuba","animator:HigakiRinne","animator:Hibiki"],"relics":["animator:VividPicture","animator:TheMissingPiece","animator:PurgingStone","NeowsBlessing","Bronze Scales","infinitespire:Broken Mirror","Orrery","Art of War","Replay:Grab Bag","Busted Crown","hubris:RunicObelisk","FossilizedHelix","animator:HolyGrailRelic","Anchor","ReplayTheSpireMod:Lightbulb","Gremlin Food","Replay:Drink Me","infinitespire:Beetle Shell","hubris:HerbalPaste"],"acts_visited":["Exordium","TheCity","TheBeyond"],"potions_floor_usage":[14,24],"damage_taken":[{"damage":0,"enemies":"Small Slimes","floor":1,"turns":1},{"damage":0,"enemies":"2 Louse","floor":7,"turns":1},{"damage":0,"enemies":"Jaw Worm","floor":11,"turns":1},{"damage":27,"enemies":"Gremlin Nob","floor":14,"turns":4},{"damage":22,"enemies":"Slime Boss","floor":16,"turns":8},{"damage":15,"enemies":"Shell Parasite","floor":18,"turns":6},{"damage":10,"enemies":"Spheric Guardian","floor":19,"turns":3},{"damage":0,"enemies":"Snake Plant","floor":24,"turns":2},{"damage":12,"enemies":"Shelled Parasite and Fungi","floor":27,"turns":4},{"damage":0,"enemies":"Snecko","floor":28,"turns":5},{"damage":17,"enemies":"conspire:MimicChest","floor":29,"turns":7},{"damage":0,"enemies":"Book of Stabbing","floor":30,"turns":4},{"damage":8,"enemies":"Centurion and Healer","floor":31,"turns":3},{"damage":20,"enemies":"hubris:MusketHawk","floor":33,"turns":8},{"damage":17,"enemies":"3 Darklings","floor":35,"turns":3},{"damage":0,"enemies":"Orb Walker","floor":36,"turns":3},{"damage":0,"enemies":"Transient","floor":38,"turns":5},{"damage":42,"enemies":"Giant Head","floor":44,"turns":9}],"seed_played":"-5430297240830350669","potions_obtained":[{"floor":1,"key":"Fire Potion"},{"floor":16,"key":"PowerPotion"},{"floor":19,"key":"ColorlessPotion"},{"floor":20,"key":"LiquidMemories"},{"floor":24,"key":"Energy Potion"}],"is_trial":false,"path_per_floor":["M","?","?","?","?","R","M","R","T","R","M","$","?","E","R","B",null,"M","M","?","$","AVR","R","M","R","T","M","M","?","E","M","R","B",null,"M","M","?","M","?","T","$","PTL","PTL","E"],"character_chosen":"THE_ANIMATOR","items_purchased":["animator:Laby","Orrery","FossilizedHelix","hubris:HerbalPaste","animator:Hibiki"],"campfire_rested":1,"item_purchase_floors":[12,12,21,41,41],"current_hp_per_floor":[66,55,55,48,48,48,50,50,50,50,50,51,51,27,27,7,67,54,44,44,44,52,52,56,56,56,48,52,39,43,39,65,49,67,54,56,39,43,34,34,34,34,34,0,0],"gold":123,"neow_bonus":"THREE_ENEMY_KILL","is_daily":false,"chose_seed":false,"campfire_upgraded":6,"win_rate":0.0,"timestamp":1611356955,"path_taken":["M","?","?","?","?","R","?","R","T","R","M","$","?","E","R","BOSS","M","?","?","?","AVR","R","?","R","T","M","M","?","E","?","R","BOSS","M","M","?","M","?","?","$","PTL","PTL","E"],"items_purchased_type":["Card","Relic","Relic","Relic","Card"],"build_version":"2020-12-22","purchased_purges":4,"victory":false,"max_hp_per_floor":[66,66,66,66,66,66,66,66,66,66,66,67,67,67,67,67,67,67,67,67,67,75,75,77,77,77,79,81,83,85,87,87,89,67,69,71,71,73,73,73,73,73,73,71,71],"card_choices":[{"not_picked":["animator:YunYun","animator:Chung"],"picked":"animator:DolaSchwi","floor":1},{"not_picked":["animator:Shalltear","animator:Jibril"],"picked":"animator:HiiragiShinya","floor":7},{"not_picked":["animator:Berserker","animator:YuiTsuruno"],"picked":"animator:Megumin","floor":11},{"not_picked":["animator:DolaCouronne","animator:KrulTepes"],"picked":"animator:Archer","floor":12},{"not_picked":["animator:Entoma","animator:YachiyoNanami"],"picked":"animator:CrowleyEusford","floor":12},{"not_picked":["animator:ShinjiMatou","animator:AcuraAkari"],"picked":"animator:Entoma","floor":12},{"not_picked":["animator:Guy","animator:Assassin"],"picked":"animator:EmiyaShirou","floor":12},{"not_picked":["animator:Lu","animator:KrulTepes"],"picked":"animator:Demiurge","floor":12},{"not_picked":["animator:RinTohsaka","animator:Rider"],"picked":"animator:Lancer","floor":14},{"not_picked":["animator:HomuraAkemi","animator:Sora"],"picked":"animator:Elesis","floor":16},{"not_picked":[],"picked":"animator:Demiurge","floor":18},{"not_picked":[],"picked":"animator:YaoHaDucy","floor":19},{"not_picked":["animator:Bozes"],"picked":"SKIP","floor":24},{"not_picked":["animator:ChaikaBohdan"],"picked":"SKIP","floor":28},{"not_picked":[],"picked":"animator:Mitsuba","floor":30},{"not_picked":["animator:Jibril"],"picked":"SKIP","floor":31},{"not_picked":["animator:AcuraAkari"],"picked":"SKIP","floor":36},{"not_picked":["animator:Elsword"],"picked":"SKIP","floor":38}],"player_experience":1314222,"relics_obtained":[{"floor":9,"key":"infinitespire:Broken Mirror"},{"floor":14,"key":"Art of War"},{"floor":29,"key":"ReplayTheSpireMod:Lightbulb"},{"floor":30,"key":"Gremlin Food"},{"floor":40,"key":"infinitespire:Beetle Shell"}],"event_choices":[{"damage_healed":0,"gold_gain":75,"player_choice":"Gold","damage_taken":11,"max_hp_gain":0,"max_hp_loss":0,"event_name":"betterThird:BetterGoop","floor":2,"gold_loss":0},{"damage_healed":0,"gold_gain":0,"player_choice":"Relic ","damage_taken":7,"max_hp_gain":0,"max_hp_loss":0,"event_name":"betterThird:BetterScrap","floor":4,"gold_loss":0,"cards_obtained":["Replay:LoomingThreat"]},{"damage_healed":0,"gold_gain":175,"player_choice":"AGREE","damage_taken":193,"max_hp_gain":0,"max_hp_loss":0,"event_name":"betterThird:BetterSerpent","floor":5,"gold_loss":0},{"cards_removed":["Doubt"],"damage_healed":0,"gold_gain":0,"player_choice":"Removed Curses","damage_taken":0,"max_hp_gain":0,"max_hp_loss":0,"event_name":"Fountain of Cleansing","floor":13,"gold_loss":0},{"damage_healed":0,"gold_gain":0,"player_choice":"Got Potions","damage_taken":0,"max_hp_gain":0,"max_hp_loss":0,"event_name":"Lab","floor":20,"gold_loss":0},{"damage_healed":0,"gold_gain":0,"player_choice":"Embrace Madness","damage_taken":9,"max_hp_gain":0,"max_hp_loss":0,"event_name":"Winding Halls","floor":39,"gold_loss":0,"cards_obtained":["animator:HigakiRinne"]}],"is_beta":false,"boss_relics":[{"not_picked":["Cursed Key","Painkiller Herb"],"picked":"Replay:Grab Bag"},{"not_picked":["Replay:Bronze Core","Runic Dome"],"picked":"Busted Crown"},{"not_picked":["Replay:Wanted Poster","Fusion Hammer"],"picked":"hubris:RunicObelisk"},{"not_picked":["conspire:SpecialSausage","Empty Cage"],"picked":"animator:VividPicture"},{"not_picked":["Ring of Chaos","infinitespire:Cupcake"],"picked":"Replay:Drink Me"}],"items_purged_floors":[21,21,22,41],"is_endless":false,"potions_floor_spawned":[1,16,19,24,29,30,31,35],"killed_by":"Giant Head","ascension_level":0}}