{"host":"yciysiy0jlorh0h5","time":1611281453,"event":{"mods":["2.2 Compatiblity","Act Like it!","BaseMod","Bestiary","Better Match","BetterRewards","Curses Come First","Downfall","Elementarium","Friendly Minions","Hallownest","Hermit","Hubris","Infinite Spire","Minty Spire (QoL Compilation)","Rare Cards Sparkle","Shade Mod","StSLib","The Alterego","The Construct","The Cursed","The Hierophant","The Judge","The Mystic","The Runesmith","The Servant 0.9.4","Wandering Minibosses","vexMod"],"gold_per_floor":[99,111,126,126,146,30,30,48,48,48,48,48,48,66,85,85,85,85],"floor_reached":16,"language":"ENG","playtime":1226,"items_purged":["Pain"],"score":92,"play_id":"a6c8a97f-3e17-4d43-9d06-89fcbd9edead","local_time":"20210121201053","is_ascension_mode":false,"campfire_choices":[{"data":"sneckomod:SnekBeam","floor":10,"key":"SMITH"},{"data":"sneckomod:TrashToTreasure","floor":12,"key":"SMITH"}],"circlet_count":0,"master_deck":["sneckomod:Strike","sneckomod:Strike","sneckomod:Defend","sneckomod:Defend","sneckomod:Defend","sneckomod:TailWhip","sneckomod:SnekBite","sneckomod:Unknown","Guardian:Suspension","sneckomod:TrashToTreasure+1","sneckomod:SoulDraw","sneckomod:QuickBite","sneckomod:SnekBeam+1","sneckomod:DiceCrush","sneckomod:UnknownBlock","sneckomod:UnknownDraw","sneckomod:UnknownDraw"],"relics":["sneckomod:SneckoSoul","WarpedTongs","Molten Egg 2","Centennial Puzzle"],"acts_visited":["Exordium"],"potions_floor_usage":[6,15,16],"damage_taken":[{"damage":7,"enemies":"2 Louse","floor":2,"turns":3},{"damage":6,"enemies":"Cultist","floor":3,"turns":3},{"damage":8,"enemies":"Jaw Worm","floor":5,"turns":3},{"damage":1,"enemies":"downfall:FleeingMerchant","floor":6,"turns":4},{"damage":9,"enemies":"Blue Slaver","floor":8,"turns":3},{"damage":23,"enemies":"Exordium Wildlife","floor":14,"turns":5},{"damage":14,"enemies":"Large Slime","floor":15,"turns":6},{"damage":34,"enemies":"WA_ARCHETYPE_RETAIN","floor":16,"turns":5}],"seed_played":"234068222891958664","potions_obtained":[{"floor":3,"key":"DuplicationPotion"},{"floor":14,"key":"ColorlessPotion"},{"floor":15,"key":"sneckomod:OffclassReductionPotion"}],"is_trial":false,"path_per_floor":["R","M","M","?","M","$","T","M","?","R","?","R","T","M","M","B"],"character_chosen":"THE_SNECKO","items_purchased":["sneckomod:DiceCrush"],"campfire_rested":0,"item_purchase_floors":[6],"current_hp_per_floor":[99,92,86,86,78,77,77,68,68,68,68,68,68,45,31,0,0,0],"gold":85,"neow_bonus":"TEN_PERCENT_HP_BONUS","is_daily":false,"chose_seed":false,"campfire_upgraded":2,"win_rate":0.0,"timestamp":1611281453,"path_taken":["R","M","M","?","?","$","T","M","?","R","?","R","?","?","M","BOSS"],"items_purchased_type":["Card"],"build_version":"2020-12-22","purchased_purges":1,"victory":false,"max_hp_per_floor":[99,99,99,99,99,99,99,99,99,99,99,99,99,99,99,99,99,99],"card_choices":[{"not_picked":["sneckomod:UnknownVulnerable","sneckomod:UnknownStrike"],"picked":"sneckomod:TrashToTreasure","floor":2},{"not_picked":["sneckomod:Nope","sneckomod:UnknownCommonSkill"],"picked":"sneckomod:SoulDraw","floor":3},{"not_picked":["sneckomod:UnknownUncommonAttack","sneckomod:UnknownBlock"],"picked":"sneckomod:QuickBite","floor":5},{"not_picked":["sneckomod:IronFang","sneckomod:UnknownStrike"],"picked":"sneckomod:SnekBeam","floor":6},{"not_picked":["sneckomod:SoulDraw","sneckomod:WideSting+1"],"picked":"sneckomod:UnknownBlock","floor":8},{"not_picked":["sneckomod:SoulRoll","sneckomod:Unknown1Cost"],"picked":"sneckomod:UnknownDraw","floor":14},{"not_picked":["sneckomod:ImprovisedGuard","sneckomod:DiceBlock"],"picked":"sneckomod:UnknownDraw","floor":15}],"player_experience":333019,"relics_obtained":[{"floor":7,"key":"Molten Egg 2"},{"floor":13,"key":"Centennial Puzzle"}],"event_choices":[{"damage_healed":0,"gold_gain":0,"player_choice":"Rummage","damage_taken":0,"relics_obtained":["WarpedTongs"],"max_hp_gain":0,"max_hp_loss":0,"event_name":"Accursed Blacksmith","floor":4,"gold_loss":0,"cards_obtained":["Pain"]}],"is_beta":false,"boss_relics":[],"items_purged_floors":[6],"is_endless":false,"potions_floor_spawned":[3,14,15],"killed_by":"WA_ARCHETYPE_RETAIN","ascension_level":0}}