{"host":"8by3m8mve9y2rhh4","time":1611330038,"event":{"mods":["BaseMod","Minty Spire (QoL Compilation)","Quick Restart"],"gold_per_floor":[116,191,202,152,170,198,198,198,198,198,198,221,204,82,82,206,206,222,245,0,99,124,164,164,207,207,207,227,271,296,39,39,160,160,179,141,141,87,103,139,139,170,170,170,183,183,222,291,291,291,291],"floor_reached":50,"language":"ENG","playtime":2182,"items_purged":["Strike_G","Strike_G","Strike_G"],"score":701,"play_id":"728f02d6-8bda-463d-bc0a-86c01d735aba","local_time":"20210122154038","is_ascension_mode":true,"campfire_choices":[{"floor":7,"key":"REST"},{"floor":11,"key":"RECALL"},{"floor":15,"key":"REST"},{"data":"After Image","floor":24,"key":"SMITH"},{"floor":27,"key":"REST"},{"floor":32,"key":"REST"},{"data":"Noxious Fumes","floor":41,"key":"SMITH"},{"data":"Noxious Fumes","floor":44,"key":"SMITH"},{"data":"Footwork","floor":46,"key":"SMITH"},{"floor":49,"key":"REST"}],"circlet_count":0,"master_deck":["Defend_G","Defend_G","Defend_G","Defend_G","Survivor","Neutralize+1","Noxious Fumes+1","Blur","After Image+1","Bouncing Flask","Dagger Spray+1","Malaise","Noxious Fumes+1","Crippling Poison+1","Footwork","Panache","Tools of the Trade","Backflip+1","Footwork+1","Cloak And Dagger","Blur","Leg Sweep+1","Regret","Prepared+1"],"relics":["Empty Cage","Molten Egg 2","Mercury Hourglass","Golden Idol","Sozu","Lee\u0027s Waffle","Art of War","Bag of Preparation","Ornamental Fan","Smiling Mask","Cursed Key","Potion Belt","Orichalcum","Juzu Bracelet","Whetstone"],"acts_visited":["Exordium","TheCity","TheBeyond"],"potions_floor_usage":[8,8,8],"damage_taken":[{"damage":2,"enemies":"Cultist","floor":1,"turns":5},{"damage":4,"enemies":"Small Slimes","floor":3,"turns":6},{"damage":1,"enemies":"2 Louse","floor":5,"turns":3},{"damage":25,"enemies":"3 Sentries","floor":6,"turns":12},{"damage":0,"enemies":"Gremlin Nob","floor":8,"turns":3},{"damage":0,"enemies":"Exordium Wildlife","floor":12,"turns":5},{"damage":4,"enemies":"Exordium Thugs","floor":13,"turns":6},{"damage":40,"enemies":"Hexaghost","floor":16,"turns":8},{"damage":17,"enemies":"2 Thieves","floor":18,"turns":5},{"damage":0,"enemies":"Shell Parasite","floor":19,"turns":7},{"damage":6,"enemies":"Book of Stabbing","floor":23,"turns":9},{"damage":47,"enemies":"Slavers","floor":25,"turns":5},{"damage":7,"enemies":"Cultist and Chosen","floor":28,"turns":6},{"damage":4,"enemies":"Book of Stabbing","floor":29,"turns":7},{"damage":0,"enemies":"3 Cultists","floor":30,"turns":5},{"damage":5,"enemies":"Collector","floor":33,"turns":9},{"damage":2,"enemies":"Orb Walker","floor":35,"turns":6},{"damage":0,"enemies":"3 Shapes","floor":39,"turns":4},{"damage":9,"enemies":"Nemesis","floor":40,"turns":9},{"damage":0,"enemies":"Giant Head","floor":42,"turns":11},{"damage":0,"enemies":"Writhing Mass","floor":45,"turns":7},{"damage":2,"enemies":"Reptomancer","floor":47,"turns":7},{"damage":50,"enemies":"2 Orb Walkers","floor":48,"turns":5},{"damage":35,"enemies":"Awakened One","floor":50,"turns":3}],"seed_played":"5617460294733893548","potions_obtained":[{"floor":3,"key":"SmokeBomb"},{"floor":5,"key":"CultistPotion"},{"floor":6,"key":"GamblersBrew"}],"is_trial":false,"path_per_floor":["M","?","M","?","M","E","R","E","T","?","R","M","M","$","R","B",null,"M","M","$","?","T","E","R","E","T","R","M","E","M","$","R","B",null,"M","$","?","$","M","E","R","E","T","R","M","R","E","?","R","B"],"character_chosen":"THE_SILENT","items_purchased":["Dagger Spray+1","Lee\u0027s Waffle","Footwork","Panache","Footwork","Cloak And Dagger"],"campfire_rested":5,"item_purchase_floors":[14,20,31,31,36,38],"current_hp_per_floor":[68,57,53,53,52,27,48,48,48,48,48,48,44,44,63,23,65,48,48,72,72,72,66,66,19,19,40,33,29,29,29,50,45,72,70,70,70,70,70,61,61,61,61,61,61,61,59,9,30,0,0],"gold":291,"neow_bonus":"BOSS_RELIC","is_daily":false,"chose_seed":false,"campfire_upgraded":4,"win_rate":0.0,"timestamp":1611330038,"path_taken":["M","?","M","?","M","E","R","E","T","?","R","M","M","$","R","BOSS","M","M","$","?","?","E","R","E","T","R","M","E","M","$","R","BOSS","M","$","?","$","M","E","R","E","T","R","M","R","E","?","R","BOSS"],"items_purchased_type":["Card","Relic","Card","Card","Card","Card"],"build_version":"2020-12-22","purchased_purges":3,"victory":false,"max_hp_per_floor":[70,70,70,70,70,70,70,70,70,65,65,65,65,65,65,65,65,65,65,72,72,72,72,72,72,72,72,72,72,72,72,72,72,72,72,72,72,72,72,72,72,72,72,72,72,72,72,72,72,72,72],"card_choices":[{"not_picked":["Prepared","Dagger Spray"],"picked":"Noxious Fumes","floor":1},{"not_picked":["Setup","Expertise"],"picked":"Blur","floor":3},{"not_picked":["Riddle With Holes","Masterful Stab","Expertise"],"picked":"SKIP","floor":5},{"not_picked":["Slice+1","Blade Dance"],"picked":"After Image","floor":6},{"not_picked":["Acrobatics","Accuracy","Outmaneuver"],"picked":"SKIP","floor":12},{"not_picked":["Underhanded Strike+1","All Out Attack+1"],"picked":"Bouncing Flask","floor":13},{"not_picked":["Grand Finale+1","Phantasmal Killer"],"picked":"Malaise","floor":16},{"not_picked":["Slice+1","Blade Dance","Infinite Blades"],"picked":"SKIP","floor":18},{"not_picked":["Blade Dance+1","Distraction","Dagger Throw+1"],"picked":"SKIP","floor":19},{"not_picked":["Flying Knee+1","Cloak And Dagger","Setup"],"picked":"SKIP","floor":23},{"not_picked":["Sucker Punch+1","Acrobatics","Infinite Blades"],"picked":"SKIP","floor":25},{"not_picked":["Dodge and Roll","Deadly Poison+1"],"picked":"Noxious Fumes","floor":28},{"not_picked":["Phantasmal Killer","Cloak And Dagger","Bane+1"],"picked":"SKIP","floor":29},{"not_picked":["Well Laid Plans","Outmaneuver"],"picked":"Crippling Poison+1","floor":30},{"not_picked":["Grand Finale+1","Phantasmal Killer"],"picked":"Tools of the Trade","floor":33},{"not_picked":["Acrobatics","Predator+1"],"picked":"Backflip+1","floor":35},{"not_picked":["Dagger Spray+1","Backflip"],"picked":"Blur","floor":39},{"not_picked":["All Out Attack+1","Riddle With Holes+1","Cloak And Dagger+1"],"picked":"SKIP","floor":40},{"not_picked":["Well Laid Plans+1","Finisher+1"],"picked":"Leg Sweep+1","floor":42},{"not_picked":["Slice+1","Terror","Accuracy"],"picked":"SKIP","floor":45},{"not_picked":["Expertise+1","Cloak And Dagger+1"],"picked":"Prepared+1","floor":47}],"player_experience":720504,"relics_obtained":[{"floor":6,"key":"Molten Egg 2"},{"floor":9,"key":"Mercury Hourglass"},{"floor":23,"key":"Art of War"},{"floor":25,"key":"Bag of Preparation"},{"floor":26,"key":"Ornamental Fan"},{"floor":29,"key":"Smiling Mask"},{"floor":40,"key":"Potion Belt"},{"floor":42,"key":"Orichalcum"},{"floor":43,"key":"Juzu Bracelet"},{"floor":47,"key":"Whetstone"}],"event_choices":[{"damage_healed":0,"gold_gain":75,"player_choice":"Gather Gold","damage_taken":11,"max_hp_gain":0,"max_hp_loss":0,"event_name":"World of Goop","floor":2,"gold_loss":0},{"cards_removed":["Strike_G"],"damage_healed":0,"gold_gain":0,"player_choice":"Card Removal","damage_taken":0,"max_hp_gain":0,"max_hp_loss":0,"event_name":"The Cleric","floor":4,"gold_loss":50},{"damage_healed":0,"gold_gain":0,"player_choice":"Lose Max HP","damage_taken":0,"relics_obtained":["Golden Idol"],"max_hp_gain":0,"max_hp_loss":5,"event_name":"Golden Idol","floor":10,"gold_loss":0},{"damage_healed":0,"gold_gain":99,"player_choice":"Stole From Cult","damage_taken":0,"max_hp_gain":0,"max_hp_loss":0,"event_name":"Nest","floor":21,"gold_loss":0},{"damage_healed":0,"gold_gain":0,"player_choice":"Ignored","damage_taken":0,"max_hp_gain":0,"max_hp_loss":0,"event_name":"Tomb of Lord Red Mask","floor":37,"gold_loss":0},{"damage_healed":0,"gold_gain":0,"player_choice":"Fight","damage_taken":0,"max_hp_gain":0,"max_hp_loss":0,"event_name":"Mysterious Sphere","floor":48,"gold_loss":0}],"is_beta":false,"boss_relics":[{"not_picked":["Runic Pyramid","Velvet Choker"],"picked":"Sozu"},{"not_picked":["Runic Dome","WristBlade"],"picked":"Cursed Key"}],"items_purged_floors":[14,20,31],"is_endless":false,"potions_floor_spawned":[3,5,6,8,19,23,28,29,39,40,47,48],"killed_by":"Awakened One","ascension_level":1}}