{"host":"323inwdaz59hfocs","time":1611294336,"event":{"mods":["AchievementEnabler","BaseMod","BetterRewards","Colored Powertips","Conspire","Good Game Mod","Minty Spire (QoL Compilation)","Relic Stats","Replay The Spire","Shop Mod","StSLib","SuperFastMode","The Construct","The Cursed","The Gatherer","The Poker Player","Thieving Mod","[GremlinLeader]The Maniac","óô»ðÖ¸ÄÏ"],"gold_per_floor":[11111,11130,11145,10511,10511,10536,9799,9799,9799,9055,9072,8383,8401,8420,7706,7805,7805,7805,7805,7805,7805,7805,7083,7083,7083,7083,6431,6431,5640,5640,5640,4925,4925,4925,4925,4925,4925,4125,4125,4125,4125,4125,4125,3624,3048,3048,3048,3048,2613,2613,2613,2613,1686,1686,1686],"floor_reached":56,"language":"ZHS","playtime":4091,"items_purged":["Strike_R","Strike_R","maniac:Scruple","Strike_R","Strike_R","Defend_R","Defend_R","Defend_R","ReplayTheSpireMod:Trickstab+1","Body Slam","Dual Wield","Inflame+1"],"score":2017,"play_id":"fd9f3529-bf1b-4fac-90f5-cdc405b72380","local_time":"20210122134536","is_ascension_mode":true,"campfire_choices":[{"floor":40.0,"key":"RECALL"},{"data":"Armaments","floor":52,"key":"SMITH"},{"data":"Barricade","floor":52,"key":"SMITH"}],"circlet_count":0,"master_deck":["Strike_R+1","Defend_R+1","Bash","Armaments+1","True Grit","Dual Wield","Secret Technique","Barricade+1","Shrug It Off+1","Entrench","Body Slam+1","Body Slam+1","Thinking Ahead","Chrysalis","Iron Wave+1","Ghostly Armor+1","Flame Barrier+1","Body Slam+1","Metallicize","Armaments","Dual Wield","Armaments+1","Impervious","Metallicize+1","Berserk+1","Flame Barrier+1","ReplayUltimateDefense+1","Shrug It Off","Body Slam+1","Secret Technique","PanicButton"],"relics":["Burning Blood","REME:ComplimentaryCards","NeowsBlessing","Blue Doll","Divine Protection","MerchantsRug","Prayer Wheel","Lizard Tail","Letter Opener","Sling","Pet Ghost","Replay:Arrowhead","Chemical X","HandDrill","Simple Rune","Meat on the Bone","Molten Egg 2","Ancient Tea Set","ReplayTheSpireMod:ShopPack","Ectoplasm","Onion Ring","ClockworkSouvenir","HornCleat","Frozen Egg 2","Bag of Preparation","Replay:Rubber Ducky","Omamori","Strange Spoon","Replay:Ringing Soul","Magic Flower","Lee\u0027s Waffle","conspire:SpecialSausage","conspire:TreasureMap","Bird Faced Urn","Smiling Mask","ReplayFunnel","Quantum Egg","Incense Burner","Replay:Baseball","Oddly Smooth Stone","Paper Frog","Anchor","Centennial Puzzle","Mercury Hourglass","Toolbox","Bronze Scales","Torii"],"acts_visited":["Exordium","TheCity","TheBeyond","TheEnding"],"potions_floor_usage":[55,55],"damage_taken":[{"damage":0.0,"enemies":"Cultist","floor":1.0,"turns":1.0},{"damage":0.0,"enemies":"Small Slimes","floor":2.0,"turns":1.0},{"damage":0.0,"enemies":"2 Louse","floor":3.0,"turns":1.0},{"damage":40.0,"enemies":"Gremlin Nob","floor":6.0,"turns":6.0},{"damage":0.0,"enemies":"Red Slaver","floor":11.0,"turns":6.0},{"damage":22.0,"enemies":"Large Slime","floor":13.0,"turns":12.0},{"damage":3.0,"enemies":"Looter","floor":14.0,"turns":5.0},{"damage":0.0,"enemies":"Hexaghost","floor":16.0,"turns":7.0},{"damage":9.0,"enemies":"conspire:FuzzyDice","floor":18.0,"turns":4.0},{"damage":3.0,"enemies":"Spheric Guardian","floor":19.0,"turns":5.0},{"damage":0.0,"enemies":"Chosen and Byrds","floor":20.0,"turns":5.0},{"damage":1.0,"enemies":"3 Cultists","floor":21.0,"turns":5.0},{"damage":8.0,"enemies":"Centurion and Healer","floor":22.0,"turns":5.0},{"damage":0.0,"enemies":"Replay:Snechameleon","floor":24.0,"turns":1.0},{"damage":0.0,"enemies":"Snake Plant","floor":30.0,"turns":1.0},{"damage":0.0,"enemies":"Cultist and Chosen","floor":31.0,"turns":4.0},{"damage":0.0,"enemies":"Pondfish","floor":33.0,"turns":5.0},{"damage":0.0,"enemies":"3 Shapes","floor":35.0,"turns":1.0},{"damage":0.0,"enemies":"Orb Walker","floor":37.0,"turns":1.0},{"damage":13.0,"enemies":"conspire:MimicChest","floor":39.0,"turns":6.0},{"damage":0.0,"enemies":"Sphere and 2 Shapes","floor":41.0,"turns":2.0},{"damage":0.0,"enemies":"Giant Head","floor":42.0,"turns":6.0},{"damage":8.0,"enemies":"Transient","floor":46.0,"turns":5.0},{"damage":10.0,"enemies":"3 Darklings","floor":47.0,"turns":5.0},{"damage":0.0,"enemies":"Writhing Mass","floor":48.0,"turns":4.0},{"damage":0.0,"enemies":"Awakened One","floor":50.0,"turns":8.0},{"damage":0,"enemies":"Shield and Spear","floor":54,"turns":6},{"damage":19,"enemies":"The Heart","floor":55,"turns":10}],"seed_played":"4204763790610704269","potions_obtained":[{"floor":2.0,"key":"PowerPotion"},{"floor":6.0,"key":"DuplicationPotion"},{"floor":11.0,"key":"AttackPotion"},{"floor":14.0,"key":"Weak Potion"},{"floor":16.0,"key":"Dexterity Potion"},{"floor":21.0,"key":"Swift Potion"},{"floor":48.0,"key":"Fire Potion"}],"is_trial":false,"path_per_floor":["M","M","M","$","?","E","R","?","T","$","M","$","M","M","R","B",null,"M","M","M","M","M","R","E","?","T","R","?","R","M","M","R","B",null,"M","?","M","$","?","R","M","E","T","$","R","M","M","M","R","B",null,"R","$","E","B",null],"character_chosen":"IRONCLAD","items_purchased":["Blue Doll","Divine Protection","MerchantsRug","Letter Opener","Sling","Dual Wield","Secret Technique","Pet Ghost","Shrug It Off+1","Replay:Arrowhead","Chemical X","HandDrill","Simple Rune","Meat on the Bone","Molten Egg 2","Ancient Tea Set","Body Slam+1","ReplayTheSpireMod:ShopPack","Onion Ring","ClockworkSouvenir","Dual Wield","PowerPotion","Armaments+1","ReplayTheSpireMod:Trickstab+1","Bag of Preparation","Replay:Rubber Ducky","Omamori","Strange Spoon","Replay:Ringing Soul","Magic Flower","Lee\u0027s Waffle","conspire:TreasureMap","Bird Faced Urn","Inflame+1","Incense Burner","Replay:Baseball","Flame Barrier+1","Oddly Smooth Stone","ReplayUltimateDefense+1","Paper Frog","Anchor","Centennial Puzzle","Body Slam+1","SpeedPotion","Secret Technique","PanicButton","Mercury Hourglass","Toolbox","Bronze Scales","FearPotion"],"campfire_rested":0,"item_purchase_floors":[4,4,4,7,7,7,7,10,10,10,10,12,12,12,15,15,15,15,23,23,23,23,27,27,27,27,29,29,29,32,32,38,38,38,44,44,44,45,45,45,49,49,49,49,53,53,53,53,53,53],"current_hp_per_floor":[80,80,80,80,80,46,46,46,46,46,52,52,48,51,51,57,80,77,80,80,80,78,78,80,80,80,80,80,80,80,80,87,90,90,90,90,90,93,95,95,96,99,99,102,105,105,105,108,111,111,111,111,114,114,107],"gold":1686,"neow_bonus":"THREE_ENEMY_KILL","is_daily":false,"chose_seed":false,"campfire_upgraded":2,"win_rate":0.0,"timestamp":1611294336,"path_taken":["M","M","?","$","?","E","R","?","T","$","M","$","M","M","R","BOSS","M","M","M","M","M","R","E","?","T","R","?","R","M","M","R","BOSS","M","?","M","$","?","R","M","E","T","$","R","?","M","M","R","BOSS","R","$","E","BOSS"],"items_purchased_type":["Relic","Relic","Relic","Relic","Relic","Card","Card","Relic","Card","Relic","Relic","Relic","Relic","Relic","Relic","Relic","Card","Relic","Relic","Relic","Card","Potion","Card","Card","Relic","Relic","Relic","Relic","Relic","Relic","Relic","Relic","Relic","Card","Relic","Relic","Card","Relic","Card","Relic","Relic","Relic","Card","Potion","Card","Card","Relic","Relic","Relic","Potion"],"build_version":"2020-12-22","purchased_purges":12,"victory":true,"max_hp_per_floor":[80,80,80,80,80,80,80,80,80,80,80,80,80,80,80,80,80,80,80,80,80,80,80,80,80,80,80,80,80,80,80,87,90,90,90,90,90,93,96,96,96,99,99,102,105,105,105,108,111,111,111,111,114,114,114],"relic_stats":{"Lee\u0027s Waffle":7,"Torii":1,"counters":[28,128],"Magic Flower":[12],"Bag of Preparation":[28],"Letter Opener":[456],"Smiling Mask":575,"Burning Blood":73,"Mercury Hourglass":[48],"Strange Spoon":[35],"Lizard Tail":0,"Centennial Puzzle":[3],"Bird Faced Urn":[21],"Bronze Scales":[132],"Prayer Wheel":16,"Ectoplasm":524,"HandDrill":[28],"Chemical X":[1],"obtain_stats":[{"ReplayFunnel":42,"Divine Protection":4,"Torii":54,"Magic Flower":32,"Blue Doll":4,"conspire:SpecialSausage":34,"Bag of Preparation":27,"Incense Burner":44,"Sling":7,"Ancient Tea Set":15,"Smiling Mask":39,"Burning Blood":0,"Pet Ghost":10,"ClockworkSouvenir":23,"Replay:Rubber Ducky":27,"Replay:Ringing Soul":29,"Lizard Tail":6,"Centennial Puzzle":49,"HornCleat":24,"Toolbox":53,"Prayer Wheel":6,"HandDrill":12,"Chemical X":10,"Paper Frog":45,"MerchantsRug":4,"Lee\u0027s Waffle":32,"conspire:TreasureMap":38,"NeowsBlessing":0,"Quantum Egg":43,"Oddly Smooth Stone":45,"Omamori":29,"Letter Opener":7,"Frozen Egg 2":26,"Replay:Arrowhead":10,"Mercury Hourglass":53,"Strange Spoon":29,"REME:ComplimentaryCards":0,"Replay:Baseball":44,"Anchor":49,"Bird Faced Urn":38,"Bronze Scales":53,"Simple Rune":12,"Molten Egg 2":15,"Onion Ring":23,"Ectoplasm":17,"Meat on the Bone":12,"ReplayTheSpireMod:ShopPack":15},{"ReplayFunnel":22,"Divine Protection":3,"Torii":27,"Magic Flower":16,"Blue Doll":3,"conspire:SpecialSausage":17,"Bag of Preparation":14,"Incense Burner":22,"Sling":4,"Ancient Tea Set":7,"Smiling Mask":20,"Burning Blood":0,"Pet Ghost":4,"ClockworkSouvenir":13,"Replay:Rubber Ducky":14,"Replay:Ringing Soul":14,"Lizard Tail":4,"Centennial Puzzle":25,"HornCleat":14,"Toolbox":26,"Prayer Wheel":4,"HandDrill":5,"Chemical X":4,"Paper Frog":22,"MerchantsRug":3,"Lee\u0027s Waffle":16,"conspire:TreasureMap":19,"NeowsBlessing":0,"Quantum Egg":22,"Oddly Smooth Stone":22,"Omamori":14,"Letter Opener":4,"Frozen Egg 2":14,"Replay:Arrowhead":4,"Mercury Hourglass":26,"Strange Spoon":14,"REME:ComplimentaryCards":0,"Replay:Baseball":22,"Anchor":25,"Bird Faced Urn":19,"Bronze Scales":26,"Simple Rune":5,"Molten Egg 2":7,"Onion Ring":13,"Ectoplasm":8,"Meat on the Bone":5,"ReplayTheSpireMod:ShopPack":7},{"ReplayFunnel":90,"Divine Protection":3,"Torii":118,"Magic Flower":69,"Blue Doll":3,"conspire:SpecialSausage":74,"Bag of Preparation":64,"Incense Burner":90,"Sling":9,"Ancient Tea Set":32,"Smiling Mask":82,"Burning Blood":0,"Pet Ghost":9,"ClockworkSouvenir":63,"Replay:Rubber Ducky":64,"Replay:Ringing Soul":64,"Lizard Tail":9,"Centennial Puzzle":104,"HornCleat":64,"Toolbox":112,"Prayer Wheel":4,"HandDrill":15,"Chemical X":9,"Paper Frog":90,"MerchantsRug":3,"Lee\u0027s Waffle":69,"conspire:TreasureMap":76,"NeowsBlessing":0,"Quantum Egg":90,"Oddly Smooth Stone":90,"Omamori":64,"Letter Opener":9,"Frozen Egg 2":64,"Replay:Arrowhead":9,"Mercury Hourglass":112,"Strange Spoon":64,"REME:ComplimentaryCards":0,"Replay:Baseball":90,"Anchor":104,"Bird Faced Urn":76,"Bronze Scales":112,"Simple Rune":15,"Molten Egg 2":32,"Onion Ring":63,"Ectoplasm":39,"Meat on the Bone":15,"ReplayTheSpireMod:ShopPack":32}],"Meat on the Bone":12},"card_choices":[{"not_picked":["Wild Strike","Anger"],"picked":"Armaments","floor":1.0},{"not_picked":["Flame Barrier","Whirlwind"],"picked":"Body Slam","floor":2.0},{"not_picked":["Abandon","Armaments"],"picked":"True Grit","floor":3.0},{"not_picked":["Hemokinesis","Fiend Fire","Warcry"],"picked":"SKIP","floor":6.0},{"not_picked":["Headbutt","Carnage"],"picked":"Entrench","floor":11.0},{"not_picked":["Heavy Blade","Clash","Dark Embrace"],"picked":"SKIP","floor":11.0},{"not_picked":["Wild Strike","Replay:Undeath\u0027s Touch","Dark Embrace"],"picked":"SKIP","floor":13.0},{"not_picked":["Rupture","Clash","Wild Strike"],"picked":"SKIP","floor":13.0},{"not_picked":["Replay:Undeath\u0027s Touch","Feel No Pain","Cleave"],"picked":"SKIP","floor":14.0},{"not_picked":["Second Wind","Clash","Wild Strike"],"picked":"SKIP","floor":14.0},{"not_picked":["Poisoned Strike","Violence"],"picked":"Thinking Ahead","floor":15.0},{"not_picked":["Midas Touch","Forethought"],"picked":"Chrysalis","floor":15.0},{"not_picked":["Twin Strike+1","Flex+1"],"picked":"Iron Wave+1","floor":18.0},{"not_picked":["Twin Strike+1","Clash+1","Flame Barrier"],"picked":"SKIP","floor":18.0},{"not_picked":["Feel No Pain","Run Through+1"],"picked":"Ghostly Armor+1","floor":19.0},{"not_picked":["Infernal Blade","ReplayTheSpireMod:Muscle Training","Run Through+1"],"picked":"SKIP","floor":19.0},{"not_picked":["Wild Strike+1","Clothesline+1"],"picked":"Flame Barrier+1","floor":20.0},{"not_picked":["Exhume","Cleave+1","Life Link"],"picked":"SKIP","floor":20.0},{"not_picked":["Headbutt+1","Flex"],"picked":"Body Slam+1","floor":21.0},{"not_picked":["Thunderclap+1","ReplayTheSpireMod:Strike From Hell+1","Run Through+1"],"picked":"SKIP","floor":21.0},{"not_picked":["Second Wind","Pummel+1"],"picked":"Metallicize","floor":22.0},{"not_picked":["Shrug It Off","Second Wind"],"picked":"Armaments","floor":22.0},{"not_picked":["conspire:Purge","Massacre+1"],"picked":"Dual Wield","floor":24.0},{"not_picked":["Intimidate","Cleave+1","Spot Weakness+1"],"picked":"SKIP","floor":30.0},{"not_picked":["Warcry","Pommel Strike+1","Disarm"],"picked":"SKIP","floor":30.0},{"not_picked":["Clothesline+1","Sentinel","Combust+1"],"picked":"SKIP","floor":31.0},{"not_picked":["Heavy Blade+1","Sword Boomerang+1","Uppercut+1"],"picked":"SKIP","floor":31.0},{"not_picked":["Hemogenesis+1","Immolate+1"],"picked":"Impervious","floor":33.0},{"not_picked":["Dark Embrace+1","Thunderclap+1","Wild Strike+1"],"picked":"SKIP","floor":35.0},{"not_picked":["Twin Strike+1","Massacre+1","Run Through+1"],"picked":"SKIP","floor":35.0},{"not_picked":["Offering","Flex","Armaments"],"picked":"SKIP","floor":37.0},{"not_picked":["Rage","Headbutt+1","Searing Blow+1"],"picked":"SKIP","floor":37.0},{"not_picked":["Twin Strike+1","Body Slam+1"],"picked":"Metallicize+1","floor":39.0},{"not_picked":["Perfected Strike+1","Run Through+1","Thunderclap+1"],"picked":"SKIP","floor":41.0},{"not_picked":["Double Tap","Anger+1","Flame Barrier"],"picked":"SKIP","floor":41.0},{"not_picked":["Havoc+1","Armaments"],"picked":"Berserk+1","floor":42.0},{"not_picked":["Defy Death+1","Flame Barrier+1","Armaments"],"picked":"SKIP","floor":46.0},{"not_picked":["ReplayTheSpireMod:Limb From Limb+1","True Grit","Reckless Charge+1"],"picked":"SKIP","floor":46.0},{"not_picked":["ReplayTheSpireMod:LeadingStrike+1","Headbutt+1","Fire Breathing+1"],"picked":"SKIP","floor":47.0},{"not_picked":["Thunderclap+1","Evolve+1","Ghostly Armor"],"picked":"SKIP","floor":47.0},{"not_picked":["Body Slam+1","Disarm+1"],"picked":"Shrug It Off","floor":48.0},{"not_picked":["Fire Breathing+1","Cleave+1","Exhume"],"picked":"SKIP","floor":48.0},{"not_picked":["Clothesline+1","Shockwave","Thunderclap+1"],"picked":"SKIP","floor":54}],"player_experience":152064,"relics_obtained":[{"floor":6.0,"key":"Lizard Tail"},{"floor":24.0,"key":"HornCleat"},{"floor":26.0,"key":"Frozen Egg 2"},{"floor":39.0,"key":"Smiling Mask"},{"floor":42.0,"key":"ReplayFunnel"},{"floor":43.0,"key":"Quantum Egg"},{"floor":54,"key":"Torii"}],"event_choices":[{"damage_healed":0.0,"max_hp_gain":0.0,"max_hp_loss":0.0,"gold_gain":0.0,"event_name":"conspire:Investor","player_choice":"Leave","floor":5.0,"gold_loss":0.0,"damage_taken":0.0},{"damage_healed":0.0,"max_hp_gain":0.0,"max_hp_loss":0.0,"gold_gain":0.0,"event_name":"Match and Keep!","player_choice":"2 cards matched","floor":8.0,"gold_loss":0.0,"damage_taken":0.0,"cards_obtained":["maniac:Scruple","Barricade"]},{"damage_healed":0.0,"max_hp_gain":0.0,"max_hp_loss":0.0,"gold_gain":0.0,"event_name":"Ghosts","player_choice":"Ignored","floor":25.0,"gold_loss":0.0,"damage_taken":0.0},{"damage_healed":0.0,"max_hp_gain":0.0,"max_hp_loss":0.0,"gold_gain":0.0,"event_name":"Vampires","player_choice":"Ignored","floor":28.0,"gold_loss":0.0,"damage_taken":0.0}],"is_beta":false,"boss_relics":[{"not_picked":["Snecko Eye","Kintsugi"],"picked":"Ectoplasm"},{"not_picked":["conspire:SeveredTorchhead","Empty Cage"],"picked":"conspire:SpecialSausage"}],"items_purged_floors":[4,7,10,12,15,23,27,29,32,38,49,53],"is_endless":false,"potions_floor_spawned":[2,6,11,14,16,21,24,31,33,41,42,46,48,54],"ascension_level":3}}