{"host":"y1oqg7uy0jc6f5mb","time":1611298278,"event":{"mods":["BaseMod","Better Altar","Better Match","Better Note","Better Sensory Stone","Better Skull","Better Third Choice","BetterRewards","Block Reminder","Colored Map","Colored Powertips","Custom Start","DeckTracker","Displayed Cursed Tome","Highlight Path","Ironclad Rager","Minty Spire (QoL Compilation)","Permanent Neow","Quick Restart","Relic Sorter","Relic Stats","Shop Mod","StSLib"],"gold_per_floor":[17,17,27,27,27,27,59,59,136,150,166,12,12,40,40,136,136,146,146,146,146,163,163,198,209,209,124,178,178,191,222,222,222,222],"floor_reached":33,"language":"ENG","playtime":1537,"items_purged":[],"score":407,"play_id":"27d6e81f-9e70-4078-ad52-75e2cbda0e9c","local_time":"20210122145118","is_ascension_mode":true,"campfire_choices":[{"data":"True Grit","floor":6.0,"key":"SMITH"},{"data":"True Grit","floor":8.0,"key":"SMITH"},{"data":"Juggernaut","floor":13.0,"key":"SMITH"},{"data":"Clothesline","floor":15.0,"key":"SMITH"},{"data":"Limit Break","floor":23.0,"key":"SMITH"},{"data":"Body Slam","floor":29.0,"key":"SMITH"},{"floor":32.0,"key":"REST"}],"circlet_count":0,"master_deck":["Bash","Twin Strike","Twin Strike","Twin Strike","Twin Strike","Iron Wave","Iron Wave","Iron Wave","Iron Wave","True Grit+1","True Grit+1","Juggernaut+1","Clothesline+1","Body Slam+1","Limit Break+1","J.A.X."],"relics":["Burning Blood","Sundial","Mummified Hand","Lantern","Magic Flower","Busted Crown","Incense Burner","Paper Frog","Ancient Tea Set","Nunchaku","Juzu Bracelet"],"acts_visited":["Exordium","TheCity"],"potions_floor_usage":[],"damage_taken":[{"damage":4.0,"enemies":"Jaw Worm","floor":1.0,"turns":3.0},{"damage":0.0,"enemies":"Small Slimes","floor":3.0,"turns":3.0},{"damage":20.0,"enemies":"3 Sentries","floor":7.0,"turns":8.0},{"damage":0.0,"enemies":"2 Louse","floor":10.0,"turns":2.0},{"damage":1.0,"enemies":"Exordium Thugs","floor":11.0,"turns":4.0},{"damage":8.0,"enemies":"Gremlin Nob","floor":14.0,"turns":4.0},{"damage":10.0,"enemies":"The Guardian","floor":16.0,"turns":8.0},{"damage":4.0,"enemies":"3 Byrds","floor":18.0,"turns":5.0},{"damage":11.0,"enemies":"Chosen","floor":22.0,"turns":3.0},{"damage":18.0,"enemies":"Book of Stabbing","floor":24.0,"turns":4.0},{"damage":30.0,"enemies":"Sentry and Sphere","floor":25.0,"turns":4.0},{"damage":14.0,"enemies":"Shelled Parasite and Fungi","floor":30.0,"turns":4.0},{"damage":33.0,"enemies":"Gremlin Leader","floor":31.0,"turns":5.0},{"damage":58,"enemies":"Champ","floor":33,"turns":7}],"seed_played":"6350342419629267109","potions_obtained":[{"floor":7.0,"key":"HeartOfIron"},{"floor":10.0,"key":"SkillPotion"},{"floor":11.0,"key":"GamblersBrew"},{"floor":22.0,"key":"Swift Potion"},{"floor":24.0,"key":"CultistPotion"}],"is_trial":false,"path_per_floor":["M","?","M","?","?","R","E","R","T","M","M","$","R","E","R","B",null,"M","?","?","$","M","R","E","M","T","?","T","R","M","E","R","B"],"character_chosen":"IRONCLAD","items_purchased":["Lantern"],"campfire_rested":1,"item_purchase_floors":[12],"current_hp_per_floor":[53,53,59,52,57,57,43,43,43,49,54,54,54,52,52,51,71,76,76,76,76,74,74,65,44,44,44,44,44,39,15,38,0,0],"gold":222,"neow_bonus":"IRONCLAD_BERSERKER","is_daily":false,"chose_seed":false,"campfire_upgraded":6,"win_rate":0.0,"timestamp":1611298278,"path_taken":["M","?","M","?","?","R","E","R","T","M","M","$","R","E","R","BOSS","M","?","?","$","M","R","E","M","T","?","?","R","M","E","R","BOSS"],"items_purchased_type":["Relic"],"build_version":"2020-12-22","purchased_purges":0,"victory":false,"max_hp_per_floor":[72,72,72,72,77,77,77,77,77,77,77,77,77,77,77,77,77,77,77,77,77,77,77,77,77,77,77,77,77,77,77,77,77,77],"relic_stats":{"Nunchaku":[4],"Busted Crown":12,"counters":[14,64],"Sundial":[8],"Mummified Hand":[11],"Magic Flower":[21],"Juzu Bracelet":0,"obtain_stats":[{"Lantern":12,"Nunchaku":28,"Busted Crown":17,"Sundial":7,"Mummified Hand":9,"Magic Flower":14,"Incense Burner":24,"Juzu Bracelet":31,"Ancient Tea Set":27,"Burning Blood":0,"Paper Frog":26},{"Lantern":5,"Nunchaku":11,"Busted Crown":7,"Sundial":3,"Mummified Hand":3,"Magic Flower":6,"Incense Burner":10,"Juzu Bracelet":13,"Ancient Tea Set":11,"Burning Blood":0,"Paper Frog":11},{"Lantern":20,"Nunchaku":48,"Busted Crown":32,"Sundial":14,"Mummified Hand":14,"Magic Flower":24,"Incense Burner":44,"Juzu Bracelet":57,"Ancient Tea Set":48,"Burning Blood":0,"Paper Frog":48}],"Burning Blood":99},"card_choices":[{"not_picked":["Sword Boomerang","Iron Wave"],"picked":"True Grit","floor":1.0},{"not_picked":["Dropkick","Carnage","Anger"],"picked":"SKIP","floor":3.0},{"not_picked":["Clash","Headbutt"],"picked":"True Grit","floor":7.0},{"not_picked":["Cleave","Entrench"],"picked":"Juggernaut","floor":10.0},{"not_picked":["Blood for Blood","Perfected Strike"],"picked":"Clothesline","floor":11.0},{"not_picked":["Havoc","Rupture"],"picked":"Body Slam","floor":14.0},{"not_picked":["Brutality","Reaper"],"picked":"Limit Break","floor":16.0},{"not_picked":["Thunderclap"],"picked":"SKIP","floor":18.0},{"not_picked":["Sword Boomerang"],"picked":"SKIP","floor":22.0},{"not_picked":["Second Wind"],"picked":"SKIP","floor":24.0},{"not_picked":["Flex"],"picked":"SKIP","floor":25.0},{"not_picked":["Body Slam"],"picked":"SKIP","floor":30.0},{"not_picked":["Perfected Strike"],"picked":"SKIP","floor":31.0}],"player_experience":129373,"relics_obtained":[{"floor":7.0,"key":"Sundial"},{"floor":9.0,"key":"Mummified Hand"},{"floor":14.0,"key":"Magic Flower"},{"floor":24.0,"key":"Incense Burner"},{"floor":26.0,"key":"Paper Frog"},{"floor":28.0,"key":"Nunchaku"},{"floor":31.0,"key":"Juzu Bracelet"}],"event_choices":[{"cards_removed":["Injury"],"damage_healed":0.0,"max_hp_gain":0.0,"max_hp_loss":0.0,"gold_gain":0.0,"event_name":"Living Wall","player_choice":"Forget","floor":2.0,"gold_loss":0.0,"damage_taken":0.0},{"cards_removed":["Twin Strike"],"damage_healed":0.0,"max_hp_gain":0.0,"max_hp_loss":0.0,"gold_gain":0.0,"event_name":"Golden Wing","player_choice":"Card Removal","floor":4.0,"gold_loss":0.0,"damage_taken":7.0},{"damage_healed":0.0,"max_hp_gain":5.0,"max_hp_loss":0.0,"gold_gain":0.0,"event_name":"Big Fish","player_choice":"Donut","floor":5.0,"gold_loss":0.0,"damage_taken":0.0},{"damage_healed":0.0,"max_hp_gain":0.0,"max_hp_loss":0.0,"gold_gain":0.0,"event_name":"Vampires","player_choice":"Ignored","floor":19.0,"gold_loss":0.0,"damage_taken":0.0},{"damage_healed":0.0,"max_hp_gain":0.0,"max_hp_loss":0.0,"gold_gain":0.0,"event_name":"Drug Dealer","player_choice":"Obtain J.A.X.","floor":20.0,"gold_loss":0.0,"damage_taken":0.0,"cards_obtained":["J.A.X."]},{"damage_healed":0.0,"max_hp_gain":0.0,"max_hp_loss":0.0,"gold_gain":0.0,"event_name":"Addict","player_choice":"Obtained Relic","floor":27.0,"gold_loss":85.0,"damage_taken":0.0,"relics_obtained":["Ancient Tea Set"]}],"is_beta":false,"boss_relics":[{"not_picked":["Coffee Dripper","Cursed Key"],"picked":"Busted Crown"}],"items_purged_floors":[],"is_endless":false,"potions_floor_spawned":[7,10,11,22,24],"killed_by":"Champ","ascension_level":8}}