{"host":"kh6fvhxn285ncg0o","time":1611318811,"event":{"mods":["Act Like it!","BaseMod","Colored Map","Friendly Minions","Keyboard Shortcuts","Minty Spire (QoL Compilation)","Quick Restart","Relic Stats","StSLib","SuperFastMode"],"gold_per_floor":[116,116,191,191,208,208,233,233,233,261,261,295,295,329,329,400,400,415,428,428,318,338,366,366,396,396,428,428,446,476,487,487,566,566,583,583,583,593,518,552,566,592,651,651,663,699,718,750,750,750,750,750,750,22,49,49],"floor_reached":57,"language":"KOR","playtime":2190,"items_purged":["Sever Soul","Bash+1"],"score":3198,"play_id":"dc4734bb-0f67-4294-8c10-dc74546e27de","local_time":"20210122213331","is_ascension_mode":true,"campfire_choices":[{"data":"Fire Breathing","floor":6,"key":"SMITH"},{"data":"Bash","floor":8,"key":"SMITH"},{"floor":11,"key":"REST"},{"data":"Feel No Pain","floor":13,"key":"SMITH"},{"data":"Shrug It Off","floor":15,"key":"SMITH"},{"data":"Offering","floor":24,"key":"SMITH"},{"data":"Juggernaut","floor":28,"key":"SMITH"},{"data":"Dual Wield","floor":32,"key":"SMITH"},{"floor":49,"key":"RECALL"},{"data":"Dark Embrace","floor":53,"key":"SMITH"}],"circlet_count":0,"master_deck":["AscendersBane","Pain","Fire Breathing+1","Reckless Charge","Feel No Pain+1","Shrug It Off+1","Offering+1","Flex","Feel No Pain","Fire Breathing","Sever Soul","Pommel Strike","Ghostly","Ghostly+1","Ghostly","Dual Wield+1","Juggernaut+1","Seeing Red","Second Wind","Body Slam","Feed","Burning Pact","Dark Shackles","Deep Breath","Apotheosis","Dark Embrace+1","Entrench","Regret","Disarm","Evolve"],"relics":["Burning Blood","NeowsBlessing","WarpedTongs","Bird Faced Urn","Ancient Tea Set","PreservedInsect","Self Forming Clay","Turnip","Pandora\u0027s Box","Calipers","Centennial Puzzle","Dream Catcher","White Beast Statue","Cursed Key","CeramicFish","Gremlin Horn","Smiling Mask","MealTicket","Shuriken","Incense Burner","Paper Frog","FossilizedHelix"],"acts_visited":["Exordium","TheCity","TheBeyond","TheEnding"],"potions_floor_usage":[14,19,41,55,56,56],"damage_taken":[{"damage":0,"enemies":"2 Louse","floor":1,"turns":1},{"damage":0,"enemies":"Jaw Worm","floor":5,"turns":1},{"damage":1,"enemies":"3 Sentries","floor":7,"turns":2},{"damage":33,"enemies":"Lagavulin","floor":10,"turns":8},{"damage":21,"enemies":"3 Sentries","floor":12,"turns":5},{"damage":7,"enemies":"Gremlin Nob","floor":14,"turns":3},{"damage":36,"enemies":"Slime Boss","floor":16,"turns":8},{"damage":12,"enemies":"Spheric Guardian","floor":18,"turns":3},{"damage":29,"enemies":"2 Thieves","floor":19,"turns":3},{"damage":13,"enemies":"Centurion and Healer","floor":22,"turns":6},{"damage":28,"enemies":"Book of Stabbing","floor":23,"turns":4},{"damage":8,"enemies":"Slavers","floor":25,"turns":3},{"damage":5,"enemies":"Gremlin Leader","floor":27,"turns":4},{"damage":6,"enemies":"Chosen and Byrds","floor":29,"turns":3},{"damage":10,"enemies":"Slavers","floor":30,"turns":3},{"damage":7,"enemies":"Cultist and Chosen","floor":31,"turns":3},{"damage":28,"enemies":"Champ","floor":33,"turns":9},{"damage":6,"enemies":"3 Darklings","floor":35,"turns":4},{"damage":14,"enemies":"3 Shapes","floor":38,"turns":4},{"damage":7,"enemies":"Reptomancer","floor":40,"turns":3},{"damage":11,"enemies":"Transient","floor":41,"turns":6},{"damage":13,"enemies":"Giant Head","floor":42,"turns":8},{"damage":9,"enemies":"Writhing Mass","floor":45,"turns":3},{"damage":8,"enemies":"Nemesis","floor":46,"turns":5},{"damage":15,"enemies":"3 Darklings","floor":47,"turns":2},{"damage":54,"enemies":"Reptomancer","floor":48,"turns":4},{"damage":24,"enemies":"Donu and Deca","floor":50,"turns":10},{"damage":20,"enemies":"Time Eater","floor":51,"turns":11},{"damage":9,"enemies":"Shield and Spear","floor":55,"turns":4},{"damage":8,"enemies":"The Heart","floor":56,"turns":7}],"seed_played":"8270622284538797313","potions_obtained":[{"floor":10,"key":"DistilledChaos"},{"floor":12,"key":"Energy Potion"},{"floor":14,"key":"Regen Potion"},{"floor":31,"key":"SkillPotion"},{"floor":35,"key":"SteroidPotion"},{"floor":38,"key":"Fire Potion"},{"floor":41,"key":"PowerPotion"},{"floor":45,"key":"ElixirPotion"},{"floor":55,"key":"Dexterity Potion"}],"is_trial":false,"path_per_floor":["M","?","?","?","M","R","E","R","T","E","R","E","R","E","R","B",null,"M","M","?","?","M","E","R","E","T","E","R","M","E","M","R","B",null,"M","?","?","M","$","E","M","E","T","?","M","E","M","E","R","B","B",null,"R","$","E","B",null],"character_chosen":"IRONCLAD","items_purchased":["Incense Burner","Evolve","Paper Frog"],"campfire_rested":1,"item_purchase_floors":[54,54,54],"current_hp_per_floor":[74,74,63,63,69,69,74,74,74,48,70,57,57,60,60,34,65,65,48,37,37,35,19,19,25,25,37,37,37,37,36,36,23,34,37,37,27,32,32,40,40,44,44,44,48,47,49,14,14,22,24,51,51,60,60,60],"gold":49,"neow_bonus":"THREE_ENEMY_KILL","is_daily":false,"chose_seed":false,"campfire_upgraded":8,"win_rate":0.0,"timestamp":1611318811,"path_taken":["M","?","?","?","?","R","E","R","T","E","R","E","R","E","R","BOSS","M","M","?","?","M","E","R","E","T","E","R","M","E","?","R","BOSS","M","?","?","M","$","E","M","E","T","?","M","E","?","E","R","BOSS","BOSS","R","$","E","BOSS"],"items_purchased_type":["Relic","Card","Relic"],"build_version":"2020-12-22","purchased_purges":2,"victory":true,"max_hp_per_floor":[75,75,75,75,75,75,75,75,75,75,75,75,75,75,75,75,75,75,75,37,37,37,37,37,37,37,37,37,37,37,37,37,37,37,37,37,37,40,40,40,40,44,44,44,48,48,52,52,52,56,60,60,60,60,60,60],"relic_stats":{"Gremlin Horn":[7,10],"counters":[30,140],"Self Forming Clay":[378],"CeramicFish":36,"PreservedInsect":615,"Cursed Key":1,"Smiling Mask":50,"Burning Blood":151,"WarpedTongs":[108],"Centennial Puzzle":[54],"Dream Catcher":0,"Shuriken":[2],"Bird Faced Urn":[192],"Pandora\u0027s Box":["Heavy Blade","Sever Soul","Flex","Feel No Pain","Fire Breathing","Anger","Sever Soul","Pommel Strike"],"MealTicket":9,"Turnip":[15],"obtain_stats":[{"Calipers":23,"NeowsBlessing":0,"Gremlin Horn":42,"Self Forming Clay":12,"CeramicFish":40,"PreservedInsect":10,"Incense Burner":54,"Ancient Tea Set":9,"Cursed Key":34,"Smiling Mask":43,"Burning Blood":0,"White Beast Statue":30,"WarpedTongs":4,"Centennial Puzzle":25,"Dream Catcher":27,"Shuriken":48,"Bird Faced Urn":7,"Pandora\u0027s Box":17,"MealTicket":46,"Turnip":14,"FossilizedHelix":55,"Paper Frog":54},{"Calipers":11,"NeowsBlessing":0,"Gremlin Horn":22,"Self Forming Clay":5,"CeramicFish":20,"PreservedInsect":4,"Incense Burner":28,"Ancient Tea Set":3,"Cursed Key":17,"Smiling Mask":22,"Burning Blood":0,"White Beast Statue":15,"WarpedTongs":1,"Centennial Puzzle":12,"Dream Catcher":13,"Shuriken":26,"Bird Faced Urn":3,"Pandora\u0027s Box":7,"MealTicket":24,"Turnip":6,"FossilizedHelix":29,"Paper Frog":28},{"Calipers":44,"NeowsBlessing":0,"Gremlin Horn":94,"Self Forming Clay":17,"CeramicFish":80,"PreservedInsect":12,"Incense Burner":129,"Ancient Tea Set":4,"Cursed Key":69,"Smiling Mask":94,"Burning Blood":0,"White Beast Statue":57,"WarpedTongs":1,"Centennial Puzzle":47,"Dream Catcher":51,"Shuriken":108,"Bird Faced Urn":4,"Pandora\u0027s Box":28,"MealTicket":102,"Turnip":20,"FossilizedHelix":133,"Paper Frog":129}]},"card_choices":[{"not_picked":["Flex","Shockwave"],"picked":"Fire Breathing","floor":5},{"not_picked":["Dual Wield","Rupture"],"picked":"Reckless Charge","floor":7},{"not_picked":["Sword Boomerang","Pommel Strike","Warcry"],"picked":"SKIP","floor":10},{"not_picked":["Sword Boomerang","Intimidate"],"picked":"Feel No Pain","floor":12},{"not_picked":["Pommel Strike","Bludgeon"],"picked":"Shrug It Off","floor":14},{"not_picked":["Bludgeon","Double Tap"],"picked":"Offering","floor":16},{"not_picked":["Cleave+1","Iron Wave","Wild Strike"],"picked":"SKIP","floor":18},{"not_picked":["Wild Strike","Warcry","Combust"],"picked":"SKIP","floor":19},{"not_picked":["Wild Strike","Twin Strike","Flex"],"picked":"SKIP","floor":22},{"not_picked":["Twin Strike","True Grit"],"picked":"Dual Wield","floor":23},{"not_picked":["Hemokinesis","Cleave"],"picked":"Juggernaut","floor":25},{"not_picked":["Bloodletting","Spot Weakness+1"],"picked":"Seeing Red","floor":27},{"not_picked":["Cleave","Perfected Strike","Wild Strike"],"picked":"SKIP","floor":29},{"not_picked":["Reckless Charge","Fire Breathing"],"picked":"Second Wind","floor":30},{"not_picked":["Wild Strike","Flex"],"picked":"Body Slam","floor":31},{"not_picked":["Corruption","Limit Break"],"picked":"Feed","floor":33},{"not_picked":["Thunderclap","Feel No Pain"],"picked":"Burning Pact","floor":35},{"not_picked":["Trip","Secret Weapon"],"picked":"Dark Shackles","floor":37},{"not_picked":["Secret Weapon","Bandage Up"],"picked":"Deep Breath","floor":37},{"not_picked":["Finesse","Jack Of All Trades"],"picked":"Apotheosis","floor":37},{"not_picked":["Whirlwind+1","Pommel Strike"],"picked":"Dark Embrace","floor":38},{"not_picked":["Pummel","Seeing Red"],"picked":"Entrench","floor":40},{"not_picked":["Dark Embrace","Iron Wave+1","Inflame"],"picked":"SKIP","floor":41},{"not_picked":["Thunderclap","Heavy Blade+1","Flex+1"],"picked":"SKIP","floor":42},{"not_picked":["Heavy Blade+1","Shrug It Off","Sever Soul+1"],"picked":"SKIP","floor":45},{"not_picked":["Infernal Blade","Blood for Blood"],"picked":"Disarm","floor":46},{"not_picked":["Clash+1","Anger","Reckless Charge+1"],"picked":"SKIP","floor":47},{"not_picked":["Warcry","Corruption","Rupture"],"picked":"SKIP","floor":48},{"not_picked":["Iron Wave+1","Perfected Strike","Sentinel"],"picked":"SKIP","floor":55}],"player_experience":3494775,"relics_obtained":[{"floor":7,"key":"Bird Faced Urn"},{"floor":9,"key":"Ancient Tea Set"},{"floor":10,"key":"PreservedInsect"},{"floor":12,"key":"Self Forming Clay"},{"floor":14,"key":"Turnip"},{"floor":23,"key":"Calipers"},{"floor":25,"key":"Centennial Puzzle"},{"floor":27,"key":"Dream Catcher"},{"floor":30,"key":"White Beast Statue"},{"floor":40,"key":"CeramicFish"},{"floor":42,"key":"Gremlin Horn"},{"floor":43,"key":"Smiling Mask"},{"floor":46,"key":"MealTicket"},{"floor":48,"key":"Shuriken"},{"floor":55,"key":"FossilizedHelix"}],"event_choices":[{"cards_removed":["Strike_R"],"damage_healed":0,"gold_gain":0,"player_choice":"Forget","damage_taken":0,"max_hp_gain":0,"max_hp_loss":0,"event_name":"Living Wall","floor":2,"gold_loss":0},{"damage_healed":0,"gold_gain":75,"player_choice":"Gather Gold","damage_taken":11,"max_hp_gain":0,"max_hp_loss":0,"event_name":"World of Goop","floor":3,"gold_loss":0},{"damage_healed":0,"gold_gain":0,"player_choice":"Rummage","damage_taken":0,"relics_obtained":["WarpedTongs"],"max_hp_gain":0,"max_hp_loss":0,"event_name":"Accursed Blacksmith","floor":4,"gold_loss":0,"cards_obtained":["Pain"]},{"damage_healed":0,"gold_gain":0,"player_choice":"Became a Ghost","damage_taken":0,"max_hp_gain":0,"max_hp_loss":38,"event_name":"Ghosts","floor":20,"gold_loss":0,"cards_obtained":["Ghostly","Ghostly","Ghostly"]},{"cards_removed":["Heavy Blade"],"damage_healed":0,"gold_gain":0,"player_choice":"Upgrade and Remove","damage_taken":0,"max_hp_gain":0,"max_hp_loss":0,"event_name":"Designer","floor":21,"gold_loss":110,"cards_upgraded":["Ghostly"]},{"damage_healed":0,"gold_gain":0,"player_choice":"Ignored","damage_taken":0,"max_hp_gain":0,"max_hp_loss":0,"event_name":"Tomb of Lord Red Mask","floor":36,"gold_loss":0},{"damage_healed":0,"gold_gain":0,"player_choice":"Memory 3","damage_taken":10,"max_hp_gain":0,"max_hp_loss":0,"event_name":"SensoryStone","floor":37,"gold_loss":0},{"cards_removed":["Anger"],"damage_healed":0,"gold_gain":0,"player_choice":"Purged","damage_taken":0,"max_hp_gain":0,"max_hp_loss":0,"event_name":"Purifier","floor":44,"gold_loss":0}],"is_beta":false,"boss_relics":[{"not_picked":["Ectoplasm","Black Blood"],"picked":"Pandora\u0027s Box"},{"not_picked":["Runic Cube","Fusion Hammer"],"picked":"Cursed Key"}],"items_purged_floors":[39,54],"is_endless":false,"potions_floor_spawned":[10,12,14,18,31,33,35,38,40,41,42,45,46,47,48,55],"ascension_level":20}}