{"host":"j36qkj20jqndbw01","time":1611328318,"event":{"mods":["AchievementEnabler","BaseMod","Colored Map","DeckTracker","Highlight Path","Keyboard Shortcuts","Minty Spire (QoL Compilation)","Quick Restart","Relic Stats","StSLib","SuperFastMode","everything is the same but u backflip on backflip"],"gold_per_floor":[112,129,129,129,149,149,23,23,100,100,112,112,112,12,12,88,88,101,16,31,46,60,60,60],"floor_reached":23,"language":"KOR","playtime":809,"items_purged":["Strike_B","Defend_B"],"score":344,"play_id":"0a93ce0b-fa94-4d78-b0d0-d18733007de5","local_time":"20210123001158","is_ascension_mode":true,"campfire_choices":[{"data":"Static Discharge","floor":6,"key":"SMITH"},{"data":"Coolheaded","floor":8,"key":"SMITH"},{"data":"Zap","floor":10,"key":"SMITH"},{"data":"Dualcast","floor":15,"key":"SMITH"}],"circlet_count":0,"master_deck":["AscendersBane","Defend_B+1","Defend_B","Zap+1","Dualcast+1","Melter","Ball Lightning","Static Discharge+1","Coolheaded+1","Machine Learning+1","Thunder Strike","Rebound","Hologram+1","Machine Learning"],"relics":["FrozenCore","Kunai","Prayer Wheel"],"acts_visited":["TheCity"],"potions_floor_usage":[],"damage_taken":[{"damage":1,"enemies":"2 Louse","floor":1,"turns":3},{"damage":1,"enemies":"Cultist","floor":2,"turns":3},{"damage":0,"enemies":"Small Slimes","floor":5,"turns":2},{"damage":5,"enemies":"Exordium Thugs","floor":11,"turns":4},{"damage":2,"enemies":"The Guardian","floor":16,"turns":7},{"damage":9,"enemies":"2 Thieves","floor":18,"turns":4},{"damage":0,"enemies":"Spheric Guardian","floor":20,"turns":3},{"damage":19,"enemies":"Snake Plant","floor":21,"turns":4},{"damage":17,"enemies":"Centurion and Healer","floor":22,"turns":6},{"damage":20,"enemies":"Book of Stabbing","floor":23,"turns":4}],"seed_played":"3207745010586430252","potions_obtained":[{"floor":2,"key":"Strength Potion"},{"floor":21,"key":"PotionOfCapacity"},{"floor":22,"key":"Regen Potion"}],"is_trial":false,"path_per_floor":["M","M","?","?","M","R","$","R","T","R","M","?","?","$","R","B",null,"M","?","M","M","M","E"],"character_chosen":"DEFECT","items_purchased":["Coolheaded"],"campfire_rested":0,"item_purchase_floors":[7],"current_hp_per_floor":[63,62,55,55,55,55,55,55,55,55,50,31,52,52,52,50,61,52,52,52,33,16,0,0],"gold":60,"neow_bonus":"REMOVE_TWO","is_daily":false,"chose_seed":false,"campfire_upgraded":4,"win_rate":0.0,"timestamp":1611328318,"path_taken":["M","M","?","?","?","R","?","R","T","R","M","?","?","$","R","BOSS","M","?","M","M","M","E"],"items_purchased_type":["Card"],"build_version":"2020-12-22","purchased_purges":2,"victory":false,"max_hp_per_floor":[64,64,64,64,64,64,64,64,64,64,64,64,64,64,64,64,64,64,64,64,64,64,64,64],"relic_stats":{"counters":[10,40],"Prayer Wheel":3,"Kunai":[1],"obtain_stats":[{"Prayer Wheel":19,"Kunai":9,"Cracked Core":0,"FrozenCore":17},{"Prayer Wheel":6,"Kunai":3,"Cracked Core":0,"FrozenCore":5},{"Prayer Wheel":23,"Kunai":8,"Cracked Core":0,"FrozenCore":19}],"FrozenCore":[9]},"card_choices":[{"not_picked":["Conserve Battery","Rebound"],"picked":"Melter","floor":1},{"not_picked":["Cold Snap","Steam Power"],"picked":"Ball Lightning","floor":2},{"not_picked":["Turbo","Conserve Battery"],"picked":"Static Discharge","floor":5},{"not_picked":["Barrage","Double Energy"],"picked":"Machine Learning","floor":11},{"not_picked":["All For One","Hyperbeam"],"picked":"Thunder Strike","floor":16},{"not_picked":["Consume","Sweeping Beam"],"picked":"Rebound","floor":18},{"not_picked":["Stack","Cold Snap"],"picked":"Hologram+1","floor":20},{"not_picked":["Force Field+1","Cold Snap","Conserve Battery"],"picked":"SKIP","floor":20},{"not_picked":["Melter","Steam"],"picked":"Machine Learning","floor":21},{"not_picked":["Heatsinks","Coolheaded","Melter"],"picked":"SKIP","floor":21},{"not_picked":["Go for the Eyes","Streamline","Barrage"],"picked":"SKIP","floor":22},{"not_picked":["Leap+1","Turbo","Blizzard"],"picked":"SKIP","floor":22}],"player_experience":1756127,"relics_obtained":[{"floor":9,"key":"Kunai"}],"event_choices":[{"cards_removed":["Strike_B"],"damage_healed":0,"gold_gain":0,"player_choice":"Card Removal","damage_taken":7,"max_hp_gain":0,"max_hp_loss":0,"event_name":"Golden Wing","floor":3,"gold_loss":0},{"cards_removed":["Defend_B"],"damage_healed":0,"gold_gain":0,"player_choice":"Offered Basic","damage_taken":0,"max_hp_gain":0,"max_hp_loss":0,"event_name":"Bonfire Elementals","floor":4,"gold_loss":0},{"damage_healed":0,"gold_gain":0,"player_choice":"Entered Light","damage_taken":19,"max_hp_gain":0,"max_hp_loss":0,"event_name":"Shining Light","floor":12,"gold_loss":0,"cards_upgraded":["Defend_B","Machine Learning"]},{"damage_healed":21,"gold_gain":0,"player_choice":"Banana","damage_taken":0,"max_hp_gain":0,"max_hp_loss":0,"event_name":"Big Fish","floor":13,"gold_loss":0},{"damage_healed":0,"gold_gain":0,"player_choice":"Obtained Relic","damage_taken":0,"relics_obtained":["Prayer Wheel"],"max_hp_gain":0,"max_hp_loss":0,"event_name":"Addict","floor":19,"gold_loss":85}],"is_beta":false,"boss_relics":[{"not_picked":["Pandora\u0027s Box","Cursed Key"],"picked":"FrozenCore"}],"items_purged_floors":[7,14],"is_endless":false,"potions_floor_spawned":[2,21,22],"killed_by":"Book of Stabbing","ascension_level":18}}