{"host":"srk2drlvga69hbot","time":1611311027,"event":{"mods":["BaseMod","Colored Map","Colored Powertips","Highlight Path","Minty Spire (QoL Compilation)","Quick Restart","Rare Cards Sparkle","Relic Stats"],"gold_per_floor":[110,285,285,304,321,351,276,309,335,335,345,358,377,126,126,126,126],"floor_reached":16,"language":"ZHS","playtime":809,"items_purged":["Doubt","Strike_G"],"score":123,"play_id":"fdea0c17-082e-4a80-93d8-4b44dc39da39","local_time":"20210122182347","is_ascension_mode":true,"campfire_choices":[{"floor":10,"key":"REST"},{"floor":15,"key":"REST"}],"circlet_count":0,"master_deck":["Strike_G","Strike_G","Strike_G","Strike_G","Defend_G","Defend_G","Defend_G","Defend_G","Defend_G","Survivor","Neutralize","All Out Attack","Dagger Spray","Eviscerate","Concentrate","Phantasmal Killer","Reflex","Flying Knee"],"relics":["Ring of the Snake","Pen Nib","Boot","Strawberry","Omamori","Tiny Chest"],"acts_visited":["Exordium"],"potions_floor_usage":[8,8,16,16],"damage_taken":[{"damage":1,"enemies":"Jaw Worm","floor":1,"turns":6},{"damage":1,"enemies":"Cultist","floor":4,"turns":4},{"damage":4,"enemies":"2 Louse","floor":5,"turns":2},{"damage":36,"enemies":"3 Sentries","floor":6,"turns":7},{"damage":23,"enemies":"Lagavulin","floor":8,"turns":7},{"damage":7,"enemies":"Exordium Wildlife","floor":11,"turns":4},{"damage":13,"enemies":"Looter","floor":12,"turns":4},{"damage":4,"enemies":"Blue Slaver","floor":13,"turns":4},{"damage":41,"enemies":"Hexaghost","floor":16,"turns":9}],"seed_played":"-5506870672582995717","potions_obtained":[{"floor":4,"key":"Dexterity Potion"},{"floor":5,"key":"DistilledChaos"},{"floor":8,"key":"Fruit Juice"},{"floor":13,"key":"Explosive Potion"}],"is_trial":false,"path_per_floor":["M","?","?","M","M","E","$","E","T","R","M","M","M","$","R","B"],"character_chosen":"THE_SILENT","items_purchased":["Tiny Chest"],"campfire_rested":2,"item_purchase_floors":[14],"current_hp_per_floor":[69,69,69,68,64,28,28,17,17,41,34,21,17,17,41,0,0],"gold":126,"neow_bonus":"RANDOM_COMMON_RELIC","is_daily":false,"chose_seed":false,"campfire_upgraded":0,"win_rate":0.0,"timestamp":1611311027,"path_taken":["M","?","?","?","M","E","?","E","T","R","M","?","M","$","R","BOSS"],"items_purchased_type":["Relic"],"build_version":"2020-12-22","purchased_purges":2,"victory":false,"max_hp_per_floor":[70,70,70,70,70,70,70,82,82,82,82,82,82,82,82,82,82],"relic_stats":{"counters":[9,47],"Tiny Chest":0,"Pen Nib":[8],"Boot":[32],"obtain_stats":[{"Strawberry":8,"Tiny Chest":14,"Pen Nib":0,"Omamori":9,"Boot":6,"Ring of the Snake":0},{"Strawberry":5,"Tiny Chest":8,"Pen Nib":0,"Omamori":5,"Boot":4,"Ring of the Snake":0},{"Strawberry":26,"Tiny Chest":38,"Pen Nib":0,"Omamori":26,"Boot":19,"Ring of the Snake":0}],"Ring of the Snake":[18]},"card_choices":[{"not_picked":["Cloak And Dagger","Dodge and Roll"],"picked":"All Out Attack","floor":1},{"not_picked":["Outmaneuver","Noxious Fumes"],"picked":"Dagger Spray","floor":4},{"not_picked":["Blade Dance","Choke"],"picked":"Eviscerate","floor":5},{"not_picked":["All Out Attack","Escape Plan"],"picked":"Concentrate","floor":6},{"not_picked":["Dagger Throw","Dodge and Roll"],"picked":"Phantasmal Killer","floor":8},{"not_picked":["Dagger Spray","Backflip"],"picked":"Reflex","floor":11},{"not_picked":["Crippling Poison","Accuracy"],"picked":"Flying Knee","floor":12},{"not_picked":["Flechettes","Dodge and Roll","Eviscerate"],"picked":"SKIP","floor":13}],"player_experience":134432,"relics_obtained":[{"floor":6,"key":"Boot"},{"floor":8,"key":"Strawberry"},{"floor":9,"key":"Omamori"}],"event_choices":[{"damage_healed":0,"gold_gain":175,"player_choice":"AGREE","damage_taken":0,"max_hp_gain":0,"max_hp_loss":0,"event_name":"Liars Game","floor":2,"gold_loss":0,"cards_obtained":["Doubt"]},{"damage_healed":0,"gold_gain":0,"player_choice":"Bought 0 Potions","damage_taken":0,"max_hp_gain":0,"max_hp_loss":0,"event_name":"The Woman in Blue","floor":3,"gold_loss":0}],"is_beta":false,"boss_relics":[],"items_purged_floors":[7,14],"is_endless":false,"potions_floor_spawned":[4,5,8,13],"killed_by":"Hexaghost","ascension_level":2}}