{"host":"rn4c402gwd40h2z6","time":1611312623,"event":{"mods":["100% Spire Juice","Act Like it!","Alarm Clock","Arknights The Spire","BaseMod","CapriCore","Challenge The Spire","Data Control","Downfall","Gensokyo","Hallownest","KinomotoSakuraMod(Ä¾Ö®±¾Ó£)","Koishi","Lobotomy","LobotomyExtend","Luminous","Minty Spire (QoL Compilation)","Pale of the Ancients","Reimu£¨²©ÀöÁéÃÎ£©","Remilia£¨ÀÙÃ×ÀòÑÇ£©","RumiaBox-Â¶Ã×æ«µÄÉñÃØºÐ×Ó","StSLib","The Alterego","The Blackbeard","The Cursed","The Hierophant","The Immortal","The Poker Player","The Saiyan","The Senshi","The Servant 0.9.4","UnlockEverythingMod","Warlord Emblem","Yakumo Yukari mod","Youmu£¨»êÆÇÑýÃÎ£©","Yuyuko","¡¾¹¦ÄÜMod¡¿»ìãçÖ®»·ÐÞ¸´²¹¶¡"],"gold_per_floor":[999,999,999,999,1014,1033,1010,1027,1022,1016,1011,999,1016,999,999,999,999],"floor_reached":16,"language":"ZHS","playtime":2717,"items_purged":[],"score":104,"play_id":"8c803014-8b85-4177-9714-4be36e7eee5a","local_time":"20210122185023","is_ascension_mode":false,"campfire_choices":[{"floor":12,"key":"RECALL"},{"data":"Conquer:ReiMu","floor":15,"key":"SMITH"}],"circlet_count":0,"master_deck":["Strike_Lin:ReiMu","Strike_Lin:ReiMu","Strike_Lin:ReiMu","Strike_Lin:ReiMu","Defend_Lin:ReiMu","Defend_Lin:ReiMu","Defend_Lin:ReiMu","NB:ReiMu","Stagnation:ReiMu","AirStrike:ReiMu","Freischutz","OrbThrow:ReiMu","Conquer:ReiMu+1","LittlePrince","FairyFestival","Conquer:ReiMu+1","GreedKing","CrumblingArmor","UniversalSpiritual:ReiMu","InherentArray:ReiMu","Murderer","OrbThrow:ReiMu","MeatLantern","PunishingBird"],"relics":["FlyPower:ReiMu","CogitoBucket","AddBug","SecretRecord","Baka2","SecretRecord","SecretRecord","SecretRecord"],"acts_visited":["Exordium"],"potions_floor_usage":[],"damage_taken":[{"damage":0,"enemies":"Cultist","floor":1,"turns":4},{"damage":0,"enemies":"Jaw Worm","floor":2,"turns":1},{"damage":15,"enemies":"2 Louse","floor":5,"turns":3},{"damage":38,"enemies":"Lagavulin","floor":6,"turns":6},{"damage":15,"enemies":"2 Fungi Beasts","floor":7,"turns":3},{"damage":27,"enemies":"The Mushroom Lair","floor":8,"turns":4},{"damage":40,"enemies":"Lots of Slimes","floor":10,"turns":2},{"damage":51,"enemies":"Gremlin Gang","floor":11,"turns":3},{"damage":72,"enemies":"Red Slaver","floor":13,"turns":1},{"damage":139,"enemies":"The Guardian","floor":16,"turns":3}],"seed_played":"6956758232410983604","potions_obtained":[{"floor":6,"key":"Dexterity Potion"},{"floor":7,"key":"SkillPotion"},{"floor":11,"key":"SpeedPotion"}],"is_trial":false,"path_per_floor":["M","M","?","?","M","E","M","?","T","M","M","R","M","?","R","B"],"character_chosen":"REIMU","items_purchased":[],"campfire_rested":0,"item_purchase_floors":[],"current_hp_per_floor":[65,65,65,65,65,65,65,65,65,65,65,65,65,65,65,0,0],"gold":999,"neow_bonus":"","is_daily":false,"chose_seed":false,"campfire_upgraded":1,"win_rate":0.0,"timestamp":1611312623,"path_taken":["M","M","?","?","?","E","M","?","T","M","?","R","M","?","R","BOSS"],"items_purchased_type":[],"build_version":"2020-12-22","purchased_purges":0,"victory":false,"max_hp_per_floor":[65,65,65,65,65,65,65,65,65,65,65,65,65,65,65,65,65],"card_choices":[{"not_picked":["WonderfulDomain:ReiMu","SubcavityInstant:ReiMu"],"picked":"AirStrike:ReiMu","floor":1},{"not_picked":["Bloodbath","MeatLantern"],"picked":"Freischutz","floor":1},{"not_picked":["Meditation:ReiMu","Enchanting:ReiMu"],"picked":"OrbThrow:ReiMu","floor":2},{"not_picked":["Scorched","CrumblingArmor"],"picked":"LongBird","floor":2},{"not_picked":["SubAcupoint:ReiMu","Shading:ReiMu"],"picked":"Conquer:ReiMu","floor":5},{"not_picked":["MeatLantern","LittlePrince","ShyLook"],"picked":"Singing Bowl","floor":5},{"not_picked":["LittleHelper","MHz"],"picked":"LittlePrince","floor":5},{"not_picked":["BlackArmy","Alriune","Variant"],"picked":"Singing Bowl","floor":6},{"not_picked":["Wellcheers","Scorched"],"picked":"FairyFestival","floor":6},{"not_picked":["FineLineFantasy:ReiMu","Amulet:ReiMu","PhosphorusFlame:ReiMu"],"picked":"SKIP","floor":6},{"not_picked":["ManaGlint:ReiMu","LovePray:ReiMu"],"picked":"Conquer:ReiMu","floor":7},{"not_picked":["Variant","SpiderBud"],"picked":"GreedKing","floor":7},{"not_picked":["ShyLook","Scorched"],"picked":"CrumblingArmor","floor":8},{"not_picked":["SpreadBorder2:ReiMu","Intuition:ReiMu"],"picked":"UniversalSpiritual:ReiMu","floor":8},{"not_picked":["CollectionFlower2:ReiMu","SubAcupoint:ReiMu"],"picked":"InherentArray:ReiMu","floor":10},{"not_picked":["TheresiaRelic","BehaviorAdjustmentRelic","FleshIdolRelic"],"picked":"Singing Bowl","floor":10},{"not_picked":["SpiderBud","CherryBlossoms"],"picked":"Murderer","floor":10},{"not_picked":["RainPray2:ReiMu","TightArray:ReiMu"],"picked":"OrbThrow:ReiMu","floor":11},{"not_picked":["OSAHOGD","PunishingBird","Yin"],"picked":"Singing Bowl","floor":11},{"not_picked":["Bloodbath","BigBadWolf"],"picked":"MeatLantern","floor":11},{"not_picked":["WallGazer","OldLady","UniverseFragment"],"picked":"Singing Bowl","floor":13},{"not_picked":["BodiesMountain","DreamingCurrent"],"picked":"PunishingBird","floor":13},{"not_picked":["Intuition:ReiMu","SafetyPray:ReiMu","Meditation:ReiMu"],"picked":"SKIP","floor":13},{"not_picked":["Intuition:ReiMu","SafetyPray:ReiMu","Meditation:ReiMu"],"picked":"SKIP","floor":13}],"player_experience":18421,"relics_obtained":[{"floor":1,"key":"AddBug"},{"floor":1,"key":"Baka"},{"floor":1,"key":"LetterFromLob"},{"floor":2,"key":"LetterFromLob"},{"floor":2,"key":"Baka2"},{"floor":5,"key":"LetterFromLob"},{"floor":6,"key":"SecretRecord"},{"floor":6,"key":"Lantern"},{"floor":6,"key":"LetterFromLob"},{"floor":7,"key":"LetterFromLob"},{"floor":8,"key":"Odd Mushroom"},{"floor":8,"key":"SecretRecord"},{"floor":10,"key":"SecretRecord"},{"floor":10,"key":"LetterFromLob"},{"floor":11,"key":"LetterFromLob"},{"floor":13,"key":"LetterFromLob"}],"event_choices":[{"cards_removed":["Defend_Lin:ReiMu"],"damage_healed":0,"gold_gain":0,"player_choice":"Card Removal","damage_taken":7,"max_hp_gain":0,"max_hp_loss":0,"event_name":"Golden Wing","floor":4,"gold_loss":0},{"damage_healed":0,"gold_gain":0,"player_choice":"Fought Mushrooms","damage_taken":0,"max_hp_gain":0,"max_hp_loss":0,"event_name":"Mushrooms","floor":8,"gold_loss":0},{"damage_healed":0,"gold_gain":0,"player_choice":"Forge","damage_taken":0,"max_hp_gain":0,"max_hp_loss":0,"event_name":"Accursed Blacksmith","floor":14,"gold_loss":0,"cards_upgraded":["Conquer:ReiMu"]}],"is_beta":false,"boss_relics":[],"items_purged_floors":[],"is_endless":false,"potions_floor_spawned":[6,7,11,13],"killed_by":"The Guardian","ascension_level":0}}