{"host":"89iuq2p5kwriuwfq","time":1611358374,"event":{"mods":["BaseMod","Curses Come First","Minty Spire (QoL Compilation)","Permanent Neow","StSLib"],"gold_per_floor":[19,31,45,64,81,116,116,148,148,166,186,200,200,230,230,230,230],"floor_reached":16,"language":"ENG","playtime":1002,"items_purged":[],"score":176,"play_id":"e8ace0f5-7a8f-4477-a654-32638f97676a","local_time":"20210122233254","is_ascension_mode":true,"campfire_choices":[{"floor":13,"key":"REST"},{"data":"Catalyst","floor":15,"key":"SMITH"}],"circlet_count":0,"master_deck":["Strike_G","Strike_G","Strike_G","Defend_G","Defend_G","Defend_G","Defend_G","Survivor","Neutralize","Quick Slash","Deadly Poison","Cloak And Dagger","Deadly Poison","Backflip","Crippling Poison","Catalyst+1","Well Laid Plans","Poisoned Stab"],"relics":["Ring of the Snake","Dream Catcher","Bronze Scales","CaptainsWheel","Question Card"],"acts_visited":["Exordium"],"potions_floor_usage":[6,8,11,14],"damage_taken":[{"damage":6,"enemies":"Small Slimes","floor":1,"turns":4},{"damage":2,"enemies":"Jaw Worm","floor":2,"turns":4},{"damage":0,"enemies":"2 Louse","floor":3,"turns":2},{"damage":1,"enemies":"Red Slaver","floor":4,"turns":4},{"damage":0,"enemies":"2 Fungi Beasts","floor":5,"turns":3},{"damage":26,"enemies":"3 Sentries","floor":6,"turns":9},{"damage":10,"enemies":"Lagavulin","floor":8,"turns":7},{"damage":0,"enemies":"Looter","floor":10,"turns":3},{"damage":4,"enemies":"Exordium Wildlife","floor":11,"turns":5},{"damage":1,"enemies":"Blue Slaver","floor":12,"turns":4},{"damage":11,"enemies":"3 Sentries","floor":14,"turns":7},{"damage":16,"enemies":"The Guardian","floor":16,"turns":2}],"seed_played":"-8510885231481439874","potions_obtained":[{"floor":3,"key":"BlessingOfTheForge"},{"floor":4,"key":"Dexterity Potion"},{"floor":10,"key":"SneckoOil"},{"floor":11,"key":"Strength Potion"}],"is_trial":false,"path_per_floor":["M","M","M","M","M","E","?","E","T","M","M","M","R","E","R","B"],"character_chosen":"THE_SILENT","items_purchased":[],"campfire_rested":1,"item_purchase_floors":[],"current_hp_per_floor":[57,55,55,54,54,28,21,11,11,11,7,6,27,16,16,0,0],"gold":230,"neow_bonus":"REMOVE_TWO","is_daily":false,"chose_seed":false,"campfire_upgraded":1,"win_rate":0.0,"timestamp":1611358374,"path_taken":["M","M","M","M","M","E","?","E","T","M","M","M","R","E","R","BOSS"],"items_purchased_type":[],"build_version":"2020-12-22","purchased_purges":0,"victory":false,"max_hp_per_floor":[70,70,70,70,70,70,70,70,70,70,70,70,70,70,70,70,70],"card_choices":[{"not_picked":["Prepared","All Out Attack"],"picked":"Quick Slash","floor":1},{"not_picked":["Underhanded Strike","Dagger Spray"],"picked":"Deadly Poison","floor":2},{"not_picked":["Outmaneuver","Dagger Throw"],"picked":"Cloak And Dagger","floor":3},{"not_picked":["Storm of Steel","Blur"],"picked":"Deadly Poison","floor":4},{"not_picked":["Setup","Skewer"],"picked":"Backflip","floor":5},{"not_picked":["Blade Dance","Riddle With Holes"],"picked":"Crippling Poison","floor":6},{"not_picked":["Escape Plan","Blur"],"picked":"Catalyst","floor":8},{"not_picked":["Terror","Blur"],"picked":"Well Laid Plans","floor":10},{"not_picked":["Underhanded Strike","Bane","Caltrops"],"picked":"SKIP","floor":11},{"not_picked":["Slice","Expertise","Deflect"],"picked":"SKIP","floor":12},{"not_picked":["Leg Sweep","Bane"],"picked":"Poisoned Stab","floor":14}],"player_experience":546300,"relics_obtained":[{"floor":6,"key":"Dream Catcher"},{"floor":8,"key":"Bronze Scales"},{"floor":9,"key":"CaptainsWheel"},{"floor":14,"key":"Question Card"}],"event_choices":[{"cards_removed":["Strike_G"],"damage_healed":0,"gold_gain":0,"player_choice":"Card Removal","damage_taken":7,"max_hp_gain":0,"max_hp_loss":0,"event_name":"Golden Wing","floor":7,"gold_loss":0}],"is_beta":false,"boss_relics":[],"items_purged_floors":[],"is_endless":false,"potions_floor_spawned":[3,4,10,11],"killed_by":"The Guardian","ascension_level":8}}