{"host":"5p9hybygolzp0efr","time":1611334510,"event":{"mods":["AchievementEnabler","BaseMod","Bestiary","Colored Map","Googly Eyes","Minty Spire (QoL Compilation)","Permanent Neow","Relic Stats"],"gold_per_floor":[110,110,129,204,92,118,130,130,156,175,201,13,13,40,40,143,143,161,161,161,161,161,161],"floor_reached":22,"language":"ENG","playtime":1018,"items_purged":["Strike_R"],"score":235,"play_id":"0fb8cca3-0c3f-4131-b3b3-796136aeb46d","local_time":"20210123005510","is_ascension_mode":true,"campfire_choices":[{"floor":8,"key":"REST"},{"floor":15,"key":"REST"}],"circlet_count":0,"master_deck":["Strike_R","Strike_R","Strike_R","Strike_R+1","Defend_R","Defend_R+1","Defend_R","Defend_R","Bash","Pommel Strike","True Grit","Rage","Double Tap","Fire Breathing","Heavy Blade","Disarm","Clothesline","Reaper","Shrug It Off"],"relics":["Burning Blood","Champion Belt","Bag of Marbles","Blood Vial","Oddly Smooth Stone","Membership Card","Pear","Black Star","Enchiridion"],"acts_visited":["Exordium","TheCity"],"potions_floor_usage":[],"damage_taken":[{"damage":8,"enemies":"Jaw Worm","floor":1,"turns":2},{"damage":1,"enemies":"2 Louse","floor":3,"turns":3},{"damage":49,"enemies":"Lagavulin","floor":6,"turns":11},{"damage":0,"enemies":"Small Slimes","floor":7,"turns":2},{"damage":5,"enemies":"Blue Slaver","floor":10,"turns":3},{"damage":17,"enemies":"3 Sentries","floor":11,"turns":5},{"damage":27,"enemies":"Lagavulin","floor":14,"turns":6},{"damage":38,"enemies":"The Guardian","floor":16,"turns":14},{"damage":34,"enemies":"Spheric Guardian","floor":18,"turns":7},{"damage":36,"enemies":"3 Byrds","floor":22,"turns":3}],"seed_played":"8349080380493474773","potions_obtained":[{"floor":6,"key":"LiquidBronze"},{"floor":11,"key":"Block Potion"},{"floor":14,"key":"PowerPotion"}],"is_trial":false,"path_per_floor":["M","?","M","?","$","E","M","R","T","M","E","$","?","E","R","B",null,"M","?","?","?","M"],"character_chosen":"IRONCLAD","items_purchased":["Rage","Membership Card","Disarm"],"campfire_rested":2,"item_purchase_floors":[5,12,12],"current_hp_per_floor":[78,71,76,65,65,22,28,52,52,55,46,46,30,21,48,18,90,62,44,44,28,0,0],"gold":161,"neow_bonus":"ONE_RARE_RELIC","is_daily":false,"chose_seed":false,"campfire_upgraded":0,"win_rate":0.0,"timestamp":1611334510,"path_taken":["M","?","M","?","$","E","M","R","T","M","E","$","?","E","R","BOSS","M","?","?","?","M"],"items_purchased_type":["Card","Relic","Card"],"build_version":"2020-12-22","purchased_purges":1,"victory":false,"max_hp_per_floor":[80,80,80,80,80,80,80,80,80,80,80,80,80,90,90,90,90,90,95,95,95,95,95],"relic_stats":{"Blood Vial":10,"counters":[10,56],"Black Star":0,"Champion Belt":[26],"obtain_stats":[{"Blood Vial":9,"Pear":14,"Oddly Smooth Stone":11,"Enchiridion":21,"Bag of Marbles":6,"Black Star":17,"Champion Belt":0,"Membership Card":12,"Burning Blood":0},{"Blood Vial":4,"Pear":7,"Oddly Smooth Stone":6,"Enchiridion":9,"Bag of Marbles":3,"Black Star":8,"Champion Belt":0,"Membership Card":6,"Burning Blood":0},{"Blood Vial":18,"Pear":32,"Oddly Smooth Stone":26,"Enchiridion":53,"Bag of Marbles":16,"Black Star":46,"Champion Belt":0,"Membership Card":26,"Burning Blood":0}],"Burning Blood":54},"card_choices":[{"not_picked":["Twin Strike","Shockwave"],"picked":"Pommel Strike","floor":1},{"not_picked":["Sentinel","Reckless Charge"],"picked":"True Grit","floor":3},{"not_picked":["Iron Wave","Seeing Red"],"picked":"Double Tap","floor":6},{"not_picked":["Flex","Thunderclap"],"picked":"Fire Breathing","floor":7},{"not_picked":["Intimidate","Fire Breathing"],"picked":"Heavy Blade","floor":10},{"not_picked":["True Grit","Offering","Havoc"],"picked":"SKIP","floor":11},{"not_picked":["Armaments","Clash"],"picked":"Clothesline","floor":14},{"not_picked":["Corruption","Barricade"],"picked":"Reaper","floor":16},{"not_picked":["Evolve","Thunderclap+1","Hemokinesis"],"picked":"SKIP","floor":18}],"player_experience":497783,"relics_obtained":[{"floor":6,"key":"Bag of Marbles"},{"floor":9,"key":"Blood Vial"},{"floor":11,"key":"Oddly Smooth Stone"},{"floor":14,"key":"Pear"},{"floor":21,"key":"Enchiridion"}],"event_choices":[{"cards_removed":["Normality"],"damage_healed":0,"gold_gain":0,"player_choice":"Card Removal","damage_taken":7,"max_hp_gain":0,"max_hp_loss":0,"event_name":"Golden Wing","floor":2,"gold_loss":0},{"damage_healed":0,"gold_gain":75,"player_choice":"Gather Gold","damage_taken":11,"max_hp_gain":0,"max_hp_loss":0,"event_name":"World of Goop","floor":4,"gold_loss":0},{"damage_healed":0,"gold_gain":0,"player_choice":"Entered Light","damage_taken":16,"max_hp_gain":0,"max_hp_loss":0,"event_name":"Shining Light","floor":13,"gold_loss":0,"cards_upgraded":["Strike_R","Defend_R"]},{"damage_healed":0,"gold_gain":0,"player_choice":"Shed Blood","damage_taken":23,"max_hp_gain":5,"max_hp_loss":0,"event_name":"Forgotten Altar","floor":19,"gold_loss":0},{"damage_healed":0,"gold_gain":0,"player_choice":"Read","damage_taken":0,"max_hp_gain":0,"max_hp_loss":0,"event_name":"The Library","floor":20,"gold_loss":0,"cards_obtained":["Shrug It Off"]},{"damage_healed":0,"gold_gain":0,"player_choice":"Obtained Book","damage_taken":16,"max_hp_gain":0,"max_hp_loss":0,"event_name":"Cursed Tome","floor":21,"gold_loss":0}],"is_beta":false,"boss_relics":[{"not_picked":["SacredBark","Sozu"],"picked":"Black Star"}],"items_purged_floors":[5],"is_endless":false,"potions_floor_spawned":[6,11,14],"killed_by":"3 Byrds","ascension_level":1}}