{"host":"rwzz6mk6bpmb57ql","time":1611281129,"event":{"mods":["AchievementEnabler","BaseMod","Better Third Choice","BetterRewards","Colored Map","Highlight Path","Hubris","Infinite Spire","Minty Spire (QoL Compilation)","Replay The Spire","StSLib","Wandering Minibosses"],"gold_per_floor":[5610,5621,4848,4848,4242,4242,4242,4242,4242,4274,4274,4309,4309,4328,4328,4405,4405,5225,5236,5248,5298,5309,5309,5325,5325,5325,5339,5339,5339,5369,5369,5369,5443,5443,5459,5582,5089,5106,5119,5151,5168,5068,5094,5105,5105,5139,5139,5157,5157,5157,5157,5157,4750,4785,4785],"floor_reached":56,"language":"ENG","playtime":3004,"items_purged":["Strike_G","Strike_G","Defend_G","Defend_G","Strike_G+1"],"score":1980,"play_id":"e6d80735-16e4-4b74-9173-c3d36a205b6b","local_time":"20210121200529","is_ascension_mode":true,"campfire_choices":[{"floor":6,"key":"RECALL"},{"data":"Fluid Movement","floor":8,"key":"SMITH"},{"data":"ReplayUltimateDefense","floor":11,"key":"SMITH"},{"data":"Neutralize","floor":13,"key":"SMITH"},{"data":"Survivor","floor":15,"key":"SMITH"},{"data":"Dodge and Roll","floor":23,"key":"SMITH"},{"data":"Bouncing Flask","floor":25,"key":"SMITH"},{"data":"Flame Barrier","floor":29,"key":"SMITH"},{"data":"Replay:Poison Smokescreen","floor":32,"key":"SMITH"},{"data":"Burst","floor":45,"key":"SMITH"},{"data":"Replay:Poison Smokescreen","floor":52,"key":"SMITH"}],"circlet_count":0,"master_deck":["AscendersBane","Strike_G+1","Survivor+1","Neutralize+1","ReplayUltimateDefense+1","Fluid Movement+1","Noxious Fumes+1","Prepared","Purity","Poisoned Stab","Caltrops","PiercingWail","Bouncing Flask+1","Dodge and Roll+1","Replay:Poison Smokescreen+1","Flame Barrier+1","Leg Sweep","Burst+1","Replay:Poison Smokescreen+1","After Image+1","Noxious Fumes","Dodge and Roll"],"relics":["Ring of the Snake","infinitespire:Satchel","ReplayTheSpireMod:ShopPack","Whetstone","Regal Pillow","White Beast Statue","hubris:OldNail","Matryoshka","hubris:VirtuousBlindfold","wanderingMiniBosses:MasterThiefsPresence","Smiling Mask","Lantern","Simple Rune","hubris:Towel","SlaversCollar","Snake Skull","hubris:PeanutButter","Bronze Scales","Garlic","Dream Catcher","PreservedInsect","Replay:Wax Seal","Art of War","ReplayTheSpireMod:Lightbulb"],"acts_visited":["Exordium","TheCity","TheBeyond","TheEnding"],"potions_floor_usage":[10,10,10,10,12,16,16,19,20,22,24,27,30,30,35,35,38,39,40,41,44,46,48,50,54],"damage_taken":[{"damage":2,"enemies":"2 Louse","floor":1,"turns":4},{"damage":44,"enemies":"Cultist","floor":2,"turns":8},{"damage":19,"enemies":"3 Sentries","floor":10,"turns":6},{"damage":9,"enemies":"Lagavulin","floor":12,"turns":7},{"damage":12,"enemies":"Jaw Worm","floor":14,"turns":4},{"damage":30,"enemies":"Fading Forest","floor":16,"turns":13},{"damage":7,"enemies":"Shell Parasite","floor":18,"turns":5},{"damage":0,"enemies":"3 Byrds","floor":19,"turns":2},{"damage":6,"enemies":"Centurion and Healer","floor":20,"turns":7},{"damage":18,"enemies":"Cultist and Chosen","floor":22,"turns":7},{"damage":0,"enemies":"Snake Plant","floor":24,"turns":4},{"damage":0,"enemies":"Centurion and Healer","floor":27,"turns":7},{"damage":12,"enemies":"Book of Stabbing","floor":30,"turns":6},{"damage":24,"enemies":"hubris:MusketHawk","floor":33,"turns":8},{"damage":0,"enemies":"3 Shapes","floor":35,"turns":7},{"damage":2,"enemies":"3 Darklings","floor":38,"turns":5},{"damage":0,"enemies":"Sphere and 2 Shapes","floor":39,"turns":3},{"damage":0,"enemies":"R_Hoarder","floor":40,"turns":9},{"damage":0,"enemies":"Jaw Worm Horde","floor":41,"turns":5},{"damage":0,"enemies":"3 Darklings","floor":44,"turns":1},{"damage":0,"enemies":"Nightmare","floor":46,"turns":6},{"damage":8,"enemies":"4 Shapes","floor":48,"turns":5},{"damage":0,"enemies":"Donu and Deca","floor":50,"turns":1},{"damage":0,"enemies":"Shield and Spear","floor":54,"turns":6},{"damage":27,"enemies":"The Heart","floor":55,"turns":9}],"seed_played":"5006357847623383629","potions_obtained":[{"floor":1,"key":"Explosive Potion"},{"floor":10,"key":"BlessingOfTheForge"},{"floor":12,"key":"PowerPotion"},{"floor":14,"key":"PowerPotion"},{"floor":16,"key":"BlessingOfTheForge"},{"floor":18,"key":"Weak Potion"},{"floor":19,"key":"CunningPotion"},{"floor":20,"key":"Energy Potion"},{"floor":22,"key":"SpeedPotion"},{"floor":24,"key":"Adrenaline Potion"},{"floor":27,"key":"SkillPotion"},{"floor":30,"key":"SteroidPotion"},{"floor":33,"key":"Elixir"},{"floor":35,"key":"Swift Potion"},{"floor":36,"key":"FairyPotion"},{"floor":38,"key":"Block Potion"},{"floor":39,"key":"Poison Potion"},{"floor":40,"key":"SkillPotion"},{"floor":41,"key":"DistilledChaos"},{"floor":44,"key":"Regen Potion"},{"floor":46,"key":"Milkshake"},{"floor":48,"key":"DuplicationPotion"},{"floor":54,"key":"FairyPotion"}],"is_trial":false,"path_per_floor":["M","M","$","?","$","R","?","R","T","E","R","E","R","M","R","B",null,"M","M","M","?","M","R","M","R","T","M","?","R","E","?","R","B",null,"M","?","$","M","M","E","M","NS","T","M","R","NM","AVR","M","R_BF","B",null,"R","$","E","B",null],"character_chosen":"THE_SILENT","items_purchased":["infinitespire:Satchel","Noxious Fumes+1","Prepared","ReplayTheSpireMod:ShopPack","Whetstone","EntropicBrew","Poisoned Stab","Regal Pillow","White Beast Statue","Bronze Scales","Garlic","SkillPotion","Art of War","Noxious Fumes","Dodge and Roll"],"campfire_rested":0,"item_purchase_floors":[3,3,3,3,3,3,5,5,5,37,37,53,53,53,53],"current_hp_per_floor":[112,115,115,108,108,108,108,108,108,89,89,80,80,68,68,118,132,125,125,119,119,101,101,101,101,101,101,101,101,89,89,89,65,118,118,118,118,116,116,116,116,116,116,116,116,131,131,123,123,123,133,133,133,133,106],"gold":4785,"neow_bonus":"RANDOM_COLORLESS_2","is_daily":false,"chose_seed":false,"campfire_upgraded":10,"win_rate":0.0,"timestamp":1611281129,"path_taken":["M","M","$","?","$","R","?","R","T","E","R","E","R","?","R","BOSS","M","M","M","?","M","R","M","R","T","M","?","R","E","?","R","BOSS","M","?","$","M","?","E","M","NS","T","M","R","NM","AVR","M","R_BF","BOSS","R","$","E","BOSS"],"items_purchased_type":["Relic","Card","Card","Relic","Relic","Potion","Card","Relic","Relic","Relic","Relic","Potion","Relic","Card","Card"],"build_version":"2020-12-22","purchased_purges":5,"victory":true,"max_hp_per_floor":[136,136,136,136,136,136,136,136,136,136,136,136,136,136,136,136,136,136,136,136,136,136,136,136,136,136,136,136,136,136,136,136,136,136,136,136,136,136,136,136,136,136,136,136,136,136,136,136,136,136,136,136,136,136,136],"card_choices":[{"not_picked":["ReplayTheSpireMod:Brewmster","Transmutation"],"picked":"ReplayUltimateDefense","floor":0},{"not_picked":["Underhanded Strike","hubris:TrickCloak"],"picked":"Fluid Movement","floor":1},{"not_picked":["Acrobatics","Bane","Sucker Punch"],"picked":"SKIP","floor":2},{"not_picked":["Replay:Sssssssssshield","Dramatic Entrance"],"picked":"Purity","floor":3},{"not_picked":["Acrobatics","Slice","Bane"],"picked":"SKIP","floor":10},{"not_picked":["Acrobatics","Slice","Bane"],"picked":"SKIP","floor":10},{"not_picked":["Skewer","Prepared","Slice"],"picked":"SKIP","floor":12},{"not_picked":["Distraction","Predator","Calculated Gamble"],"picked":"SKIP","floor":14},{"not_picked":["Slice","Escape Plan"],"picked":"Caltrops","floor":18},{"not_picked":["ReplayTheSpireMod:Exploit Weakness","Sucker Punch"],"picked":"PiercingWail","floor":19},{"not_picked":["Deadly Poison","ReplayTheSpireMod:Speed Training"],"picked":"Bouncing Flask","floor":20},{"not_picked":["Prepared+1","Bane"],"picked":"Dodge and Roll","floor":22},{"not_picked":["Prepared","Outmaneuver+1","Acrobatics"],"picked":"SKIP","floor":24},{"not_picked":["Backflip","ReplayTheSpireMod:From All Sides"],"picked":"Replay:Poison Smokescreen","floor":27},{"not_picked":["Dodge and Roll","Wraith Form v2"],"picked":"Leg Sweep","floor":30},{"not_picked":["After Image","Adrenaline"],"picked":"Burst","floor":33},{"not_picked":["Leg Sweep","Deadly Poison","Prepared+1"],"picked":"SKIP","floor":35},{"not_picked":["Discovery","Forethought","Secret Technique"],"picked":"SKIP","floor":36},{"not_picked":["Underhanded Strike+1","Leg Sweep+1","Slice"],"picked":"SKIP","floor":38},{"not_picked":["Poisoned Stab+1","Deflect+1"],"picked":"Replay:Poison Smokescreen","floor":39},{"not_picked":["Dagger Throw","Setup","Poisoned Stab+1"],"picked":"SKIP","floor":40},{"not_picked":["Eviscerate","Backstab","Endless Agony+1"],"picked":"SKIP","floor":41},{"not_picked":["Deflect","Underhanded Strike"],"picked":"After Image","floor":44},{"not_picked":["Prepared+1","Dagger Throw","Outmaneuver"],"picked":"SKIP","floor":46},{"not_picked":["Prepared+1","Dagger Throw","Outmaneuver"],"picked":"SKIP","floor":46},{"not_picked":["Prepared+1","Outmaneuver","Sucker Punch"],"picked":"SKIP","floor":48},{"not_picked":["hubris:SlightOfHand+1","Dagger Spray","Masterful Stab"],"picked":"SKIP","floor":54}],"player_experience":196696,"relics_obtained":[{"floor":10,"key":"hubris:OldNail"},{"floor":12,"key":"Matryoshka"},{"floor":18,"key":"wanderingMiniBosses:MasterThiefsPresence"},{"floor":26,"key":"Smiling Mask"},{"floor":26,"key":"Lantern"},{"floor":30,"key":"Simple Rune"},{"floor":36,"key":"Snake Skull"},{"floor":36,"key":"hubris:PeanutButter"},{"floor":40,"key":"Dream Catcher"},{"floor":43,"key":"PreservedInsect"},{"floor":46,"key":"Replay:Wax Seal"},{"floor":54,"key":"ReplayTheSpireMod:Lightbulb"}],"event_choices":[{"cards_removed":["Strike_G"],"damage_healed":0,"gold_gain":0,"player_choice":"Card Removal","damage_taken":7,"max_hp_gain":0,"max_hp_loss":0,"event_name":"Golden Wing","floor":4,"gold_loss":0},{"cards_removed":["Defend_G"],"damage_healed":0,"gold_gain":0,"player_choice":"Purged","damage_taken":0,"max_hp_gain":0,"max_hp_loss":0,"event_name":"Purifier","floor":7,"gold_loss":0},{"damage_healed":0,"gold_gain":50,"player_choice":"Steal","damage_taken":0,"max_hp_gain":0,"max_hp_loss":0,"event_name":"betterThird:BetterNest","floor":21,"gold_loss":0},{"damage_healed":0,"gold_gain":0,"player_choice":"Read","damage_taken":0,"max_hp_gain":0,"max_hp_loss":0,"event_name":"The Library","floor":28,"gold_loss":0,"cards_obtained":["Flame Barrier"]},{"damage_healed":0,"gold_gain":0,"player_choice":"Random: Red","damage_taken":0,"max_hp_gain":0,"max_hp_loss":0,"event_name":"betterThird:BetterPortal","floor":36,"gold_loss":0}],"is_beta":false,"boss_relics":[{"not_picked":["Snecko Heart","infinitespire:Cupcake"],"picked":"hubris:VirtuousBlindfold"},{"not_picked":["Ring of Chaos","Painkiller Herb"],"picked":"SlaversCollar"}],"items_purged_floors":[3,5,37,47,53],"is_endless":false,"potions_floor_spawned":[1,10,12,14,16,18,19,20,22,24,27,30,33,35,38,39,40,41,44,46,48,54],"ascension_level":19}}