{"host":"56d873i5r3uhle0q","time":1611281735,"event":{"mods":["100% Spire Juice","Act Like it!","Aspiration","BaseMod","Block Reminder","Conspire","Gensokyo","Hermit","Hubris","Infinite Spire","Jedi Mod","Lobotomy","Marisa????????","Marked Mod","Minty Spire (QoL Compilation)","Replay The Spire","StSLib","The Animator","The Bug Knight","The Cursed","The Marked","The Servant 0.9.4","everything is the same but u backflip on backflip","vexMod","??????REMEMod"],"gold_per_floor":[121,46,68,68,91,91,91,91,117,117,137,137,54,67,67,172,172,187,207,224,524,524],"floor_reached":21,"language":"ENG","playtime":773,"items_purged":["hubris:Greed"],"score":171,"play_id":"e29290dd-5c8a-48a3-81e6-840210911bff","local_time":"20210121191535","is_ascension_mode":false,"campfire_choices":[{"data":"Replay:Many Hands","floor":6.0,"key":"SMITH"},{"floor":8.0,"key":"REST"},{"data":"hubris:ReadiedAction","floor":10.0,"key":"SMITH"},{"data":"Demon Form","floor":15.0,"key":"SMITH"}],"circlet_count":0,"master_deck":["Strike_R","Strike_R","Strike_R","Strike_R","Strike_R","Defend_R","Defend_R","Defend_R","Defend_R","Bash","Replay:Many Hands+1","Limit Break+1","hubris:ReadiedAction+1","Demon Form+1","Feed","Replay:Undeath\u0027s Touch+1"],"relics":["Burning Blood","REME_ComplimentaryCards","vexMod:FocusSash","aspiration:PoetsPen_weak","Old Coin"],"acts_visited":["Gensokyo:Gensokyo","Gensokyo:Gensokyoer"],"potions_floor_usage":[20],"damage_taken":[{"damage":14.0,"enemies":"Gensokyo:Python","floor":1.0,"turns":4.0},{"damage":15.0,"enemies":"Gensokyo:Gryphon","floor":3.0,"turns":5.0},{"damage":4.0,"enemies":"Gensokyo:3_Fairies","floor":5.0,"turns":4.0},{"damage":2.0,"enemies":"Gensokyo:VengefulSpirit","floor":11.0,"turns":5.0},{"damage":18.0,"enemies":"Gensokyo:Gryphon_and_Rabbit","floor":14.0,"turns":4.0},{"damage":38.0,"enemies":"Gensokyo:Kokoro","floor":16.0,"turns":6.0},{"damage":27.0,"enemies":"Gensokyo:3_Dogs","floor":18.0,"turns":4.0},{"damage":13.0,"enemies":"Gensokyo:2_Gloops","floor":19.0,"turns":4.0},{"damage":54,"enemies":"Gensokyo:Swordslinger","floor":20,"turns":3},{"damage":16,"enemies":"Gensokyo:Monolith_and_Dog","floor":21,"turns":2}],"seed_played":"-1806965158323864472","potions_obtained":[{"floor":5.0,"key":"Toxic Potion"},{"floor":11.0,"key":"jedi:tentaclejuice"},{"floor":14.0,"key":"Strength Potion"},{"floor":19.0,"key":"Explosive Potion"}],"is_trial":false,"path_per_floor":["M","$","M","?","M","R","?","R","T","R","M","?","COS","M","R","B",null,"M","M","M","M"],"character_chosen":"IRONCLAD","items_purchased":[],"campfire_rested":1,"item_purchase_floors":[],"current_hp_per_floor":[72,72,63,63,65,65,65,80,80,80,80,80,80,68,68,36,80,62,55,10,0,0],"gold":524,"neow_bonus":"THREE_RARE_CARDS","is_daily":false,"chose_seed":false,"campfire_upgraded":3,"win_rate":0.0,"timestamp":1611281735,"path_taken":["M","$","M","?","M","R","?","R","T","R","M","?","COS","M","R","BOSS","M","M","M","M"],"items_purchased_type":[],"build_version":"2020-12-22","purchased_purges":1,"victory":false,"max_hp_per_floor":[80,80,80,80,80,80,80,80,80,80,80,80,80,80,80,80,80,83,83,86,86,86],"card_choices":[{"not_picked":["Reaper","Demonic Infusion"],"picked":"Replay:Many Hands","floor":0.0},{"not_picked":["Havoc","REME_Scribble","jedi:fear"],"picked":"SKIP","floor":1.0},{"not_picked":["Twin Strike","Iron Wave","Body Slam"],"picked":"SKIP","floor":3.0},{"not_picked":["hubris:ReadiedAction","Dual Wield","Pommel Strike"],"picked":"SKIP","floor":5.0},{"not_picked":["Dual Wield","Pommel Strike"],"picked":"hubris:ReadiedAction","floor":5.0},{"not_picked":["Iron Wave","Combust"],"picked":"Demon Form","floor":11.0},{"not_picked":["Flex","Dark Embrace","Wild Strike"],"picked":"SKIP","floor":14.0},{"not_picked":["Juggernaut","REME_ACTH"],"picked":"Feed","floor":16.0},{"not_picked":["Sword Boomerang","Twin Strike"],"picked":"Replay:Undeath\u0027s Touch+1","floor":18.0},{"not_picked":["Rage","Anger","conspire:Charge"],"picked":"SKIP","floor":19.0},{"not_picked":["Iron Wave+1","jedi:suffering","jedi:collectorstrike"],"picked":"SKIP","floor":20}],"player_experience":580285,"relics_obtained":[{"floor":9.0,"key":"vexMod:FocusSash"}],"event_choices":[],"is_beta":false,"boss_relics":[{"not_picked":["infinitespire:Burning Sword","Kintsugi"],"picked":"aspiration:PoetsPen_weak"}],"items_purged_floors":[2],"is_endless":false,"potions_floor_spawned":[5,11,14,19],"killed_by":"Gensokyo:Monolith_and_Dog","ascension_level":0}}