{"host":"mdbnki27vzqujy5q","time":1611299824,"event":{"mods":["BaseMod","Better Note","Better Skull","Colored Map","Colored Powertips","DeckTracker","Highlight Path","Minty Spire (QoL Compilation)","Quick Restart","Rare Cards Sparkle","StSLib"],"gold_per_floor":[118,135,60,160,177,209,209,209,262,292,292,315,315,330,330,433,433,448,523,523,533,23,23,52,64,112,112,112,112],"floor_reached":28,"language":"ENG","playtime":1530,"items_purged":["Defend_G"],"score":396,"play_id":"414678f1-89e5-491e-931b-55414c8b0b39","local_time":"20210121231704","is_ascension_mode":true,"campfire_choices":[{"data":"Neutralize","floor":8.0,"key":"SMITH"},{"floor":11.0,"key":"REST"},{"floor":15.0,"key":"REST"},{"data":"Envenom","floor":23.0,"key":"SMITH"}],"circlet_count":0,"master_deck":["Survivor","Neutralize+1","Footwork","Blade Dance","Heel Hook","Footwork","After Image","Blur","Sucker Punch","Phantasmal Killer","All Out Attack","Envenom+1","Escape Plan","Slice","Bouncing Flask","Escape Plan","Sucker Punch","Noxious Fumes","Slice","Burst","Cloak And Dagger","Concentrate+1","Calculated Gamble+1"],"relics":["Runic Pyramid","Anchor","Nunchaku","Lantern","Turnip","Odd Mushroom","Pandora\u0027s Box","Toxic Egg 2","Ninja Scroll","Mummified Hand"],"acts_visited":["Exordium","TheCity"],"potions_floor_usage":[28,28],"damage_taken":[{"damage":8.0,"enemies":"Jaw Worm","floor":1.0,"turns":4.0},{"damage":0.0,"enemies":"Cultist","floor":2.0,"turns":4.0},{"damage":0.0,"enemies":"Small Slimes","floor":5.0,"turns":3.0},{"damage":15.0,"enemies":"3 Sentries","floor":6.0,"turns":9.0},{"damage":26.0,"enemies":"Gremlin Nob","floor":10.0,"turns":6.0},{"damage":28.0,"enemies":"The Mushroom Lair","floor":12.0,"turns":4.0},{"damage":0.0,"enemies":"2 Fungi Beasts","floor":14.0,"turns":3.0},{"damage":12.0,"enemies":"Slime Boss","floor":16.0,"turns":16.0},{"damage":12.0,"enemies":"Spheric Guardian","floor":18.0,"turns":4.0},{"damage":2.0,"enemies":"Chosen","floor":21.0,"turns":5.0},{"damage":16.0,"enemies":"Gremlin Leader","floor":24.0,"turns":6.0},{"damage":13.0,"enemies":"Snake Plant","floor":25.0,"turns":4.0},{"damage":24,"enemies":"Slavers","floor":28,"turns":3}],"seed_played":"1463551479057503109","potions_obtained":[{"floor":1.0,"key":"GamblersBrew"},{"floor":10.0,"key":"FearPotion"},{"floor":14.0,"key":"Energy Potion"},{"floor":16.0,"key":"DistilledChaos"},{"floor":24.0,"key":"ColorlessPotion"},{"floor":25.0,"key":"FearPotion"}],"is_trial":false,"path_per_floor":["M","M","$","?","M","E","?","R","T","E","R","?","?","M","R","B",null,"M","?","?","M","$","R","E","M","T","?","E"],"character_chosen":"THE_SILENT","items_purchased":["Toxic Egg 2","Ninja Scroll"],"campfire_rested":2,"item_purchase_floors":[22,22],"current_hp_per_floor":[62,62,62,62,62,47,47,47,47,21,42,14,14,14,35,23,70,58,51,51,49,49,49,33,20,20,20,0,0],"gold":112,"neow_bonus":"BOSS_RELIC","is_daily":false,"chose_seed":false,"campfire_upgraded":2,"win_rate":0.0,"timestamp":1611299824,"path_taken":["M","M","$","?","?","E","?","R","T","E","R","?","?","M","R","BOSS","M","?","?","M","$","R","E","M","T","?","E"],"items_purchased_type":["Relic","Relic"],"build_version":"2020-12-22","purchased_purges":1,"victory":false,"max_hp_per_floor":[70,70,70,70,70,70,70,70,70,70,70,70,70,70,70,70,70,70,70,70,70,70,70,70,70,70,70,70,70],"card_choices":[{"not_picked":["Crippling Poison","Setup"],"picked":"Footwork","floor":1.0},{"not_picked":["Cloak And Dagger","Finisher"],"picked":"Blade Dance","floor":2.0},{"not_picked":["Poisoned Stab","Deflect"],"picked":"Heel Hook","floor":5.0},{"not_picked":["Poisoned Stab","Skewer"],"picked":"Footwork","floor":6.0},{"not_picked":["Choke","Backstab"],"picked":"After Image","floor":10.0},{"not_picked":["Dagger Throw","Masterful Stab"],"picked":"Blur","floor":12.0},{"not_picked":["Crippling Poison","Reflex"],"picked":"Sucker Punch","floor":14.0},{"not_picked":["Adrenaline","Malaise"],"picked":"Phantasmal Killer","floor":16.0},{"not_picked":["Bane","Masterful Stab"],"picked":"Slice","floor":18.0},{"not_picked":["Well Laid Plans","Footwork"],"picked":"Cloak And Dagger","floor":21.0},{"not_picked":["Blade Dance+1","Tactician+1"],"picked":"Concentrate+1","floor":24.0},{"not_picked":["Bane","Acrobatics+1"],"picked":"Calculated Gamble+1","floor":25.0}],"player_experience":107634,"relics_obtained":[{"floor":6.0,"key":"Anchor"},{"floor":9.0,"key":"Lantern"},{"floor":10.0,"key":"Turnip"},{"floor":12.0,"key":"Odd Mushroom"},{"floor":24.0,"key":"Mummified Hand"}],"event_choices":[{"damage_healed":0.0,"max_hp_gain":0.0,"max_hp_loss":0.0,"gold_gain":100.0,"event_name":"Golden Shrine","player_choice":"Pray","floor":4.0,"gold_loss":0.0,"damage_taken":0.0},{"damage_healed":0.0,"max_hp_gain":0.0,"max_hp_loss":0.0,"gold_gain":0.0,"event_name":"Big Fish","player_choice":"Box","floor":7.0,"gold_loss":0.0,"damage_taken":0.0,"relics_obtained":["Nunchaku"],"cards_obtained":["Regret"]},{"damage_healed":0.0,"max_hp_gain":0.0,"max_hp_loss":0.0,"gold_gain":0.0,"event_name":"Mushrooms","player_choice":"Fought Mushrooms","floor":12.0,"gold_loss":0.0,"damage_taken":0.0},{"cards_removed":["Regret"],"damage_healed":0.0,"max_hp_gain":0.0,"max_hp_loss":0.0,"gold_gain":0.0,"event_name":"Purifier","player_choice":"Purged","floor":13.0,"gold_loss":0.0,"damage_taken":0.0},{"damage_healed":0.0,"max_hp_gain":0.0,"max_hp_loss":0.0,"gold_gain":75.0,"event_name":"FaceTrader","player_choice":"Touch","floor":19.0,"gold_loss":0.0,"damage_taken":7.0},{"cards_removed":["Phantasmal Killer"],"damage_healed":0.0,"max_hp_gain":0.0,"max_hp_loss":0.0,"gold_gain":0.0,"event_name":"betterNote:BetterNote","player_choice":"Take \u0026 Give","floor":20.0,"gold_loss":0.0,"damage_taken":0.0,"cards_obtained":["Burst"]},{"cards_removed":["Bouncing Flask"],"damage_healed":0.0,"max_hp_gain":0.0,"max_hp_loss":0.0,"gold_gain":0.0,"event_name":"Back to Basics","player_choice":"Elegance","floor":27.0,"gold_loss":0.0,"damage_taken":0.0}],"is_beta":false,"boss_relics":[{"not_picked":["Snecko Eye","Fusion Hammer"],"picked":"Pandora\u0027s Box"}],"items_purged_floors":[3],"is_endless":false,"potions_floor_spawned":[1,10,14,16,24,25],"killed_by":"Slavers","ascension_level":3}}