{"host":"7fyy23rucerupe6i","time":1611317034,"event":{"mods":["AchievementEnabler","Act Like it!","Aspiration","Bard","BaseMod","Better Note","Better Vampires","BetterRewards","Colored Map","Colored Powertips","Conspire","Curses Come First","Custom Start","Downfall","Googly Eyes","Hermit","Mad Scientist","Minty Spire (QoL Compilation)","Quick Restart","Relic Stats","Shop Mod","ShortenTheSpire","Spicy Shops","StSLib","SuperFastMode","The Gatherer"],"gold_per_floor":[115,265,190,19,34,34,51,51,77,77,88,106,118,193,193,193,193],"floor_reached":16,"language":"ZHS","playtime":4872,"items_purged":["Defend_B"],"score":184,"play_id":"e64a0ed4-df66-4caa-8135-c7c171549e1d","local_time":"20210122200354","is_ascension_mode":true,"campfire_choices":[{"data":"Zap","floor":6.0,"key":"SMITH"},{"data":"Gash","floor":8.0,"key":"SMITH"},{"data":"Dualcast","floor":10.0,"key":"SMITH"},{"floor":15,"key":"REST"}],"circlet_count":0,"master_deck":["AscendersBane","Strike_B","Strike_B","Strike_B","Strike_B","Defend_B","Defend_B","Defend_B","Zap+1","Dualcast+1","All For One","Gash+1","Chill","Go for the Eyes","Gash","Scrape","FTL"],"relics":["Cracked Core","hexamod:CandleOfCauterizing","Cables","Slimebound:StickyStick","ClockworkSouvenir","hexamod:BolsterEngine","conspire:TopHat"],"acts_visited":["Exordium"],"potions_floor_usage":[12,16],"damage_taken":[{"damage":1.0,"enemies":"Cultist","floor":1.0,"turns":3.0},{"damage":0.0,"enemies":"Small Slimes","floor":5.0,"turns":2.0},{"damage":10.0,"enemies":"Jaw Worm","floor":7.0,"turns":2.0},{"damage":9.0,"enemies":"Blue Slaver","floor":11.0,"turns":2.0},{"damage":1,"enemies":"3 Louse","floor":12,"turns":3},{"damage":3,"enemies":"Looter","floor":13,"turns":2},{"damage":27,"enemies":"The Guardian","floor":16,"turns":5}],"seed_played":"1227293243117507445","potions_obtained":[{"floor":5.0,"key":"Guardian:BlockOnCardUsePotion"},{"floor":13,"key":"DistilledChaos"}],"is_trial":false,"path_per_floor":["M","?","?","$","M","R","M","R","T","R","M","M","M","?","R","B"],"character_chosen":"DEFECT","items_purchased":["hexamod:CandleOfCauterizing","All For One","Cables","Slimebound:StickyStick","ClockworkSouvenir","hexamod:BolsterEngine"],"campfire_rested":1,"item_purchase_floors":[0,0,0,0,0,4],"current_hp_per_floor":[31,31,31,31,31,31,21,21,21,21,12,11,8,8,29,2,2],"gold":193,"neow_bonus":"","is_daily":false,"chose_seed":false,"campfire_upgraded":3,"win_rate":0.0,"timestamp":1611317034,"path_taken":["M","?","?","$","M","R","M","R","T","R","M","M","?","?","R","BOSS"],"items_purchased_type":["Relic","Card","Relic","Relic","Relic","Relic"],"build_version":"2020-12-22","purchased_purges":1,"victory":false,"max_hp_per_floor":[71,71,71,71,71,71,71,71,71,71,71,71,71,71,71,71,71],"relic_stats":{"counters":[19,52],"obtain_stats":[{"conspire:TreasureMap":0,"hexamod:CandleOfCauterizing":0,"Happy Flower":0,"Oddly Smooth Stone":7,"Thread and Needle":0,"Juzu Bracelet":0,"Omamori":0,"Runic Capacitor":0,"aspiration:HiddenCompartment":9,"conspire:TopHat":9,"Cables":0,"ClockworkSouvenir":0,"Lizard Tail":0,"Matryoshka":0,"FaceOfCleric":4,"Slimebound:StickyStick":0,"Bronze Scales":0,"Membership Card":0,"Toxic Egg 2":0,"hexamod:BolsterEngine":4,"Cracked Core":0},{"conspire:TreasureMap":4,"hexamod:CandleOfCauterizing":12,"Happy Flower":0,"Oddly Smooth Stone":3,"Thread and Needle":0,"Juzu Bracelet":0,"Omamori":0,"Runic Capacitor":4,"aspiration:HiddenCompartment":3,"conspire:TopHat":15,"Cables":12,"ClockworkSouvenir":12,"Lizard Tail":0,"Matryoshka":4,"FaceOfCleric":1,"Slimebound:StickyStick":12,"Bronze Scales":0,"Membership Card":0,"Toxic Egg 2":8,"hexamod:BolsterEngine":13,"Cracked Core":0},{"conspire:TreasureMap":11,"hexamod:CandleOfCauterizing":33,"Happy Flower":0,"Oddly Smooth Stone":10,"Thread and Needle":0,"Juzu Bracelet":0,"Omamori":0,"Runic Capacitor":11,"aspiration:HiddenCompartment":10,"conspire:TopHat":40,"Cables":33,"ClockworkSouvenir":33,"Lizard Tail":0,"Matryoshka":11,"FaceOfCleric":2,"Slimebound:StickyStick":33,"Bronze Scales":0,"Membership Card":0,"Toxic Egg 2":22,"hexamod:BolsterEngine":36,"Cracked Core":0}],"Cables":[14,12,2,0,0]},"card_choices":[{"not_picked":["Rip and Tear","Stack"],"picked":"Gash","floor":1.0},{"not_picked":["Reprogram","Heatsinks"],"picked":"Chill","floor":5.0},{"not_picked":["Rebound","Sweeping Beam"],"picked":"Go for the Eyes","floor":7.0},{"not_picked":["Rip and Tear","Double Energy"],"picked":"Gash","floor":11.0},{"not_picked":["Coolheaded","Stack"],"picked":"Scrape","floor":12},{"not_picked":["Streamline","Rebound"],"picked":"FTL","floor":13}],"player_experience":361504,"relics_obtained":[{"floor":9.0,"key":"conspire:TopHat"}],"event_choices":[{"damage_healed":0.0,"max_hp_gain":0.0,"max_hp_loss":0.0,"gold_gain":150.0,"event_name":"Liars Game","player_choice":"AGREE","floor":2.0,"gold_loss":0.0,"damage_taken":0.0,"cards_obtained":["Doubt"]},{"cards_removed":["Doubt"],"damage_healed":0.0,"max_hp_gain":0.0,"max_hp_loss":0.0,"gold_gain":0.0,"event_name":"The Cleric","player_choice":"Card Removal","floor":3.0,"gold_loss":75.0,"damage_taken":0.0},{"damage_healed":0,"gold_gain":75,"player_choice":"Gained Gold","damage_taken":0,"max_hp_gain":0,"max_hp_loss":0,"event_name":"Golden Wing","floor":14,"gold_loss":0}],"is_beta":false,"boss_relics":[],"items_purged_floors":[0],"is_endless":false,"potions_floor_spawned":[5,13],"killed_by":"The Guardian","ascension_level":20}}