{"host":"sian7qp8a9pc9xwd","time":1611299435,"event":{"mods":["BaseMod","Minty Spire (QoL Compilation)","StSLib","SuperFastMode"],"gold_per_floor":[20,20,31,45,61,61,92,17,44,70,108,120,132,161,173,185,185],"floor_reached":16,"language":"ENG","playtime":619,"items_purged":["Defend_R"],"score":162,"play_id":"99b5c0c0-cfd6-4266-b215-b594264816c2","local_time":"20210122021035","is_ascension_mode":true,"campfire_choices":[{"data":"Wild Strike","floor":6,"key":"SMITH"},{"data":"Perfected Strike","floor":12,"key":"SMITH"},{"data":"Shrug It Off","floor":15,"key":"SMITH"}],"circlet_count":0,"master_deck":["Strike_R","Strike_R","Strike_R","Strike_R","Strike_R","Defend_R","Defend_R","Defend_R","Bash+1","Shrug It Off+1","Wild Strike+1","Shrug It Off","Perfected Strike+1","Seeing Red"],"relics":["Burning Blood","Turnip","Tiny Chest","MawBank","Potion Belt","Blood Vial"],"acts_visited":["Exordium"],"potions_floor_usage":[7,11,16,16],"damage_taken":[{"damage":7,"enemies":"Jaw Worm","floor":1,"turns":3},{"damage":6,"enemies":"Cultist","floor":3,"turns":4},{"damage":11,"enemies":"Small Slimes","floor":4,"turns":4},{"damage":8,"enemies":"Blue Slaver","floor":5,"turns":4},{"damage":7,"enemies":"Gremlin Nob","floor":7,"turns":3},{"damage":0,"enemies":"3 Louse","floor":10,"turns":2},{"damage":30,"enemies":"Lagavulin","floor":11,"turns":4},{"damage":4,"enemies":"Looter","floor":14,"turns":3},{"damage":45,"enemies":"Slime Boss","floor":16,"turns":9}],"seed_played":"-765140275670138483","potions_obtained":[{"floor":3,"key":"SpeedPotion"},{"floor":4,"key":"BlessingOfTheForge"},{"floor":7,"key":"Dexterity Potion"},{"floor":11,"key":"SkillPotion"}],"is_trial":false,"path_per_floor":["M","?","M","M","M","R","E","$","T","M","E","R","?","M","R","B"],"character_chosen":"IRONCLAD","items_purchased":[],"campfire_rested":0,"item_purchase_floors":[],"current_hp_per_floor":[71,71,71,66,64,64,63,63,63,69,45,45,45,49,49,6,6],"gold":185,"neow_bonus":"ONE_RARE_RELIC","is_daily":false,"chose_seed":false,"campfire_upgraded":3,"win_rate":0.0,"timestamp":1611299435,"path_taken":["M","?","?","M","M","R","E","?","T","M","E","R","?","M","R","BOSS"],"items_purchased_type":[],"build_version":"2020-12-22","purchased_purges":1,"victory":false,"max_hp_per_floor":[80,80,80,80,80,80,80,80,80,80,80,80,80,80,80,80,80],"card_choices":[{"not_picked":["Thunderclap","Blood for Blood","Entrench"],"picked":"SKIP","floor":1},{"not_picked":["True Grit","Clothesline"],"picked":"Shrug It Off","floor":3},{"not_picked":["Sword Boomerang","Pommel Strike"],"picked":"Wild Strike","floor":4},{"not_picked":["Second Wind","Clash"],"picked":"Shrug It Off","floor":5},{"not_picked":["Disarm","Iron Wave"],"picked":"Perfected Strike","floor":7},{"not_picked":["Sentinel","Entrench","Limit Break"],"picked":"SKIP","floor":10},{"not_picked":["Reckless Charge","Iron Wave","Sentinel"],"picked":"SKIP","floor":11},{"not_picked":["Thunderclap","Feel No Pain"],"picked":"Seeing Red","floor":14}],"player_experience":720212,"relics_obtained":[{"floor":7,"key":"Tiny Chest"},{"floor":9,"key":"MawBank"},{"floor":11,"key":"Potion Belt"}],"event_choices":[{"damage_healed":0,"gold_gain":0,"player_choice":"Upgraded","damage_taken":0,"max_hp_gain":0,"max_hp_loss":0,"event_name":"Upgrade Shrine","floor":2,"gold_loss":0,"cards_upgraded":["Bash"]},{"damage_healed":0,"gold_gain":0,"player_choice":"Searched \u00272\u0027 times","damage_taken":0,"relics_obtained":["Blood Vial"],"max_hp_gain":0,"max_hp_loss":0,"event_name":"Dead Adventurer","floor":13,"gold_loss":0}],"is_beta":false,"boss_relics":[],"items_purged_floors":[8],"is_endless":false,"potions_floor_spawned":[3,4,7,11],"killed_by":"Slime Boss","ascension_level":9}}