{"host":"e6sgj53qqwx3piqv","time":1611335446,"event":{"mods":["AchievementEnabler","Aspiration","BaseMod","BetterRewards","Colored Powertips","Downfall","Hermit","Highlight Path","Hubris","Infinite Spire","Minty Spire (QoL Compilation)","Quick Restart","Rare Cards Sparkle","Replay The Spire","Shop Mod","StSLib","The Cursed","The Disciple","The Jungle","The Runesmith"],"gold_per_floor":[144,144,144,144,169,247,247,279,305,305,384,483,588,588,588,912,912,1033,1033,1033,344,344,446,559,559,559,623,58,225,234,57,57,183,183],"floor_reached":33,"language":"ENG","playtime":1453,"items_purged":[],"score":498,"play_id":"67060dc6-bcef-4207-b2bd-7833fbe766ab","local_time":"20210122121046","daily_mods":["Allstar","Colorless Cards","Heirloom","Time Dilation","Flight","downfall:Lament","Midas"],"is_ascension_mode":false,"campfire_choices":[{"floor":7,"key":"RECALL"},{"floor":15,"key":"REST"},{"floor":32,"key":"REST"}],"circlet_count":0,"master_deck":["Defend_P","Defend_P","Defend_P","Defend_P+1","Eruption+1","Vigilance","Specialist","The Bomb","Dark Shackles","Swift Strike","Metamorphosis","EmptyBody","Injury","PathToVictory+1","Discovery","Finesse","Discovery","EmptyFist+1","Panache","CurseOfTheBell","Mind Blast+1","Bite+1","Bite+1","Bite+1","Bite+1","Bite+1","Slimebound:CheckThePlaybook","downfall:Icky","FlurryOfBlows+1","Ragnarok+1","Discovery+1","Consecrate+1","Discovery","Chrysalis","ClearTheMind","WaveOfTheHand","BowlingBash+1","FollowUp+1","downfall:Bewildered","Evaluate","FlurryOfBlows+1","Replay:Bootleg Shield Generator","Halt"],"relics":["PureWater","NeowsBlessing","Du-Vu Doll","infinitespire:Joker Card","Molten Egg 2","Replay:Bandana","Vajra","aspiration:TomeofQuesting","hubris:MobiusCoin","Replay:Bottled Eggs","Calling Bell","hubris:OldNail","Onion Ring","hubris:BundleOfHerbs","Ring of Panic","Ring of Fury","Replay:Purple Gloves","Quantum Egg","Lee\u0027s Waffle","Blood Vial","PreservedInsect","Lantern","CeramicFish","hubris:TenFootPole","Ornamental Fan","sneckomod:BabySnecko"],"acts_visited":["Exordium","TheCity"],"potions_floor_usage":[33],"damage_taken":[{"damage":0,"enemies":"Jaw Worm","floor":1,"turns":1},{"damage":0,"enemies":"Gremlin Nob","floor":6,"turns":1},{"damage":0,"enemies":"2 Louse","floor":8,"turns":1},{"damage":10,"enemies":"Lagavulin","floor":11,"turns":6},{"damage":12,"enemies":"3 Sentries","floor":12,"turns":6},{"damage":18,"enemies":"Lagavulin","floor":13,"turns":6},{"damage":31,"enemies":"Hexaghost","floor":16,"turns":7},{"damage":0,"enemies":"Chosen","floor":18,"turns":3},{"damage":8,"enemies":"Gremlin Leader","floor":23,"turns":3},{"damage":25,"enemies":"Book of Stabbing","floor":24,"turns":4},{"damage":14,"enemies":"3 Byrds","floor":27,"turns":3},{"damage":24,"enemies":"Slavers","floor":29,"turns":3},{"damage":31,"enemies":"Champ","floor":33,"turns":4}],"seed_played":"7170695683161321580","potions_obtained":[{"floor":6,"key":"Weak Potion"},{"floor":11,"key":"hexamod:SoulburnPotion"},{"floor":13,"key":"Ancient Potion"},{"floor":23,"key":"Milkshake"},{"floor":29,"key":"hexamod:SoulburnPotion"}],"is_trial":true,"path_per_floor":["M","?","?","?","T","E","R","M","T","?","E","E","E","?","R","B",null,"M","?","?","$","?","E","E","?","T","M","$","E","?","$","R","B"],"character_chosen":"WATCHER","items_purchased":["Replay:Purple Gloves","Quantum Egg","Lee\u0027s Waffle","Consecrate+1","Discovery","hubris:TenFootPole","Chrysalis","ClearTheMind","WaveOfTheHand","BowlingBash+1","Evaluate","FlurryOfBlows+1","Replay:Bootleg Shield Generator","Halt"],"campfire_rested":2,"item_purchase_floors":[21,21,21,28,28,28,28,28,28,28,31,31,31,31],"current_hp_per_floor":[72,72,72,72,72,72,72,72,72,72,62,50,32,32,53,22,72,72,50,50,57,57,49,29,29,29,17,17,1,1,1,18,0,0],"gold":183,"neow_bonus":"","is_daily":false,"chose_seed":false,"campfire_upgraded":0,"win_rate":0.0,"timestamp":1611335446,"path_taken":["M","?","?","?","?","E","R","?","T","?","E","E","E","?","R","BOSS","M","?","?","$","?","E","E","?","T","?","$","E","?","?","R","BOSS"],"items_purchased_type":["Relic","Relic","Relic","Card","Card","Relic","Card","Card","Card","Card","Card","Card","Card","Card"],"build_version":"2020-12-22","purchased_purges":0,"victory":false,"max_hp_per_floor":[72,72,72,72,72,72,72,72,72,72,72,72,72,72,72,72,72,72,50,50,57,57,57,57,57,57,57,57,57,57,57,57,57,57],"card_choices":[{"not_picked":["BowlingBash","FlyingSleeves"],"picked":"EmptyBody","floor":1},{"not_picked":["Conclude+1","Scrawl"],"picked":"PathToVictory","floor":6},{"not_picked":["Deep Breath","Replay:Battleflow"],"picked":"Discovery","floor":8},{"not_picked":["Replay:BluntJabs+1","MentalFortress"],"picked":"Finesse","floor":11},{"not_picked":["Replay:ManipulateFuture","Wireheading"],"picked":"Discovery","floor":12},{"not_picked":["hubris:Insight","BattleHymn"],"picked":"EmptyFist+1","floor":13},{"not_picked":["MasterReality","Magnetism"],"picked":"Panache","floor":16},{"not_picked":["PathToVictory","ThirdEye"],"picked":"Mind Blast+1","floor":18},{"not_picked":["Replay:ManipulateFuture","JustLucky+1"],"picked":"FlurryOfBlows+1","floor":23},{"not_picked":["Deep Breath","Meditate"],"picked":"Ragnarok+1","floor":24},{"not_picked":["Replay:ManipulateFuture","Replay:BluntJabs+1"],"picked":"Discovery+1","floor":27},{"not_picked":["FlurryOfBlows+1","DeceiveReality+1"],"picked":"FollowUp+1","floor":29}],"player_experience":213581,"relics_obtained":[{"floor":2,"key":"infinitespire:Joker Card"},{"floor":6,"key":"Replay:Bandana"},{"floor":9,"key":"Vajra"},{"floor":11,"key":"aspiration:TomeofQuesting"},{"floor":12,"key":"hubris:MobiusCoin"},{"floor":13,"key":"Replay:Bottled Eggs"},{"floor":17,"key":"hubris:OldNail"},{"floor":17,"key":"Onion Ring"},{"floor":17,"key":"hubris:BundleOfHerbs"},{"floor":20,"key":"Ring of Panic"},{"floor":20,"key":"Ring of Fury"},{"floor":23,"key":"Blood Vial"},{"floor":24,"key":"PreservedInsect"},{"floor":26,"key":"CeramicFish"},{"floor":29,"key":"Ornamental Fan"}],"event_choices":[{"damage_healed":0,"gold_gain":0,"player_choice":"Grow","damage_taken":0,"max_hp_gain":0,"max_hp_loss":0,"event_name":"Living Wall","floor":14,"gold_loss":0,"cards_upgraded":["Eruption"]},{"damage_healed":0,"gold_gain":0,"player_choice":"Became a vampire","damage_taken":0,"max_hp_gain":0,"max_hp_loss":22,"event_name":"Vampires","floor":19,"gold_loss":0,"cards_obtained":["Bite","Bite","Bite","Bite","Bite"]},{"damage_healed":0,"gold_gain":0,"player_choice":"Gave Potion","damage_taken":0,"relics_obtained":["Lantern"],"max_hp_gain":0,"max_hp_loss":0,"event_name":"WeMeetAgain","floor":25,"gold_loss":0}],"is_beta":false,"boss_relics":[{"not_picked":["Busted Crown","Tiny House"],"picked":"Calling Bell"}],"items_purged_floors":[],"is_endless":false,"potions_floor_spawned":[6,11,13,23,29],"killed_by":"Champ","ascension_level":0}}