{"host":"lsq35p0sdkx2xifo","time":1611306890,"event":{"mods":["AchievementEnabler","BaseMod","Highlight Path","Minty Spire (QoL Compilation)","StSLib","The Senshi"],"gold_per_floor":[114,39,50,50,60,95,95,95,95,130,144,158,172,192,192,267,267,285,262,187,187,7,7,24,57,57,85,10,10,10,10],"floor_reached":30,"language":"ENG","playtime":1662,"items_purged":["Perfected Strike","Strike_R"],"score":560,"play_id":"4b13919b-443f-426b-9514-6601af775212","local_time":"20210122011450","is_ascension_mode":true,"campfire_choices":[{"floor":7,"key":"REST"},{"floor":15,"key":"REST"},{"floor":23,"key":"REST"},{"floor":29,"key":"REST"}],"circlet_count":0,"master_deck":["AscendersBane","Strike_R","Strike_R","Defend_R+1","Defend_R","Defend_R+1","Bash","Spot Weakness","Wild Strike","Reaper","Uppercut","Headbutt","Wild Strike","Heavy Blade","Limit Break","True Grit","Whirlwind+1","Fire Breathing","Battle Trance","Berserk","Metallicize"],"relics":["Burning Blood","Pocketwatch","Kunai","Lizard Tail","SlaversCollar","Vajra","War Paint","Tiny Chest"],"acts_visited":["Exordium","TheCity"],"potions_floor_usage":[10,13,16,19,24,27],"damage_taken":[{"damage":11,"enemies":"Small Slimes","floor":1,"turns":6},{"damage":7,"enemies":"2 Louse","floor":3,"turns":3},{"damage":12,"enemies":"Jaw Worm","floor":5,"turns":2},{"damage":47,"enemies":"Lagavulin","floor":6,"turns":7},{"damage":39,"enemies":"3 Sentries","floor":10,"turns":7},{"damage":38,"enemies":"Gremlin Gang","floor":11,"turns":4},{"damage":31,"enemies":"3 Louse","floor":12,"turns":4},{"damage":0,"enemies":"Large Slime","floor":13,"turns":3},{"damage":8,"enemies":"Looter","floor":14,"turns":2},{"damage":66,"enemies":"Hexaghost","floor":16,"turns":9},{"damage":57,"enemies":"3 Byrds","floor":18,"turns":6},{"damage":33,"enemies":"2 Thieves","floor":19,"turns":4},{"damage":18,"enemies":"3 Cultists","floor":24,"turns":3},{"damage":51,"enemies":"Slavers","floor":25,"turns":3},{"damage":42,"enemies":"Gremlin Leader","floor":27,"turns":5},{"damage":34,"enemies":"Snake Plant","floor":30,"turns":3}],"seed_played":"-7552753374918656204","potions_obtained":[{"floor":6,"key":"SteroidPotion"},{"floor":11,"key":"Dexterity Potion"},{"floor":12,"key":"Fire Potion"},{"floor":16,"key":"GamblersBrew"},{"floor":18,"key":"DuplicationPotion"},{"floor":19,"key":"GamblersBrew"}],"is_trial":false,"path_per_floor":["M","?","M","?","M","E","R","?","T","E","M","M","M","M","R","B",null,"M","M","$","?","$","R","M","E","T","E","?","R","M"],"character_chosen":"IRONCLAD","items_purchased":["Fire Breathing"],"campfire_rested":4,"item_purchase_floors":[22],"current_hp_per_floor":[70,70,69,69,63,22,46,46,46,40,29,16,22,20,44,36,71,36,25,25,25,25,49,58,34,34,10,10,34,0,0],"gold":10,"neow_bonus":"TEN_PERCENT_HP_BONUS","is_daily":false,"chose_seed":false,"campfire_upgraded":0,"win_rate":0.0,"timestamp":1611306890,"path_taken":["M","?","M","?","M","E","R","?","T","E","M","M","?","M","R","BOSS","M","?","$","?","$","R","M","E","T","E","?","R","M"],"items_purchased_type":["Card"],"build_version":"2020-12-22","purchased_purges":2,"victory":false,"max_hp_per_floor":[82,82,82,82,82,82,82,82,82,82,82,82,82,82,82,82,82,82,82,82,82,82,82,82,82,82,82,82,82,82,82],"card_choices":[{"not_picked":["Havoc","Thunderclap"],"picked":"Perfected Strike","floor":1},{"not_picked":["Dark Embrace","True Grit"],"picked":"Spot Weakness","floor":3},{"not_picked":["Bloodletting","Hemokinesis"],"picked":"Wild Strike","floor":5},{"not_picked":["Bloodletting","Seeing Red"],"picked":"Reaper","floor":6},{"not_picked":["Clothesline","Hemokinesis"],"picked":"Uppercut","floor":10},{"not_picked":["Warcry","Combust"],"picked":"Headbutt","floor":11},{"not_picked":["Pommel Strike","Perfected Strike"],"picked":"Wild Strike","floor":12},{"not_picked":["Sword Boomerang","Dark Embrace"],"picked":"Heavy Blade","floor":13},{"not_picked":["Body Slam","Thunderclap","Dual Wield"],"picked":"SKIP","floor":14},{"not_picked":["Impervious","Brutality"],"picked":"Limit Break","floor":16},{"not_picked":["Clash","Heavy Blade"],"picked":"True Grit","floor":18},{"not_picked":["Feel No Pain","Thunderclap"],"picked":"Whirlwind+1","floor":19},{"not_picked":["Heavy Blade+1","Infernal Blade"],"picked":"Battle Trance","floor":24},{"not_picked":["Immolate","Rage+1"],"picked":"Berserk","floor":25},{"not_picked":["Combust","Twin Strike"],"picked":"Metallicize","floor":27}],"player_experience":1360956,"relics_obtained":[{"floor":6,"key":"Pocketwatch"},{"floor":9,"key":"Kunai"},{"floor":10,"key":"Lizard Tail"},{"floor":25,"key":"Vajra"},{"floor":26,"key":"War Paint"},{"floor":27,"key":"Tiny Chest"}],"event_choices":[{"cards_removed":["Defend_R"],"damage_healed":0,"gold_gain":0,"player_choice":"Card Removal","damage_taken":0,"max_hp_gain":0,"max_hp_loss":0,"event_name":"The Cleric","floor":2,"gold_loss":75},{"damage_healed":0,"gold_gain":0,"player_choice":"Ignored","damage_taken":0,"max_hp_gain":0,"max_hp_loss":0,"event_name":"Shining Light","floor":4,"gold_loss":0},{"cards_removed":["Strike_R"],"damage_healed":0,"gold_gain":0,"player_choice":"Forget","damage_taken":0,"max_hp_gain":0,"max_hp_loss":0,"event_name":"Living Wall","floor":8,"gold_loss":0},{"damage_healed":0,"gold_gain":0,"player_choice":"Ignored","damage_taken":0,"max_hp_gain":0,"max_hp_loss":0,"event_name":"Cursed Tome","floor":21,"gold_loss":0},{"cards_removed":["Strike_R"],"damage_healed":0,"gold_gain":0,"player_choice":"Gave Gold","damage_taken":0,"max_hp_gain":0,"max_hp_loss":0,"event_name":"Beggar","floor":28,"gold_loss":75}],"is_beta":false,"boss_relics":[{"not_picked":["theSenshi:MoonKaleidoScopeRelic","Pandora\u0027s Box"],"picked":"SlaversCollar"}],"items_purged_floors":[20,22],"is_endless":false,"potions_floor_spawned":[6,11,12,16,18,19],"killed_by":"Snake Plant","ascension_level":20}}