{"host":"27wa8ufp4ryspt1p","time":1611297060,"event":{"mods":["100% Spire Juice","2.2 Compatiblity","Abigail Mod","Act Like it!","Aspiration","BaseMod","Better Altar","Better Note","Better Skull","Better Third Choice","Colored Map","Conspire","Dota2Spire","Downfall-Rebalance","Elementarium","Energized Spire","Fox Events","Friendly Minions","Gensokyo","GifTheSpireLib","Gold Saver","Halation","Hallownest","HololiveMod","Hubris","Humility","Infinite Spire","Keyboard Shortcuts","Menagerie","Mimic Mod","Minty Spire (QoL Compilation)","Pale of the Ancients","Poor People Problems","Quarter Circle Forward PUNCH!","Reimu??????","Relic Sorter","Relic Stats","Replay The Spire","Reworked Bosses","Shop Mod","Spicy Shops","Spikes Relics","Spire Arcade","StSLib","Stuff the Spire","SuperFastMode","The Cursed","The Exalted","The Judge","The Necromancer","Trackpad","Waifu the Spire","Wandering Minibosses","[IsaacMod]????","??????REMEMod","????"],"gold_per_floor":[179,179,206,206,6,6,61,61,140,194,39,39,39,39,39,192,192,277,277,277,416,73,73,73,28,92,92],"floor_reached":26,"language":"SPA","playtime":995,"items_purged":[],"score":403,"play_id":"7185eef0-08aa-4727-b1ab-f5cb5cee7c41","local_time":"20210122003100","daily_mods":["SealedDeck","Colorless Cards","Heirloom","Elite Swarm","Lethality"],"is_ascension_mode":true,"campfire_choices":[{"floor":6,"key":"RECALL"},{"data":"TheCursedMod:AntiAging","floor":8,"key":"SMITH"},{"data":"Omniscience","floor":13,"key":"SMITH"},{"data":"Menagerie:BeastSpirit","floor":15,"key":"SMITH"},{"data":"TheCursedMod:FleshFromBone","floor":23,"key":"SMITH"}],"circlet_count":0,"master_deck":["AscendersBane","Panacea","TheCursedMod:Hemoplague","Replay:Bootleg Shield Generator","expansioncontent:Collect","TheCursedMod:AntiAging+1","TheCursedMod:SurpriseAttack","TheCursedMod:SpitefulStrike","TheCursedMod:WearCloak","TheCursedMod:CursedShiv","expansioncontent:GuardianWhirl","Omniscience+1","Delirium","conspire:SpireCoStock+1","conspire:SpireCoStock+1","conspire:SpireCoStock+1","conspire:SpireCoStock+1","TheCursedMod:RavingStaff","TheCursedMod:OutForBlood","StuffTheSpire:CuriosityCurse","Menagerie:BeastSpirit+1","TheCursedMod:NeowsMight+1","Replay:Bootleg Shield Generator","Enlightenment+1","TheCursedMod:FleshFromBone+1"],"relics":["TheCursedMod:BlackMagic101","HushsDoor","REME_ComplimentaryCards","Dota2Spire:EyeOfSkadi","BloodDonationMachine","Boot","Menagerie:HuntersKnife","REME_HandOfSuture","Counterbalance","MerchantsRug","SalivaCoin","ChewingGum","halation:PromiseList","TheCursedMod:BloodyHarpoon","halation:EternalFortune","Membership Card"],"acts_visited":["Menagerie:Menagerie","Hallownest:CityofTears"],"potions_floor_usage":[],"damage_taken":[{"damage":12,"enemies":"Menagerie:MonstrousExperiment","floor":7,"turns":3},{"damage":1,"enemies":"Menagerie:2_RABBITS","floor":9,"turns":9},{"damage":25,"enemies":"Menagerie:Hydra","floor":10,"turns":4},{"damage":15,"enemies":"Menagerie:AVATARS","floor":16,"turns":3},{"damage":0,"enemies":"Hallownest:3_Youths","floor":18,"turns":5},{"damage":2,"enemies":"Hiden Room Battle","floor":21,"turns":4},{"damage":61,"enemies":"Hallownest:2_Mistakes","floor":26,"turns":4}],"seed_played":"-4056555879713845176","potions_obtained":[{"floor":10,"key":"Block Potion"},{"floor":21,"key":"FearPotion"}],"is_trial":true,"path_per_floor":["?","T","T","?","?","R","M","R","MIM","E","$","?","R","?","R","B",null,"M","?","?","?","$","R","?","R","MIM"],"character_chosen":"THE_CURSED","items_purchased":["MerchantsRug","TheCursedMod:BloodyHarpoon","TheCursedMod:FleshFromBone","Membership Card"],"campfire_rested":0,"item_purchase_floors":[11,22,22,25],"current_hp_per_floor":[69,69,69,69,69,69,57,57,59,37,37,37,37,37,37,25,61,67,71,71,60,60,60,63,59,0,0],"gold":92,"neow_bonus":"","is_daily":false,"chose_seed":false,"campfire_upgraded":4,"win_rate":0.0,"timestamp":1611297060,"path_taken":["?","?","?","?","?","R","?","R","MIM","E","$","?","R","?","R","BOSS","M","?","?","?","$","R","?","R","MIM"],"items_purchased_type":["Relic","Relic","Card","Relic"],"build_version":"2020-12-22","purchased_purges":0,"victory":false,"max_hp_per_floor":[76,76,76,69,69,69,69,69,72,75,75,75,75,70,70,73,73,79,79,79,85,85,85,88,88,88,88],"relic_stats":{"counters":[7,32],"Boot":[20],"obtain_stats":[{"KeepersGift":0,"TheCursedMod:BloodyHarpoon":22,"TheCursedMod:BlackMagic101":0,"MerchantsRug":11,"Menagerie:HuntersKnife":4,"Counterbalance":10,"Boot":3,"Dota2Spire:EyeOfSkadi":0,"halation:EternalFortune":24,"ChewingGum":17,"REME_HandOfSuture":9,"SalivaCoin":12,"halation:PromiseList":21,"Membership Card":25,"Replay:Bottled Eggs":21,"HushsDoor":0,"REME_ComplimentaryCards":0,"BloodDonationMachine":0},{"KeepersGift":0,"TheCursedMod:BloodyHarpoon":6,"TheCursedMod:BlackMagic101":0,"MerchantsRug":3,"Menagerie:HuntersKnife":0,"Counterbalance":3,"Boot":0,"Dota2Spire:EyeOfSkadi":0,"halation:EternalFortune":6,"ChewingGum":4,"REME_HandOfSuture":2,"SalivaCoin":3,"halation:PromiseList":6,"Membership Card":6,"Replay:Bottled Eggs":6,"HushsDoor":0,"REME_ComplimentaryCards":0,"BloodDonationMachine":0},{"KeepersGift":0,"TheCursedMod:BloodyHarpoon":28,"TheCursedMod:BlackMagic101":0,"MerchantsRug":16,"Menagerie:HuntersKnife":0,"Counterbalance":16,"Boot":0,"Dota2Spire:EyeOfSkadi":0,"halation:EternalFortune":28,"ChewingGum":19,"REME_HandOfSuture":12,"SalivaCoin":16,"halation:PromiseList":28,"Membership Card":28,"Replay:Bottled Eggs":28,"HushsDoor":0,"REME_ComplimentaryCards":0,"BloodDonationMachine":0}]},"card_choices":[{"not_picked":[],"picked":"Bomb","floor":0},{"not_picked":["TheCursedMod:HellfireBreathing","TheCursedMod:SmokeScreen"],"picked":"Bomb","floor":7},{"not_picked":["TheCursedMod:SpitefulStrike","TheCursedMod:SurpriseAttack"],"picked":"TheCursedMod:RavingStaff","floor":9},{"not_picked":["Chrysalis","ChaosCard"],"picked":"TheCursedMod:OutForBlood","floor":10},{"not_picked":["TheCursedMod:ForbiddenAlchemy","REME_AllRoundStrike"],"picked":"TheCursedMod:NeowsMight","floor":16},{"not_picked":["expansioncontent:YouAreMine","TheCursedMod:ReleasedKnowledge"],"picked":"Replay:Bootleg Shield Generator","floor":18},{"not_picked":["TheCursedMod:CursedShiv","TheCursedMod:CursedArmor"],"picked":"Enlightenment+1","floor":21}],"player_experience":3931400,"relics_obtained":[{"floor":3,"key":"Boot"},{"floor":9,"key":"REME_HandOfSuture"},{"floor":10,"key":"Counterbalance"},{"floor":21,"key":"halation:PromiseList"},{"floor":21,"key":"Replay:Bottled Eggs"}],"event_choices":[{"damage_healed":0,"gold_gain":0,"player_choice":"Take","damage_taken":0,"relics_obtained":["Menagerie:HuntersKnife"],"max_hp_gain":0,"max_hp_loss":7,"event_name":"Menagerie:BigGameHunter","floor":4,"gold_loss":0},{"damage_healed":0,"gold_gain":0,"player_choice":"Invest 4","damage_taken":0,"max_hp_gain":0,"max_hp_loss":0,"event_name":"conspire:Investor","floor":5,"gold_loss":0},{"damage_healed":0,"gold_gain":0,"player_choice":"Knelt","damage_taken":0,"max_hp_gain":0,"max_hp_loss":5,"event_name":"Menagerie:BeastSpiritShrine","floor":14,"gold_loss":0,"cards_obtained":["Menagerie:BeastSpirit"]},{"damage_healed":0,"gold_gain":0,"player_choice":"Fight","damage_taken":0,"max_hp_gain":0,"max_hp_loss":0,"event_name":"HidenRoomEvent","floor":21,"gold_loss":0}],"is_beta":false,"boss_relics":[{"not_picked":["Ring of Chaos","halation:MonkeysPaw"],"picked":"ChewingGum"},{"not_picked":[]}],"items_purged_floors":[],"is_endless":false,"potions_floor_spawned":[10,21],"killed_by":"Hallownest:2_Mistakes","ascension_level":20}}