{"host":"0av13bfd5y1jedv9","time":1611314750,"event":{"mods":["AchievementEnabler","Act Like it!","Aspiration","BaseMod","Bestiary","Challenge The Spire","Colored Map","Conspire","Downfall","Energized Spire","GifTheSpireLib","Highlight Path","Hubris","Infinite Spire","Minty Spire (QoL Compilation)","Relic Sorter","Spicy Shops","Spikes Relics","StSLib","Stuff the Spire","Synergy Search","vexMod"],"gold_per_floor":[99,99,99,99,99,99,123,152,52,84,51,63,63,94,105,210,210,210,220,220,220,220,30,30,142,142,142,142,18,38,137,137,137,137,137,153,187,187,87,87,103,103,117,132,132],"floor_reached":51,"language":"ENG","playtime":3425,"items_purged":["Regret","Pain"],"score":842,"play_id":"1caea5a7-8492-412b-a3ff-8a6b8ce2fdf8","local_time":"20210122112550","is_ascension_mode":true,"campfire_choices":[{"floor":1,"key":"RECALL"},{"data":"champ:MurderStrike","floor":9,"key":"SMITH"},{"floor":13,"key":"REST"},{"data":"champ:GutPunch","floor":18,"key":"SMITH"},{"data":"expansioncontent:StudyTheSpire","floor":23,"key":"SMITH"},{"data":"champ:Duel","floor":26,"key":"SMITH"},{"data":"champ:RecklessLeap","floor":28,"key":"SMITH"},{"data":"StuffTheSpire:Rapture","floor":30,"key":"SMITH"},{"data":"champ:TornadoPunch","floor":35,"key":"SMITH"},{"floor":42,"key":"REST"},{"floor":44,"key":"REST"},{"floor":47,"key":"REST"}],"circlet_count":0,"master_deck":["conspire:GhostlyStrike","conspire:GhostlyStrike","conspire:GhostlyStrike","conspire:GhostlyStrike","conspire:GhostlyDefend","conspire:GhostlyDefend","conspire:GhostlyDefend","conspire:GhostlyDefend","champ:Execute","champ:Taunt","champ:TornadoPunch+1","champ:GutPunch+1","champ:FocusedDefense","champ:MurderStrike+1","champ:Duel+1","champ:ShieldSlam","expansioncontent:StudyTheSpire+1","champ:ArenaPreparation","champ:StanceDance","champ:MurderStrike","champ:RecklessLeap+1","champ:ArenaPreparation","StuffTheSpire:Rapture+1","champ:Duel+1","champ:VampiricStrike","champ:GutPunch+1","champ:LastStand+1","champ:FaceSlap+1","champ:FlashCut"],"relics":["champ:ChampionCrown","hubris:Reverence","downfall:HeartsMalice","downfall:HeartBlessingRed","conspire:TopHat","hubris:Teleporter","energizedSpire:RedRose","hubris:MobiusCoin","aspiration:FetidBarrel","infinitespire:Bottled Soul","Lantern","infinitespire:Lucky Rock","vexMod:BigBerry","Toxic Egg 2","downfall:HeartBlessingBlue"],"acts_visited":["Exordium","TheCity","TheBeyond"],"potions_floor_usage":[25,27,38,40,40,50],"damage_taken":[{"damage":0,"enemies":"Jaw Worm","floor":2,"turns":1},{"damage":0,"enemies":"downfall:FleeingMerchant","floor":3,"turns":1},{"damage":0,"enemies":"2 Louse","floor":6,"turns":1},{"damage":43,"enemies":"3 Sentries","floor":8,"turns":7},{"damage":51,"enemies":"Lagavulin","floor":10,"turns":5},{"damage":20,"enemies":"downfall:FleeingMerchant","floor":11,"turns":4},{"damage":0,"enemies":"Small Slimes","floor":12,"turns":3},{"damage":15,"enemies":"Gremlin Nob","floor":14,"turns":3},{"damage":29,"enemies":"Exordium Wildlife","floor":15,"turns":4},{"damage":50,"enemies":"IC_STATUS_ARCHETYPE","floor":16,"turns":5},{"damage":24,"enemies":"Chosen","floor":20,"turns":2},{"damage":34,"enemies":"downfall:FleeingMerchant","floor":25,"turns":4},{"damage":32,"enemies":"Centurion and Healer","floor":27,"turns":3},{"damage":61,"enemies":"downfall:FleeingMerchant","floor":31,"turns":3},{"damage":34,"enemies":"Chosen and Byrds","floor":32,"turns":3},{"damage":49,"enemies":"SI_MIRROR_ARCHETYPE","floor":33,"turns":4},{"damage":109,"enemies":"3 Darklings","floor":38,"turns":3},{"damage":90,"enemies":"Reptomancer","floor":40,"turns":3},{"damage":12,"enemies":"Orb Walker","floor":45,"turns":2},{"damage":51,"enemies":"4 Shapes","floor":48,"turns":4},{"damage":52,"enemies":"Sphere and 2 Shapes","floor":49,"turns":4},{"damage":73,"enemies":"DF_ARCHETYPE_ORBS","floor":50,"turns":4}],"seed_played":"-5972795867385696623","potions_obtained":[{"floor":12,"key":"SpeedPotion"},{"floor":14,"key":"LiquidMemories"},{"floor":15,"key":"SkillPotion"},{"floor":27,"key":"Block Potion"},{"floor":32,"key":"Fire Potion"},{"floor":37,"key":"Slimebound:ThreeZeroPotion"},{"floor":37,"key":"Energy Potion"},{"floor":38,"key":"DuplicationPotion"},{"floor":40,"key":"SkillPotion"}],"is_trial":false,"path_per_floor":["R","M","$","?","?","M","T","E","R","E","$","M","R","E","M","B",null,"R","M","?","R","T","$","R","M","R","?","R","$","M","B",null,"R","?","?","M","E","T","R","R","M","R","M","M","B",null],"character_chosen":"THE_CHAMP","items_purchased":["expansioncontent:StudyTheSpire","infinitespire:Bottled Soul","Lantern","infinitespire:Lucky Rock","champ:VampiricStrike"],"campfire_rested":4,"item_purchase_floors":[11,25,31,31,31],"current_hp_per_floor":[90,90,90,90,90,90,90,72,72,46,46,46,73,73,59,39,90,90,86,86,86,86,82,82,70,70,70,70,69,65,56,120,120,120,120,81,21,21,70,109,107,130,109,82,59],"gold":132,"neow_bonus":"THREE_ENEMY_KILL","is_daily":false,"chose_seed":false,"campfire_upgraded":7,"win_rate":0.0,"timestamp":1611314750,"path_taken":["R","M","$","?","?","M","T","E","R","E","?","M","R","E","M","BOSS","R","M","?","R","T","?","R","M","R","?","R","$","M","BOSS","R","?","?","?","E","T","R","R","M","R","M","M","BOSS"],"items_purchased_type":["Card","Relic","Relic","Relic","Card"],"build_version":"2020-12-22","purchased_purges":2,"victory":true,"max_hp_per_floor":[90,90,90,90,90,90,90,90,90,90,90,90,90,90,90,90,90,90,90,90,90,90,90,90,90,90,90,90,90,90,90,120,120,120,120,120,120,120,130,130,130,130,130,130,130],"card_choices":[{"not_picked":["champ:Parry","champ:AdrenalArmor"],"picked":"champ:TornadoPunch","floor":2},{"not_picked":["champ:Circumvent","champ:Parry"],"picked":"champ:GutPunch","floor":3},{"not_picked":["champ:FalseCounter","champ:Endure"],"picked":"champ:FocusedDefense","floor":6},{"not_picked":["champ:CrownThrow","champ:PerfectedStrike"],"picked":"champ:MurderStrike","floor":8},{"not_picked":["champ:Circumvent","champ:BerserkersShout"],"picked":"champ:Duel","floor":10},{"not_picked":["champ:FocusedDefense","champ:Shatter"],"picked":"champ:ShieldSlam","floor":11},{"not_picked":["champ:SteelEdge","champ:PerfectedStrike"],"picked":"champ:ArenaPreparation","floor":12},{"not_picked":["champ:CrownThrow","champ:EnGarde","champ:GutPunch"],"picked":"SKIP","floor":14},{"not_picked":["champ:AdrenalArmor","champ:FocusedDefense"],"picked":"champ:StanceDance","floor":15},{"not_picked":["champ:IgnorePain","champ:Improvising"],"picked":"champ:MurderStrike","floor":16},{"not_picked":["champ:TornadoPunch","champ:BladeFlurry","champ:FanOfKnives"],"picked":"SKIP","floor":20},{"not_picked":["champ:FanOfKnives+1","champ:IronFortress"],"picked":"champ:RecklessLeap","floor":25},{"not_picked":["champ:StanceDance","champ:TornadoPunch"],"picked":"champ:ArenaPreparation","floor":27},{"not_picked":["StuffTheSpire:CelestialWarden","StuffTheSpire:Perfection"],"picked":"StuffTheSpire:Rapture","floor":29},{"not_picked":["champ:DefensiveShout","champ:StanceDance"],"picked":"champ:Duel+1","floor":31},{"not_picked":["champ:EnGarde","champ:Circumvent+1"],"picked":"champ:GutPunch+1","floor":32},{"not_picked":["champ:ShieldThrow","champ:SteelEdge"],"picked":"champ:LastStand","floor":33},{"not_picked":["champ:DeathBlow","champ:BerserkersShout"],"picked":"champ:FaceSlap+1","floor":38},{"not_picked":["champ:PreciseThrust","champ:FaceSlap","champ:BladeFlurry"],"picked":"SKIP","floor":40},{"not_picked":["champ:BringItOn+1","champ:StanceDance+1","champ:AdrenalArmor+1"],"picked":"SKIP","floor":45},{"not_picked":["champ:Encircle+1","champ:DefensiveShout+1"],"picked":"champ:FlashCut","floor":48},{"not_picked":["champ:EnGarde+1","champ:CrookedStrike","champ:CrownThrow"],"picked":"SKIP","floor":49}],"player_experience":201281,"relics_obtained":[{"floor":7,"key":"MiniBlackHole"},{"floor":8,"key":"hubris:Reverence"},{"floor":10,"key":"conspire:TopHat"},{"floor":14,"key":"hubris:Teleporter"},{"floor":24,"key":"aspiration:FetidBarrel"},{"floor":40,"key":"Toxic Egg 2"}],"event_choices":[{"damage_healed":0,"gold_gain":0,"player_choice":"Agree","damage_taken":0,"max_hp_gain":0,"max_hp_loss":0,"event_name":"conspire:LoneGhost","floor":4,"gold_loss":0},{"damage_healed":0,"gold_gain":0,"player_choice":"Got Potions","damage_taken":0,"max_hp_gain":0,"max_hp_loss":0,"event_name":"Lab","floor":37,"gold_loss":0}],"is_beta":false,"boss_relics":[{"not_picked":["Runic Dome","hubris:Stopwatch"],"picked":"energizedSpire:RedRose"},{"not_picked":["vexMod:EndlessSickness","conspire:RoyalGoblet"],"picked":"vexMod:BigBerry"}],"items_purged_floors":[25,31],"is_endless":false,"potions_floor_spawned":[12,14,15,27,32,38,40],"ascension_level":1}}