{"host":"3xls0xm49ftugio7","time":1611317655,"event":{"mods":["2.2 Compatiblity","AchievementEnabler","Act Like it!","BaseMod","Bestiary","Colored Powertips","Infinite Spire","Minty Spire (QoL Compilation)","Quick Restart","StSLib"],"gold_per_floor":[151,151,196,239,314,374,374,440,463,463,554,613,613,282,282,380,380,415,330,255,320,363,363,383,433,433,449,506,542,8,26,26,97,97,166,186,186,222,238,266,266,266,266],"floor_reached":42,"language":"ENG","playtime":2107,"items_purged":["Strike_R"],"score":989,"play_id":"27be150d-3dd9-495f-8653-5b00788cceea","local_time":"20210122141415","is_ascension_mode":true,"campfire_choices":[{"floor":7,"key":"REST"},{"data":"Bash","floor":10,"key":"SMITH"},{"data":"Battle Trance","floor":13,"key":"SMITH"},{"data":"Shrug It Off","floor":15,"key":"SMITH"},{"floor":23,"key":"REST"},{"floor":32,"key":"REST"},{"floor":41,"key":"REST"}],"circlet_count":0,"master_deck":["AscendersBane","Defend_R","Defend_R","Defend_R","Defend_R","Bash+1","HandOfGreed+1","Headbutt","Iron Wave","Battle Trance+1","Shrug It Off+1","Impervious","Feel No Pain","Demon Form","Sword Boomerang+1","infinitespire:OneForAll","True Grit","Searing Blow+1","Cleave","Demon Form","Feed","Shockwave+1","Entrench+1","Battle Trance+1","Shockwave+1","infinitespire:SealOfDarkness+","Twin Strike+1","Feed"],"relics":["Burning Blood","Art of War","infinitespire:PuzzleCube","Potion Belt","Vajra","Snecko Eye","The Courier","Lizard Tail","infinitespire:BottledMercury","Omamori","Bird Faced Urn","DollysMirror","Nunchaku","Astrolabe","StoneCalendar","Black Star","InkBottle","Smiling Mask"],"acts_visited":["Exordium","TheCity","TheBeyond"],"potions_floor_usage":[16,24,24,24,24,24,25,28,29,33,40,42],"damage_taken":[{"damage":4,"enemies":"2 Louse","floor":1,"turns":3},{"damage":1,"enemies":"Cultist","floor":3,"turns":3},{"damage":7,"enemies":"Jaw Worm","floor":4,"turns":4},{"damage":39,"enemies":"Gremlin Nob","floor":6,"turns":4},{"damage":2,"enemies":"Exordium Thugs","floor":8,"turns":4},{"damage":10,"enemies":"Gremlin Gang","floor":11,"turns":5},{"damage":12,"enemies":"Lagavulin","floor":12,"turns":6},{"damage":32,"enemies":"The Guardian","floor":16,"turns":17},{"damage":21,"enemies":"Shell Parasite","floor":18,"turns":4},{"damage":8,"enemies":"2 Thieves","floor":21,"turns":3},{"damage":25,"enemies":"Cultist and Chosen","floor":22,"turns":6},{"damage":37,"enemies":"Shelled Parasite and Fungi","floor":24,"turns":5},{"damage":13,"enemies":"Gremlin Leader","floor":25,"turns":6},{"damage":0,"enemies":"Centurion and Healer","floor":27,"turns":4},{"damage":10,"enemies":"Nightmare","floor":28,"turns":6},{"damage":14,"enemies":"Sentry and Sphere","floor":29,"turns":4},{"damage":0,"enemies":"Snecko","floor":31,"turns":3},{"damage":48,"enemies":"Champ","floor":33,"turns":8},{"damage":15,"enemies":"3 Shapes","floor":35,"turns":4},{"damage":5,"enemies":"Orb Walker","floor":36,"turns":3},{"damage":25,"enemies":"Spire Growth","floor":38,"turns":4},{"damage":23,"enemies":"Jaw Worm Horde","floor":39,"turns":4},{"damage":25,"enemies":"Giant Head","floor":40,"turns":7},{"damage":50,"enemies":"3 Darklings","floor":42,"turns":4}],"seed_played":"-1609790646941563044","potions_obtained":[{"floor":4,"key":"Block Potion"},{"floor":11,"key":"EntropicBrew"},{"floor":12,"key":"Swift Potion"},{"floor":22,"key":"Ancient Potion"},{"floor":24,"key":"BloodPotion"},{"floor":25,"key":"GamblersBrew"},{"floor":29,"key":"Regen Potion"},{"floor":33,"key":"LiquidMemories"},{"floor":35,"key":"SmokeBomb"},{"floor":39,"key":"Explosive Potion"}],"is_trial":false,"path_per_floor":["M","?","M","M","?","E","R","M","T","R","M","E","R","$","R","B",null,"M","?","?","M","M","R","M","E","T","M","NM","M","$","M","R","B",null,"M","M","AVR","M","M","E","R","M"],"character_chosen":"IRONCLAD","items_purchased":["Vajra","Feel No Pain","Bird Faced Urn","DollysMirror","Nunchaku"],"campfire_rested":4,"item_purchase_floors":[14,14,30,30,30],"current_hp_per_floor":[68,68,68,67,56,23,43,47,47,47,43,37,37,37,37,11,54,39,39,39,37,18,38,7,13,13,19,15,7,7,17,37,44,62,62,68,68,53,40,23,45,0,0],"gold":266,"neow_bonus":"RANDOM_COLORLESS_2","is_daily":false,"chose_seed":false,"campfire_upgraded":3,"win_rate":0.0,"timestamp":1611317655,"path_taken":["M","?","M","?","?","E","R","M","T","R","M","E","R","$","R","BOSS","M","?","?","M","?","R","M","E","T","M","NM","M","$","M","R","BOSS","M","M","AVR","?","M","E","R","?"],"items_purchased_type":["Relic","Card","Relic","Relic","Relic"],"build_version":"2020-12-22","purchased_purges":1,"victory":false,"max_hp_per_floor":[68,68,68,68,68,68,68,68,68,68,68,68,68,68,68,68,68,68,68,68,68,68,68,68,68,68,68,68,68,68,68,68,68,68,71,74,74,74,74,74,74,74,74],"card_choices":[{"not_picked":["Mayhem","Magnetism"],"picked":"HandOfGreed","floor":0},{"not_picked":["Carnage","Armaments"],"picked":"Headbutt","floor":1},{"not_picked":["Bloodletting","Pommel Strike"],"picked":"Iron Wave","floor":3},{"not_picked":["Havoc","Carnage"],"picked":"Battle Trance","floor":4},{"not_picked":["Havoc","Clash","Second Wind"],"picked":"SKIP","floor":6},{"not_picked":["Combust","Heavy Blade"],"picked":"Shrug It Off","floor":8},{"not_picked":["Dual Wield","Dropkick"],"picked":"Impervious","floor":11},{"not_picked":["Second Wind","Dark Embrace","Thunderclap"],"picked":"SKIP","floor":12},{"not_picked":["Exhume","Impervious"],"picked":"Demon Form","floor":16},{"not_picked":["Iron Wave","Thunderclap","Flex"],"picked":"SKIP","floor":18},{"not_picked":["Spot Weakness","Fire Breathing"],"picked":"Sword Boomerang+1","floor":21},{"not_picked":["Barricade","Clothesline"],"picked":"infinitespire:OneForAll","floor":22},{"not_picked":["Body Slam","Havoc","Burning Pact"],"picked":"SKIP","floor":24},{"not_picked":["Bloodletting","Flex","Perfected Strike"],"picked":"SKIP","floor":25},{"not_picked":["Exhume","Evolve"],"picked":"True Grit","floor":27},{"not_picked":["Whirlwind","Shrug It Off"],"picked":"Searing Blow+1","floor":28},{"not_picked":["Infernal Blade","Anger"],"picked":"Cleave","floor":29},{"not_picked":["Combust","Clothesline","Rampage"],"picked":"SKIP","floor":31},{"not_picked":["Demon Form","Fiend Fire"],"picked":"Feed","floor":33},{"not_picked":["Dropkick+1","Sword Boomerang"],"picked":"Shockwave+1","floor":35},{"not_picked":["Carnage","Perfected Strike","Blood for Blood"],"picked":"SKIP","floor":36},{"not_picked":["True Grit","Metallicize"],"picked":"Twin Strike+1","floor":38},{"not_picked":["Havoc","Twin Strike","Second Wind"],"picked":"SKIP","floor":39},{"not_picked":["Pommel Strike","Sentinel"],"picked":"Feed","floor":40}],"player_experience":720379,"relics_obtained":[{"floor":6,"key":"Art of War"},{"floor":9,"key":"infinitespire:PuzzleCube"},{"floor":12,"key":"Potion Belt"},{"floor":25,"key":"Lizard Tail"},{"floor":26,"key":"infinitespire:BottledMercury"},{"floor":28,"key":"Omamori"},{"floor":40,"key":"InkBottle"},{"floor":40,"key":"Smiling Mask"}],"event_choices":[{"damage_healed":0,"gold_gain":0,"player_choice":"Upgraded","damage_taken":0,"max_hp_gain":0,"max_hp_loss":0,"event_name":"Upgrade Shrine","floor":2,"gold_loss":0,"cards_upgraded":["HandOfGreed"]},{"damage_healed":0,"gold_gain":75,"player_choice":"Gather Gold","damage_taken":11,"max_hp_gain":0,"max_hp_loss":0,"event_name":"World of Goop","floor":5,"gold_loss":0},{"damage_healed":0,"gold_gain":0,"player_choice":"Obtained Relic","damage_taken":0,"relics_obtained":["The Courier"],"max_hp_gain":0,"max_hp_loss":0,"event_name":"Addict","floor":19,"gold_loss":85},{"cards_removed":["Strike_R"],"damage_healed":0,"gold_gain":0,"player_choice":"Gave Gold","damage_taken":0,"max_hp_gain":0,"max_hp_loss":0,"event_name":"Beggar","floor":20,"gold_loss":75}],"is_beta":false,"boss_relics":[{"not_picked":["Cursed Key","infinitespire:Burning Sword"],"picked":"Snecko Eye"},{"not_picked":["Pandora\u0027s Box","Tiny House"],"picked":"Astrolabe"}],"items_purged_floors":[14],"is_endless":true,"potions_floor_spawned":[4,11,12,22,24,25,29,33,35,39],"killed_by":"3 Darklings","ascension_level":20}}