{"host":"3pcjltfiofc9y6qs","time":1611317606,"event":{"mods":["BaseMod","Colored Map","Downfall","Minty Spire (QoL Compilation)","Permanent Neow","Relic Stats","StSLib"],"gold_per_floor":[199,199,214,279,295,295,295,295,295,295],"floor_reached":8,"language":"ENG","playtime":538,"items_purged":[],"score":44,"play_id":"b21c32ed-9bdf-4b69-a18b-d2925f8e44fc","local_time":"20210122131326","is_ascension_mode":false,"campfire_choices":[{"data":"Slimebound:CorrosiveSpit","floor":1.0,"key":"SMITH"},{"floor":6.0,"key":"RECALL"}],"circlet_count":0,"master_deck":["Slimebound:Strike_Slimebound","Slimebound:Strike_Slimebound","Slimebound:Tackle","Slimebound:Defend_Slimebound","Slimebound:Defend_Slimebound","Slimebound:Defend_Slimebound","Slimebound:Defend_Slimebound","Slimebound:Split","Slimebound:CorrosiveSpit+1","Slimebound:LeechEnergy","Slimebound:Equalize","Slimebound:SplitAcid"],"relics":["Slimebound:AbsorbEndCombat","InkBottle","Eternal Feather"],"acts_visited":["Exordium"],"potions_floor_usage":[],"damage_taken":[{"damage":8.0,"enemies":"Small Slimes","floor":3.0,"turns":4.0},{"damage":35.0,"enemies":"Gremlin Nob","floor":4.0,"turns":4.0},{"damage":1.0,"enemies":"Cultist","floor":5.0,"turns":4.0},{"damage":55,"enemies":"3 Sentries","floor":8,"turns":5}],"seed_played":"-1382907261830313456","potions_obtained":[{"floor":5.0,"key":"Ancient Potion"}],"is_trial":false,"path_per_floor":["R","?","M","?","M","R","T","E"],"character_chosen":"SLIMEBOUND","items_purchased":[],"campfire_rested":0,"item_purchase_floors":[],"current_hp_per_floor":[65,65,61,32,45,45,45,0,0,0],"gold":295,"neow_bonus":"HUNDRED_GOLD","is_daily":false,"chose_seed":false,"campfire_upgraded":1,"win_rate":0.0,"timestamp":1611317606,"path_taken":["R","?","M","?","M","R","T","E"],"items_purchased_type":[],"build_version":"2020-12-22","purchased_purges":0,"victory":false,"max_hp_per_floor":[65,65,65,65,65,65,65,65,65,65],"relic_stats":{"counters":[4,17],"Eternal Feather":0,"obtain_stats":[{"Eternal Feather":7,"Slimebound:AbsorbEndCombat":0,"InkBottle":4},{"Eternal Feather":3,"Slimebound:AbsorbEndCombat":0,"InkBottle":1},{"Eternal Feather":12,"Slimebound:AbsorbEndCombat":0,"InkBottle":4}],"InkBottle":[3]},"card_choices":[{"not_picked":["Slimebound:Gluttony","Slimebound:ItLooksTasty"],"picked":"Slimebound:LeechEnergy","floor":3.0},{"not_picked":["Slimebound:FinishingTackle","Slimebound:SplitLeeching"],"picked":"Slimebound:Equalize","floor":4.0},{"not_picked":["Slimebound:Schlurp","Slimebound:SplitMire"],"picked":"Slimebound:SplitAcid","floor":5.0}],"player_experience":433853,"relics_obtained":[{"floor":7.0,"key":"Eternal Feather"}],"event_choices":[],"is_beta":false,"boss_relics":[],"items_purged_floors":[],"is_endless":false,"potions_floor_spawned":[5],"killed_by":"3 Sentries","ascension_level":0}}