{"host":"r10yh36zs2k9z1sa","time":1611324320,"event":{"mods":["AchievementEnabler","Act Like it!","Aspiration","Astrologer","BaseMod","Colored Map","Conspire","Decade(¤ý¤p©ú)","Gensokyo","Hermit","Highlight Path","KinomotoSakuraMod(¤ì¤§¥»?)","Koishi","KomeijiMod","Marisa¡]Ãú«B¡@Å]²z¨F¡^","Minty Spire (QoL Compilation)","Permanent Neow","Quick Restart","Reimu¡]³Õ???¡^","Remilia¡]Á¢¦Ì²ú?¡^","StSLib","SuperFastMode","The Administrix","The Animator","The Bug Knight","The Cursed","The Gatherer","The Marked","The Mystic","The Saiyan","The Senshi","The Servant 0.9.4","Youmu¡]»î¾z§¯?¡^","Yuri Mod","Yuyuko"],"gold_per_floor":[111,111,125,142,161,161,175,206,206,206,206,206,221,251,251,346,346,358,457,457,457,457],"floor_reached":21,"language":"ZHS","playtime":988,"items_purged":[],"score":342,"play_id":"564c2919-228e-40c5-82c8-a5970a1f4387","local_time":"20210122220520","is_ascension_mode":true,"campfire_choices":[{"data":"Moondial","floor":6.0,"key":"SMITH"},{"data":"Initiator","floor":12.0,"key":"SMITH"}],"circlet_count":0,"master_deck":["AscendersBane","Strike_S","Strike_S","Strike_S","Strike_S","Defend_S","Defend_S","Defend_S","Defend_S","KidneyShot","Exchange","Sunlight","BottledTime","Initiator+1","Moondial+1","Defy","Defy","Injury","Initiator","WasteNot","Exhaustion"],"relics":["Uniform","HollowMod:StagPassRelic","OldScarf","Toxic Egg 2","WingedGreaves","conspire:RoyalGoblet"],"acts_visited":["Exordium","TheCity"],"potions_floor_usage":[21],"damage_taken":[{"damage":0.0,"enemies":"2 Louse","floor":1.0,"turns":2.0},{"damage":0.0,"enemies":"Cultist","floor":3.0,"turns":3.0},{"damage":0.0,"enemies":"Small Slimes","floor":4.0,"turns":3.0},{"damage":1.0,"enemies":"2 Fungi Beasts","floor":5.0,"turns":4.0},{"damage":6.0,"enemies":"3 Louse","floor":7.0,"turns":3.0},{"damage":7.0,"enemies":"3 Sentries","floor":8.0,"turns":4.0},{"damage":0.0,"enemies":"Exordium Thugs","floor":13.0,"turns":3.0},{"damage":0.0,"enemies":"Gremlin Nob","floor":14.0,"turns":2.0},{"damage":11.0,"enemies":"The Guardian","floor":16.0,"turns":14.0},{"damage":34.0,"enemies":"3 Byrds","floor":18.0,"turns":7.0},{"damage":8,"enemies":"Snake Plant","floor":21,"turns":2}],"seed_played":"8434548329114495682","potions_obtained":[{"floor":5.0,"key":"DistilledChaos"},{"floor":8.0,"key":"PowerPotion"},{"floor":13.0,"key":"Swift Potion"},{"floor":16.0,"key":"FearPotion"}],"is_trial":false,"path_per_floor":["M","?","M","M","M","R","M","E","T","?","?","R","M","E","R","B",null,"M","?","?","M"],"character_chosen":"THE_SERVANT","items_purchased":[],"campfire_rested":0,"item_purchase_floors":[],"current_hp_per_floor":[59,59,59,59,58,58,52,45,45,45,45,45,45,45,45,34,57,23,23,23,15,15],"gold":457,"neow_bonus":"ONE_RANDOM_RARE_CARD","is_daily":false,"chose_seed":false,"campfire_upgraded":2,"win_rate":0.0,"timestamp":1611324320,"path_taken":["M","?","?","M","?","R","M","E","T","?","?","R","M","E","R","BOSS","M","?","?","M"],"items_purchased_type":[],"build_version":"2020-12-22","purchased_purges":0,"victory":false,"max_hp_per_floor":[65,65,65,65,65,65,65,65,65,65,65,65,65,65,65,65,65,65,65,65,65,65],"card_choices":[{"not_picked":["ShatteredReality","Alleviate"],"picked":"BottledTime","floor":1.0},{"not_picked":["StarChef","Rewind"],"picked":"Moondial","floor":3.0},{"not_picked":["Revamp","Gouge"],"picked":"Defy","floor":4.0},{"not_picked":["Reset","Ricochet"],"picked":"Defy","floor":5.0},{"not_picked":["Alleviate","DualDimension","Revamp"],"picked":"SKIP","floor":7.0},{"not_picked":["Alleviate","Defy","Replace"],"picked":"SKIP","floor":8.0},{"not_picked":["Potential","Unruled","Snipe"],"picked":"SKIP","floor":13.0},{"not_picked":["Reset+1","Replace+1","Spin"],"picked":"SKIP","floor":14.0},{"not_picked":["TrueSight","PendulumOfEternity"],"picked":"Initiator","floor":16.0},{"not_picked":["ShatteredReality","Sabotage"],"picked":"WasteNot","floor":18.0}],"player_experience":295078,"relics_obtained":[{"floor":8.0,"key":"HollowMod:StagPassRelic"},{"floor":9.0,"key":"OldScarf"},{"floor":14.0,"key":"WingedGreaves"}],"event_choices":[{"damage_healed":0.0,"max_hp_gain":0.0,"max_hp_loss":0.0,"gold_gain":0.0,"event_name":"Match and Keep!","player_choice":"1 cards matched","floor":2.0,"gold_loss":0.0,"damage_taken":0.0,"cards_obtained":["Initiator"]},{"damage_healed":0.0,"max_hp_gain":0.0,"max_hp_loss":0.0,"gold_gain":99.0,"event_name":"Nest","player_choice":"Stole From Cult","floor":19.0,"gold_loss":0.0,"damage_taken":0.0}],"is_beta":false,"boss_relics":[{"not_picked":["Cursed Key","Calling Bell"],"picked":"conspire:RoyalGoblet"}],"items_purged_floors":[],"is_endless":false,"potions_floor_spawned":[5,8,13,16],"killed_by":"Snake Plant","ascension_level":12}}