{"host":"0cm5wy4nhuju7tij","time":1611276355,"event":{"mods":["100% Spire Juice","2.2 Compatiblity","AchievementEnabler","Aspiration","BaseMod","Better Third Choice","BetterRewards","CCEM","CapriCore","Colored Powertips","Curses Come First","Custom Start","Displayed Cursed Tome","Downfall","Energized Spire","Evolution","Filter the Spire","Highlight Path","Jess\u0027s Bottle","Minty Spire (QoL Compilation)","Permanent Neow","Poor People Problems","Relic Stats","Shop Mod","Spicy Shops","StSLib","The Cursed","The Juggle","The Sage"],"gold_per_floor":[116,116,132,10,10,10,43,43,70,81,95,110,110,139,139,243,243,261,281,292,304,319,319,346,362,362,390,15,15,15,28,28,128,128,128,128,128,16,31,31,31,48,72,87,87,87],"floor_reached":45,"language":"ENG","playtime":3778,"items_purged":[],"score":736,"play_id":"30a0b0cb-d692-47d0-b619-faeccb53ae2c","local_time":"20210121194555","is_ascension_mode":true,"campfire_choices":[{"data":"TheCursedMod:HellfireBreathing","floor":6,"key":"SMITH"},{"data":"TheCursedMod:CursedBoomerang","floor":8,"key":"SMITH"},{"data":"TheCursedMod:Stigma","floor":13,"key":"SMITH"},{"data":"TheCursedMod:ParallelWorld","floor":15,"key":"SMITH"},{"data":"TheCursedMod:OutForBlood","floor":23,"key":"SMITH"},{"data":"TheCursedMod:AbyssShockwave","floor":32,"key":"SMITH"}],"circlet_count":0,"master_deck":["TheCursedMod:CleanUpWorkshop","TheCursedMod:CursedAmulet","TheCursedMod:HellfireBreathing+1","TheCursedMod:HellfireBreathing","TheCursedMod:SpitefulPlan","TheCursedMod:LuckyCharm","TheCursedMod:CursedSpellbook","TheCursedMod:NeowsMight","TheCursedMod:ParallelWorld+1","TheCursedMod:CircleOfAmplification+1","TheCursedMod:WearCloak","TheCursedMod:VitalStrike","TheCursedMod:CursedBoomerang","TheCursedMod:CursedBoomerang+1","TheCursedMod:CircleOfBlood","TheCursedMod:SurpriseAttack","TheCursedMod:Stigma+1","TheCursedMod:AbyssShockwave+1","TheCursedMod:DemonSword","TheCursedMod:CursedShiv","TheCursedMod:CircleOfAbyss","TheCursedMod:CursedAmulet","TheCursedMod:OutForBlood+1","TheCursedMod:Hemoplague+1","TheCursedMod:FuryStrike+1","TheCursedMod:CursedBlade+1","Parasite","TheCursedMod:Mangle","TheCursedMod:FleshFromBone","TheCursedMod:LuckyCharm","Decay","TheCursedMod:HellfireBreathing","TheCursedMod:VoidForm","TheCursedMod:SoulReap","Madness","Madness","Pain","TheCursedMod:HellfireBreathing","TheCursedMod:CursedAmulet+1","TheCursedMod:ReleasedStrength+1","TheCursedMod:SpitefulPray+1"],"relics":["TheCursedMod:BlackMagicAdvanced","EVO:Axolotl","CCEMRelics:WrappedPresent","aspiration:ChemicalBlood","CCEMRelics:WarHorn","CCEMRelics:FryingPan","CCEMRelics:Pendulum","Pantograph","energizedSpire:EnergizedDie","Lantern","Singing Bowl","Mango","Membership Card","TheCursedMod:Tack","Art of War","bronze:MakeshiftBattery","Bottled Tornado","OrangePellets","aspiration:FetidBarrel"],"acts_visited":["Exordium","TheCity","TheBeyond"],"potions_floor_usage":[14,25,25,33,33,45,45],"damage_taken":[{"damage":0,"enemies":"Small Slimes","floor":1,"turns":2},{"damage":0,"enemies":"Cultist","floor":3,"turns":1},{"damage":8,"enemies":"3 Sentries","floor":7,"turns":4},{"damage":0,"enemies":"2 Louse","floor":10,"turns":2},{"damage":0,"enemies":"Exordium Wildlife","floor":11,"turns":2},{"damage":4,"enemies":"Large Slime","floor":12,"turns":1},{"damage":30,"enemies":"Gremlin Nob","floor":14,"turns":4},{"damage":0,"enemies":"Slime Boss","floor":16,"turns":4},{"damage":3,"enemies":"2 Thieves","floor":18,"turns":3},{"damage":8,"enemies":"Spheric Guardian","floor":19,"turns":4},{"damage":0,"enemies":"Snecko","floor":20,"turns":3},{"damage":0,"enemies":"3 Cultists","floor":21,"turns":4},{"damage":2,"enemies":"Snake Plant","floor":22,"turns":3},{"damage":43,"enemies":"Slavers","floor":24,"turns":4},{"damage":24,"enemies":"Shelled Parasite and Fungi","floor":25,"turns":3},{"damage":0,"enemies":"Book of Stabbing","floor":27,"turns":2},{"damage":1,"enemies":"Chosen and Byrds","floor":31,"turns":4},{"damage":23,"enemies":"Collector","floor":33,"turns":8},{"damage":0,"enemies":"3 Shapes","floor":35,"turns":3},{"damage":0,"enemies":"Orb Walker","floor":36,"turns":3},{"damage":27,"enemies":"Sphere and 2 Shapes","floor":39,"turns":3},{"damage":30,"enemies":"Reptomancer","floor":40,"turns":5},{"damage":5,"enemies":"Spire Growth","floor":41,"turns":4},{"damage":24,"enemies":"4 Shapes","floor":42,"turns":4},{"damage":25,"enemies":"Maw","floor":44,"turns":5},{"damage":74,"enemies":"Transient","floor":45,"turns":4}],"seed_played":"-3597775061386532411","potions_obtained":[{"floor":3,"key":"EssenceOfSteel"},{"floor":10,"key":"BlessingOfTheForge"},{"floor":11,"key":"FearPotion"},{"floor":14,"key":"Explosive Potion"},{"floor":14,"key":"Energy Potion"},{"floor":25,"key":"Fruit Juice"},{"floor":31,"key":"LiquidBronze"},{"floor":33,"key":"Regen Potion"},{"floor":35,"key":"Block Potion"}],"is_trial":false,"path_per_floor":["M","?","M","$","?","R","E","R","T","M","M","M","R","E","R","B",null,"M","M","M","M","M","R","E","M","T","E","$","?","R","M","R","B",null,"M","M","?","$","M","E","M","M","T","M","M"],"character_chosen":"THE_CURSED","items_purchased":["CCEMRelics:WrappedPresent","Membership Card","TheCursedMod:Mangle","TheCursedMod:Tack","TheCursedMod:FleshFromBone","Art of War","TheCursedMod:LuckyCharm","Bottled Tornado","OrangePellets","TheCursedMod:HellfireBreathing"],"campfire_rested":0,"item_purchase_floors":[4,28,28,28,28,28,28,38,38,38],"current_hp_per_floor":[75,75,75,75,68,68,60,60,60,60,62,75,75,47,47,75,75,72,67,73,75,73,73,32,17,17,41,41,41,41,44,44,69,96,96,98,86,86,61,61,98,84,84,71,0,0],"gold":87,"neow_bonus":"THREE_CARDS","is_daily":false,"chose_seed":false,"campfire_upgraded":6,"win_rate":0.0,"timestamp":1611276355,"path_taken":["M","?","?","?","?","R","E","R","T","M","?","M","R","E","R","BOSS","M","M","M","M","M","R","E","M","T","E","$","?","R","M","R","BOSS","M","M","?","$","M","E","M","M","T","M","M"],"items_purchased_type":["Relic","Relic","Card","Relic","Card","Relic","Card","Relic","Relic","Card"],"build_version":"2020-12-22","purchased_purges":0,"victory":false,"max_hp_per_floor":[75,75,75,75,75,75,75,75,75,75,75,75,75,75,75,75,75,75,75,75,75,75,75,75,80,80,96,96,96,96,96,96,96,96,96,98,98,98,98,98,98,100,100,102,102,102],"relic_stats":{"OrangePellets":[4],"Singing Bowl":8,"counters":[26,84],"Pantograph":50,"Art of War":[2],"obtain_stats":[{"Lantern":24,"TheCursedMod:BlackMagicAdvanced":0,"Singing Bowl":26,"CCEMRelics:WrappedPresent":4,"aspiration:FetidBarrel":40,"TheCursedMod:Tack":28,"CCEMRelics:Pendulum":9,"energizedSpire:EnergizedDie":17,"Mango":27,"EVO:Axolotl":0,"Bottled Tornado":38,"OrangePellets":38,"Pantograph":14,"CCEMRelics:FryingPan":7,"Art of War":28,"Membership Card":28,"CCEMRelics:WarHorn":4,"bronze:MakeshiftBattery":34,"aspiration:ChemicalBlood":4},{"Lantern":14,"TheCursedMod:BlackMagicAdvanced":0,"Singing Bowl":15,"CCEMRelics:WrappedPresent":2,"aspiration:FetidBarrel":22,"TheCursedMod:Tack":16,"CCEMRelics:Pendulum":3,"energizedSpire:EnergizedDie":8,"Mango":16,"EVO:Axolotl":0,"Bottled Tornado":20,"OrangePellets":20,"Pantograph":7,"CCEMRelics:FryingPan":3,"Art of War":16,"Membership Card":16,"CCEMRelics:WarHorn":2,"bronze:MakeshiftBattery":18,"aspiration:ChemicalBlood":2},{"Lantern":37,"TheCursedMod:BlackMagicAdvanced":0,"Singing Bowl":40,"CCEMRelics:WrappedPresent":3,"aspiration:FetidBarrel":67,"TheCursedMod:Tack":42,"CCEMRelics:Pendulum":7,"energizedSpire:EnergizedDie":19,"Mango":42,"EVO:Axolotl":0,"Bottled Tornado":59,"OrangePellets":59,"Pantograph":15,"CCEMRelics:FryingPan":7,"Art of War":42,"Membership Card":42,"CCEMRelics:WarHorn":3,"bronze:MakeshiftBattery":54,"aspiration:ChemicalBlood":3}]},"card_choices":[{"not_picked":["TheCursedMod:VitalStrike","TheCursedMod:Stretching"],"picked":"TheCursedMod:WearCloak","floor":0},{"not_picked":["TheCursedMod:Grudge","TheCursedMod:Obscuration"],"picked":"TheCursedMod:VitalStrike","floor":1},{"not_picked":["TheCursedMod:CursedMace","TheCursedMod:Grudge"],"picked":"TheCursedMod:CursedBoomerang","floor":3},{"not_picked":["TheCursedMod:SpitefulPlan","TheCursedMod:Obscuration"],"picked":"TheCursedMod:CursedBoomerang","floor":7},{"not_picked":["TheCursedMod:SoulCrush","TheCursedMod:TacticalStrike"],"picked":"TheCursedMod:CircleOfBlood","floor":10},{"not_picked":["TheCursedMod:CursedMace","TheCursedMod:TacticalStrike"],"picked":"TheCursedMod:SurpriseAttack","floor":11},{"not_picked":["TheCursedMod:CursedArmor","TheCursedMod:Torture"],"picked":"TheCursedMod:Stigma","floor":12},{"not_picked":["TheCursedMod:CursedMace","TheCursedMod:SpitefulPray"],"picked":"TheCursedMod:AbyssShockwave","floor":14},{"not_picked":["TheCursedMod:CircleOfAbyss","TheCursedMod:StunningStrike"],"picked":"TheCursedMod:DemonSword","floor":16},{"not_picked":["TheCursedMod:VitalStrike","TheCursedMod:CursedBlade"],"picked":"TheCursedMod:CursedShiv","floor":18},{"not_picked":["TheCursedMod:CursedBoomerang","TheCursedMod:Mangle"],"picked":"TheCursedMod:CircleOfAbyss","floor":19},{"not_picked":["TheCursedMod:Wield+1","TheCursedMod:Stretching"],"picked":"TheCursedMod:CursedAmulet","floor":20},{"not_picked":["TheCursedMod:WearCloak+1","TheCursedMod:Stigma"],"picked":"TheCursedMod:OutForBlood","floor":21},{"not_picked":["TheCursedMod:CircleOfCorruption","TheCursedMod:SmokeScreen+1"],"picked":"TheCursedMod:Hemoplague+1","floor":22},{"not_picked":["TheCursedMod:CursedSpellbook","TheCursedMod:CursedMace"],"picked":"TheCursedMod:FuryStrike+1","floor":24},{"not_picked":["TheCursedMod:CircleOfCorruption","TheCursedMod:SpitefulStrike+1"],"picked":"TheCursedMod:CursedBlade+1","floor":25},{"not_picked":["TheCursedMod:VitalStrike","TheCursedMod:Stretching","TheCursedMod:SmokeScreen"],"picked":"Singing Bowl","floor":27},{"not_picked":["TheCursedMod:EmpowerCircles+1","TheCursedMod:WearCloak"],"picked":"TheCursedMod:HellfireBreathing","floor":31},{"not_picked":["TheCursedMod:CircleOfAbyss","TheCursedMod:StunningStrike"],"picked":"TheCursedMod:VoidForm","floor":33},{"not_picked":["TheCursedMod:RapidMovement+1","TheCursedMod:Stigma+1"],"picked":"TheCursedMod:SoulReap","floor":35},{"not_picked":["TheCursedMod:Grudge","TheCursedMod:RapidMovement+1","TheCursedMod:SurpriseAttack+1"],"picked":"Singing Bowl","floor":36},{"not_picked":["TheCursedMod:Stretching","TheCursedMod:UltimatePain"],"picked":"TheCursedMod:CursedAmulet+1","floor":39},{"not_picked":["TheCursedMod:FleshFromBone+1","TheCursedMod:CursedArmor+1"],"picked":"TheCursedMod:ReleasedStrength+1","floor":40},{"not_picked":["TheCursedMod:SurpriseAttack","TheCursedMod:Torture+1"],"picked":"TheCursedMod:SpitefulPray+1","floor":41},{"not_picked":["TheCursedMod:AshesToAshes+1","TheCursedMod:Wield+1","TheCursedMod:SurpriseAttack+1"],"picked":"Singing Bowl","floor":42},{"not_picked":["TheCursedMod:CursedArmor","TheCursedMod:Wield","TheCursedMod:TacticalStrike"],"picked":"Singing Bowl","floor":44}],"player_experience":232235,"relics_obtained":[{"floor":4,"key":"aspiration:ChemicalBlood"},{"floor":4,"key":"CCEMRelics:WarHorn"},{"floor":7,"key":"CCEMRelics:FryingPan"},{"floor":9,"key":"CCEMRelics:Pendulum"},{"floor":14,"key":"Pantograph"},{"floor":24,"key":"Lantern"},{"floor":26,"key":"Singing Bowl"},{"floor":27,"key":"Mango"},{"floor":40,"key":"aspiration:FetidBarrel"}],"event_choices":[{"damage_healed":0,"gold_gain":0,"player_choice":"Forge","damage_taken":0,"max_hp_gain":0,"max_hp_loss":0,"event_name":"Accursed Blacksmith","floor":2,"gold_loss":0,"cards_upgraded":["TheCursedMod:CircleOfAmplification"]},{"damage_healed":0,"gold_gain":0,"player_choice":"Damaged","damage_taken":7,"max_hp_gain":0,"max_hp_loss":0,"event_name":"Wheel of Change","floor":5,"gold_loss":0},{"damage_healed":0,"gold_gain":0,"player_choice":"Smashed Altar","damage_taken":0,"max_hp_gain":0,"max_hp_loss":0,"event_name":"Forgotten Altar","floor":29,"gold_loss":0,"cards_obtained":["Decay"]},{"damage_healed":0,"gold_gain":0,"player_choice":"Embrace Madness","damage_taken":12,"max_hp_gain":0,"max_hp_loss":0,"event_name":"Winding Halls","floor":37,"gold_loss":0,"cards_obtained":["Madness","Madness"]}],"is_beta":false,"boss_relics":[{"not_picked":["aspiration:DefectSkillbook","Velvet Choker"],"picked":"energizedSpire:EnergizedDie"},{"not_picked":["energizedSpire:SpiderWeb","energizedSpire:StickyHand"],"picked":"bronze:MakeshiftBattery"}],"items_purged_floors":[],"is_endless":false,"potions_floor_spawned":[3,10,11,16,20,21,24,25,31,35,36,41],"killed_by":"Transient","ascension_level":2}}