{"host":"dcluas0589pmvbjs","time":1611315783,"event":{"mods":["BaseMod","BetterRewards","Downfall","Infinite Spire","Marisa????????","Minty Spire (QoL Compilation)","StSLib","The Servant 0.9.4"],"gold_per_floor":[115,115,115,115,135,164,164,164,164],"floor_reached":8,"language":"ENG","playtime":240,"items_purged":[],"score":54,"play_id":"2d6fdaf9-76d3-4b5e-846a-47dede69c50a","local_time":"20210122171303","daily_mods":["Heirloom","Time Dilation","Flight","downfall:ChampStances","downfall:Lament"],"is_ascension_mode":false,"campfire_choices":[{"floor":7,"key":"REST"}],"circlet_count":0,"master_deck":["bronze:Strike","bronze:Strike","bronze:Strike","bronze:Strike","bronze:Defend","bronze:Defend","bronze:Defend","bronze:Defend","KidneyShot","Exchange","infinitespire:FutureSight","Rearm","BottledTime"],"relics":["Uniform","champ:ChampStancesModRelic","NeowsBlessing","Torii","Pantograph","Bottled Lightning","Ancient Tea Set"],"acts_visited":["Exordium"],"potions_floor_usage":[],"damage_taken":[{"damage":0,"enemies":"Small Slimes","floor":1,"turns":1},{"damage":0,"enemies":"2 Louse","floor":5,"turns":1},{"damage":9,"enemies":"3 Sentries","floor":6,"turns":1},{"damage":0,"enemies":"Lagavulin","floor":8,"turns":6}],"seed_played":"-5109342161137832353","potions_obtained":[{"floor":6,"key":"hexamod:SoulburnPotion"}],"is_trial":true,"path_per_floor":["M","?","?","T","M","E","R","E"],"character_chosen":"THE_SERVANT","items_purchased":[],"campfire_rested":1,"item_purchase_floors":[],"current_hp_per_floor":[65,62,47,47,47,38,57,57,57],"gold":164,"neow_bonus":"","is_daily":false,"chose_seed":false,"campfire_upgraded":0,"win_rate":0.0,"timestamp":1611315783,"path_taken":["M","?","?","?","?","E","R","E"],"items_purchased_type":[],"build_version":"2020-12-22","purchased_purges":0,"victory":false,"max_hp_per_floor":[65,65,65,65,65,65,65,65,65],"card_choices":[{"not_picked":["DoubleEdge","Misdirection","FastForward"],"picked":"SKIP","floor":1},{"not_picked":["infinitespire:Fortify","infinitespire:Starlight"],"picked":"infinitespire:FutureSight","floor":3},{"not_picked":["Misdirection","BottledTime"],"picked":"Rearm","floor":5},{"not_picked":["TimeWarp","Revamp"],"picked":"BottledTime","floor":6}],"player_experience":88909,"relics_obtained":[{"floor":4,"key":"Bottled Lightning"},{"floor":6,"key":"Ancient Tea Set"}],"event_choices":[{"damage_healed":0,"gold_gain":0,"player_choice":"Success","damage_taken":3,"relics_obtained":["Pantograph"],"max_hp_gain":0,"max_hp_loss":0,"event_name":"Scrap Ooze","floor":2,"gold_loss":0}],"is_beta":false,"boss_relics":[],"items_purged_floors":[],"is_endless":false,"potions_floor_spawned":[6],"killed_by":"Lagavulin","ascension_level":0}}