{"host":"orwsrz1cc0wttjjy","time":1611342325,"event":{"mods":["100% Spire Juice","2.2 Compatiblity","AchievementEnabler","Arknights The Spire","Astrologer","BaseMod","Better Altar","Better Match","Better Skull","Better Third Choice","BetterRewards","CapriCore","ChefMod","Colored Map","Colored Powertips","Conspire","DeckTracker","Friendly Minions","Halation","Hermit","Hubris","Infinite Spire","Mimic Mod","Minty Spire (QoL Compilation)","MostiFishMod","Permanent Neow","Puzzle Mod","Relic Sorter","Relic Stats","Shop Mod","Spicy Shops","StSLib","Td1madao Mod","The Accelerator","The Animator","The Cursed","The Gatherer","The Hierophant","The Marked","The Poker Player","The Runesmith","Treasure Hunter","everything is the same but u backflip on backflip","vexMod"],"gold_per_floor":[109,109,109,109,24,63,63,83,138,159,159,159,159,159],"floor_reached":13,"language":"KOR","playtime":674,"items_purged":[],"score":81,"play_id":"1177fa33-d033-4a50-8ef0-ff8dd425c5fa","local_time":"20210123040525","is_ascension_mode":false,"campfire_choices":[{"floor":12,"key":"REST"}],"circlet_count":0,"master_deck":["Moonworks:Strike","Moonworks:Strike","Moonworks:Strike","Moonworks:Strike","Moonworks:Defend","Moonworks:Defend","Moonworks:Defend","Moonworks:Defend","Moonworks:Ambush","Moonworks:LongDistanceShot","Moonworks:SakisCookie","Moonworks:LulusLuckyEgg","Moonworks:EvilSpyWorkPreparation","Moonworks:Dash","TH:DeckOfManyThings","Moonworks:ScrambledEve","Moonworks:EvilSpyWorkPreparation","TH:DeckOfManyThings","Moonworks:NicePresent"],"relics":["Moonworks:BrokenBomb","Moonworks:Homemark","DaveBox","Membership Card","SynthV:TestCard","Golden Idol","Cauldron","infinitespire:Lucky Rock"],"acts_visited":["Exordium"],"potions_floor_usage":[13,13,13],"damage_taken":[{"damage":1,"enemies":"Small Slimes","floor":1,"turns":3},{"damage":44,"enemies":"Gremlin Nob","floor":6,"turns":5},{"damage":1,"enemies":"2 Louse","floor":8,"turns":2},{"damage":6,"enemies":"Cultist","floor":10,"turns":3},{"damage":49,"enemies":"Lagavulin","floor":13,"turns":5}],"seed_played":"8318423182970595729","potions_obtained":[{"floor":4,"key":"AttackPotion"},{"floor":5,"key":"EntropicBrew"},{"floor":5,"key":"LiquidMemories"},{"floor":7,"key":"Moonworks:OneHundredPercentOrangeJuicePotion"}],"is_trial":false,"path_per_floor":["M","?","?","?","$","E","?","M","T","M","?","R","E"],"character_chosen":"THE_STARBREAKER","items_purchased":["Moonworks:EvilSpyWorkPreparation","Moonworks:Dash","Cauldron"],"campfire_rested":1,"item_purchase_floors":[5,5,5],"current_hp_per_floor":[59,59,56,56,56,14,14,13,13,9,25,41,0,0],"gold":159,"neow_bonus":"THREE_CARDS","is_daily":false,"chose_seed":false,"campfire_upgraded":0,"win_rate":0.0,"timestamp":1611342325,"path_taken":["M","?","?","?","$","E","?","?","T","M","?","R","E"],"items_purchased_type":["Card","Card","Relic"],"build_version":"2020-12-22","purchased_purges":0,"victory":false,"max_hp_per_floor":[60,60,56,56,56,56,56,56,56,56,56,56,56,56],"relic_stats":{"counters":[5,18],"Golden Idol":16,"obtain_stats":[{"Cauldron":5,"SynthV:TestCard":1,"DaveBox":0,"Golden Idol":3,"Moonworks:Homemark":0,"Membership Card":0,"infinitespire:Lucky Rock":6,"Moonworks:BrokenBomb":0},{"Cauldron":1,"SynthV:TestCard":1,"DaveBox":0,"Golden Idol":1,"Moonworks:Homemark":0,"Membership Card":0,"infinitespire:Lucky Rock":2,"Moonworks:BrokenBomb":0},{"Cauldron":3,"SynthV:TestCard":3,"DaveBox":0,"Golden Idol":3,"Moonworks:Homemark":0,"Membership Card":0,"infinitespire:Lucky Rock":8,"Moonworks:BrokenBomb":0}]},"card_choices":[{"not_picked":["Moonworks:JonathanRush","Moonworks:EvilSpyWorkPreparation"],"picked":"Moonworks:SakisCookie","floor":0},{"not_picked":["Moonworks:NicePresent","Moonworks:ImOnFire"],"picked":"Moonworks:LulusLuckyEgg","floor":1},{"not_picked":["TH:BikiniMail","TH:ArmorSpikes","TH:PixieDust"],"picked":"TH:DeckOfManyThings","floor":6},{"not_picked":["Moonworks:EvilSpyWorkPreparation","Moonworks:DevilHand","Moonworks:BindingChains","Moonworks:IndiscriminateFireSupport"],"picked":"Moonworks:ScrambledEve","floor":6},{"not_picked":["Moonworks:Bloodlust","Moonworks:CloudOfSeagulls","Moonworks:Assault","Moonworks:HolyNight"],"picked":"Moonworks:EvilSpyWorkPreparation","floor":8},{"not_picked":["TH:ArmorSpikes","TH:Mimic","TH:CursedSword"],"picked":"TH:DeckOfManyThings","floor":9},{"not_picked":["Moonworks:ScrambledEve","Moonworks:MiracleWalker","Moonworks:BigMagnum","Moonworks:CastOff"],"picked":"Moonworks:NicePresent","floor":10}],"player_experience":305330,"relics_obtained":[{"floor":1,"key":"SynthV:TestCard"},{"floor":6,"key":"infinitespire:Lucky Rock"}],"event_choices":[{"damage_healed":0,"gold_gain":0,"player_choice":"Lose Max HP","damage_taken":0,"relics_obtained":["Golden Idol"],"max_hp_gain":0,"max_hp_loss":4,"event_name":"Golden Idol","floor":3,"gold_loss":0},{"damage_healed":0,"gold_gain":0,"player_choice":"Got Potions","damage_taken":0,"max_hp_gain":0,"max_hp_loss":0,"event_name":"Lab","floor":7,"gold_loss":0}],"is_beta":false,"boss_relics":[],"items_purged_floors":[],"is_endless":false,"potions_floor_spawned":[10],"killed_by":"Lagavulin","ascension_level":0}}