{"host":"vl29iwkwnyytuw8q","time":1611354509,"event":{"mods":["BaseMod","Minty Spire (QoL Compilation)","Permanent Neow","Relic Stats","StSLib"],"gold_per_floor":[115,131,149,163,173,173,192,209,209,227,240,240,269,285,285,362,362,379,398,398,398],"floor_reached":20,"language":"ENG","playtime":830,"items_purged":[],"score":368,"play_id":"d09d54ae-2363-4791-bb79-4e116b7c3f6b","local_time":"20210122232829","is_ascension_mode":true,"campfire_choices":[{"data":"A Thousand Cuts","floor":6.0,"key":"SMITH"},{"floor":12.0,"key":"REST"},{"floor":15.0,"key":"REST"}],"circlet_count":0,"master_deck":["AscendersBane","Strike_G","Strike_G","Strike_G","Strike_G","Strike_G","Defend_G","Defend_G","Defend_G","Defend_G","Defend_G","Survivor","Neutralize","Well Laid Plans","Backflip","Dagger Spray","A Thousand Cuts+1","Masterful Stab","Cloak And Dagger","Heel Hook","Leg Sweep","Malaise","Noxious Fumes","After Image","Backflip","Acrobatics"],"relics":["Sozu","Ornamental Fan","Bottled Tornado","Busted Crown"],"acts_visited":["Exordium","TheCity"],"potions_floor_usage":[],"damage_taken":[{"damage":1.0,"enemies":"Cultist","floor":1.0,"turns":5.0},{"damage":0.0,"enemies":"2 Louse","floor":2.0,"turns":4.0},{"damage":4.0,"enemies":"Small Slimes","floor":3.0,"turns":4.0},{"damage":10.0,"enemies":"Looter","floor":4.0,"turns":5.0},{"damage":3.0,"enemies":"Blue Slaver","floor":5.0,"turns":5.0},{"damage":0.0,"enemies":"Red Slaver","floor":7.0,"turns":3.0},{"damage":12.0,"enemies":"Lots of Slimes","floor":8.0,"turns":2.0},{"damage":6.0,"enemies":"Exordium Thugs","floor":10.0,"turns":3.0},{"damage":0.0,"enemies":"Looter","floor":11.0,"turns":3.0},{"damage":36.0,"enemies":"Gremlin Nob","floor":13.0,"turns":6.0},{"damage":1.0,"enemies":"2 Fungi Beasts","floor":14.0,"turns":3.0},{"damage":21,"enemies":"Slime Boss","floor":16,"turns":12},{"damage":17,"enemies":"3 Byrds","floor":18,"turns":3},{"damage":13,"enemies":"Chosen","floor":19,"turns":6},{"damage":31,"enemies":"Masked Bandits","floor":20,"turns":3}],"seed_played":"-6986217428313874825","potions_obtained":[],"is_trial":false,"path_per_floor":["M","M","M","M","M","R","M","M","T","M","M","R","E","M","R","B",null,"M","M","?"],"character_chosen":"THE_SILENT","items_purchased":[],"campfire_rested":2,"item_purchase_floors":[],"current_hp_per_floor":[58,58,54,44,41,41,41,29,29,23,23,42,6,5,24,3,50,33,20,0,0],"gold":398,"neow_bonus":"BOSS_RELIC","is_daily":false,"chose_seed":false,"campfire_upgraded":1,"win_rate":0.0,"timestamp":1611354509,"path_taken":["M","M","M","?","M","R","M","?","T","M","M","R","E","M","R","BOSS","M","M","?"],"items_purchased_type":[],"build_version":"2020-12-22","purchased_purges":0,"victory":false,"max_hp_per_floor":[66,66,66,66,66,66,66,66,66,66,66,66,66,66,66,66,66,66,66,66,66],"relic_stats":{"Sozu":8,"Busted Crown":4,"counters":[15,67],"Ornamental Fan":[44],"obtain_stats":[{"Sozu":0,"Busted Crown":17,"Ornamental Fan":9,"Bottled Tornado":13,"Ring of the Snake":0},{"Sozu":0,"Busted Crown":12,"Ornamental Fan":7,"Bottled Tornado":10,"Ring of the Snake":0},{"Sozu":0,"Busted Crown":55,"Ornamental Fan":28,"Bottled Tornado":40,"Ring of the Snake":0}]},"card_choices":[{"not_picked":["Backflip","Prepared"],"picked":"Well Laid Plans","floor":1.0},{"not_picked":["Sucker Punch","Caltrops"],"picked":"Backflip","floor":2.0},{"not_picked":["Endless Agony","Escape Plan"],"picked":"Dagger Spray","floor":3.0},{"not_picked":["Terror","Flechettes"],"picked":"A Thousand Cuts","floor":4.0},{"not_picked":["Setup","Finisher"],"picked":"Masterful Stab","floor":5.0},{"not_picked":["Prepared","Eviscerate"],"picked":"Cloak And Dagger","floor":7.0},{"not_picked":["Underhanded Strike","Deadly Poison"],"picked":"Heel Hook","floor":8.0},{"not_picked":["Underhanded Strike","Heel Hook"],"picked":"Leg Sweep","floor":10.0},{"not_picked":["Cloak And Dagger","Acrobatics"],"picked":"Malaise","floor":11.0},{"not_picked":["Bane","Dagger Spray","Poisoned Stab"],"picked":"SKIP","floor":13.0},{"not_picked":["Backstab","Distraction"],"picked":"Noxious Fumes","floor":14.0},{"not_picked":["A Thousand Cuts","Storm of Steel"],"picked":"After Image","floor":16},{"not_picked":[],"picked":"Backflip","floor":18},{"not_picked":[],"picked":"Acrobatics","floor":19}],"player_experience":636571,"relics_obtained":[{"floor":9.0,"key":"Ornamental Fan"},{"floor":13.0,"key":"Bottled Tornado"}],"event_choices":[{"damage_healed":0,"gold_gain":0,"player_choice":"Fought Bandits","damage_taken":0,"max_hp_gain":0,"max_hp_loss":0,"event_name":"Masked Bandits","floor":20,"gold_loss":0}],"is_beta":false,"boss_relics":[{"not_picked":["Cursed Key","Fusion Hammer"],"picked":"Busted Crown"}],"items_purged_floors":[],"is_endless":false,"potions_floor_spawned":[3,4,5,7,11,13,14,18],"killed_by":"Masked Bandits","ascension_level":20}}