{"host":"3y2rtlgteqp2nuo3","time":1611311483,"event":{"mods":["2.2 Compatiblity","AchievementEnabler","BaseMod","Colored Map","DeckTracker","Highlight Path","Keyboard Shortcuts","Minty Spire (QoL Compilation)","Permanent Neow","Quick Restart","StSLib","SuperFastMode","everything is the same but u backflip on backflip"],"gold_per_floor":[119,44,60,76,96,96,96,156,156,156,167,167,180,190,190,190,190],"floor_reached":16,"language":"KOR","playtime":394,"items_purged":["Strike_G"],"score":169,"play_id":"1d6d71bb-0c6f-4c59-a917-b189b71a90a2","local_time":"20210122193123","is_ascension_mode":true,"campfire_choices":[{"data":"Blade Dance","floor":6.0,"key":"SMITH"},{"floor":12.0,"key":"REST"},{"data":"Envenom","floor":15.0,"key":"SMITH"}],"circlet_count":0,"master_deck":["AscendersBane","Strike_G","Strike_G","Strike_G","Defend_G","Defend_G","Defend_G","Defend_G","Defend_G","Survivor","Neutralize","Dagger Throw","Blade Dance+1","Noxious Fumes","Dagger Spray","Reflex","Envenom+1","Bane","Finisher"],"relics":["Ring of the Snake","Gambling Chip","Incense Burner"],"acts_visited":["Exordium"],"potions_floor_usage":[16,16,16],"damage_taken":[{"damage":0.0,"enemies":"Cultist","floor":1.0,"turns":4.0},{"damage":0.0,"enemies":"Jaw Worm","floor":3.0,"turns":4.0},{"damage":0.0,"enemies":"Small Slimes","floor":4.0,"turns":3.0},{"damage":15.0,"enemies":"3 Louse","floor":5.0,"turns":4.0},{"damage":30.0,"enemies":"Gremlin Nob","floor":8.0,"turns":4.0},{"damage":9.0,"enemies":"Exordium Thugs","floor":11.0,"turns":6.0},{"damage":0.0,"enemies":"Looter","floor":13.0,"turns":3.0},{"damage":0.0,"enemies":"Lots of Slimes","floor":14.0,"turns":3.0},{"damage":25,"enemies":"Hexaghost","floor":16,"turns":7}],"seed_played":"-3913989766933893030","potions_obtained":[{"floor":1.0,"key":"EntropicBrew"},{"floor":5.0,"key":"Swift Potion"},{"floor":10.0,"key":"GamblersBrew"},{"floor":11.0,"key":"FearPotion"}],"is_trial":false,"path_per_floor":["M","$","M","M","M","R","?","?","T","?","M","R","M","M","R","B"],"character_chosen":"THE_SILENT","items_purchased":[],"campfire_rested":1,"item_purchase_floors":[],"current_hp_per_floor":[59,59,59,59,44,44,44,14,14,14,5,24,24,24,24,0,0],"gold":190,"neow_bonus":"TRANSFORM_CARD","is_daily":false,"chose_seed":false,"campfire_upgraded":2,"win_rate":0.0,"timestamp":1611311483,"path_taken":["M","?","M","M","M","R","?","?","T","?","M","R","M","?","R","BOSS"],"items_purchased_type":[],"build_version":"2020-12-22","purchased_purges":1,"victory":false,"max_hp_per_floor":[66,66,66,66,66,66,66,66,66,66,66,66,66,66,66,66,66],"card_choices":[{"not_picked":["Caltrops","Predator"],"picked":"Blade Dance","floor":1.0},{"not_picked":["Dagger Throw","Flying Knee","Calculated Gamble"],"picked":"SKIP","floor":3.0},{"not_picked":["Backflip","Infinite Blades"],"picked":"Noxious Fumes","floor":4.0},{"not_picked":["Bane","Underhanded Strike"],"picked":"Dagger Spray","floor":5.0},{"not_picked":["Caltrops","Underhanded Strike"],"picked":"Reflex","floor":8.0},{"not_picked":["Heel Hook","Expertise"],"picked":"Envenom","floor":11.0},{"not_picked":["Prepared","Bane","Dagger Throw"],"picked":"SKIP","floor":13.0},{"not_picked":["Prepared","Dagger Throw"],"picked":"Bane","floor":13.0},{"not_picked":["Blur","Sucker Punch"],"picked":"Finisher","floor":14.0}],"player_experience":711269,"relics_obtained":[{"floor":8.0,"key":"Gambling Chip"},{"floor":9.0,"key":"Incense Burner"}],"event_choices":[{"damage_healed":0.0,"max_hp_gain":0.0,"max_hp_loss":0.0,"gold_gain":0.0,"event_name":"Shining Light","player_choice":"Ignored","floor":7.0,"gold_loss":0.0,"damage_taken":0.0},{"damage_healed":0.0,"max_hp_gain":0.0,"max_hp_loss":0.0,"gold_gain":30.0,"event_name":"Dead Adventurer","player_choice":"Searched \u00272\u0027 times","floor":8.0,"gold_loss":0.0,"damage_taken":0.0},{"damage_healed":0.0,"max_hp_gain":0.0,"max_hp_loss":0.0,"gold_gain":0.0,"event_name":"Lab","player_choice":"Got Potions","floor":10.0,"gold_loss":0.0,"damage_taken":0.0}],"is_beta":false,"boss_relics":[],"items_purged_floors":[2],"is_endless":false,"potions_floor_spawned":[1,5,8,11,13,14],"killed_by":"Hexaghost","ascension_level":16}}