{"host":"d4sf42smuzno1lqj","time":1611356894,"event":{"mods":["100% Spire Juice","ATMod(阿瑾Mod)","Act Like it!","Ascension Reborn","Aspiration","BaseMod","BetterRewards","Challenge The Spire","Colored Powertips","Dota2Spire","Downfall","Energized Spire","Friendly Minions","HololiveMod","Infinite Spire","Jedi Mod","Minty Spire (QoL Compilation)","MostiFishMod","Permanent Neow","Quick Restart","Relic Stats","RumiaBox-露米?的神秘盒子","Shop Mod","Spicy Shops","StSLib","TestMod","The Marked","UnlockEverythingMod","Yakumo Yukari mod","vexMod","【功能Mod】?明的最?Boss","【?物卡牌】REMEMod","篝火指南"],"gold_per_floor":[99,116,132,132,152,162,209,114,114,128,24,51,63,79,95,195,75,75,93,109,119,133,133,133,33,10,41,41,41,61,71,81,184,184,64,82,82,98,98,117,117,138,169,169,179,154,165,265,285,387,387,387],"floor_reached":51,"language":"ZHS","playtime":2731,"items_purged":[],"score":1121,"play_id":"2cf834bf-1e21-4d53-87c7-b8214b7453c3","local_time":"20210123070814","is_ascension_mode":true,"campfire_choices":[{"data":"AT_FamilyPortrait","floor":1,"key":"SMITH"},{"floor":9,"key":"RECALL"},{"data":"Moonworks:Blazing","floor":18,"key":"SMITH"},{"data":"MostiFishMod:SephirahHod","floor":35,"key":"SMITH"}],"circlet_count":0,"master_deck":["AT_FamilyPortrait+1","MostiFishMod:ATRI","Moonworks:Assault","Moonworks:JonathanRush","Moonworks:Heat300Percent","Moonworks:RocketCannon","Moonworks:DevilHand","Moonworks:EvilSpyWorkPreparation","Moonworks:Assault","Moonworks:FullSpeedAlicianrone","Moonworks:ImOnFire","Moonworks:MiracleRedBeanIceCream","Moonworks:Blazing+1","MostiFishMod:SephirahHod+1","Moonworks:StiffCrystal+1","Moonworks:x16BigRocket","Moonworks:JonathanRush","Moonworks:CastOff","infinitespire:UltimateForm","Moonworks:x16BigRocket","expansioncontent:GuardianWhirl","Moonworks:Accelerator","infinitespire:DeathsTouch","Moonworks:NicePresent","Moonworks:DevilHand+1","Moonworks:SealedMemories","Moonworks:StarBlastingFuse","testmod-Recap+1","Moonworks:EvilSpyWorkPreparation+1","MostiFishMod:PerfectForm","Moonworks:SinkOrSwim","Moonworks:SubspaceTunnel","Moonworks:MetallicMonocoque","Moonworks:OutOfAmmo","Moonworks:OutOfAmmo","Moonworks:Blazing","Moonworks:ShieldCounter","Moonworks:AccelHyper","Moonworks:RocketCannon","Moonworks:GoAway","Moonworks:AnotherUltimateWeapon","Moonworks:FinalSurgery+1","testmod-SubstituteBySubterfuge","jedi:forcepull+1","Moonworks:RedAndBlue","Moonworks:NicePresent","Moonworks:FullSpeedAlicianrone","Moonworks:AccelHyper","Good Instincts","downfall:Icky","Moonworks:IndiscriminateFireSupport","Moonworks:IndiscriminateFireSupport+1","Moonworks:EvilMastermind"],"relics":["Moonworks:BrokenBomb","Moonworks:Homemark","DaveBox","testmod-TestBox","AT_ATBox","REME_ComplimentaryCards","OneHitWonderSystem","testmod-AscensionHeart","Lizard Tail","infinitespire:PuzzleCube","FossilizedHelix","testmod-RealStoneCalender","MostiFishMod:Hod","Pantograph","jedi:windupbox","expansioncontent:StudyCardRelic","REME_LowDesire","testmod-AssaultLearning","ZombieArmy","AT_TrinityForce","SumBook","Dead Branch","aspiration:FrozenJewel","ClockworkSouvenir","downfall:GremlinSack","Cursed Key"],"acts_visited":["Exordium","TheCity","TheBeyond","Exordium"],"potions_floor_usage":[16,16,32,38],"damage_taken":[{"damage":0,"enemies":"Small Slimes","floor":2,"turns":3},{"damage":0,"enemies":"Cultist","floor":3,"turns":3},{"damage":0,"enemies":"2 Louse","floor":5,"turns":2},{"damage":0,"enemies":"Blue Slaver","floor":6,"turns":5},{"damage":0,"enemies":"Lagavulin","floor":8,"turns":6},{"damage":0,"enemies":"Exordium Thugs","floor":10,"turns":4},{"damage":0,"enemies":"Large Slime","floor":11,"turns":3},{"damage":0,"enemies":"Gremlin Nob","floor":12,"turns":4},{"damage":0,"enemies":"Red Slaver","floor":13,"turns":2},{"damage":0,"enemies":"2 Fungi Beasts","floor":14,"turns":3},{"damage":0,"enemies":"Exordium Thugs","floor":15,"turns":3},{"damage":0,"enemies":"SI_SHIV_ARCHETYPE","floor":16,"turns":3},{"damage":0,"enemies":"3 Byrds","floor":19,"turns":3},{"damage":0,"enemies":"Shell Parasite","floor":20,"turns":3},{"damage":0,"enemies":"Sentry and Sphere","floor":21,"turns":3},{"damage":0,"enemies":"Snake Plant","floor":22,"turns":2},{"damage":0,"enemies":"Shelled Parasite and Fungi","floor":25,"turns":2},{"damage":0,"enemies":"downfall:FleeingMerchant","floor":26,"turns":4},{"damage":0,"enemies":"Book of Stabbing","floor":27,"turns":3},{"damage":0,"enemies":"Chosen and Byrds","floor":30,"turns":4},{"damage":0,"enemies":"Snecko","floor":31,"turns":3},{"damage":0,"enemies":"3 Cultists","floor":32,"turns":3},{"damage":0,"enemies":"WA_ARCHETYPE_CALM","floor":33,"turns":5},{"damage":0,"enemies":"3 Shapes","floor":36,"turns":3},{"damage":0,"enemies":"3 Darklings","floor":38,"turns":3},{"damage":0,"enemies":"4 Shapes","floor":40,"turns":2},{"damage":0,"enemies":"downfall:FleeingMerchant","floor":42,"turns":3},{"damage":0,"enemies":"Nightmare","floor":43,"turns":5},{"damage":0,"enemies":"Sphere and 2 Shapes","floor":45,"turns":2},{"damage":0,"enemies":"Maw","floor":47,"turns":4},{"damage":0,"enemies":"Maw","floor":48,"turns":2},{"damage":0,"enemies":"4 Shapes","floor":49,"turns":3},{"damage":0,"enemies":"IC_BLOCK_ARCHETYPE","floor":50,"turns":5}],"seed_played":"132177237959627360","potions_obtained":[{"floor":3,"key":"SteroidPotion"},{"floor":10,"key":"DistilledChaos"},{"floor":14,"key":"Moonworks:OneHundredPercentOrangeJuicePotion"},{"floor":20,"key":"Explosive Potion"},{"floor":21,"key":"FearPotion"},{"floor":30,"key":"ColorlessPotion"},{"floor":32,"key":"REME_GoldPotion"},{"floor":33,"key":"Dota2Spire:Clarity"},{"floor":38,"key":"DistilledChaos"},{"floor":43,"key":"Fire Potion"}],"is_trial":false,"path_per_floor":["R","M","M","?","M","M","T","E","R","M","M","E","M","M","M","B",null,"R","M","M","M","M","?","T","M","$","E","?","AVR","M","M","M","B",null,"R","M","?","M","?","M","T","$","NM","AVR","M","?","M","?","M","B",null],"character_chosen":"THE_STARBREAKER","items_purchased":["expansioncontent:GuardianWhirl","Dead Branch"],"campfire_rested":0,"item_purchase_floors":[26,42],"current_hp_per_floor":[1,1,1,1,1,1,1,1,1,1,1,1,1,1,1,1,1,1,1,1,1,1,1,1,1,1,1,1,1,1,1,1,1,1,1,1,1,1,1,1,1,1,1,1,1,1,1,1,1,1,1,1],"gold":387,"neow_bonus":"ONE_RARE_RELIC","is_daily":false,"chose_seed":false,"campfire_upgraded":3,"win_rate":0.0,"timestamp":1611356894,"path_taken":["R","M","M","?","M","?","T","E","R","M","M","E","M","M","M","BOSS","R","M","M","M","M","?","T","M","$","E","?","AVR","?","M","M","BOSS","R","M","?","?","?","M","T","$","NM","AVR","?","?","M","?","M","BOSS"],"items_purchased_type":["Card","Relic"],"build_version":"2020-12-22","purchased_purges":0,"victory":false,"max_hp_per_floor":[1,1,1,1,1,1,1,1,1,1,1,1,1,1,1,1,1,1,1,1,1,1,1,1,1,1,1,1,1,1,1,1,1,1,1,1,1,1,1,1,1,1,1,1,1,1,1,1,1,1,1,1],"relic_stats":{"Lizard Tail":0,"counters":[33,108],"Pantograph":0,"Dead Branch":[25],"Cursed Key":0,"obtain_stats":[{"AT_ATBox":0,"DaveBox":0,"expansioncontent:StudyCardRelic":29,"jedi:command_boss":39,"Cursed Key":51,"testmod-AscensionHeart":0,"ClockworkSouvenir":44,"Lizard Tail":0,"Pantograph":27,"AT_TrinityForce":39,"OneHitWonderSystem":0,"REME_LowDesire":34,"ZombieArmy":34,"SumBook":41,"MostiFishMod:Hod":17,"testmod-TestBox":0,"Dead Branch":42,"aspiration:FrozenJewel":43,"jedi:windupbox":29,"testmod-RealStoneCalender":12,"downfall:GremlinSack":48,"Moonworks:Homemark":0,"testmod-AssaultLearning":34,"infinitespire:PuzzleCube":7,"FossilizedHelix":8,"Moonworks:BrokenBomb":0,"REME_ComplimentaryCards":0},{"AT_ATBox":0,"DaveBox":0,"expansioncontent:StudyCardRelic":19,"jedi:command_boss":25,"Cursed Key":33,"testmod-AscensionHeart":0,"ClockworkSouvenir":28,"Lizard Tail":0,"Pantograph":19,"AT_TrinityForce":25,"OneHitWonderSystem":0,"REME_LowDesire":23,"ZombieArmy":23,"SumBook":26,"MostiFishMod:Hod":12,"testmod-TestBox":0,"Dead Branch":27,"aspiration:FrozenJewel":28,"jedi:windupbox":19,"testmod-RealStoneCalender":8,"downfall:GremlinSack":31,"Moonworks:Homemark":0,"testmod-AssaultLearning":23,"infinitespire:PuzzleCube":4,"FossilizedHelix":5,"Moonworks:BrokenBomb":0,"REME_ComplimentaryCards":0},{"AT_ATBox":0,"DaveBox":0,"expansioncontent:StudyCardRelic":61,"jedi:command_boss":82,"Cursed Key":108,"testmod-AscensionHeart":0,"ClockworkSouvenir":92,"Lizard Tail":0,"Pantograph":61,"AT_TrinityForce":82,"OneHitWonderSystem":0,"REME_LowDesire":76,"ZombieArmy":76,"SumBook":84,"MostiFishMod:Hod":41,"testmod-TestBox":0,"Dead Branch":87,"aspiration:FrozenJewel":92,"jedi:windupbox":61,"testmod-RealStoneCalender":30,"downfall:GremlinSack":100,"Moonworks:Homemark":0,"testmod-AssaultLearning":76,"infinitespire:PuzzleCube":13,"FossilizedHelix":19,"Moonworks:BrokenBomb":0,"REME_ComplimentaryCards":0}]},"card_choices":[{"not_picked":["Moonworks:NicePresent","Moonworks:LulusLuckyEgg"],"picked":"Moonworks:Assault","floor":2},{"not_picked":["Moonworks:NicePresent","Moonworks:SelfDestruct"],"picked":"Moonworks:JonathanRush","floor":3},{"not_picked":["Moonworks:ForcedRevival","Moonworks:SakisCookie"],"picked":"Moonworks:Heat300Percent","floor":5},{"not_picked":["Moonworks:IndiscriminateFireSupport","Moonworks:DeployBits"],"picked":"Moonworks:RocketCannon","floor":6},{"not_picked":["Moonworks:MiracleRedBeanIceCream","Moonworks:BeyondHell"],"picked":"Moonworks:DevilHand","floor":8},{"not_picked":["Moonworks:SakisCookie","Moonworks:StiffCrystal","Moonworks:RedAndBlue"],"picked":"SKIP","floor":10},{"not_picked":["Moonworks:BigMagnum","Moonworks:ImOnFire"],"picked":"Moonworks:EvilSpyWorkPreparation","floor":11},{"not_picked":["Moonworks:AwakeningOfTalent","Moonworks:SealedMemories"],"picked":"Moonworks:Assault","floor":12},{"not_picked":["Moonworks:BigMagnum","Moonworks:IndiscriminateFireSupport"],"picked":"Moonworks:FullSpeedAlicianrone","floor":13},{"not_picked":["Moonworks:SakisCookie","Moonworks:LuckyCharm"],"picked":"Moonworks:ImOnFire","floor":14},{"not_picked":["Moonworks:LulusLuckyEgg","Moonworks:SakisCookie"],"picked":"Moonworks:MiracleRedBeanIceCream","floor":15},{"not_picked":["Moonworks:ReflectiveShell","Moonworks:StarBlastingFuse"],"picked":"Moonworks:Blazing","floor":16},{"not_picked":["Moonworks:SakisCookie","Moonworks:ImOnFire"],"picked":"Moonworks:StiffCrystal+1","floor":19},{"not_picked":["Moonworks:RagingMadness","Moonworks:CastOff"],"picked":"Moonworks:x16BigRocket","floor":20},{"not_picked":["Moonworks:ImOnFire","Moonworks:DeployBits"],"picked":"Moonworks:JonathanRush","floor":21},{"not_picked":["Moonworks:CloudOfSeagulls+1","Moonworks:ImOnFire"],"picked":"Moonworks:CastOff","floor":22},{"not_picked":["infinitespire:FinalStrike","infinitespire:Starlight"],"picked":"infinitespire:UltimateForm","floor":23},{"not_picked":["Moonworks:SakisCookie","Moonworks:ImOnFire","Moonworks:CloudOfSeagulls"],"picked":"SKIP","floor":25},{"not_picked":["Moonworks:Poppoformation","Moonworks:ScrambledEve"],"picked":"Moonworks:x16BigRocket","floor":26},{"not_picked":["Moonworks:Dinner+1","Moonworks:Poppoformation"],"picked":"Moonworks:Accelerator","floor":27},{"not_picked":["Moonworks:ImOnFire","Moonworks:LulusLuckyEgg"],"picked":"Moonworks:NicePresent","floor":30},{"not_picked":["Moonworks:MixPhenomenon+1","Moonworks:SakisCookie"],"picked":"Moonworks:DevilHand+1","floor":31},{"not_picked":["Moonworks:DeployBits","Moonworks:SakisCookie+1"],"picked":"Moonworks:SealedMemories","floor":32},{"not_picked":["Moonworks:LeapThroughSpace","Moonworks:HolyNight"],"picked":"Moonworks:StarBlastingFuse","floor":33},{"not_picked":["Moonworks:ImmovableObject+1","Moonworks:JonathanRush+1","Moonworks:ImOnFire+1"],"picked":"testmod-Recap","floor":36},{"not_picked":["Moonworks:ImOnFire","Moonworks:Dinner+1","Enlightenment+1"],"picked":"Moonworks:EvilSpyWorkPreparation+1","floor":38},{"not_picked":["Moonworks:NicePresent+1","Moonworks:BigMagnum","Moonworks:SealedMemories"],"picked":"MostiFishMod:PerfectForm","floor":40},{"not_picked":["Moonworks:LulusLuckyEgg+1","Moonworks:Bloodlust","testmod-BloodBlade"],"picked":"Moonworks:AnotherUltimateWeapon","floor":42},{"not_picked":["Moonworks:AnotherUltimateWeapon","Moonworks:TacticalRetreat","REME_AllRoundStrike"],"picked":"Moonworks:FinalSurgery+1","floor":43},{"not_picked":["Moonworks:ImOnFire","Moonworks:ForcedRevival","Moonworks:BigMagnum"],"picked":"testmod-SubstituteBySubterfuge","floor":45},{"not_picked":["Moonworks:SakisCookie","Moonworks:Heat300Percent","Moonworks:LuckyCharm+1"],"picked":"jedi:forcepull+1","floor":47},{"not_picked":["Moonworks:FullSpeedAlicianrone","Moonworks:JonathanRush","testmod-LimitFlipper"],"picked":"Moonworks:IndiscriminateFireSupport","floor":48},{"not_picked":["Moonworks:SakisCookie","Moonworks:Assault","testmod-Bloodthirsty+1"],"picked":"Moonworks:IndiscriminateFireSupport+1","floor":49},{"not_picked":["Moonworks:SubspaceTunnel","Moonworks:RocketCannon","AT_FalsePromise"],"picked":"Moonworks:EvilMastermind","floor":50}],"player_experience":317991,"relics_obtained":[{"floor":7,"key":"infinitespire:PuzzleCube"},{"floor":8,"key":"FossilizedHelix"},{"floor":12,"key":"testmod-RealStoneCalender"},{"floor":27,"key":"Pantograph"},{"floor":34,"key":"testmod-AssaultLearning"},{"floor":34,"key":"ZombieArmy"},{"floor":41,"key":"SumBook"},{"floor":43,"key":"aspiration:FrozenJewel"},{"floor":48,"key":"downfall:GremlinSack"}],"event_choices":[{"damage_healed":0,"gold_gain":0,"player_choice":"Ignored","damage_taken":0,"max_hp_gain":0,"max_hp_loss":0,"event_name":"恩洛斯的?子","floor":28,"gold_loss":0}],"is_beta":false,"boss_relics":[{"not_picked":["RhineFirstAidKit","FixedStarFall"],"picked":"MostiFishMod:Hod"},{"not_picked":["Dota2Spire:RefresherOrb","vexMod:MysteryBossChallenge"],"picked":"REME_LowDesire"},{"not_picked":["energizedSpire:DeadBattery","HereWithMe"],"picked":"Cursed Key"}],"items_purged_floors":[],"is_endless":true,"potions_floor_spawned":[3,10,12,14,15,20,21,25,30,32,33,38,43,47,49,50],"ascension_level":0}}