{"host":"Sean","time":1611338204,"event":{"mods":["BaseMod","Block Reminder","Colored Map","Colored Powertips","Highlight Path","Minty Spire (QoL Compilation)","Permanent Neow","Relic Stats"],"gold_per_floor":[19,39,39,2,2,33,33,43,116,144,156,187,35,51,51,149,149,165,184,184,184,34,52,5,32,32,48,48,68,68,85,85,188,188,207,227,280,305,7,35,53,53,53,15,15,42,42,69,69,69,69,69,27,55,55],"floor_reached":56,"language":"ENG","playtime":5370,"items_purged":["Pain","Perfected Strike"],"score":1774,"play_id":"dcca2c21-7038-492e-b82d-4d947192a80f","local_time":"20210122175644","is_ascension_mode":true,"campfire_choices":[{"data":"Bash","floor":7.0,"key":"SMITH"},{"data":"Battle Trance","floor":15.0,"key":"SMITH"},{"data":"Corruption","floor":28.0,"key":"SMITH"},{"data":"Warcry","floor":30.0,"key":"SMITH"},{"data":"Exhume","floor":32.0,"key":"SMITH"},{"data":"Fiend Fire","floor":45.0,"key":"SMITH"},{"floor":47.0,"key":"RECALL"},{"data":"Enlightenment","floor":49.0,"key":"SMITH"},{"data":"Dark Embrace","floor":52.0,"key":"SMITH"}],"circlet_count":0,"master_deck":["Defend_R+1","Defend_R","Bash+1","Twin Strike","Power Through+1","Shrug It Off","Shrug It Off","Flame Barrier","Impervious","Fire Breathing","Battle Trance+1","Shrug It Off","Corruption+1","Clothesline+1","Bite","Bite","Bite","Bite","Bite","Warcry+1","Exhume+1","Shrug It Off","Reaper","Shrug It Off","Feel No Pain+1","Fiend Fire+1","Body Slam+1","Dark Embrace+1","Bloodletting+1","Jack Of All Trades","Metamorphosis","Enlightenment+1","True Grit+1","Shrug It Off","Shrug It Off+1"],"relics":["Burning Blood","Pocketwatch","WarpedTongs","Dream Catcher","Charon\u0027s Ashes","Mummified Hand","Bag of Preparation","Gremlin Horn","Runic Pyramid","Anchor","Pen Nib","The Courier","Empty Cage","Thread and Needle","FossilizedHelix","Omamori","TungstenRod","Mercury Hourglass","Sundial","War Paint"],"acts_visited":["Exordium","TheCity","TheBeyond","TheEnding"],"potions_floor_usage":[55,55,55],"damage_taken":[{"damage":3.0,"enemies":"2 Louse","floor":1.0,"turns":3.0},{"damage":1.0,"enemies":"Cultist","floor":2.0,"turns":3.0},{"damage":5.0,"enemies":"Gremlin Nob","floor":6.0,"turns":3.0},{"damage":6.0,"enemies":"Small Slimes","floor":8.0,"turns":4.0},{"damage":10.0,"enemies":"Lagavulin","floor":10.0,"turns":7.0},{"damage":14.0,"enemies":"Looter","floor":11.0,"turns":3.0},{"damage":5.0,"enemies":"3 Sentries","floor":12.0,"turns":6.0},{"damage":15.0,"enemies":"Exordium Wildlife","floor":14.0,"turns":4.0},{"damage":7.0,"enemies":"The Guardian","floor":16.0,"turns":13.0},{"damage":7.0,"enemies":"Spheric Guardian","floor":18.0,"turns":7.0},{"damage":1.0,"enemies":"2 Thieves","floor":19.0,"turns":3.0},{"damage":12.0,"enemies":"Snake Plant","floor":23.0,"turns":5.0},{"damage":26.0,"enemies":"Book of Stabbing","floor":25.0,"turns":9.0},{"damage":0.0,"enemies":"Chosen and Byrds","floor":27.0,"turns":5.0},{"damage":0.0,"enemies":"Snecko","floor":29.0,"turns":5.0},{"damage":0.0,"enemies":"Cultist and Chosen","floor":31.0,"turns":6.0},{"damage":32.0,"enemies":"Collector","floor":33.0,"turns":14.0},{"damage":0.0,"enemies":"3 Shapes","floor":35.0,"turns":5.0},{"damage":0.0,"enemies":"3 Darklings","floor":36.0,"turns":4.0},{"damage":33.0,"enemies":"2 Orb Walkers","floor":37.0,"turns":4.0},{"damage":0.0,"enemies":"Reptomancer","floor":40.0,"turns":4.0},{"damage":14.0,"enemies":"Jaw Worm Horde","floor":41.0,"turns":6.0},{"damage":0.0,"enemies":"Giant Head","floor":46.0,"turns":5.0},{"damage":0.0,"enemies":"Reptomancer","floor":48.0,"turns":4.0},{"damage":40.0,"enemies":"Time Eater","floor":50.0,"turns":6.0},{"damage":0.0,"enemies":"Shield and Spear","floor":54.0,"turns":7.0},{"damage":56,"enemies":"The Heart","floor":55,"turns":10}],"seed_played":"-2239151938834529339","potions_obtained":[{"floor":1.0,"key":"Fruit Juice"},{"floor":11.0,"key":"ColorlessPotion"},{"floor":12.0,"key":"DuplicationPotion"},{"floor":16.0,"key":"ColorlessPotion"},{"floor":25.0,"key":"DistilledChaos"},{"floor":40.0,"key":"Weak Potion"},{"floor":41.0,"key":"GamblersBrew"},{"floor":48.0,"key":"CultistPotion"},{"floor":54.0,"key":"BloodPotion"}],"is_trial":false,"path_per_floor":["M","M","?","$","?","E","R","M","T","E","M","E","$","M","R","B",null,"M","M","?","?","$","M","$","E","T","M","R","M","R","M","R","B",null,"M","M","?","T","$","E","M","?","T","$","R","E","R","E","R","B",null,"R","$","E","B",null],"character_chosen":"IRONCLAD","items_purchased":["Power Through","Battle Trance","Warcry","Shrug It Off","Dark Embrace","FossilizedHelix","ColorlessPotion","Shrug It Off"],"campfire_rested":0,"item_purchase_floors":[4,13,22,24,39,39,44,53],"current_hp_per_floor":[75,80,80,80,77,78,78,78,78,74,66,67,67,58,58,62,79,78,83,59,59,59,59,59,52,52,59,59,59,59,59,59,59,59,59,59,32,32,32,51,55,45,45,45,45,59,59,59,59,25,51,51,51,59,25],"gold":55,"neow_bonus":"ONE_RARE_RELIC","is_daily":false,"chose_seed":false,"campfire_upgraded":8,"win_rate":0.0,"timestamp":1611338204,"path_taken":["M","M","?","?","?","E","R","M","T","E","M","E","$","M","R","BOSS","M","M","?","?","$","M","?","E","T","?","R","M","R","M","R","BOSS","M","M","?","?","$","E","M","?","T","?","R","E","R","E","R","BOSS","R","$","E","BOSS"],"items_purchased_type":["Card","Card","Card","Card","Card","Relic","Potion","Card"],"build_version":"2020-12-18","purchased_purges":2,"victory":true,"max_hp_per_floor":[80,80,80,80,80,80,80,80,80,80,80,80,80,80,80,85,85,85,85,59,59,59,59,59,59,59,59,59,59,59,59,59,59,59,59,59,59,59,59,59,59,59,59,59,59,59,59,59,59,59,59,59,59,59,59],"relic_stats":{"Gremlin Horn":[20,23],"counters":[27,155],"Charon\u0027s Ashes":[1100],"Pen Nib":[12],"Bag of Preparation":[44],"War Paint":["Defend_R","Power Through"],"Burning Blood":113,"WarpedTongs":[147],"Mercury Hourglass":[99],"Dream Catcher":0,"Mummified Hand":[61],"Sundial":[2],"obtain_stats":[{"Gremlin Horn":12,"Thread and Needle":37,"Charon\u0027s Ashes":6,"Pen Nib":25,"The Courier":26,"Bag of Preparation":10,"Omamori":40,"War Paint":54,"Empty Cage":34,"Burning Blood":0,"WarpedTongs":3,"Mercury Hourglass":46,"Dream Catcher":5,"Anchor":21,"Mummified Hand":9,"Sundial":48,"FossilizedHelix":39,"TungstenRod":43,"Pocketwatch":0,"Runic Pyramid":17},{"Gremlin Horn":7,"Thread and Needle":20,"Charon\u0027s Ashes":3,"Pen Nib":13,"The Courier":13,"Bag of Preparation":5,"Omamori":21,"War Paint":26,"Empty Cage":17,"Burning Blood":0,"WarpedTongs":2,"Mercury Hourglass":23,"Dream Catcher":2,"Anchor":11,"Mummified Hand":4,"Sundial":24,"FossilizedHelix":20,"TungstenRod":22,"Pocketwatch":0,"Runic Pyramid":9},{"Gremlin Horn":29,"Thread and Needle":113,"Charon\u0027s Ashes":9,"Pen Nib":70,"The Courier":70,"Bag of Preparation":20,"Omamori":117,"War Paint":145,"Empty Cage":100,"Burning Blood":0,"WarpedTongs":6,"Mercury Hourglass":128,"Dream Catcher":6,"Anchor":56,"Mummified Hand":13,"Sundial":132,"FossilizedHelix":113,"TungstenRod":123,"Pocketwatch":0,"Runic Pyramid":46}],"TungstenRod":38,"Pocketwatch":[121]},"card_choices":[{"not_picked":["Shockwave","Disarm"],"picked":"Twin Strike","floor":1.0},{"not_picked":["Reckless Charge","Power Through"],"picked":"Perfected Strike","floor":2.0},{"not_picked":["Hemokinesis","Anger"],"picked":"Shrug It Off","floor":6.0},{"not_picked":["Body Slam","Ghostly Armor"],"picked":"Shrug It Off","floor":8.0},{"not_picked":["Heavy Blade","Flex"],"picked":"Flame Barrier","floor":10.0},{"not_picked":["Heavy Blade","Pummel"],"picked":"Impervious","floor":11.0},{"not_picked":["Pummel","Clothesline"],"picked":"Fire Breathing","floor":12.0},{"not_picked":["Iron Wave","Sentinel"],"picked":"Shrug It Off","floor":14.0},{"not_picked":["Exhume","Barricade"],"picked":"Corruption","floor":16.0},{"not_picked":["Flex","Headbutt","Dropkick+1"],"picked":"SKIP","floor":18.0},{"not_picked":["Combust","Heavy Blade"],"picked":"Clothesline+1","floor":19.0},{"not_picked":["Intimidate","Armaments+1"],"picked":"Exhume","floor":23.0},{"not_picked":["Perfected Strike","Thunderclap+1"],"picked":"Reaper","floor":25.0},{"not_picked":["Thunderclap","Heavy Blade"],"picked":"Shrug It Off","floor":27.0},{"not_picked":["True Grit","Entrench"],"picked":"Feel No Pain+1","floor":29.0},{"not_picked":["Headbutt+1","Limit Break","Clash"],"picked":"SKIP","floor":31.0},{"not_picked":["Double Tap","Reaper"],"picked":"Fiend Fire","floor":33.0},{"not_picked":["True Grit","Power Through+1"],"picked":"Body Slam+1","floor":35.0},{"not_picked":["Clothesline","Sword Boomerang+1","Wild Strike"],"picked":"SKIP","floor":36.0},{"not_picked":["Twin Strike+1","Headbutt","Searing Blow+1"],"picked":"SKIP","floor":40.0},{"not_picked":["Perfected Strike+1","Rage"],"picked":"Bloodletting+1","floor":41.0},{"not_picked":["HandOfGreed","Mind Blast"],"picked":"Jack Of All Trades","floor":42.0},{"not_picked":["Flash of Steel","Dramatic Entrance"],"picked":"Metamorphosis","floor":42.0},{"not_picked":["Trip","Dramatic Entrance"],"picked":"Enlightenment","floor":42.0},{"not_picked":["Shockwave","Fire Breathing+1","Wild Strike"],"picked":"SKIP","floor":46.0},{"not_picked":["Clothesline+1","Cleave+1"],"picked":"True Grit+1","floor":48.0},{"not_picked":["Seeing Red+1","Clothesline"],"picked":"Shrug It Off+1","floor":54.0}],"player_experience":449456,"relics_obtained":[{"floor":6.0,"key":"Charon\u0027s Ashes"},{"floor":9.0,"key":"Mummified Hand"},{"floor":10.0,"key":"Bag of Preparation"},{"floor":12.0,"key":"Gremlin Horn"},{"floor":25.0,"key":"Pen Nib"},{"floor":26.0,"key":"The Courier"},{"floor":37.0,"key":"Thread and Needle"},{"floor":40.0,"key":"Omamori"},{"floor":43.0,"key":"TungstenRod"},{"floor":46.0,"key":"Mercury Hourglass"},{"floor":48.0,"key":"Sundial"},{"floor":54.0,"key":"War Paint"}],"event_choices":[{"damage_healed":0.0,"max_hp_gain":0.0,"max_hp_loss":0.0,"gold_gain":0.0,"event_name":"Accursed Blacksmith","player_choice":"Rummage","floor":3.0,"gold_loss":0.0,"damage_taken":0.0,"relics_obtained":["WarpedTongs"],"cards_obtained":["Pain"]},{"damage_healed":0.0,"max_hp_gain":0.0,"max_hp_loss":0.0,"gold_gain":0.0,"event_name":"Scrap Ooze","player_choice":"Success","floor":5.0,"gold_loss":0.0,"damage_taken":3.0,"relics_obtained":["Dream Catcher"]},{"damage_healed":0.0,"max_hp_gain":0.0,"max_hp_loss":26.0,"gold_gain":0.0,"event_name":"Vampires","player_choice":"Became a vampire","floor":20.0,"gold_loss":0.0,"damage_taken":0.0,"cards_obtained":["Bite","Bite","Bite","Bite","Bite"]},{"damage_healed":0.0,"max_hp_gain":0.0,"max_hp_loss":0.0,"gold_gain":0.0,"event_name":"The Mausoleum","player_choice":"Opened","floor":21.0,"gold_loss":0.0,"damage_taken":0.0,"relics_obtained":["Anchor"]},{"damage_healed":0.0,"max_hp_gain":0.0,"max_hp_loss":0.0,"gold_gain":0.0,"event_name":"Mysterious Sphere","player_choice":"Fight","floor":37.0,"gold_loss":0.0,"damage_taken":0.0},{"damage_healed":0.0,"max_hp_gain":0.0,"max_hp_loss":0.0,"gold_gain":0.0,"event_name":"SensoryStone","player_choice":"Memory 3","floor":42.0,"gold_loss":0.0,"damage_taken":10.0}],"is_beta":true,"boss_relics":[{"not_picked":["Pandora\u0027s Box","Ectoplasm"],"picked":"Runic Pyramid"},{"not_picked":["SacredBark","Runic Cube"],"picked":"Empty Cage"}],"items_purged_floors":[13,22],"is_endless":false,"potions_floor_spawned":[1,11,12,16,23,25,29,40,41,48,54],"ascension_level":7}}