{"host":"n6qxj7a4gnapjcui","time":1611358027,"event":{"mods":["2.2 Compatiblity","AchievementEnabler","BaseMod","Colored Map","Minty Spire (QoL Compilation)","Random Character Button","Rare Cards Sparkle"],"gold_per_floor":[211,211,286,286,40,40,73,73,149,168,181,181,7,25,25,155,155,169,94,118,118,132,170,190,214,214,238,238,257,293,307,307,432,432,455,34,48,72,72,72,88,88,88],"floor_reached":42,"language":"POL","playtime":2321,"items_purged":[],"score":600,"play_id":"21159cb2-0ff6-4fe2-bd37-9168e94370e8","local_time":"20210123002707","is_ascension_mode":true,"campfire_choices":[{"data":"Dark Shackles","floor":6.0,"key":"SMITH"},{"data":"Thunderclap","floor":8.0,"key":"SMITH"},{"floor":15.0,"key":"REST"},{"data":"Fiend Fire","floor":28.0,"key":"SMITH"},{"floor":32.0,"key":"REST"},{"data":"Rage","floor":40,"key":"SMITH"}],"circlet_count":0,"master_deck":["Strike_R+1","Strike_R+1","Strike_R+1","Strike_R+1","Defend_R+1","Defend_R+1","Defend_R+1","Defend_R+1","Bash","Spot Weakness","Dark Shackles+1","Thunderclap+1","Power Through","Iron Wave","Rage+1","Dropkick","Fiend Fire+1","Shrug It Off+1","Pommel Strike+1","True Grit+1","Feed","Warcry","Intimidate","Shrug It Off+1","Body Slam+1","Infernal Blade","Exhume","Iron Wave+1","Sadistic Nature","Thunderclap+1","Anger+1","Pommel Strike+1","Writhe","Headbutt+1"],"relics":["Burning Blood","Golden Idol","Vajra","Centennial Puzzle","Darkstone Periapt","Membership Card","Cursed Key","Pantograph","Molten Egg 2","Black Star","Shovel","Lizard Tail"],"acts_visited":["Exordium","TheCity","TheBeyond"],"potions_floor_usage":[41],"damage_taken":[{"damage":0.0,"enemies":"2 Louse","floor":1.0,"turns":3.0},{"damage":29.0,"enemies":"3 Sentries","floor":7.0,"turns":8.0},{"damage":7.0,"enemies":"Small Slimes","floor":10.0,"turns":3.0},{"damage":8.0,"enemies":"Jaw Worm","floor":11.0,"turns":4.0},{"damage":3.0,"enemies":"3 Louse","floor":14.0,"turns":4.0},{"damage":15.0,"enemies":"Slime Boss","floor":16.0,"turns":10.0},{"damage":0.0,"enemies":"Chosen","floor":18.0,"turns":3.0},{"damage":0.0,"enemies":"Spheric Guardian","floor":20.0,"turns":3.0},{"damage":12.0,"enemies":"Centurion and Healer","floor":22.0,"turns":5.0},{"damage":48.0,"enemies":"Book of Stabbing","floor":23.0,"turns":6.0},{"damage":9.0,"enemies":"Chosen and Byrds","floor":24.0,"turns":5.0},{"damage":7.0,"enemies":"Snake Plant","floor":25.0,"turns":3.0},{"damage":0.0,"enemies":"Cultist and Chosen","floor":27.0,"turns":4.0},{"damage":12.0,"enemies":"Shelled Parasite and Fungi","floor":29.0,"turns":5.0},{"damage":2.0,"enemies":"Gremlin Leader","floor":30.0,"turns":5.0},{"damage":0.0,"enemies":"Snake Plant","floor":31.0,"turns":2.0},{"damage":78.0,"enemies":"Champ","floor":33.0,"turns":13.0},{"damage":18.0,"enemies":"3 Shapes","floor":35.0,"turns":4.0},{"damage":14.0,"enemies":"3 Darklings","floor":37.0,"turns":5.0},{"damage":17.0,"enemies":"Sphere and 2 Shapes","floor":38.0,"turns":6.0},{"damage":32,"enemies":"4 Shapes","floor":41,"turns":5},{"damage":159,"enemies":"Giant Head","floor":42,"turns":10}],"seed_played":"730041231163457465","potions_obtained":[{"floor":1.0,"key":"Dexterity Potion"},{"floor":14.0,"key":"Block Potion"},{"floor":16.0,"key":"Energy Potion"},{"floor":23.0,"key":"Ancient Potion"},{"floor":29.0,"key":"Explosive Potion"},{"floor":30.0,"key":"GamblersBrew"},{"floor":31.0,"key":"Explosive Potion"},{"floor":33.0,"key":"FairyPotion"},{"floor":35.0,"key":"FearPotion"},{"floor":37.0,"key":"PowerPotion"}],"is_trial":false,"path_per_floor":["M","?","?","?","$","R","E","R","T","M","M","?","$","M","R","B",null,"M","?","M","?","M","E","M","M","T","M","R","M","E","M","R","B",null,"M","$","M","M","?","R","M","E"],"character_chosen":"IRONCLAD","items_purchased":["Dark Shackles","Vajra","Membership Card","Rage","Sadistic Nature","Thunderclap+1","Shovel","Lizard Tail"],"campfire_rested":2,"item_purchase_floors":[5,5,13,13,36,36,36,36],"current_hp_per_floor":[78,78,67,47,47,47,24,24,24,23,21,21,21,24,48,39,70,76,76,80,80,74,32,29,28,28,37,37,31,35,41,65,11,65,53,53,45,37,65,65,45,0,0],"gold":88,"neow_bonus":"HUNDRED_GOLD","is_daily":false,"chose_seed":false,"campfire_upgraded":4,"win_rate":0.0,"timestamp":1611358027,"path_taken":["M","?","?","?","$","R","E","R","T","M","M","?","?","M","R","BOSS","M","?","M","?","M","E","M","M","T","M","R","M","E","M","R","BOSS","M","$","M","M","?","R","M","E"],"items_purchased_type":["Card","Relic","Relic","Card","Card","Card","Relic","Relic"],"build_version":"2020-12-22","purchased_purges":0,"victory":false,"max_hp_per_floor":[80,80,80,80,80,80,80,80,80,80,80,80,80,80,80,80,80,80,80,80,80,80,80,80,80,80,83,83,83,83,83,83,83,83,83,83,83,86,92,92,98,98,98],"card_choices":[{"not_picked":["Flex","Sever Soul"],"picked":"Spot Weakness","floor":1.0},{"not_picked":["Havoc","Clash"],"picked":"Thunderclap","floor":7.0},{"not_picked":["Wild Strike","Heavy Blade"],"picked":"Power Through","floor":10.0},{"not_picked":["Heavy Blade","Entrench"],"picked":"Iron Wave","floor":11.0},{"not_picked":["Carnage","Anger"],"picked":"Dropkick","floor":14.0},{"not_picked":["Demon Form","Brutality"],"picked":"Fiend Fire","floor":16.0},{"not_picked":["Clothesline","Iron Wave"],"picked":"Shrug It Off+1","floor":18.0},{"not_picked":["Rupture+1","Clash","Perfected Strike"],"picked":"SKIP","floor":20.0},{"not_picked":["True Grit","Armaments"],"picked":"Pommel Strike+1","floor":22.0},{"not_picked":["Sever Soul","Carnage"],"picked":"True Grit+1","floor":23.0},{"not_picked":["Searing Blow","Ghostly Armor"],"picked":"Feed","floor":24.0},{"not_picked":["Body Slam","Flex"],"picked":"Warcry","floor":25.0},{"not_picked":["Second Wind","Clash"],"picked":"Intimidate","floor":27.0},{"not_picked":["Armaments","Iron Wave+1"],"picked":"Shrug It Off+1","floor":29.0},{"not_picked":["Second Wind","Carnage+1"],"picked":"Body Slam+1","floor":30.0},{"not_picked":["Heavy Blade+1","Entrench+1"],"picked":"Infernal Blade","floor":31.0},{"not_picked":["Impervious","Bludgeon+1"],"picked":"Exhume","floor":33.0},{"not_picked":["Wild Strike+1","Clothesline+1"],"picked":"Iron Wave+1","floor":35.0},{"not_picked":["Body Slam+1","Wild Strike+1"],"picked":"Anger+1","floor":37.0},{"not_picked":["Heavy Blade+1","Warcry"],"picked":"Pommel Strike+1","floor":38.0},{"not_picked":["Combust","Rage+1"],"picked":"Headbutt+1","floor":41}],"player_experience":296137,"relics_obtained":[{"floor":7.0,"key":"Centennial Puzzle"},{"floor":9.0,"key":"Darkstone Periapt"},{"floor":23.0,"key":"Pantograph"},{"floor":30.0,"key":"Molten Egg 2"}],"event_choices":[{"damage_healed":0.0,"max_hp_gain":0.0,"max_hp_loss":0.0,"gold_gain":0.0,"event_name":"The Cleric","player_choice":"Leave","floor":2.0,"gold_loss":0.0,"damage_taken":0.0},{"damage_healed":0.0,"max_hp_gain":0.0,"max_hp_loss":0.0,"gold_gain":75.0,"event_name":"World of Goop","player_choice":"Gather Gold","floor":3.0,"gold_loss":0.0,"damage_taken":11.0},{"damage_healed":0.0,"max_hp_gain":0.0,"max_hp_loss":0.0,"gold_gain":0.0,"event_name":"Golden Idol","player_choice":"Take Damage","floor":4.0,"gold_loss":0.0,"damage_taken":20.0,"relics_obtained":["Golden Idol"]},{"damage_healed":0.0,"max_hp_gain":0.0,"max_hp_loss":0.0,"gold_gain":0.0,"event_name":"Shining Light","player_choice":"Ignored","floor":12.0,"gold_loss":0.0,"damage_taken":0.0},{"cards_removed":["Strike_R"],"damage_healed":0.0,"max_hp_gain":0.0,"max_hp_loss":0.0,"gold_gain":0.0,"event_name":"Beggar","player_choice":"Gave Gold","floor":19.0,"gold_loss":75.0,"damage_taken":0.0},{"damage_healed":0.0,"max_hp_gain":0.0,"max_hp_loss":0.0,"gold_gain":0.0,"event_name":"Back to Basics","player_choice":"Simplicity","floor":21.0,"gold_loss":0.0,"damage_taken":0.0,"cards_upgraded":["Strike_R","Strike_R","Strike_R","Strike_R","Defend_R","Defend_R","Defend_R","Defend_R"]},{"damage_healed":22.0,"max_hp_gain":0.0,"max_hp_loss":0.0,"gold_gain":0.0,"event_name":"Winding Halls","player_choice":"Writhe","floor":39.0,"gold_loss":0.0,"damage_taken":0.0,"cards_obtained":["Writhe"]}],"is_beta":false,"boss_relics":[{"not_picked":["Coffee Dripper","Busted Crown"],"picked":"Cursed Key"},{"not_picked":["Runic Cube","Black Blood"],"picked":"Black Star"}],"items_purged_floors":[],"is_endless":false,"potions_floor_spawned":[1,14,16,23,29,30,31,33,35,37],"killed_by":"Giant Head","ascension_level":6}}