{"host":"roto7j7840a50pxh","time":1611305919,"event":{"mods":["Act Like it!","BaseMod","Better Altar","Better Note","Better Sensory Stone","Better Skull","Better Third Choice","BetterRewards","Colored Map","Colored Powertips","Downfall","Hermit","Highlight Path","Hubris","Infinite Spire","Minty Spire (QoL Compilation)","Robot Space Explorer","Shade Mod","Spicy Shops","StSLib","The Cursed","The Dragon Tamer","The Hierophant","The Necromancer","The Runesmith","The Servant 0.9.4","TheVacant"],"gold_per_floor":[117,117,117,131,148,148,158,158,158,183,201,228,228,244,244,339,339,357,374,374,388,388,388,413,413,413,413,413,448,475,505,517,632,644,669,693,723,754,72,106,106,141,141,170,189,208,208,208,208,208],"floor_reached":51,"language":"ENG","playtime":5722,"items_purged":["RobotSpaceExplorer:Strike","RobotSpaceExplorer:Strike"],"score":702,"play_id":"e605bee2-2f00-49d8-a719-c9a2ed2254f9","local_time":"20210122035839","is_ascension_mode":true,"campfire_choices":[{"data":"RobotSpaceExplorer:PowerGlove","floor":6.0,"key":"SMITH"},{"data":"RobotSpaceExplorer:MiniLasers","floor":8.0,"key":"SMITH"},{"data":"infinitespire:TheBestDefense","floor":15.0,"key":"SMITH"},{"data":"RobotSpaceExplorer:Accelerator","floor":23,"key":"SMITH"},{"floor":25,"key":"REST"},{"floor":27,"key":"REST"},{"floor":32,"key":"REST"},{"floor":41,"key":"REST"},{"floor":49,"key":"REST"}],"circlet_count":0,"master_deck":["RobotSpaceExplorer:Strike","RobotSpaceExplorer:Defend","RobotSpaceExplorer:Defend","RobotSpaceExplorer:Defend","RobotSpaceExplorer:Defend","RobotSpaceExplorer:Scan","RobotSpaceExplorer:MiniLasers+1","RobotSpaceExplorer:BigMissile","infinitespire:TheBestDefense+1","RobotSpaceExplorer:PowerGlove+1","RobotSpaceExplorer:ImprovisedAttack","RobotSpaceExplorer:MetalStrike","RobotSpaceExplorer:StunGrenade","RobotSpaceExplorer:FreezeRay","RobotSpaceExplorer:MetalStrike","RobotSpaceExplorer:MiniDrones","RobotSpaceExplorer:Accelerator+1","RobotSpaceExplorer:FrostMissile+1","RobotSpaceExplorer:DualCore+1","Apotheosis+1","RobotSpaceExplorer:Probe","RobotSpaceExplorer:LaserBurst","RobotSpaceExplorer:SurgingStrike","RobotSpaceExplorer:Blaster","RobotSpaceExplorer:FreezeRay+1","RobotSpaceExplorer:SwiftStep+1","RobotSpaceExplorer:PowerGlove+1","RobotSpaceExplorer:ChargingLaser","RobotSpaceExplorer:ScrapShield+1","RobotSpaceExplorer:MiniDrones+1","RobotSpaceExplorer:SurgingShield+1","RobotSpaceExplorer:ScrapToss+1","RobotSpaceExplorer:LaserBurst","RobotSpaceExplorer:ChargingLaser","Secret Technique","RobotSpaceExplorer:Ammunition","RobotSpaceExplorer:IronShell","RobotSpaceExplorer:PlasmaMissile","RobotSpaceExplorer:ScrapMissile+1","RobotSpaceExplorer:ScrapShield+1"],"relics":["RobotSpaceExplorer:RoboCore","NeowsBlessing","Pen Nib","Mercury Hourglass","infinitespire:Eraser","bronze:MakeshiftBattery","Centennial Puzzle","Blue Candle","MawBank","hubris:Backtick","hubris:Potato","OrangePellets","Blood Vial","TungstenRod","hubris:SlimyHat","RobotSpaceExplorer:ToughPlating","Ancient Tea Set","Calipers"],"acts_visited":["Exordium","TheCity","TheBeyond"],"potions_floor_usage":[30,33,33,45,46],"damage_taken":[{"damage":0.0,"enemies":"Small Slimes","floor":1.0,"turns":1.0},{"damage":0.0,"enemies":"Cultist","floor":4.0,"turns":1.0},{"damage":0.0,"enemies":"2 Louse","floor":5.0,"turns":1.0},{"damage":0.0,"enemies":"2 Fungi Beasts","floor":7.0,"turns":3.0},{"damage":16.0,"enemies":"Gremlin Nob","floor":10.0,"turns":4.0},{"damage":0.0,"enemies":"3 Louse","floor":11.0,"turns":1.0},{"damage":5.0,"enemies":"Lagavulin","floor":12.0,"turns":3.0},{"damage":4.0,"enemies":"Gremlin Gang","floor":14.0,"turns":2.0},{"damage":22.0,"enemies":"The Guardian","floor":16.0,"turns":9.0},{"damage":8,"enemies":"2 Thieves","floor":18,"turns":3},{"damage":11,"enemies":"Spheric Guardian","floor":19,"turns":3},{"damage":15,"enemies":"Cultist and Chosen","floor":21,"turns":5},{"damage":37,"enemies":"Book of Stabbing","floor":24,"turns":5},{"damage":2,"enemies":"Slavers","floor":29,"turns":2},{"damage":0,"enemies":"3 Cultists","floor":30,"turns":3},{"damage":0,"enemies":"Centurion and Healer","floor":31,"turns":3},{"damage":37,"enemies":"Collector","floor":33,"turns":6},{"damage":12,"enemies":"3 Darklings","floor":35,"turns":3},{"damage":7,"enemies":"3 Shapes","floor":36,"turns":4},{"damage":8,"enemies":"Maw","floor":37,"turns":6},{"damage":0,"enemies":"4 Shapes","floor":38,"turns":4},{"damage":17,"enemies":"Nemesis","floor":40,"turns":5},{"damage":12,"enemies":"Giant Head","floor":42,"turns":7},{"damage":5,"enemies":"Nemesis","floor":44,"turns":4},{"damage":0,"enemies":"3 Darklings","floor":45,"turns":4},{"damage":13,"enemies":"Maw","floor":46,"turns":6},{"damage":0,"enemies":"hubris:GrandSnecko","floor":50,"turns":1}],"seed_played":"-5858618499721717707","potions_obtained":[{"floor":4.0,"key":"Guardian:BlockOnCardUsePotion"},{"floor":11.0,"key":"PowerPotion"},{"floor":12.0,"key":"SpeedPotion"},{"floor":24,"key":"SneckoOil"},{"floor":29,"key":"Explosive Potion"},{"floor":37,"key":"Guardian:BlockOnCardUsePotion"},{"floor":38,"key":"PowerPotion"},{"floor":46,"key":"Weak Potion"}],"is_trial":false,"path_per_floor":["M","?","?","M","M","R","M","R","T","E","M","E","?","M","R","B",null,"M","M","?","M","?","R","E","R","T","R","?","E","M","M","R","B",null,"M","M","M","M","$","E","R","E","T","E","M","M","AVR","?","R","B",null],"character_chosen":"RobotSpaceExplorer","items_purchased":["OrangePellets","RobotSpaceExplorer:LaserBurst","RobotSpaceExplorer:ChargingLaser","Secret Technique","Blood Vial","RobotSpaceExplorer:RecyclePotion"],"campfire_rested":5,"item_purchase_floors":[39,39,39,39,39,39],"current_hp_per_floor":[75,75,58,58,58,58,58,58,58,42,42,37,37,33,33,11,75,67,56,56,41,41,41,4,26,26,48,48,46,46,46,68,31,75,63,56,48,48,48,33,55,45,45,42,44,33,33,33,55,57],"gold":208,"neow_bonus":"THREE_ENEMY_KILL","is_daily":false,"chose_seed":false,"campfire_upgraded":4,"win_rate":0.0,"timestamp":1611305919,"path_taken":["M","?","?","M","M","R","M","R","T","E","M","E","?","M","R","BOSS","M","M","?","M","?","R","E","R","T","R","?","E","M","?","R","BOSS","M","?","M","M","$","E","R","E","T","E","?","M","AVR","?","R","BOSS"],"items_purchased_type":["Relic","Card","Card","Card","Relic","Potion"],"build_version":"2020-12-22","purchased_purges":2,"victory":true,"max_hp_per_floor":[75,75,75,75,75,75,75,75,75,75,75,75,75,75,75,75,75,75,75,75,75,75,75,75,75,75,75,75,75,75,75,75,75,75,75,75,75,75,75,75,75,75,75,75,75,75,75,75,75,75],"card_choices":[{"not_picked":["RobotSpaceExplorer:Electropulse","RobotSpaceExplorer:Probe"],"picked":"RobotSpaceExplorer:BigMissile","floor":1.0},{"not_picked":["infinitespire:NeuralNetwork","infinitespire:Menacing"],"picked":"infinitespire:TheBestDefense","floor":3.0},{"not_picked":["RobotSpaceExplorer:FranticSearch","RobotSpaceExplorer:Calculate"],"picked":"RobotSpaceExplorer:PowerGlove","floor":4.0},{"not_picked":["RobotSpaceExplorer:Jetpack","RobotSpaceExplorer:StunGrenade"],"picked":"RobotSpaceExplorer:ImprovisedAttack","floor":5.0},{"not_picked":["RobotSpaceExplorer:Electropulse","RobotSpaceExplorer:Probe"],"picked":"RobotSpaceExplorer:MetalStrike","floor":7.0},{"not_picked":["RobotSpaceExplorer:SwiftStep","RobotSpaceExplorer:TurboDodge"],"picked":"RobotSpaceExplorer:StunGrenade","floor":10.0},{"not_picked":["RobotSpaceExplorer:ShockKick","RobotSpaceExplorer:Calculate"],"picked":"RobotSpaceExplorer:FreezeRay","floor":11.0},{"not_picked":["RobotSpaceExplorer:MakeshiftVolley","RobotSpaceExplorer:FrostMissile"],"picked":"RobotSpaceExplorer:Discharger","floor":12.0},{"not_picked":["RobotSpaceExplorer:GearShield","RobotSpaceExplorer:FranticSearch"],"picked":"RobotSpaceExplorer:MiniDrones","floor":14.0},{"not_picked":["RobotSpaceExplorer:Exploration","RobotSpaceExplorer:ShockMissile"],"picked":"RobotSpaceExplorer:Accelerator","floor":16.0},{"not_picked":["RobotSpaceExplorer:Counterblock","RobotSpaceExplorer:MetalStrike"],"picked":"RobotSpaceExplorer:FrostMissile+1","floor":18},{"not_picked":["RobotSpaceExplorer:SwiftStep","RobotSpaceExplorer:ScrapMissile"],"picked":"RobotSpaceExplorer:DualCore+1","floor":19},{"not_picked":["RobotSpaceExplorer:SlimeMissile","RobotSpaceExplorer:FrostMissile"],"picked":"RobotSpaceExplorer:Probe","floor":21},{"not_picked":["RobotSpaceExplorer:MetalStrike","RobotSpaceExplorer:HighVoltage"],"picked":"RobotSpaceExplorer:SurgingStrike","floor":24},{"not_picked":["RobotSpaceExplorer:MetalStrike+1","RobotSpaceExplorer:Ammunition"],"picked":"RobotSpaceExplorer:FreezeRay+1","floor":29},{"not_picked":["RobotSpaceExplorer:LaserBurst","RobotSpaceExplorer:FranticSearch"],"picked":"RobotSpaceExplorer:SwiftStep+1","floor":30},{"not_picked":["RobotSpaceExplorer:SwiftStep","RobotSpaceExplorer:Ammunition"],"picked":"RobotSpaceExplorer:PowerGlove+1","floor":31},{"not_picked":["RobotSpaceExplorer:ShockMissile","RobotSpaceExplorer:Blaster"],"picked":"RobotSpaceExplorer:ChargingLaser","floor":33},{"not_picked":["RobotSpaceExplorer:FranticSearch","RobotSpaceExplorer:FrostMissile"],"picked":"RobotSpaceExplorer:ScrapShield+1","floor":35},{"not_picked":["RobotSpaceExplorer:Counterblock+1","RobotSpaceExplorer:ShovelStrike+1"],"picked":"RobotSpaceExplorer:MiniDrones+1","floor":36},{"not_picked":["RobotSpaceExplorer:Probe+1","RobotSpaceExplorer:ShovelStrike"],"picked":"RobotSpaceExplorer:SurgingShield+1","floor":37},{"not_picked":["RobotSpaceExplorer:GlueShot","RobotSpaceExplorer:Scanner"],"picked":"RobotSpaceExplorer:ScrapToss+1","floor":38},{"not_picked":["RobotSpaceExplorer:JunkDive+1","RobotSpaceExplorer:FrostMissile+1"],"picked":"RobotSpaceExplorer:Ammunition","floor":40},{"not_picked":["RobotSpaceExplorer:ScrapMissile","RobotSpaceExplorer:GlueShot+1"],"picked":"RobotSpaceExplorer:IronShell","floor":42},{"not_picked":["RobotSpaceExplorer:ShovelStrike+1","RobotSpaceExplorer:SwiftStep+1"],"picked":"RobotSpaceExplorer:PlasmaMissile","floor":44},{"not_picked":["RobotSpaceExplorer:LaserBurst+1","RobotSpaceExplorer:SurgingShield"],"picked":"RobotSpaceExplorer:ScrapMissile+1","floor":45},{"not_picked":["RobotSpaceExplorer:FranticSearch+1","RobotSpaceExplorer:Accelerator"],"picked":"RobotSpaceExplorer:ScrapShield+1","floor":46}],"player_experience":1591144,"relics_obtained":[{"floor":9.0,"key":"Pen Nib"},{"floor":10.0,"key":"Mercury Hourglass"},{"floor":12.0,"key":"infinitespire:Eraser"},{"floor":24,"key":"Centennial Puzzle"},{"floor":26,"key":"Blue Candle"},{"floor":29,"key":"MawBank"},{"floor":40,"key":"TungstenRod"},{"floor":42,"key":"hubris:SlimyHat"},{"floor":43,"key":"RobotSpaceExplorer:ToughPlating"},{"floor":44,"key":"Ancient Tea Set"}],"event_choices":[{"damage_healed":0.0,"max_hp_gain":0.0,"max_hp_loss":0.0,"gold_gain":0.0,"event_name":"The Cleric","player_choice":"Leave","floor":2.0,"gold_loss":0.0,"damage_taken":0.0},{"cards_removed":["infinitespire:TheBestDefense"],"damage_healed":0,"gold_gain":0,"player_choice":"Take \u0026 Give","damage_taken":0,"max_hp_gain":0,"max_hp_loss":0,"event_name":"betterNote:BetterNote","floor":20,"gold_loss":0,"cards_obtained":["Apotheosis"]},{"damage_healed":0,"gold_gain":0,"player_choice":"Read","damage_taken":0,"max_hp_gain":0,"max_hp_loss":0,"event_name":"The Library","floor":22,"gold_loss":0,"cards_obtained":["RobotSpaceExplorer:LaserBurst"]},{"damage_healed":0,"gold_gain":0,"cards_transformed":["RobotSpaceExplorer:Strike"],"player_choice":"Transformed","damage_taken":0,"max_hp_gain":0,"max_hp_loss":0,"event_name":"Transmorgrifier","floor":28,"gold_loss":0,"cards_obtained":["RobotSpaceExplorer:Blaster"]},{"cards_removed":["RobotSpaceExplorer:Discharger"],"damage_healed":0,"gold_gain":0,"player_choice":"Removed Power","damage_taken":0,"max_hp_gain":0,"max_hp_loss":0,"event_name":"Falling","floor":48,"gold_loss":0}],"is_beta":false,"boss_relics":[{"not_picked":["Velvet Choker","hubris:CrackedHourglass"],"picked":"bronze:MakeshiftBattery"},{"not_picked":["infinitespire:Cupcake","SlaversCollar"],"picked":"hubris:Backtick"}],"items_purged_floors":[39,47],"is_endless":false,"potions_floor_spawned":[4,11,12,24,29,37,38,40,46],"ascension_level":3}}