{"host":"7zdktqb5xjtif29d","time":1611318662,"event":{"mods":["AchievementEnabler","BaseMod","Colored Map","Colored Powertips","Dark Map","Highlight Path","Minty Spire (QoL Compilation)","Rare Cards Sparkle","SuperFastMode","Waifu the Spire","everything is the same but u backflip on backflip"],"gold_per_floor":[110,128,139,157,169,201,166,193,220,220,220],"floor_reached":10,"language":"ENG","playtime":334,"items_purged":[],"score":88,"play_id":"5d896eac-48dd-4382-9a76-980c743b8cdc","local_time":"20210122123102","is_ascension_mode":true,"campfire_choices":[],"circlet_count":0,"master_deck":["Strike_B","Strike_B","Strike_B","Strike_B","Defend_B","Defend_B","Defend_B","Defend_B","Zap","Dualcast","Ball Lightning","Leap"],"relics":["Cracked Core","Orichalcum","Frozen Egg 2","Art of War"],"acts_visited":["Exordium"],"potions_floor_usage":[5],"damage_taken":[{"damage":2,"enemies":"Jaw Worm","floor":1,"turns":3},{"damage":10,"enemies":"2 Louse","floor":2,"turns":3},{"damage":1,"enemies":"Cultist","floor":3,"turns":3},{"damage":3,"enemies":"2 Fungi Beasts","floor":4,"turns":4},{"damage":10,"enemies":"Red Slaver","floor":5,"turns":5},{"damage":28,"enemies":"Gremlin Nob","floor":6,"turns":4},{"damage":24,"enemies":"Lagavulin","floor":8,"turns":8},{"damage":30,"enemies":"Gremlin Nob","floor":10,"turns":4}],"seed_played":"-3079490450933972163","potions_obtained":[{"floor":2,"key":"EssenceOfDarkness"},{"floor":3,"key":"DistilledChaos"},{"floor":5,"key":"Energy Potion"},{"floor":6,"key":"Weak Potion"}],"is_trial":false,"path_per_floor":["M","M","M","M","M","E","?","E","T","E"],"character_chosen":"DEFECT","items_purchased":[],"campfire_rested":0,"item_purchase_floors":[],"current_hp_per_floor":[80,70,69,66,56,28,48,24,24,0,0],"gold":220,"neow_bonus":"TEN_PERCENT_HP_BONUS","is_daily":false,"chose_seed":false,"campfire_upgraded":0,"win_rate":0.0,"timestamp":1611318662,"path_taken":["M","M","M","M","M","E","?","E","T","E"],"items_purchased_type":[],"build_version":"2020-12-22","purchased_purges":0,"victory":false,"max_hp_per_floor":[82,82,82,82,82,82,82,82,82,82,82],"card_choices":[{"not_picked":["Coolheaded","Sweeping Beam","Defragment"],"picked":"SKIP","floor":1},{"not_picked":["Turbo","Gash","Hyperbeam"],"picked":"SKIP","floor":2},{"not_picked":["Hologram","Reprogram"],"picked":"Ball Lightning","floor":3},{"not_picked":["Cold Snap","Hello World","Reprogram"],"picked":"SKIP","floor":4},{"not_picked":["Heatsinks","Seek","Reprogram"],"picked":"SKIP","floor":5},{"not_picked":["Fusion","Steam"],"picked":"Leap","floor":6},{"not_picked":["Aggregate","Go for the Eyes","Turbo"],"picked":"SKIP","floor":8}],"player_experience":249749,"relics_obtained":[{"floor":6,"key":"Orichalcum"},{"floor":8,"key":"Frozen Egg 2"},{"floor":9,"key":"Art of War"}],"event_choices":[{"damage_healed":20,"gold_gain":0,"player_choice":"Healed","damage_taken":0,"max_hp_gain":0,"max_hp_loss":0,"event_name":"The Cleric","floor":7,"gold_loss":35}],"is_beta":false,"boss_relics":[],"items_purged_floors":[],"is_endless":false,"potions_floor_spawned":[2,3,5,6],"killed_by":"Gremlin Nob","ascension_level":2}}