{"host":"dgf4n6lo35jtjz0c","time":1611354126,"event":{"mods":["BaseMod","Bestiary","Colored Powertips","Custom Start","Minty Spire (QoL Compilation)"],"gold_per_floor":[99,99,64,64,64,64,64,64,64,64,64,64,64,64,64,64,64,64,64,64,64,64,64,64,64,64,64,64,64,64,64,64,64,64,64,64,64,64,64,64,64,64,64,64,64,64,64,64,64,64],"floor_reached":51,"language":"ENG","playtime":1741,"items_purged":[],"score":1860,"play_id":"f70d8eb4-fe4f-4b80-ac97-371bf3824d06","local_time":"20210123092206","daily_mods":["Vintage","Time Dilation","Flight","DeadlyEvents","Binary","Elite Swarm","Lethality"],"is_ascension_mode":false,"campfire_choices":[{"data":"1","floor":15.0,"key":"LIFT"},{"data":"2","floor":29.0,"key":"LIFT"},{"data":"3","floor":32.0,"key":"LIFT"},{"data":"Prostrate","floor":45,"key":"SMITH"},{"data":"Prostrate","floor":46,"key":"SMITH"},{"data":"Prostrate","floor":47,"key":"SMITH"},{"floor":49,"key":"DIG"}],"circlet_count":20,"master_deck":["Miracle+1","Miracle","Miracle","Miracle","Miracle","Consecrate+1","Prostrate+1","Prostrate+1","Prostrate+1","Prostrate+1"],"relics":["HolyWater","Anchor","Ancient Tea Set","Bag of Marbles","Bag of Preparation","Black Star","Brimstone","Bronze Scales","Burning Blood","Busted Crown","Calipers","CaptainsWheel","Champion Belt","Charon\u0027s Ashes","ClockworkSouvenir","Coffee Dripper","Damaru","Ectoplasm","Eternal Feather","FossilizedHelix","Frozen Eye","Gambling Chip","Ginger","Girya","Gremlin Horn","HandDrill","Happy Flower","HolyWater","HornCleat","HoveringKite","Ice Cream","Incense Burner","InkBottle","Juzu Bracelet","Kunai","Lantern","Letter Opener","Lizard Tail","Matryoshka","Membership Card","Mercury Hourglass","Molten Egg 2","Mummified Hand","Frozen Egg 2","Ninja Scroll","Nunchaku","Oddly Smooth Stone","Omamori","Orichalcum","Ornamental Fan","Paper Crane","Paper Frog","Peace Pipe","Pen Nib","Philosopher\u0027s Stone","PreservedInsect","PureWater","Red Skull","Ring of the Snake","Runic Dome","Shovel","Shuriken","SlaversCollar","Sling","Smiling Mask","Snake Skull","Sozu","StoneCalendar","Strange Spoon","Sundial","TheAbacus","Boot","The Courier","The Specimen","Thread and Needle","Tingsha","Tiny Chest","Tough Bandages","Toxic Egg 2","TungstenRod","Torii","TwistedFunnel","Unceasing Top","Vajra","War Paint","Whetstone","WristBlade","Meat on the Bone","White Beast Statue","Bottled Flame","Pantograph","Potion Belt","Pocketwatch","Centennial Puzzle","CloakClasp","CeramicFish","Darkstone Periapt","Bottled Lightning","Yang","TeardropLocket","Bird Faced Urn","StrikeDummy","Prayer Wheel","GoldenEye","Blue Candle","Dream Catcher","Singing Bowl","MawBank","Du-Vu Doll","Turnip","Old Coin","Circlet","MealTicket","Art of War","Blood Vial","Regal Pillow","Busted Crown","Akabeko","Toy Ornithopter"],"acts_visited":["Exordium","TheCity","TheBeyond"],"potions_floor_usage":[],"damage_taken":[{"damage":0.0,"enemies":"Small Slimes","floor":1.0,"turns":1.0},{"damage":0.0,"enemies":"2 Louse","floor":4.0,"turns":1.0},{"damage":0.0,"enemies":"Jaw Worm","floor":5.0,"turns":1.0},{"damage":0.0,"enemies":"3 Sentries","floor":6.0,"turns":1.0},{"damage":0.0,"enemies":"Lagavulin","floor":7.0,"turns":1.0},{"damage":0.0,"enemies":"3 Sentries","floor":8.0,"turns":1.0},{"damage":0.0,"enemies":"Gremlin Nob","floor":10.0,"turns":1.0},{"damage":0.0,"enemies":"3 Sentries","floor":11.0,"turns":1.0},{"damage":0.0,"enemies":"Lagavulin","floor":12.0,"turns":1.0},{"damage":0.0,"enemies":"3 Sentries","floor":13.0,"turns":1.0},{"damage":0.0,"enemies":"Lagavulin","floor":14.0,"turns":1.0},{"damage":0.0,"enemies":"Slime Boss","floor":16.0,"turns":1.0},{"damage":0.0,"enemies":"Spheric Guardian","floor":18.0,"turns":1.0},{"damage":0.0,"enemies":"2 Thieves","floor":19.0,"turns":1.0},{"damage":0.0,"enemies":"Snecko","floor":21.0,"turns":1.0},{"damage":0.0,"enemies":"Slavers","floor":23.0,"turns":1.0},{"damage":0.0,"enemies":"Sentry and Sphere","floor":24.0,"turns":1.0},{"damage":0.0,"enemies":"Book of Stabbing","floor":25.0,"turns":1.0},{"damage":0.0,"enemies":"Slavers","floor":27.0,"turns":1.0},{"damage":0.0,"enemies":"Gremlin Leader","floor":28.0,"turns":1.0},{"damage":0.0,"enemies":"3 Cultists","floor":30.0,"turns":1.0},{"damage":0.0,"enemies":"Slavers","floor":31.0,"turns":1.0},{"damage":0.0,"enemies":"Champ","floor":33.0,"turns":1.0},{"damage":0.0,"enemies":"3 Shapes","floor":35.0,"turns":1.0},{"damage":0,"enemies":"Nemesis","floor":38,"turns":1},{"damage":0,"enemies":"3 Darklings","floor":39,"turns":1},{"damage":0,"enemies":"Giant Head","floor":40,"turns":1},{"damage":0,"enemies":"Reptomancer","floor":41,"turns":1},{"damage":0,"enemies":"Nemesis","floor":42,"turns":1},{"damage":0,"enemies":"Reptomancer","floor":44,"turns":1},{"damage":0,"enemies":"Giant Head","floor":48,"turns":1},{"damage":0,"enemies":"Awakened One","floor":50,"turns":2}],"seed_played":"617418813265498949","potions_obtained":[],"is_trial":true,"path_per_floor":["M","?","?","M","M","E","E","E","T","E","E","E","E","E","R","B",null,"M","M","?","M","T","E","M","E","T","E","E","R","M","E","R","B",null,"M","?","?","E","M","E","E","E","T","E","R","R","R","E","R","B",null],"character_chosen":"WATCHER","items_purchased":[],"campfire_rested":0,"item_purchase_floors":[],"current_hp_per_floor":[1,1,1,1,1,1,1,1,1,1,1,1,1,1,1,1,1,1,1,1,1,1,1,1,1,1,1,1,1,1,1,1,1,1,1,1,1,1,1,1,1,1,1,1,1,1,1,1,1,1],"gold":64,"neow_bonus":"","is_daily":false,"chose_seed":false,"campfire_upgraded":3,"win_rate":0.0,"timestamp":1611354126,"path_taken":["M","?","?","M","M","E","E","E","T","E","E","E","E","E","R","BOSS","M","M","?","M","?","E","M","E","T","E","E","R","M","E","R","BOSS","M","?","?","?","M","E","E","E","T","E","R","R","R","E","R","BOSS"],"items_purchased_type":[],"build_version":"2020-12-22","purchased_purges":0,"victory":true,"max_hp_per_floor":[1,1,1,1,1,1,1,1,1,1,1,1,1,1,1,1,1,1,1,1,1,1,1,1,1,1,1,1,1,1,1,1,1,1,1,1,1,1,1,1,1,1,1,1,1,1,1,1,1,1],"card_choices":[],"player_experience":122345,"relics_obtained":[{"floor":1.0,"key":"Meat on the Bone"},{"floor":4.0,"key":"White Beast Statue"},{"floor":5.0,"key":"Bottled Flame"},{"floor":6.0,"key":"Pantograph"},{"floor":6.0,"key":"Potion Belt"},{"floor":7.0,"key":"Pocketwatch"},{"floor":7.0,"key":"Centennial Puzzle"},{"floor":8.0,"key":"CloakClasp"},{"floor":8.0,"key":"CeramicFish"},{"floor":9.0,"key":"Darkstone Periapt"},{"floor":9.0,"key":"Bottled Lightning"},{"floor":10.0,"key":"Yang"},{"floor":10.0,"key":"TeardropLocket"},{"floor":11.0,"key":"Bird Faced Urn"},{"floor":12.0,"key":"StrikeDummy"},{"floor":12.0,"key":"Prayer Wheel"},{"floor":13.0,"key":"GoldenEye"},{"floor":13.0,"key":"Blue Candle"},{"floor":14.0,"key":"Dream Catcher"},{"floor":18.0,"key":"Singing Bowl"},{"floor":19.0,"key":"MawBank"},{"floor":22.0,"key":"Du-Vu Doll"},{"floor":23.0,"key":"Turnip"},{"floor":23.0,"key":"Old Coin"},{"floor":24.0,"key":"Circlet"},{"floor":25.0,"key":"Circlet"},{"floor":25.0,"key":"Circlet"},{"floor":26.0,"key":"Circlet"},{"floor":27.0,"key":"MealTicket"},{"floor":27.0,"key":"Circlet"},{"floor":28.0,"key":"Circlet"},{"floor":28.0,"key":"Art of War"},{"floor":30.0,"key":"Circlet"},{"floor":31.0,"key":"Blood Vial"},{"floor":31.0,"key":"Regal Pillow"},{"floor":35.0,"key":"Akabeko"},{"floor":38,"key":"Circlet"},{"floor":38,"key":"Toy Ornithopter"},{"floor":39,"key":"Circlet"},{"floor":40,"key":"Circlet"},{"floor":41,"key":"Circlet"},{"floor":41,"key":"Circlet"},{"floor":42,"key":"Circlet"},{"floor":42,"key":"Circlet"},{"floor":43,"key":"Circlet"},{"floor":44,"key":"Circlet"},{"floor":44,"key":"Circlet"},{"floor":48,"key":"Circlet"},{"floor":48,"key":"Circlet"},{"floor":49,"key":"Circlet"}],"event_choices":[{"damage_healed":0.0,"max_hp_gain":0.0,"max_hp_loss":0.0,"gold_gain":0.0,"event_name":"Liars Game","player_choice":"Ignored","floor":2.0,"gold_loss":0.0,"damage_taken":0.0},{"damage_healed":0.0,"max_hp_gain":0.0,"max_hp_loss":0.0,"gold_gain":0.0,"event_name":"The Cleric","player_choice":"Healed","floor":3.0,"gold_loss":35.0,"damage_taken":0.0},{"damage_healed":0,"gold_gain":0,"player_choice":"Memory 1","damage_taken":0,"max_hp_gain":0,"max_hp_loss":0,"event_name":"SensoryStone","floor":36,"gold_loss":0},{"damage_healed":0,"gold_gain":0,"player_choice":"0 cards matched","damage_taken":0,"max_hp_gain":0,"max_hp_loss":0,"event_name":"Match and Keep!","floor":37,"gold_loss":0,"cards_obtained":[]}],"is_beta":false,"boss_relics":[{"not_picked":["Runic Pyramid","Snecko Eye"],"picked":"HolyWater"},{"not_picked":["Velvet Choker","SlaversCollar"],"picked":"Busted Crown"}],"items_purged_floors":[],"is_endless":false,"potions_floor_spawned":[5,6,7,8,10,11,12,13,14,16,18,19,21,23,24,25,27,28,30,31,33,35,38,39,40,41,42,44,48],"ascension_level":0}}