{"host":"nsz9w3nbq5dzmcfk","time":1611274857,"event":{"mods":["AchievementEnabler","Bard","Bartender","BaseMod","Beaked The Cultist","Better Skull","Better Third Choice","Block Reminder","Card Forge","Challenge The Spire","Colored Map","DeckTracker","Downfall","Gremlin Mod","Gremlin Skip","Hermit","Magitek Elite","Marked Mod","Minty Spire (QoL Compilation)","Quick Restart","Robot Space Explorer","Shade Mod","StSLib","Td1madao Mod","The Bladedancer","The Bug Knight","The Clintock","The Construct","The Dragon Tamer","The Edgeheg","The Exalted","The Florist","The Hayseed","The Hierophant","The IronCluck","The Judge","The Jungle","The Marked","The Necromancer","The Spell Scribe"],"gold_per_floor":[109,119,119,119,138,171,171,196,196,196,210,220,220,239,239,340,340,351,208,226,226,226,258,271,306,306,261,261,296,310,335,335,438,438,457,474,183,229,85,112,128,128,200,225,252,381,412,634,634,634],"floor_reached":51,"language":"ENG","playtime":2168,"items_purged":[],"score":956,"play_id":"b46ec9f6-1175-4c3c-afcf-69975715ad80","local_time":"20210121192057","is_ascension_mode":false,"campfire_choices":[{"floor":7,"key":"REST"},{"floor":15,"key":"REST"},{"floor":28,"key":"REST"},{"floor":32,"key":"REST"},{"floor":49,"key":"REST"}],"circlet_count":0,"master_deck":["RobotSpaceExplorer:Scan+1","RobotSpaceExplorer:MiniLasers+1","RobotSpaceExplorer:MiniDrones+1","RobotSpaceExplorer:MiniDrones+1","RobotSpaceExplorer:ShovelStrike+1","RobotSpaceExplorer:Fix+1","RobotSpaceExplorer:Asteroid+1","RobotSpaceExplorer:StarDust+1","RobotSpaceExplorer:Counterblock+1","RobotSpaceExplorer:StarLightning+1","RobotSpaceExplorer:ScrapToss+1","RobotSpaceExplorer:ShovelStrike+1","RobotSpaceExplorer:Comet+1","RobotSpaceExplorer:ShovelStrike+1","RobotSpaceExplorer:ScrapShield+1","RobotSpaceExplorer:ScrapShield+1","RobotSpaceExplorer:ScrapMissile+1","RobotSpaceExplorer:ScrapShield+1"],"relics":["RobotSpaceExplorer:RoboCore","Hammer of Thor","Seething Fire","Anvil of the Gods","StrikeDummy","Smiling Mask","RobotSpaceExplorer:PlasmaHourglass","Busted Crown","Lantern","Juzu Bracelet","Bromod:ArcaneAwakening","Red Mask","White_Cape","Bromod:ArcanePulse","Toy Ornithopter","WingedGreaves","Calipers","Medical Kit","RobotSpaceExplorer:ClockworkSextant","Sundial","Mummified Hand","Question Card","Mercury Hourglass","Toxic Egg 2"],"acts_visited":["Exordium","TheCity","TheBeyond"],"potions_floor_usage":[14,20,24,31,31,40,44,44,44,47],"damage_taken":[{"damage":0,"enemies":"Jaw Worm","floor":1,"turns":2},{"damage":0,"enemies":"2 Louse","floor":2,"turns":2},{"damage":0,"enemies":"Small Slimes","floor":5,"turns":2},{"damage":0,"enemies":"3 Sentries","floor":6,"turns":6},{"damage":7,"enemies":"Lagavulin","floor":8,"turns":8},{"damage":0,"enemies":"2 Fungi Beasts","floor":11,"turns":1},{"damage":0,"enemies":"Lots of Slimes","floor":12,"turns":3},{"damage":0,"enemies":"Large Slime","floor":14,"turns":2},{"damage":4,"enemies":"Slime Boss","floor":16,"turns":8},{"damage":0,"enemies":"Spheric Guardian","floor":18,"turns":2},{"damage":1,"enemies":"Snake Plant","floor":20,"turns":3},{"damage":27,"enemies":"HollowMod:Nosk","floor":23,"turns":5},{"damage":3,"enemies":"3 Cultists","floor":24,"turns":3},{"damage":0,"enemies":"Masked Bandits","floor":25,"turns":2},{"damage":18,"enemies":"Gremlin Leader","floor":29,"turns":5},{"damage":0,"enemies":"Centurion and Healer","floor":30,"turns":3},{"damage":5,"enemies":"Slavers","floor":31,"turns":5},{"damage":37,"enemies":"Collector","floor":33,"turns":6},{"damage":0,"enemies":"3 Shapes","floor":35,"turns":2},{"damage":0,"enemies":"Orb Walker","floor":36,"turns":1},{"damage":3,"enemies":"2 Orb Walkers","floor":38,"turns":3},{"damage":0,"enemies":"beaked:SuperParasite","floor":40,"turns":3},{"damage":0,"enemies":"Jaw Worm Horde","floor":41,"turns":3},{"damage":6,"enemies":"Giant Head","floor":44,"turns":6},{"damage":0,"enemies":"Nemesis","floor":45,"turns":3},{"damage":0,"enemies":"HollowMod:StalkingDevout","floor":47,"turns":3},{"damage":40,"enemies":"Donu and Deca","floor":50,"turns":7}],"seed_played":"7464278782994970354","potions_obtained":[{"floor":1,"key":"GamblersBrew"},{"floor":8,"key":"champ:CounterPotion"},{"floor":12,"key":"SpeedPotion"},{"floor":20,"key":"Explosive Potion"},{"floor":29,"key":"sneckomod:MuddlingPotion"},{"floor":30,"key":"SteroidPotion"},{"floor":33,"key":"SneckoOil"},{"floor":40,"key":"bronze:BurnAndBuffPotion"},{"floor":41,"key":"RobotSpaceExplorer:RecyclePotion"},{"floor":44,"key":"Fire Potion"},{"floor":46,"key":"FairyPotion"},{"floor":47,"key":"SneckoOil"}],"is_trial":false,"path_per_floor":["M","M","?","?","M","E","R","E","T","?","M","M","?","M","R","B",null,"M","$","M","?","?","E","M","?","T","$","R","E","M","E","R","B",null,"M","M","$","?","$","E","M","?","T","E","E","?","E","?","R","B",null],"character_chosen":"RobotSpaceExplorer","items_purchased":["Lantern","RobotSpaceExplorer:ShovelStrike","WingedGreaves","Medical Kit"],"campfire_rested":5,"item_purchase_floors":[19,27,37,39],"current_hp_per_floor":[82,82,83,83,83,83,83,76,76,81,81,81,81,81,88,84,88,88,88,87,87,87,66,63,63,63,63,88,70,70,72,88,58,88,88,88,88,85,85,88,88,88,88,82,82,82,88,88,88,55],"gold":634,"neow_bonus":"TEN_PERCENT_HP_BONUS","is_daily":false,"chose_seed":false,"campfire_upgraded":0,"win_rate":0.0,"timestamp":1611274857,"path_taken":["M","M","?","?","M","E","R","E","T","?","M","M","?","M","R","BOSS","M","?","M","?","?","E","M","?","T","$","R","E","M","E","R","BOSS","M","M","$","?","$","E","M","?","T","E","E","?","E","?","R","BOSS"],"items_purchased_type":["Relic","Card","Relic","Relic"],"build_version":"2020-12-22","purchased_purges":0,"victory":true,"max_hp_per_floor":[82,82,83,83,83,83,83,83,83,88,88,88,88,88,88,88,88,88,88,88,88,88,88,88,88,88,88,88,88,88,88,88,88,88,88,88,88,88,88,88,88,88,88,88,88,88,88,88,88,88],"card_choices":[{"not_picked":["RobotSpaceExplorer:FreezeRay","RobotSpaceExplorer:StarDust","RobotSpaceExplorer:SlimeMissile"],"picked":"SKIP","floor":1},{"not_picked":["RobotSpaceExplorer:DoubleBlock","RobotSpaceExplorer:FranticSearch","RobotSpaceExplorer:GlueShot"],"picked":"SKIP","floor":2},{"not_picked":["RobotSpaceExplorer:ScrapMissile","RobotSpaceExplorer:FranticSearch"],"picked":"RobotSpaceExplorer:MiniDrones","floor":5},{"not_picked":["RobotSpaceExplorer:ScrapMissile","RobotSpaceExplorer:DualCore","RobotSpaceExplorer:IronShell"],"picked":"SKIP","floor":6},{"not_picked":["RobotSpaceExplorer:DualCore","RobotSpaceExplorer:DroneSwarm"],"picked":"RobotSpaceExplorer:SwiftStep","floor":8},{"not_picked":["RobotSpaceExplorer:MetalStrike","RobotSpaceExplorer:ImprovisedAttack"],"picked":"RobotSpaceExplorer:MiniDrones","floor":11},{"not_picked":["RobotSpaceExplorer:FranticSearch","RobotSpaceExplorer:Blitz"],"picked":"RobotSpaceExplorer:ShovelStrike","floor":12},{"not_picked":["RobotSpaceExplorer:StarDust","RobotSpaceExplorer:BigMissile"],"picked":"RobotSpaceExplorer:Fix","floor":14},{"not_picked":["RobotSpaceExplorer:BlastShield","RobotSpaceExplorer:Exploration"],"picked":"RobotSpaceExplorer:Asteroid","floor":16},{"not_picked":[],"picked":"RobotSpaceExplorer:Counterblock","floor":18},{"not_picked":["RobotSpaceExplorer:SlimeMissile"],"picked":"SKIP","floor":20},{"not_picked":[],"picked":"RobotSpaceExplorer:StarLightning","floor":23},{"not_picked":[],"picked":"RobotSpaceExplorer:SurgingStrike+1","floor":24},{"not_picked":[],"picked":"RobotSpaceExplorer:ScrapToss","floor":25},{"not_picked":["RobotSpaceExplorer:ExhaustFan"],"picked":"SKIP","floor":29},{"not_picked":["RobotSpaceExplorer:Smokescreen+1"],"picked":"SKIP","floor":30},{"not_picked":["RobotSpaceExplorer:FrostMissile"],"picked":"SKIP","floor":31},{"not_picked":[],"picked":"RobotSpaceExplorer:Comet","floor":33},{"not_picked":[],"picked":"RobotSpaceExplorer:ShovelStrike+1","floor":35},{"not_picked":["RobotSpaceExplorer:DoubleBlock+1"],"picked":"SKIP","floor":36},{"not_picked":[],"picked":"RobotSpaceExplorer:ScrapShield+1","floor":38},{"not_picked":[],"picked":"RobotSpaceExplorer:ScrapShield","floor":40},{"not_picked":[],"picked":"RobotSpaceExplorer:ScrapMissile+1","floor":41},{"not_picked":["RobotSpaceExplorer:GlueShot"],"picked":"SKIP","floor":44},{"not_picked":[],"picked":"RobotSpaceExplorer:ScrapShield","floor":45},{"not_picked":["Panache","Impatience"],"picked":"SKIP","floor":46},{"not_picked":["RobotSpaceExplorer:Counterblock+1","RobotSpaceExplorer:FreezingShield+1"],"picked":"SKIP","floor":47}],"player_experience":470838,"relics_obtained":[{"floor":6,"key":"StrikeDummy"},{"floor":8,"key":"Smiling Mask"},{"floor":9,"key":"RobotSpaceExplorer:PlasmaHourglass"},{"floor":23,"key":"Bromod:ArcaneAwakening"},{"floor":25,"key":"Red Mask"},{"floor":26,"key":"White_Cape"},{"floor":29,"key":"Bromod:ArcanePulse"},{"floor":31,"key":"Toy Ornithopter"},{"floor":38,"key":"Calipers"},{"floor":40,"key":"RobotSpaceExplorer:ClockworkSextant"},{"floor":43,"key":"Sundial"},{"floor":44,"key":"Mummified Hand"},{"floor":45,"key":"Question Card"},{"floor":46,"key":"Mercury Hourglass"},{"floor":47,"key":"Toxic Egg 2"}],"event_choices":[{"damage_healed":83,"gold_gain":0,"player_choice":"Leave","damage_taken":0,"max_hp_gain":0,"max_hp_loss":83,"event_name":"betterThird:BetterShining","floor":4,"gold_loss":0},{"damage_healed":0,"gold_gain":0,"player_choice":"Donut","damage_taken":0,"max_hp_gain":5,"max_hp_loss":0,"event_name":"Big Fish","floor":10,"gold_loss":0},{"damage_healed":0,"gold_gain":0,"player_choice":"Ignored","damage_taken":0,"max_hp_gain":0,"max_hp_loss":0,"event_name":"NoteForYourself","floor":13,"gold_loss":0},{"damage_healed":0,"gold_gain":0,"player_choice":"Stole Relic","damage_taken":0,"relics_obtained":["Juzu Bracelet"],"max_hp_gain":0,"max_hp_loss":0,"event_name":"Addict","floor":21,"gold_loss":0,"cards_obtained":["Shame"]},{"damage_healed":0,"gold_gain":0,"player_choice":"Ignored","damage_taken":0,"max_hp_gain":0,"max_hp_loss":0,"event_name":"Cursed Tome","floor":22,"gold_loss":0},{"damage_healed":0,"gold_gain":0,"player_choice":"Fought Bandits","damage_taken":0,"max_hp_gain":0,"max_hp_loss":0,"event_name":"Masked Bandits","floor":25,"gold_loss":0},{"damage_healed":0,"gold_gain":0,"player_choice":"Fight","damage_taken":0,"max_hp_gain":0,"max_hp_loss":0,"event_name":"Mysterious Sphere","floor":38,"gold_loss":0},{"damage_healed":22,"gold_gain":0,"player_choice":"Writhe","damage_taken":0,"max_hp_gain":0,"max_hp_loss":0,"event_name":"Winding Halls","floor":42,"gold_loss":0,"cards_obtained":["Writhe"]},{"damage_healed":0,"gold_gain":0,"player_choice":"Random: Red","damage_taken":0,"max_hp_gain":0,"max_hp_loss":0,"event_name":"betterThird:BetterPortal","floor":46,"gold_loss":0},{"damage_healed":0,"gold_gain":222,"player_choice":"Wore Mask","damage_taken":0,"max_hp_gain":0,"max_hp_loss":0,"event_name":"Tomb of Lord Red Mask","floor":48,"gold_loss":0}],"is_beta":false,"boss_relics":[{"not_picked":["Bromod:ArcaneGrace","beaked:MawFillet"],"picked":"Busted Crown"},{"not_picked":["Coffee Dripper","Velvet Choker","Runic Pyramid"]}],"items_purged_floors":[],"is_endless":false,"potions_floor_spawned":[1,8,12,20,29,30,33,40,41,44,47],"ascension_level":0}}