{"host":"c1oza4x7xlyuasvd","time":1611312105,"event":{"mods":["ATMod(阿瑾Mod)","BaseMod","Better Vampires","Colored Powertips","Downfall","Marisa（F雨　魔理沙）","Minty Spire (QoL Compilation)","MostiFishMod","StSLib","TestMod","Waifu the Spire","【遗物卡牌】REMEMod"],"gold_per_floor":[99,99,99,499,562,588,641,696,708,111,152,177,236,261,280,385,385,285,314,189,214,214,224,224,224,233,270,296,296,335,360,377,483,483,383,403,503,532,324,334,415,315,365,365,384,427,427,455,471,471,471,507,76,76,76,76],"floor_reached":57,"language":"ZHS","playtime":1890,"items_purged":["Guardian:Defend_Guardian","Guardian:Strike_Guardian","Guardian:Strike_Guardian","Guardian:Gem_Green","Guardian:ShieldCharger"],"score":1777,"play_id":"83e85901-7558-4694-97ba-ea6ab5b0fb83","local_time":"20210122184145","is_ascension_mode":true,"campfire_choices":[{"data":"Envenom","floor":1,"key":"SMITH"},{"floor":9,"key":"RECALL"},{"data":"expansioncontent:DashGenerateEvil","floor":18,"key":"SMITH"},{"data":"Guardian:DonusPower","floor":25,"key":"SMITH"},{"data":"Guardian:ExploitGems","floor":29,"key":"SMITH"},{"data":"Guardian:Preprogram","floor":35,"key":"SMITH"},{"data":"Guardian:TimeSifter","floor":42,"key":"SMITH"},{"data":"Guardian:RevengeProtocol","floor":54,"key":"SMITH"}],"circlet_count":0,"master_deck":["Guardian:Defend_Guardian","Guardian:Defend_Guardian","Guardian:Defend_Guardian","Guardian:CurlUp","Guardian:TwinSlam","AT_FocusSwordFire+1","Envenom+1","Guardian:FloatingOrbs","expansioncontent:DashGenerateEvil+1","Flash of Steel","Guardian:ExploitGems+1","Guardian:Preprogram+1","Guardian:RevengeProtocol+1","Guardian:DonusPower+1","Guardian:Suspension+1","Guardian:GemFinder","Guardian:Suspension+1","Guardian:TimeSifter+1","Guardian:ChargeUp+1","Guardian:ChargeUp+1","Guardian:ArmoredProtocol","Guardian:GatlingBeam","Guardian:SpikerProtocol+1"],"relics":["Guardian:ModeShifter","AT_ATBox","DaveBox","REME_ComplimentaryCards","testmod-ObsoleteBoomerang","Chemical X","downfall:ShatteredFragment","CeramicFish","MawBank","Bottled Lightning","AT_ImmortalShieldbow","Mercury Hourglass","Guardian:StasisUpgradeRelic","Guardian:StasisSlotReductionRelic","downfall:HeartBlessingRed","Happy Flower","Meat on the Bone","REME_HourglassOfDeath","PatriotShield","downfall:HeartBlessingGreen","Potion Belt","downfall:HeartBlessingBlue","testmod-CrystalShield","downfall:ExtraCursedKey","MostiFishMod:Haymaker","AT_BellowingDragoncrestRing","Pen Nib","AT_DeathDance"],"acts_visited":["Exordium","TheCity","TheBeyond","TheEnding"],"potions_floor_usage":[16,16],"damage_taken":[{"damage":10,"enemies":"Lagavulin Event","floor":5,"turns":3},{"damage":7,"enemies":"2 Louse","floor":6,"turns":2},{"damage":0,"enemies":"Gremlin Nob","floor":8,"turns":2},{"damage":0,"enemies":"downfall:FleeingMerchant","floor":10,"turns":4},{"damage":0,"enemies":"3 Sentries","floor":11,"turns":3},{"damage":0,"enemies":"Jaw Worm","floor":12,"turns":1},{"damage":7,"enemies":"downfall:FleeingMerchant","floor":13,"turns":3},{"damage":0,"enemies":"Small Slimes","floor":14,"turns":1},{"damage":0,"enemies":"3 Louse","floor":15,"turns":1},{"damage":0,"enemies":"WA_ARCHETYPE_RETAIN","floor":16,"turns":2},{"damage":0,"enemies":"Shell Parasite","floor":19,"turns":1},{"damage":0,"enemies":"3 Cultists","floor":21,"turns":2},{"damage":0,"enemies":"Sentry and Sphere","floor":23,"turns":1},{"damage":0,"enemies":"Gremlin Leader","floor":27,"turns":3},{"damage":0,"enemies":"Centurion and Healer","floor":28,"turns":2},{"damage":0,"enemies":"Book of Stabbing","floor":30,"turns":1},{"damage":0,"enemies":"Chosen and Byrds","floor":31,"turns":1},{"damage":0,"enemies":"Snecko","floor":32,"turns":1},{"damage":16,"enemies":"SI_MIRROR_ARCHETYPE","floor":33,"turns":4},{"damage":0,"enemies":"Orb Walker","floor":36,"turns":1},{"damage":0,"enemies":"downfall:LadyInBlue","floor":37,"turns":1},{"damage":0,"enemies":"3 Darklings","floor":38,"turns":1},{"damage":0,"enemies":"Sphere and 2 Shapes","floor":40,"turns":1},{"damage":0,"enemies":"Sphere and 2 Shapes","floor":43,"turns":1},{"damage":0,"enemies":"4 Shapes","floor":45,"turns":1},{"damage":0,"enemies":"Giant Head","floor":46,"turns":1},{"damage":0,"enemies":"Reptomancer","floor":48,"turns":1},{"damage":0,"enemies":"Writhing Mass","floor":49,"turns":1},{"damage":0,"enemies":"DF_ARCHETYPE_ORBS","floor":50,"turns":1},{"damage":0,"enemies":"downfall:CharBossMerchant","floor":52,"turns":1},{"damage":0,"enemies":"downfall:NeowBoss","floor":55,"turns":4},{"damage":0,"enemies":"downfall:NeowBossFinal","floor":56,"turns":5}],"seed_played":"5158291140434284391","potions_obtained":[{"floor":8,"key":"testmod-TestPotion"},{"floor":12,"key":"Swift Potion"},{"floor":14,"key":"champ:CounterPotion"},{"floor":16,"key":"Fire Potion"},{"floor":19,"key":"Fire Potion"},{"floor":23,"key":"BlessingOfTheForge"},{"floor":37,"key":"champ:CounterPotion"},{"floor":37,"key":"Fire Potion"},{"floor":37,"key":"Swift Potion"},{"floor":49,"key":"DuplicationPotion"}],"is_trial":false,"path_per_floor":["R","?","?","?","?","M","T","E","R","$","E","M","$","M","M","B",null,"R","M","$","M","?","M","T","R","?","E","M","R","E","M","M","B",null,"R","M","?","M","$","M","T","R","?","?","M","E","?","E","M","B",null,"E","$","R","B","B",null],"character_chosen":"GUARDIAN","items_purchased":["expansioncontent:DashGenerateEvil","Flash of Steel","AT_ImmortalShieldbow","Guardian:StasisUpgradeRelic","Guardian:ArmoredProtocol","AT_DeathDance"],"campfire_rested":0,"item_purchase_floors":[10,10,10,13,39,53],"current_hp_per_floor":[80,80,56,56,46,39,39,39,39,39,39,39,32,32,32,32,80,80,80,80,80,80,80,80,80,80,80,80,80,80,80,80,64,80,80,80,80,80,80,80,80,90,90,90,90,90,90,90,90,90,90,90,90,90,90,90],"gold":76,"neow_bonus":"UPGRADE_CARD","is_daily":false,"chose_seed":false,"campfire_upgraded":7,"win_rate":0.0,"timestamp":1611312105,"path_taken":["R","?","?","?","?","M","T","E","R","?","E","M","$","M","M","BOSS","R","M","$","M","?","M","T","R","?","E","M","R","E","M","M","BOSS","R","M","?","?","$","M","T","R","?","?","M","E","?","E","M","BOSS","E","$","R","BOSS","BOSS"],"items_purchased_type":["Card","Card","Relic","Relic","Card","Relic"],"build_version":"2020-12-22","purchased_purges":5,"victory":true,"max_hp_per_floor":[80,80,80,80,80,80,80,80,80,80,80,80,80,80,80,80,80,80,80,80,80,80,80,80,80,80,80,80,80,80,80,80,80,80,80,80,80,80,80,80,80,90,90,90,90,90,90,90,90,90,90,90,90,90,90,90],"card_choices":[{"not_picked":["Guardian:Planning","Guardian:FuturePlans"],"picked":"Guardian:FloatingOrbs","floor":6},{"not_picked":["Guardian:Gem_Lightblue","Guardian:ShieldSpikes"],"picked":"Guardian:Gem_Cyan","floor":8},{"not_picked":["Guardian:PrimingBeam","Guardian:Recover","Guardian:TimeCapacitor"],"picked":"SKIP","floor":10},{"not_picked":["Guardian:Gem_Yellow","Guardian:TimeBomb"],"picked":"Guardian:ExploitGems","floor":11},{"not_picked":["Guardian:Incinerate","Guardian:PolyBeam"],"picked":"Guardian:Gem_Blue","floor":12},{"not_picked":["Guardian:ChargeCore","Guardian:Recover","Guardian:MultiBeam"],"picked":"SKIP","floor":13},{"not_picked":["Guardian:TemporalShield","Guardian:RollAttack"],"picked":"Guardian:Preprogram","floor":14},{"not_picked":["Guardian:TemporalStrike","Guardian:GuardianWhirl","Guardian:Reroute"],"picked":"SKIP","floor":15},{"not_picked":["Guardian:HyperBeam_Guardian","Guardian:FastForward"],"picked":"Guardian:RevengeProtocol","floor":16},{"not_picked":["Guardian:TimeBomb+1","Guardian:Gem_Green"],"picked":"Guardian:DonusPower","floor":19},{"not_picked":["Guardian:Incinerate","Guardian:Planning"],"picked":"Guardian:Suspension+1","floor":21},{"not_picked":["Guardian:Planning","Guardian:PiercingHide","Guardian:PrimingBeam"],"picked":"SKIP","floor":23},{"not_picked":["Guardian:Incinerate","Guardian:Gem_Fragmented"],"picked":"Guardian:GemFinder","floor":27},{"not_picked":["Guardian:Gem_Green","Guardian:Gem_Lightblue"],"picked":"Guardian:Gem_Cyan","floor":28},{"not_picked":["Guardian:FuturePlans+1","Guardian:PrimingBeam","Guardian:Gem_Green"],"picked":"SKIP","floor":28},{"not_picked":["Guardian:Gem_Cyan","Guardian:Reroute"],"picked":"Guardian:ShieldCharger","floor":30},{"not_picked":["Guardian:VentSteam+1","Guardian:TemporalStrike"],"picked":"Guardian:Suspension+1","floor":31},{"not_picked":["Guardian:ShieldSpikes","Guardian:Gem_Lightblue","Guardian:RollAttack"],"picked":"SKIP","floor":32},{"not_picked":["Guardian:HyperBeam_Guardian","Guardian:RevengeProtocol"],"picked":"Guardian:TimeSifter","floor":33},{"not_picked":["Guardian:PrismaticBarrier+1","Guardian:Gem_Yellow"],"picked":"Guardian:ChargeUp+1","floor":36},{"not_picked":["Guardian:Gem_Lightblue","Guardian:Gem_Cyan"],"picked":"Guardian:ChargeUp+1","floor":38},{"not_picked":["Guardian:Gem_Red","Guardian:PolyBeam","Guardian:FuturePlans"],"picked":"SKIP","floor":40},{"not_picked":["Guardian:Suspension+1","Guardian:Gem_Cyan","Guardian:CrystalBeam"],"picked":"SKIP","floor":45},{"not_picked":["Guardian:BronzeArmor","Guardian:TemporalStrike+1"],"picked":"Guardian:GatlingBeam","floor":46},{"not_picked":["Guardian:Recover","Guardian:ShieldSpikes+1","Guardian:Incinerate+1"],"picked":"SKIP","floor":48},{"not_picked":["Guardian:Harden+1","Guardian:Gem_Green","Guardian:ShieldCharger"],"picked":"SKIP","floor":49},{"not_picked":["Guardian:CrystalBeam","Guardian:Gem_Purple"],"picked":"Guardian:SpikerProtocol+1","floor":52}],"player_experience":217311,"relics_obtained":[{"floor":5,"key":"CeramicFish"},{"floor":7,"key":"MawBank"},{"floor":8,"key":"Bottled Lightning"},{"floor":11,"key":"Mercury Hourglass"},{"floor":24,"key":"Happy Flower"},{"floor":27,"key":"Meat on the Bone"},{"floor":30,"key":"REME_HourglassOfDeath"},{"floor":37,"key":"Potion Belt"},{"floor":43,"key":"testmod-CrystalShield"},{"floor":46,"key":"MostiFishMod:Haymaker"},{"floor":48,"key":"AT_BellowingDragoncrestRing"},{"floor":52,"key":"Pen Nib"}],"event_choices":[{"damage_healed":0,"gold_gain":0,"player_choice":"Ignored","damage_taken":0,"max_hp_gain":0,"max_hp_loss":0,"event_name":"给自己的盒子","floor":2,"gold_loss":0},{"damage_healed":0,"gold_gain":400,"player_choice":"Sell","damage_taken":0,"max_hp_gain":0,"max_hp_loss":0,"event_name":"恩洛斯的盘子","floor":4,"relics_lost":["testmod-TestBox"],"gold_loss":0}],"is_beta":false,"boss_relics":[{"not_picked":["testmod-Recursion","xbg"],"picked":"Guardian:StasisSlotReductionRelic"},{"not_picked":["MostiFishMod:Hod","Transparent"],"picked":"PatriotShield"}],"items_purged_floors":[10,13,20,39,53],"is_endless":false,"potions_floor_spawned":[8,12,14,16,19,23,33,37,40,46,48,49],"ascension_level":1}}