{"host":"g2yp6paluzgljz05","time":1611304311,"event":{"mods":["BaseMod","Bestiary","Colored Powertips","DeckTracker","Highlight Path","Minty Spire (QoL Compilation)","Quick Restart"],"gold_per_floor":[112,112,126,301,133,165,25,25,51,51,68,68,68,103,103,206,206,226,24,42,59,59,59,59],"floor_reached":23,"language":"ENG","playtime":1114,"items_purged":["Regret","Doubt","Consume+1"],"score":255,"play_id":"34980954-77b4-4c82-9bb1-bb6d46e50686","local_time":"20210122193151","is_ascension_mode":true,"campfire_choices":[{"data":"Reprogram","floor":13.0,"key":"SMITH"},{"data":"Reprogram","floor":15.0,"key":"SMITH"}],"circlet_count":0,"master_deck":["Strike_B","Strike_B","Strike_B","Defend_B","Defend_B","Defend_B","Defend_B","Reprogram+1","Gash","Finesse","Coolheaded","Reprogram+1","Skim+1","FTL","Hyperbeam","Buffer+1","Chill+1","Self Repair","Beam Cell+1","Rip and Tear+1"],"relics":["Cracked Core","NeowsBlessing","Toy Ornithopter","Boot","Pen Nib","Toxic Egg 2","Astrolabe","SsserpentHead"],"acts_visited":["Exordium","TheCity"],"potions_floor_usage":[23,23,23],"damage_taken":[{"damage":0.0,"enemies":"2 Louse","floor":1.0,"turns":1.0},{"damage":0.0,"enemies":"Jaw Worm","floor":3.0,"turns":1.0},{"damage":0.0,"enemies":"3 Sentries","floor":6.0,"turns":1.0},{"damage":0.0,"enemies":"Cultist","floor":11.0,"turns":4.0},{"damage":13.0,"enemies":"Lagavulin","floor":14.0,"turns":7.0},{"damage":14.0,"enemies":"The Guardian","floor":16.0,"turns":10.0},{"damage":7.0,"enemies":"Spheric Guardian","floor":18.0,"turns":7.0},{"damage":22.0,"enemies":"2 Thieves","floor":20.0,"turns":4.0},{"damage":38.0,"enemies":"Chosen and Byrds","floor":21.0,"turns":7.0},{"damage":34,"enemies":"Book of Stabbing","floor":23,"turns":5}],"seed_played":"-3727686212007493087","potions_obtained":[{"floor":1.0,"key":"BlessingOfTheForge"},{"floor":6.0,"key":"AttackPotion"},{"floor":14.0,"key":"Block Potion"},{"floor":20.0,"key":"FocusPotion"}],"is_trial":false,"path_per_floor":["M","?","M","?","$","E","$","$","T","$","M","?","R","E","R","B",null,"M","$","M","M","?","E"],"character_chosen":"DEFECT","items_purchased":["Finesse","Reprogram","Self Repair"],"campfire_rested":0,"item_purchase_floors":[5,7,19],"current_hp_per_floor":[75,75,75,75,75,75,75,75,75,75,75,60,60,47,47,38,75,68,68,53,22,22,3,3],"gold":59,"neow_bonus":"THREE_ENEMY_KILL","is_daily":false,"chose_seed":false,"campfire_upgraded":2,"win_rate":0.0,"timestamp":1611304311,"path_taken":["M","?","M","?","$","E","?","$","T","$","?","?","R","E","R","BOSS","M","$","M","M","?","E"],"items_purchased_type":["Card","Card","Card"],"build_version":"2020-12-22","purchased_purges":3,"victory":false,"max_hp_per_floor":[75,75,75,75,75,75,75,75,75,75,75,75,75,75,75,75,75,75,75,75,75,75,75,75],"card_choices":[{"not_picked":["FTL","Self Repair"],"picked":"Reprogram","floor":1.0},{"not_picked":["Stack","Force Field"],"picked":"Gash","floor":3.0},{"not_picked":["Barrage","Skim"],"picked":"Coolheaded","floor":6.0},{"not_picked":["Leap","Consume"],"picked":"Skim","floor":11.0},{"not_picked":["Barrage","Genetic Algorithm+1"],"picked":"FTL","floor":14.0},{"not_picked":["Core Surge","Electrodynamics"],"picked":"Hyperbeam","floor":16.0},{"not_picked":["Redo+1","Reinforced Body+1","Rebound+1"],"picked":"SKIP","floor":18.0},{"not_picked":["BootSequence+1","Turbo+1"],"picked":"Beam Cell+1","floor":20.0},{"not_picked":["Chill+1","Compile Driver"],"picked":"Rip and Tear+1","floor":21}],"player_experience":237862,"relics_obtained":[{"floor":6.0,"key":"Boot"},{"floor":9.0,"key":"Pen Nib"},{"floor":14.0,"key":"Toxic Egg 2"}],"event_choices":[{"damage_healed":0.0,"max_hp_gain":0.0,"max_hp_loss":0.0,"gold_gain":0.0,"event_name":"Big Fish","player_choice":"Box","floor":2.0,"gold_loss":0.0,"damage_taken":0.0,"relics_obtained":["Toy Ornithopter"],"cards_obtained":["Regret"]},{"damage_healed":0.0,"max_hp_gain":0.0,"max_hp_loss":0.0,"gold_gain":175.0,"event_name":"Liars Game","player_choice":"AGREE","floor":4.0,"gold_loss":0.0,"damage_taken":0.0,"cards_obtained":["Doubt"]},{"damage_healed":0.0,"max_hp_gain":0.0,"max_hp_loss":0.0,"gold_gain":0.0,"event_name":"Shining Light","player_choice":"Entered Light","floor":12.0,"gold_loss":0.0,"damage_taken":15.0,"cards_upgraded":["Zap","Skim"]},{"damage_healed":0,"gold_gain":0,"player_choice":"Trade","damage_taken":0,"relics_obtained":["SsserpentHead"],"max_hp_gain":0,"max_hp_loss":0,"event_name":"FaceTrader","floor":22,"gold_loss":0}],"is_beta":false,"boss_relics":[{"not_picked":["FrozenCore","Black Star"],"picked":"Astrolabe"}],"items_purged_floors":[5,7,19],"is_endless":false,"potions_floor_spawned":[1,6,14,20],"killed_by":"Book of Stabbing","ascension_level":3}}