{"host":"0mk07bycsqo1qk03","time":1611333185,"event":{"mods":["BaseMod","Downfall","Hermit","Hubris","Minty Spire (QoL Compilation)","StSLib","The Cursed"],"gold_per_floor":[99,110,210,225,287,287,312,312,79,104,121,296,330,343,362,362,362,362],"floor_reached":16,"language":"ENG","playtime":650,"items_purged":["Normality"],"score":246,"play_id":"66f3b243-4f70-4374-9c4d-3da887159e64","local_time":"20210122173305","is_ascension_mode":true,"campfire_choices":[{"data":"champ:Taunt","floor":1,"key":"SMITH"},{"data":"champ:RecklessLeap","floor":6,"key":"SMITH"}],"circlet_count":0,"master_deck":["champ:Strike","champ:Strike","champ:Strike","champ:Strike","champ:Defend","champ:Defend","champ:Defend","champ:Defend","champ:Execute","champ:Taunt+1","champ:EnchantCrown","champ:RecklessLeap+1","downfall:Haunted","downfall:Haunted","downfall:Bewildered","champ:LastStand","Shame","champ:FlashCut","champ:TornadoPunch","champ:ArenaPreparation","champ:IgnorePain","champ:CrookedStrike","Doubt","champ:SwordThrow","champ:BringItOn","champ:DefensiveShout","champ:SkillfulDodge"],"relics":["champ:ChampionCrown","Du-Vu Doll","Blood Vial","Juzu Bracelet","Bag of Preparation","Prayer Wheel","Singing Bowl"],"acts_visited":["Exordium"],"potions_floor_usage":[13,13,16],"damage_taken":[{"damage":20,"enemies":"Jaw Worm","floor":2,"turns":4},{"damage":4,"enemies":"Small Slimes","floor":4,"turns":3},{"damage":50,"enemies":"Lagavulin Event","floor":5,"turns":5},{"damage":15,"enemies":"downfall:FleeingMerchant","floor":9,"turns":4},{"damage":42,"enemies":"Gremlin Nob","floor":10,"turns":4},{"damage":3,"enemies":"2 Louse","floor":11,"turns":3},{"damage":26,"enemies":"Lagavulin","floor":13,"turns":6},{"damage":17,"enemies":"Exordium Thugs","floor":14,"turns":4},{"damage":0,"enemies":"Gremlin Gang","floor":15,"turns":4},{"damage":29,"enemies":"SI_SHIV_ARCHETYPE","floor":16,"turns":6}],"seed_played":"2367240291036018369","potions_obtained":[{"floor":4,"key":"sneckomod:MuddlingPotion"},{"floor":5,"key":"ColorlessPotion"},{"floor":11,"key":"champ:OpenerPotion"},{"floor":14,"key":"LiquidBronze"}],"is_trial":false,"path_per_floor":["R","M","?","M","?","R","T","?","$","E","M","?","E","M","M","B"],"character_chosen":"THE_CHAMP","items_purchased":["Bag of Preparation"],"campfire_rested":0,"item_purchase_floors":[9],"current_hp_per_floor":[90,90,95,91,66,66,66,76,73,43,42,42,30,25,27,0,0,0],"gold":362,"neow_bonus":"ONE_RANDOM_RARE_CARD","is_daily":false,"chose_seed":false,"campfire_upgraded":2,"win_rate":0.0,"timestamp":1611333185,"path_taken":["R","M","?","M","?","R","T","?","?","E","M","?","E","M","M","BOSS"],"items_purchased_type":["Relic"],"build_version":"2020-12-22","purchased_purges":1,"victory":false,"max_hp_per_floor":[90,90,95,95,95,95,95,105,105,105,105,105,107,107,107,107,107,107],"card_choices":[{"not_picked":["champ:SetATrap","champ:DefensiveStyle"],"picked":"champ:RecklessLeap","floor":2},{"not_picked":["champ:PerfectedStrike","champ:Shatter"],"picked":"champ:FlashCut","floor":4},{"not_picked":["champ:Backstep","champ:Haymaker"],"picked":"champ:TornadoPunch","floor":5},{"not_picked":["champ:ShieldWall","champ:DeathBlow"],"picked":"champ:ArenaPreparation","floor":9},{"not_picked":["champ:BerserkersShout","champ:ShieldSigil"],"picked":"champ:IgnorePain","floor":10},{"not_picked":["champ:Haymaker","champ:BladeFlurry"],"picked":"champ:CrookedStrike","floor":11},{"not_picked":["champ:ShieldSigil","champ:GutPunch","champ:FocusedDefense"],"picked":"SKIP","floor":11},{"not_picked":["champ:HeartStrike","champ:TornadoPunch","champ:Parry"],"picked":"Singing Bowl","floor":13},{"not_picked":["champ:ShieldSigil","champ:FlashCut"],"picked":"champ:SwordThrow","floor":14},{"not_picked":["champ:Backstep","champ:FanOfKnives"],"picked":"champ:BringItOn","floor":14},{"not_picked":["champ:BerserkersShout","champ:AdrenalArmor"],"picked":"champ:DefensiveShout","floor":15},{"not_picked":["champ:AdrenalArmor","champ:PreciseThrust"],"picked":"champ:SkillfulDodge","floor":15}],"player_experience":952125,"relics_obtained":[{"floor":5,"key":"Blood Vial"},{"floor":7,"key":"Juzu Bracelet"},{"floor":10,"key":"Prayer Wheel"},{"floor":13,"key":"Singing Bowl"}],"event_choices":[],"is_beta":false,"boss_relics":[],"items_purged_floors":[9],"is_endless":false,"potions_floor_spawned":[4,5,11,14],"killed_by":"SI_SHIV_ARCHETYPE","ascension_level":2}}