{"host":"5trcja4hacd149zc","time":1611300510,"event":{"mods":["BaseMod","Colored Map","GifTheSpireLib","Minty Spire (QoL Compilation)","Relic Stats","StSLib"],"gold_per_floor":[111,186,13,13,31,56,56,83,83,233,233,245,280,30,30,105,105,116,116,41,51,63,63,63,63,63],"floor_reached":25,"language":"ENG","playtime":591,"items_purged":[],"score":484,"play_id":"85ec45ce-8c06-4cdc-8ef6-250bcfe7f356","local_time":"20210122012830","is_ascension_mode":true,"campfire_choices":[{"data":"Fire Breathing","floor":7,"key":"SMITH"},{"data":"Feel No Pain","floor":15,"key":"SMITH"},{"data":"Whirlwind","floor":23,"key":"SMITH"}],"circlet_count":0,"master_deck":["AscendersBane","Strike_R","Strike_R","Strike_R","Defend_R","Defend_R","Defend_R","Defend_R+1","Bash","Fire Breathing+1","Anger","Armaments+1","Sword Boomerang","Doubt","True Grit","Combust","Feel No Pain+1","Fiend Fire","Whirlwind+1","Writhe"],"relics":["Burning Blood","NeowsBlessing","ClockworkSouvenir","Orichalcum","Anchor","Self Forming Clay","Tiny Chest","War Paint","Velvet Choker","Happy Flower","Letter Opener"],"acts_visited":["Exordium","TheCity"],"potions_floor_usage":[16,25],"damage_taken":[{"damage":0,"enemies":"Jaw Worm","floor":1,"turns":1},{"damage":0,"enemies":"2 Louse","floor":5,"turns":1},{"damage":0,"enemies":"3 Sentries","floor":6,"turns":2},{"damage":51,"enemies":"Lagavulin","floor":8,"turns":7},{"damage":5,"enemies":"Cultist","floor":12,"turns":4},{"damage":15,"enemies":"3 Sentries","floor":13,"turns":5},{"damage":21,"enemies":"Slime Boss","floor":16,"turns":8},{"damage":2,"enemies":"3 Byrds","floor":18,"turns":5},{"damage":12,"enemies":"Chosen","floor":21,"turns":5},{"damage":30,"enemies":"Snecko","floor":22,"turns":7},{"damage":51,"enemies":"Gremlin Leader","floor":25,"turns":6}],"seed_played":"-8615556894856706648","potions_obtained":[{"floor":8,"key":"Weak Potion"},{"floor":12,"key":"AttackPotion"},{"floor":18,"key":"Dexterity Potion"}],"is_trial":false,"path_per_floor":["M","?","$","?","M","E","R","E","T","?","?","M","E","$","R","B",null,"M","?","?","M","M","R","T","E"],"character_chosen":"IRONCLAD","items_purchased":["ClockworkSouvenir","War Paint","Feel No Pain"],"campfire_rested":0,"item_purchase_floors":[3,14,14],"current_hp_per_floor":[74,63,63,68,74,80,80,35,35,35,35,36,27,27,27,12,63,67,67,67,61,37,37,37,0,0],"gold":63,"neow_bonus":"THREE_ENEMY_KILL","is_daily":false,"chose_seed":false,"campfire_upgraded":3,"win_rate":0.0,"timestamp":1611300510,"path_taken":["M","?","$","?","?","E","R","E","T","?","?","?","E","?","R","BOSS","M","?","?","M","M","R","?","E"],"items_purchased_type":["Relic","Relic","Card"],"build_version":"2020-12-22","purchased_purges":0,"victory":false,"max_hp_per_floor":[75,75,75,80,80,80,80,80,80,80,80,80,80,80,80,80,80,80,80,80,80,80,80,80,80,80],"relic_stats":{"Happy Flower":[6],"counters":[11,51],"Self Forming Clay":[69],"Tiny Chest":1,"Letter Opener":[15],"Orichalcum":[60],"War Paint":["Defend_R","Armaments"],"obtain_stats":[{"Anchor":8,"NeowsBlessing":0,"Happy Flower":19,"Self Forming Clay":9,"Velvet Choker":17,"Tiny Chest":13,"Letter Opener":24,"Orichalcum":6,"War Paint":14,"Burning Blood":0,"ClockworkSouvenir":3},{"Anchor":4,"NeowsBlessing":0,"Happy Flower":8,"Self Forming Clay":4,"Velvet Choker":7,"Tiny Chest":6,"Letter Opener":10,"Orichalcum":3,"War Paint":6,"Burning Blood":0,"ClockworkSouvenir":1},{"Anchor":11,"NeowsBlessing":0,"Happy Flower":33,"Self Forming Clay":11,"Velvet Choker":28,"Tiny Chest":20,"Letter Opener":45,"Orichalcum":4,"War Paint":20,"Burning Blood":0,"ClockworkSouvenir":1}],"Burning Blood":60},"card_choices":[{"not_picked":["Warcry","Cleave"],"picked":"Fire Breathing","floor":1},{"not_picked":["Armaments","Havoc"],"picked":"Anger","floor":5},{"not_picked":["Sword Boomerang","Pummel"],"picked":"Armaments","floor":6},{"not_picked":["Pummel","True Grit"],"picked":"Sword Boomerang","floor":8},{"not_picked":["Body Slam","Clothesline"],"picked":"True Grit","floor":12},{"not_picked":["Offering","Havoc"],"picked":"Combust","floor":13},{"not_picked":["Exhume","Feed"],"picked":"Fiend Fire","floor":16},{"not_picked":["Armaments","Clothesline"],"picked":"Whirlwind","floor":18},{"not_picked":["Perfected Strike","Thunderclap","Clash"],"picked":"SKIP","floor":21},{"not_picked":["Perfected Strike+1","Clothesline+1","Iron Wave"],"picked":"SKIP","floor":22}],"player_experience":768623,"relics_obtained":[{"floor":6,"key":"Orichalcum"},{"floor":8,"key":"Anchor"},{"floor":9,"key":"Self Forming Clay"},{"floor":13,"key":"Tiny Chest"},{"floor":24,"key":"Letter Opener"}],"event_choices":[{"damage_healed":0,"gold_gain":75,"player_choice":"Gather Gold","damage_taken":11,"max_hp_gain":0,"max_hp_loss":0,"event_name":"World of Goop","floor":2,"gold_loss":0},{"damage_healed":0,"gold_gain":0,"player_choice":"Donut","damage_taken":0,"max_hp_gain":5,"max_hp_loss":0,"event_name":"Big Fish","floor":4,"gold_loss":0},{"damage_healed":0,"gold_gain":150,"player_choice":"AGREE","damage_taken":0,"max_hp_gain":0,"max_hp_loss":0,"event_name":"Liars Game","floor":10,"gold_loss":0,"cards_obtained":["Doubt"]},{"cards_removed":["Strike_R"],"damage_healed":0,"gold_gain":0,"player_choice":"Offered Basic","damage_taken":0,"max_hp_gain":0,"max_hp_loss":0,"event_name":"Bonfire Elementals","floor":11,"gold_loss":0},{"damage_healed":0,"gold_gain":0,"player_choice":"Opened","damage_taken":0,"relics_obtained":["Happy Flower"],"max_hp_gain":0,"max_hp_loss":0,"event_name":"The Mausoleum","floor":19,"gold_loss":0,"cards_obtained":["Writhe"]},{"cards_removed":["Strike_R"],"damage_healed":0,"gold_gain":0,"player_choice":"Gave Gold","damage_taken":0,"max_hp_gain":0,"max_hp_loss":0,"event_name":"Beggar","floor":20,"gold_loss":75}],"is_beta":false,"boss_relics":[{"not_picked":["Runic Dome","Empty Cage"],"picked":"Velvet Choker"}],"items_purged_floors":[],"is_endless":false,"potions_floor_spawned":[8,12,13,18,22],"killed_by":"Gremlin Leader","ascension_level":20}}