{"host":"i9wanet4r0ff4t9y","time":1611316605,"event":{"mods":["2.2 Compatiblity","Act Like it!","BaseMod","Bestiary","Better Altar","Better Match","Better Note","Better Sensory Stone","Better Skull","Better Third Choice","Better Vampires","BetterRewards","CapriCore","Curses Come First","Downfall","Minty Spire (QoL Compilation)","Quick Restart","READ ME - Guardian Mod","READ ME - Snecko Mod","Relic Stats","Say the Spire","Spicy Shops","StSLib","The Disciple","Waifu the Spire"],"gold_per_floor":[116,116,116,140,155,155,168,168,168,168,203,226,226,47,47,176,176,194,208,229,229,229,273,273,273,324,94,219,238,253,21,21,150,150,171,187,212,11,25,25,69,69,69,89,89,14,14,32,32,32],"floor_reached":51,"language":"POL","playtime":1731,"items_purged":["Normality"],"score":1421,"play_id":"06f5daf3-98c8-43ce-88a4-94dd9c4b0628","local_time":"20210122125645","is_ascension_mode":true,"campfire_choices":[{"floor":6.0,"key":"REST"},{"data":"Blade Dance","floor":8.0,"key":"SMITH"},{"floor":13.0,"key":"REST"},{"data":"Apotheosis","floor":15.0,"key":"SMITH"},{"floor":24,"key":"REST"},{"floor":32,"key":"REST"},{"floor":40,"key":"REST"},{"floor":45,"key":"REST"},{"floor":49,"key":"REST"}],"circlet_count":0,"master_deck":["AscendersBane","Strike_G+1","Strike_G+1","Strike_G+1","Strike_G+1","Strike_G+1","Defend_G+1","Defend_G+1","Defend_G+1","Defend_G+1","Defend_G+1","Survivor","Neutralize","Bouncing Flask","Bane","Catalyst+1","Backstab","Backflip","Footwork+1","Deflect","Blade Dance+1","Injury","Crippling Poison","Well Laid Plans+1","Riddle With Holes","Predator","Finisher","Apotheosis+1","After Image+1","CurseOfTheBell","Accuracy+1","Footwork+1","Leg Sweep","Backstab","Catalyst","Flying Knee+1","Accuracy+1","Flying Knee+1","Blade Dance+1","Outmaneuver+1","PiercingWail","After Image+1","PiercingWail+1","Blur","Cloak And Dagger+1","Dash","Slice","Cloak And Dagger+1","Flying Knee+1","Heel Hook","Footwork+1","Choke","Panacea","HandOfGreed","Outmaneuver+1","Finisher+1"],"relics":["Ring of the Snake","Frozen Egg 2","Potion Belt","Orrery","Golden Idol","Ninja Scroll","HornCleat","Calling Bell","Dream Catcher","Shuriken","Lizard Tail","Pear","Enchiridion","Nunchaku","Regal Pillow","Unceasing Top","StrikeDummy","Strange Spoon","Happy Flower","Cursed Key","Tough Bandages","Incense Burner","hexamod:BolsterEngine","Toy Ornithopter","Torii"],"acts_visited":["Exordium","TheCity","TheBeyond"],"potions_floor_usage":[28,33,44,50,50],"damage_taken":[{"damage":1.0,"enemies":"2 Louse","floor":1.0,"turns":3.0},{"damage":0.0,"enemies":"Cultist","floor":4.0,"turns":2.0},{"damage":5.0,"enemies":"Jaw Worm","floor":5.0,"turns":4.0},{"damage":1.0,"enemies":"2 Fungi Beasts","floor":7.0,"turns":4.0},{"damage":16.0,"enemies":"Lagavulin","floor":11.0,"turns":4.0},{"damage":0.0,"enemies":"3 Louse","floor":12.0,"turns":2.0},{"damage":18.0,"enemies":"Slime Boss","floor":16.0,"turns":5.0},{"damage":9.0,"enemies":"Shell Parasite","floor":18.0,"turns":5.0},{"damage":0.0,"enemies":"3 Byrds","floor":19.0,"turns":3.0},{"damage":13.0,"enemies":"Centurion and Healer","floor":20.0,"turns":5.0},{"damage":23,"enemies":"Gremlin Leader","floor":23,"turns":7},{"damage":0,"enemies":"Colosseum Slavers","floor":28,"turns":3},{"damage":0,"enemies":"Colosseum Nobs","floor":28,"turns":5},{"damage":9,"enemies":"Shelled Parasite and Fungi","floor":29,"turns":4},{"damage":15,"enemies":"Snake Plant","floor":30,"turns":3},{"damage":6,"enemies":"Champ","floor":33,"turns":10},{"damage":0,"enemies":"3 Darklings","floor":35,"turns":4},{"damage":19,"enemies":"3 Shapes","floor":36,"turns":4},{"damage":15,"enemies":"3 Darklings","floor":37,"turns":6},{"damage":2,"enemies":"Transient","floor":39,"turns":5},{"damage":7,"enemies":"Nemesis","floor":41,"turns":5},{"damage":7,"enemies":"Sphere and 2 Shapes","floor":44,"turns":4},{"damage":2,"enemies":"4 Shapes","floor":48,"turns":4},{"damage":30,"enemies":"Time Eater","floor":50,"turns":10}],"seed_played":"8613767805558081970","potions_obtained":[{"floor":1.0,"key":"EssenceOfSteel"},{"floor":7.0,"key":"Strength Potion"},{"floor":12.0,"key":"LiquidMemories"},{"floor":19.0,"key":"BlessingOfTheForge"},{"floor":23,"key":"Fire Potion"},{"floor":28,"key":"SpeedPotion"},{"floor":35,"key":"Energy Potion"},{"floor":41,"key":"EssenceOfSteel"},{"floor":44,"key":"LiquidBronze"}],"is_trial":false,"path_per_floor":["M","?","?","M","M","R","M","R","T","?","E","M","R","$","R","B",null,"M","M","M","?","?","E","R","?","T","$","?","M","M","$","R","B",null,"M","M","M","$","M","R","E","?","T","M","R","$","?","M","R","B",null],"character_chosen":"THE_SILENT","items_purchased":["Frozen Egg 2","Potion Belt","Orrery","Footwork+1","Deflect","Apotheosis","Regal Pillow","Accuracy+1","Strange Spoon","Happy Flower","Tough Bandages","Dash","Slice"],"campfire_rested":7,"item_purchase_floors":[0,0,0,0,0,14,27,27,31,31,38,38,38],"current_hp_per_floor":[42,28,28,28,23,44,43,43,43,43,27,27,48,48,48,30,60,51,51,38,38,38,25,49,33,33,33,33,24,9,9,48,42,71,71,52,37,37,35,74,67,34,34,32,71,71,71,69,80,51],"gold":32,"neow_bonus":"","is_daily":false,"chose_seed":false,"campfire_upgraded":2,"win_rate":0.0,"timestamp":1611316605,"path_taken":["M","?","?","M","M","R","M","R","T","?","E","M","R","$","R","BOSS","M","M","?","?","?","E","R","?","T","$","?","M","?","?","R","BOSS","M","M","M","$","M","R","E","?","T","M","R","?","?","M","R","BOSS"],"items_purchased_type":["Relic","Relic","Relic","Card","Card","Card","Relic","Card","Relic","Relic","Relic","Card","Card"],"build_version":"2020-12-22","purchased_purges":1,"victory":true,"max_hp_per_floor":[70,70,70,70,70,70,70,70,70,70,70,70,70,70,70,70,70,70,70,70,70,70,80,80,80,80,80,80,80,80,80,80,80,80,80,80,80,80,80,80,80,80,80,80,80,80,80,80,80,80],"relic_stats":{"Regal Pillow":60,"Happy Flower":[17],"Torii":4,"counters":[88,411],"Golden Idol":184,"Cursed Key":1,"Strange Spoon":[70],"Dream Catcher":6,"Lizard Tail":0,"Nunchaku":[22],"Tough Bandages":[3],"Shuriken":[84],"obtain_stats":[{"CeramicFish":9,"Vajra":21,"Spirit Poop":29,"HoveringKite":34,"Boot":0,"Sling":11,"Lizard Tail":17,"HornCleat":11,"Strawberry":0,"Philosopher\u0027s Stone":17,"HandDrill":0,"Kunai":12,"Girya":0,"Pear":23,"Happy Flower":10,"Blue Candle":54,"Oddly Smooth Stone":53,"Eternal Feather":26,"Paper Crane":40,"Question Card":9,"Akabeko":41,"Shuriken":9,"Bronze Scales":9,"Bird Faced Urn":25,"Nloth\u0027s Gift":20,"StrikeDummy":23,"bronze:MakeshiftBattery":17,"Unceasing Top":28,"Darkstone Periapt":0,"Regal Pillow":9,"Lantern":0,"Singing Bowl":0,"Torii":43,"Enchiridion":25,"Mango":30,"Bag of Preparation":27,"Juzu Bracelet":47,"Incense Burner":41,"Ancient Tea Set":11,"Cursed Key":34,"Dream Catcher":17,"Nunchaku":26,"Tough Bandages":38,"Matryoshka":6,"Ninja Scroll":11,"Toolbox":41,"Tiny Chest":11,"Ring of the Snake":0,"Potion Belt":0,"The Specimen":0,"Golden Idol":2,"betterThird:NestCultRelic":28,"PreservedInsect":0,"The Courier":6,"Orichalcum":0,"Frozen Egg 2":41,"White Beast Statue":26,"Calling Bell":17,"Cauldron":21,"sneckomod:BabySnecko":22,"Strange Spoon":31,"Anchor":24,"Orrery":0,"Bag of Marbles":0,"Bottled Lightning":7,"hexamod:BolsterEngine":42,"Toy Ornithopter":12},{"CeramicFish":24,"Vajra":35,"Spirit Poop":39,"HoveringKite":41,"Boot":26,"Sling":30,"Lizard Tail":71,"HornCleat":69,"Strawberry":50,"Philosopher\u0027s Stone":14,"HandDrill":26,"Kunai":30,"Girya":50,"Pear":75,"Happy Flower":11,"Blue Candle":49,"Oddly Smooth Stone":48,"Eternal Feather":16,"Paper Crane":45,"Question Card":6,"Akabeko":45,"Shuriken":30,"Bronze Scales":6,"Bird Faced Urn":62,"Nloth\u0027s Gift":59,"StrikeDummy":61,"bronze:MakeshiftBattery":57,"Unceasing Top":77,"Darkstone Periapt":26,"Regal Pillow":10,"Lantern":26,"Singing Bowl":50,"Torii":85,"Enchiridion":75,"Mango":63,"Bag of Preparation":38,"Juzu Bracelet":47,"Incense Burner":85,"Ancient Tea Set":24,"Cursed Key":80,"Dream Catcher":71,"Nunchaku":75,"Tough Bandages":83,"Matryoshka":6,"Ninja Scroll":54,"Toolbox":45,"Tiny Chest":30,"Ring of the Snake":0,"Potion Belt":64,"The Specimen":26,"Golden Idol":27,"betterThird:NestCultRelic":16,"PreservedInsect":19,"The Courier":53,"Orichalcum":7,"Frozen Egg 2":45,"White Beast Statue":37,"Calling Bell":71,"Cauldron":16,"sneckomod:BabySnecko":16,"Strange Spoon":79,"Anchor":36,"Orrery":64,"Bag of Marbles":50,"Bottled Lightning":10,"hexamod:BolsterEngine":85,"Toy Ornithopter":25},{"CeramicFish":102,"Vajra":160,"Spirit Poop":174,"HoveringKite":184,"Boot":121,"Sling":135,"Lizard Tail":324,"HornCleat":317,"Strawberry":235,"Philosopher\u0027s Stone":64,"HandDrill":121,"Kunai":135,"Girya":235,"Pear":344,"Happy Flower":49,"Blue Candle":226,"Oddly Smooth Stone":221,"Eternal Feather":72,"Paper Crane":206,"Question Card":24,"Akabeko":206,"Shuriken":135,"Bronze Scales":24,"Bird Faced Urn":284,"Nloth\u0027s Gift":266,"StrikeDummy":278,"bronze:MakeshiftBattery":259,"Unceasing Top":352,"Darkstone Periapt":121,"Regal Pillow":41,"Lantern":121,"Singing Bowl":235,"Torii":393,"Enchiridion":344,"Mango":288,"Bag of Preparation":171,"Juzu Bracelet":215,"Incense Burner":393,"Ancient Tea Set":102,"Cursed Key":369,"Dream Catcher":324,"Nunchaku":344,"Tough Bandages":383,"Matryoshka":24,"Ninja Scroll":245,"Toolbox":206,"Tiny Chest":135,"Ring of the Snake":0,"Potion Belt":300,"The Specimen":121,"Golden Idol":124,"betterThird:NestCultRelic":72,"PreservedInsect":89,"The Courier":244,"Orichalcum":28,"Frozen Egg 2":206,"White Beast Statue":166,"Calling Bell":324,"Cauldron":72,"sneckomod:BabySnecko":72,"Strange Spoon":359,"Anchor":164,"Orrery":300,"Bag of Marbles":235,"Bottled Lightning":41,"hexamod:BolsterEngine":393,"Toy Ornithopter":105}],"Unceasing Top":[22],"Toy Ornithopter":6,"Ring of the Snake":[161]},"card_choices":[{"not_picked":["Prepared","Deadly Poison"],"picked":"Bouncing Flask","floor":0.0},{"not_picked":["Outmaneuver","Cloak And Dagger"],"picked":"Bane","floor":0.0},{"not_picked":["Heel Hook","Outmaneuver"],"picked":"Catalyst","floor":0.0},{"not_picked":["Bane","Endless Agony"],"picked":"Backstab","floor":0.0},{"not_picked":["Eviscerate","Endless Agony"],"picked":"Backflip","floor":0.0},{"not_picked":["Riddle With Holes","Setup"],"picked":"Blade Dance","floor":1.0},{"not_picked":["Dagger Throw","Masterful Stab"],"picked":"Crippling Poison","floor":4.0},{"not_picked":["Slice","Blade Dance"],"picked":"Well Laid Plans+1","floor":5.0},{"not_picked":["Acrobatics","Dagger Throw"],"picked":"Riddle With Holes","floor":7.0},{"not_picked":["Riddle With Holes","Outmaneuver"],"picked":"Predator","floor":11.0},{"not_picked":["Blade Dance","Quick Slash"],"picked":"Finisher","floor":12.0},{"not_picked":["Bullet Time","Doppelganger"],"picked":"After Image+1","floor":16.0},{"not_picked":["Flying Knee","Dodge and Roll"],"picked":"Accuracy+1","floor":18.0},{"not_picked":["Prepared","Dagger Throw"],"picked":"Footwork+1","floor":19.0},{"not_picked":["Flying Knee","Sucker Punch"],"picked":"Leg Sweep","floor":20.0},{"not_picked":["Underhanded Strike","Backflip"],"picked":"Catalyst","floor":23},{"not_picked":["Dodge and Roll+1","Masterful Stab"],"picked":"Flying Knee+1","floor":24},{"not_picked":["PiercingWail","Dodge and Roll"],"picked":"Flying Knee+1","floor":28},{"not_picked":["Dash","Doppelganger"],"picked":"Blade Dance+1","floor":29},{"not_picked":["Dodge and Roll","Underhanded Strike"],"picked":"Outmaneuver+1","floor":30},{"not_picked":["Quick Slash","Bane"],"picked":"PiercingWail","floor":32},{"not_picked":["Tools of the Trade+1","Storm of Steel"],"picked":"After Image+1","floor":33},{"not_picked":["Bane","Skewer"],"picked":"PiercingWail+1","floor":35},{"not_picked":["Dodge and Roll+1","Masterful Stab"],"picked":"Blur","floor":36},{"not_picked":["Sucker Punch+1","Quick Slash+1"],"picked":"Cloak And Dagger+1","floor":37},{"not_picked":["Dagger Throw","Masterful Stab+1"],"picked":"Cloak And Dagger+1","floor":39},{"not_picked":["Predator+1","Dagger Throw"],"picked":"Flying Knee+1","floor":40},{"not_picked":["Bouncing Flask","Doppelganger"],"picked":"Heel Hook","floor":41},{"not_picked":["Quick Slash","Prepared"],"picked":"Footwork+1","floor":44},{"not_picked":["Deadly Poison+1","Outmaneuver"],"picked":"Choke","floor":45},{"not_picked":["PanicButton","Bandage Up"],"picked":"Panacea","floor":47},{"not_picked":["Dark Shackles","Finesse"],"picked":"HandOfGreed","floor":47},{"not_picked":["Acrobatics","Dagger Throw+1"],"picked":"Outmaneuver+1","floor":48},{"not_picked":["Dagger Spray+1","Flechettes"],"picked":"Finisher+1","floor":49}],"player_experience":420779,"relics_obtained":[{"floor":9.0,"key":"Ninja Scroll"},{"floor":11.0,"key":"HornCleat"},{"floor":17.0,"key":"Dream Catcher"},{"floor":17.0,"key":"Shuriken"},{"floor":17.0,"key":"Lizard Tail"},{"floor":23,"key":"Pear"},{"floor":25,"key":"Enchiridion"},{"floor":26,"key":"Nunchaku"},{"floor":28,"key":"Unceasing Top"},{"floor":28,"key":"StrikeDummy"},{"floor":41,"key":"Incense Burner"},{"floor":43,"key":"Torii"}],"event_choices":[{"damage_healed":42.0,"max_hp_gain":0.0,"max_hp_loss":70.0,"gold_gain":0.0,"event_name":"betterThird:BetterShining","player_choice":"Upgrade","floor":2.0,"gold_loss":0.0,"damage_taken":14.0,"cards_upgraded":["Strike_G","Catalyst"]},{"damage_healed":0.0,"max_hp_gain":0.0,"max_hp_loss":0.0,"gold_gain":0.0,"event_name":"Golden Idol","player_choice":"Take Wound","floor":3.0,"gold_loss":0.0,"damage_taken":0.0,"relics_obtained":["Golden Idol"],"cards_obtained":["Injury"]},{"cards_removed":["Footwork"],"damage_healed":0.0,"max_hp_gain":0.0,"max_hp_loss":0.0,"gold_gain":0.0,"event_name":"betterNote:BetterNote","player_choice":"Give","floor":10.0,"gold_loss":0.0,"damage_taken":0.0,"cards_obtained":["None"]},{"damage_healed":0.0,"max_hp_gain":0.0,"max_hp_loss":0.0,"gold_gain":0.0,"event_name":"The Library","player_choice":"Read","floor":21.0,"gold_loss":0.0,"damage_taken":0.0,"cards_obtained":["Backstab"]},{"damage_healed":0.0,"max_hp_gain":0.0,"max_hp_loss":9.0,"gold_gain":0.0,"event_name":"betterThird:BetterWriting","player_choice":"Simplicity","floor":22.0,"gold_loss":0.0,"damage_taken":0.0},{"damage_healed":0,"gold_gain":0,"player_choice":"Obtained Book","damage_taken":16,"max_hp_gain":0,"max_hp_loss":0,"event_name":"Cursed Tome","floor":25,"gold_loss":0},{"damage_healed":0,"gold_gain":0,"player_choice":"Fight","damage_taken":0,"max_hp_gain":0,"max_hp_loss":0,"event_name":"Colosseum","floor":28,"gold_loss":0},{"damage_healed":0,"gold_gain":0,"player_choice":"Fought Nobs","damage_taken":0,"max_hp_gain":0,"max_hp_loss":0,"event_name":"Colosseum","floor":28,"gold_loss":0},{"damage_healed":0,"gold_gain":0,"player_choice":"RE RE ","damage_taken":37,"relics_obtained":["hexamod:BolsterEngine","Toy Ornithopter"],"max_hp_gain":0,"max_hp_loss":0,"event_name":"betterSkull:BetterSkull","floor":42,"gold_loss":0,"cards_upgraded":[]},{"damage_healed":0,"gold_gain":3,"player_choice":"1","damage_taken":0,"max_hp_gain":0,"max_hp_loss":0,"event_name":"betterStone:BetterStone","floor":47,"gold_loss":0}],"is_beta":false,"boss_relics":[{"not_picked":["Astrolabe","bronze:MakeshiftBattery"],"picked":"Calling Bell"},{"not_picked":["SacredBark","Fusion Hammer"],"picked":"Cursed Key"}],"items_purged_floors":[46],"is_endless":false,"potions_floor_spawned":[1,7,12,19,23,28,35,41,44],"ascension_level":10}}