{"host":"sav7uxregyirlf69","time":1611320351,"event":{"mods":["AchievementEnabler","BaseMod","Colored Map","DeckTracker","Keyboard Shortcuts","Minty Spire (QoL Compilation)","READ ME - Guardian Mod","StSLib","SuperFastMode"],"gold_per_floor":[112,112,122,47,60,60,79,4,4,4,15,43,53,68,68,142,142,152,171,200,218,63,63,63,92,92,92,492,506,523,573,573,650,650,670,682,80,90,90,90,122,122,177,177,187,222,238,268,268,268,268,268,268,34,62,62],"floor_reached":57,"language":"KOR","playtime":1398,"items_purged":["Strike_G","Strike_G","Strike_G"],"score":3053,"play_id":"e1c83115-9ae6-49a5-9e08-434c5129ad3d","local_time":"20210122215911","is_ascension_mode":true,"campfire_choices":[{"data":"Catalyst","floor":6.0,"key":"SMITH"},{"data":"Neutralize","floor":10.0,"key":"SMITH"},{"data":"Catalyst","floor":15.0,"key":"SMITH"},{"data":"Deadly Poison","floor":23.0,"key":"SMITH"},{"floor":27.0,"key":"REST"},{"data":"Burst","floor":32.0,"key":"SMITH"},{"data":"Well Laid Plans","floor":40.0,"key":"SMITH"},{"data":"Reflex","floor":42.0,"key":"SMITH"},{"data":"Blur","floor":44.0,"key":"SMITH"},{"floor":49.0,"key":"RECALL"},{"data":"PiercingWail","floor":53.0,"key":"SMITH"}],"circlet_count":0,"master_deck":["AscendersBane","Strike_G","Defend_G","Defend_G","Defend_G","Defend_G","Defend_G","Survivor","Neutralize+1","Crippling Poison+1","Quick Slash","Catalyst+1","Dagger Throw","Catalyst+1","Poisoned Stab","Burst+1","Deadly Poison+1","Distraction+1","Backflip","Reflex+1","Footwork+1","Well Laid Plans+1","Blur+1","PiercingWail+1","Footwork+1","Escape Plan+1","Backflip+1","Dodge and Roll+1","Crippling Poison+1"],"relics":["Ring of the Serpent","FossilizedHelix","Sundial","Tingsha","Red Mask","Regal Pillow","Prayer Wheel","Old Coin","Meat on the Bone","Sozu","Incense Burner","Lizard Tail","Toxic Egg 2","MealTicket","Ice Cream","TheAbacus","Bronze Scales"],"acts_visited":["Exordium","TheCity","TheBeyond","TheEnding"],"potions_floor_usage":[],"damage_taken":[{"damage":0.0,"enemies":"2 Louse","floor":1.0,"turns":3.0},{"damage":0.0,"enemies":"Cultist","floor":3.0,"turns":4.0},{"damage":0.0,"enemies":"Jaw Worm","floor":5.0,"turns":3.0},{"damage":0.0,"enemies":"Exordium Wildlife","floor":7.0,"turns":4.0},{"damage":1.0,"enemies":"Blue Slaver","floor":11.0,"turns":3.0},{"damage":15.0,"enemies":"Lagavulin","floor":12.0,"turns":5.0},{"damage":0.0,"enemies":"3 Louse","floor":13.0,"turns":3.0},{"damage":3.0,"enemies":"Gremlin Gang","floor":14.0,"turns":3.0},{"damage":0.0,"enemies":"The Guardian","floor":16.0,"turns":5.0},{"damage":0.0,"enemies":"Chosen","floor":18.0,"turns":4.0},{"damage":1.0,"enemies":"Shell Parasite","floor":19.0,"turns":3.0},{"damage":21.0,"enemies":"Masked Bandits","floor":20.0,"turns":4.0},{"damage":0.0,"enemies":"Cultist and Chosen","floor":21.0,"turns":4.0},{"damage":21.0,"enemies":"Book of Stabbing","floor":25.0,"turns":3.0},{"damage":15.0,"enemies":"Colosseum Slavers","floor":28.0,"turns":3.0},{"damage":1.0,"enemies":"Colosseum Nobs","floor":28.0,"turns":5.0},{"damage":0.0,"enemies":"Centurion and Healer","floor":29.0,"turns":4.0},{"damage":6.0,"enemies":"Chosen and Byrds","floor":30.0,"turns":4.0},{"damage":0.0,"enemies":"Champ","floor":33.0,"turns":4.0},{"damage":0.0,"enemies":"3 Shapes","floor":35.0,"turns":3.0},{"damage":0.0,"enemies":"Orb Walker","floor":36.0,"turns":2.0},{"damage":0.0,"enemies":"Sphere and 2 Shapes","floor":38.0,"turns":4.0},{"damage":5.0,"enemies":"Reptomancer","floor":41.0,"turns":5.0},{"damage":0.0,"enemies":"Jaw Worm Horde","floor":45.0,"turns":4.0},{"damage":0.0,"enemies":"Nemesis","floor":46.0,"turns":5.0},{"damage":0.0,"enemies":"4 Shapes","floor":47.0,"turns":6.0},{"damage":0.0,"enemies":"Giant Head","floor":48.0,"turns":4.0},{"damage":12.0,"enemies":"Donu and Deca","floor":50.0,"turns":12.0},{"damage":30.0,"enemies":"Time Eater","floor":51.0,"turns":8.0},{"damage":50,"enemies":"Shield and Spear","floor":55,"turns":16},{"damage":93,"enemies":"The Heart","floor":56,"turns":6}],"seed_played":"603812889938705091","potions_obtained":[{"floor":1.0,"key":"SkillPotion"},{"floor":7.0,"key":"GhostInAJar"},{"floor":12.0,"key":"Energy Potion"},{"floor":21.0,"key":"DuplicationPotion"},{"floor":25.0,"key":"GamblersBrew"},{"floor":28.0,"key":"AttackPotion"},{"floor":30.0,"key":"SkillPotion"}],"is_trial":false,"path_per_floor":["M","?","M","?","M","R","M","$","T","R","M","E","M","M","R","B",null,"M","M","?","M","$","R","?","E","T","R","?","M","M","?","R","B",null,"M","M","$","M","T","R","E","R","T","R","M","E","M","E","R","B","B",null,"R","$","E","B",null],"character_chosen":"THE_SILENT","items_purchased":["Poison Potion","Well Laid Plans","Incense Burner","Blur","TheAbacus","Crippling Poison+1"],"campfire_rested":1,"item_purchase_floors":[22,37,37,37,54,54],"current_hp_per_floor":[59,59,59,59,59,59,59,59,59,59,58,43,43,40,40,40,55,55,54,33,33,33,33,33,12,12,45,29,41,35,35,35,35,54,54,54,54,54,54,54,49,49,49,49,49,49,49,49,49,37,19,50,50,60,22,15],"gold":62,"neow_bonus":"ONE_RARE_RELIC","is_daily":false,"chose_seed":false,"campfire_upgraded":9,"win_rate":0.0,"timestamp":1611320351,"path_taken":["M","?","?","?","M","R","M","$","T","R","M","E","M","M","R","BOSS","M","M","?","M","$","R","?","E","T","R","?","M","M","?","R","BOSS","M","M","$","?","?","R","E","R","T","R","M","E","?","E","R","BOSS","BOSS","R","$","E","BOSS"],"items_purchased_type":["Potion","Card","Relic","Card","Relic","Card"],"build_version":"2020-12-22","purchased_purges":3,"victory":true,"max_hp_per_floor":[60,60,60,60,60,60,60,60,60,60,60,60,60,60,60,60,60,60,60,60,60,60,60,60,60,60,60,60,60,60,60,60,60,60,60,60,60,60,60,60,60,60,60,60,60,60,60,60,60,60,60,60,60,60,60,60],"card_choices":[{"not_picked":["Backflip","Escape Plan"],"picked":"Crippling Poison","floor":1.0},{"not_picked":["Acrobatics","Slice"],"picked":"Quick Slash","floor":3.0},{"not_picked":["Acrobatics","Quick Slash"],"picked":"Catalyst","floor":5.0},{"not_picked":["Acrobatics","Cloak And Dagger"],"picked":"Dagger Throw","floor":7.0},{"not_picked":["Unload","Dodge and Roll","Sucker Punch"],"picked":"SKIP","floor":11.0},{"not_picked":["Poisoned Stab","Backstab","Masterful Stab"],"picked":"SKIP","floor":12.0},{"not_picked":["Bane","All Out Attack"],"picked":"Catalyst","floor":13.0},{"not_picked":["Expertise","PiercingWail"],"picked":"Poisoned Stab","floor":14.0},{"not_picked":["Storm of Steel","Tools of the Trade"],"picked":"Burst","floor":16.0},{"not_picked":["Setup","Sucker Punch"],"picked":"Deadly Poison","floor":18.0},{"not_picked":["Bane","Dodge and Roll","Choke"],"picked":"SKIP","floor":19.0},{"not_picked":["Blade Dance","Catalyst","Riddle With Holes"],"picked":"SKIP","floor":21.0},{"not_picked":["Cloak And Dagger","Dodge and Roll","Sucker Punch"],"picked":"SKIP","floor":25.0},{"not_picked":["Choke","Poisoned Stab","Slice"],"picked":"SKIP","floor":29.0},{"not_picked":["Slice","Distraction","Deflect+1"],"picked":"SKIP","floor":29.0},{"not_picked":["Dagger Spray","Deflect"],"picked":"Distraction+1","floor":30.0},{"not_picked":["Deflect","Bouncing Flask"],"picked":"Backflip","floor":30.0},{"not_picked":["Dodge and Roll","Heel Hook"],"picked":"Reflex","floor":35.0},{"not_picked":["Backstab","Cloak And Dagger","Bane"],"picked":"SKIP","floor":35.0},{"not_picked":["Prepared","Finisher+1"],"picked":"Footwork+1","floor":36.0},{"not_picked":["Leg Sweep","Deflect","Cloak And Dagger+1"],"picked":"SKIP","floor":36.0},{"not_picked":["Sucker Punch","Die Die Die"],"picked":"PiercingWail","floor":38.0},{"not_picked":["All Out Attack+1","Poisoned Stab","Deadly Poison+1"],"picked":"SKIP","floor":38.0},{"not_picked":["Quick Slash","Poisoned Stab"],"picked":"Footwork+1","floor":41.0},{"not_picked":["Choke","Expertise+1"],"picked":"Escape Plan+1","floor":45.0},{"not_picked":["Caltrops+1","Unload"],"picked":"Backflip+1","floor":45.0},{"not_picked":["Setup+1","Crippling Poison+1","PiercingWail+1"],"picked":"SKIP","floor":46.0},{"not_picked":["Cloak And Dagger+1","Dagger Spray"],"picked":"Dodge and Roll+1","floor":47.0},{"not_picked":["Backstab","Predator","PiercingWail+1"],"picked":"SKIP","floor":47.0},{"not_picked":["Dagger Spray","Blade Dance+1","Dagger Throw"],"picked":"SKIP","floor":48.0},{"not_picked":["Well Laid Plans","Eviscerate","Quick Slash"],"picked":"SKIP","floor":55}],"player_experience":1355032,"relics_obtained":[{"floor":9.0,"key":"Sundial"},{"floor":12.0,"key":"Tingsha"},{"floor":20.0,"key":"Red Mask"},{"floor":25.0,"key":"Regal Pillow"},{"floor":26.0,"key":"Prayer Wheel"},{"floor":28.0,"key":"Old Coin"},{"floor":28.0,"key":"Meat on the Bone"},{"floor":39.0,"key":"Lizard Tail"},{"floor":41.0,"key":"Toxic Egg 2"},{"floor":46.0,"key":"MealTicket"},{"floor":48.0,"key":"Ice Cream"},{"floor":55,"key":"Bronze Scales"}],"event_choices":[{"damage_healed":0.0,"max_hp_gain":0.0,"max_hp_loss":0.0,"gold_gain":0.0,"event_name":"Upgrade Shrine","player_choice":"Upgraded","floor":2.0,"gold_loss":0.0,"damage_taken":0.0,"cards_upgraded":["Crippling Poison"]},{"cards_removed":["Strike_G"],"damage_healed":0.0,"max_hp_gain":0.0,"max_hp_loss":0.0,"gold_gain":0.0,"event_name":"The Cleric","player_choice":"Card Removal","floor":4.0,"gold_loss":75.0,"damage_taken":0.0},{"damage_healed":0.0,"max_hp_gain":0.0,"max_hp_loss":0.0,"gold_gain":0.0,"event_name":"Masked Bandits","player_choice":"Fought Bandits","floor":20.0,"gold_loss":0.0,"damage_taken":0.0},{"damage_healed":0.0,"max_hp_gain":0.0,"max_hp_loss":0.0,"gold_gain":0.0,"event_name":"Cursed Tome","player_choice":"Ignored","floor":24.0,"gold_loss":0.0,"damage_taken":0.0},{"damage_healed":0.0,"max_hp_gain":0.0,"max_hp_loss":0.0,"gold_gain":0.0,"event_name":"Colosseum","player_choice":"Fight","floor":28.0,"gold_loss":0.0,"damage_taken":0.0},{"damage_healed":0.0,"max_hp_gain":0.0,"max_hp_loss":0.0,"gold_gain":0.0,"event_name":"Colosseum","player_choice":"Fought Nobs","floor":28.0,"gold_loss":0.0,"damage_taken":0.0},{"damage_healed":0.0,"max_hp_gain":0.0,"max_hp_loss":0.0,"gold_gain":100.0,"event_name":"The Joust","player_choice":"Bet on Murderer","floor":31.0,"gold_loss":50.0,"damage_taken":0.0}],"is_beta":false,"boss_relics":[{"not_picked":["Runic Dome","WristBlade"],"picked":"Ring of the Serpent"},{"not_picked":["Philosopher\u0027s Stone","Fusion Hammer"],"picked":"Sozu"}],"items_purged_floors":[8,22,37],"is_endless":false,"potions_floor_spawned":[1,7,12,14,21,25,28,28,30,36,38,48],"ascension_level":20}}