{"host":"wonp23fsqqcu31ie","time":1611313004,"event":{"mods":["2.2 Compatiblity","AchievementEnabler","Aspiration","BaseMod","Bestiary","Better Altar","Better Match","Better Sensory Stone","Better Skull","Better Third Choice","BetterRewards","Block Reminder","Colored Map","Colored Powertips","Conspire","Curses Come First","DeckTracker","Displayed Cursed Tome","Downfall","Energized Spire","Evolution","Hermit","Highlight Path","Hubris","Infinite Spire","Marisa????????","Minty Spire (QoL Compilation)","Permanent Neow","Prisma Mod","Quick Restart","Rare Cards Sparkle","Relic Stats","Robot Space Explorer","Shade Mod","Shop Mod","StSLib","SuperFastMode","The Animator","The Bug Knight","The Construct","The Cursed","The Disciple","The Dragon Tamer","The Gatherer","The Hierophant","The Marked","The Necromancer","The Poker Player","The Runesmith","The Saiyan","The Servant 0.9.4","TheBandit"],"gold_per_floor":[115,115,115,131,143,143,476,495,495,527,527,527,541,553,553,653,653,663,663,663,663,680,709,709,728,780,792,892,466,466,476,476,575,575,590,601,601,611,628,656,656,672,720,720,720,720,737,757,757,757,757],"floor_reached":50,"language":"ENG","playtime":1494,"items_purged":[],"score":531,"play_id":"4e57f310-e6f1-4e83-967a-e539f43aaf43","local_time":"20210122215644","is_ascension_mode":false,"metric_token":3346,"campfire_choices":[{"data":"PokerPlayerMod:ItsShowtime","floor":6,"key":"SMITH"},{"floor":11,"key":"RECALL"},{"data":"PokerPlayerMod:Mulligan","floor":15,"key":"SMITH"},{"data":"PokerPlayerMod:VarietyAttack","floor":24,"key":"SMITH"},{"floor":30,"key":"REST"},{"data":"PokerPlayerMod:Harden","floor":32,"key":"SMITH"},{"data":"PokerPlayerMod:Club1","floor":41,"key":"SMITH"},{"data":"PokerPlayerMod:Promotion","floor":44,"key":"SMITH"},{"data":"PokerPlayerMod:Diamond1","floor":49,"key":"SMITH"}],"circlet_count":0,"master_deck":["PokerPlayerMod:Diamond2","PokerPlayerMod:Diamond2","PokerPlayerMod:Diamond3","PokerPlayerMod:Diamond4","PokerPlayerMod:Diamond5","PokerPlayerMod:Spade1","PokerPlayerMod:Spade2","PokerPlayerMod:Spade3","PokerPlayerMod:Spade4","PokerPlayerMod:Club2","PokerPlayerMod:Club2","PokerPlayerMod:Heart2","PokerPlayerMod:SpadeStrike","PokerPlayerMod:BadJoker","PokerPlayerMod:Mulligan+1","PokerPlayerMod:Raise","PokerPlayerMod:ItsShowtime+1","PokerPlayerMod:DartThrow","PokerPlayerMod:Diamond4","PokerPlayerMod:Sharpen","PokerPlayerMod:SecondChance","PokerPlayerMod:Harden+1","PokerPlayerMod:VarietyAttack+1","PokerPlayerMod:DartThrow+1","PokerPlayerMod:ClubsClub","PokerPlayerMod:Promotion+1","PokerPlayerMod:Club4","PokerPlayerMod:SecondChance+1"],"relics":["PokerPlayerMod:DeckCase","EVO:Axolotl","infinitespire:Lychee Nut","Runesmith:AutoHammer","Omamori","Bottled Lightning","conspire:SpecialSausage","PokerPlayerMod:EnergeticBat","Busted Crown","infinitespire:CheckeredPen","Tiny Chest","aspiration:ChemicalBlood","aspiration:HatOfInfinitePower","aspiration:HummingbirdHeart","Akabeko","Medical Kit","MerchantsRug","hubris:ScarierMask","hubris:MobiusCoin","infinitespire:Satchel","PrismaticShard","hubris:Icosahedron"],"acts_visited":["Exordium","TheCity","TheBeyond"],"potions_floor_usage":[16,16,27,28,28,33,33,33,33,35,39,40,50,50,50,50,50,50],"damage_taken":[{"damage":0,"enemies":"Jaw Worm","floor":1,"turns":3},{"damage":0,"enemies":"2 Louse","floor":4,"turns":1},{"damage":0,"enemies":"Cultist","floor":5,"turns":3},{"damage":5,"enemies":"HollowMod:MossKnight","floor":7,"turns":7},{"damage":0,"enemies":"3 Louse","floor":8,"turns":1},{"damage":1,"enemies":"3 Sentries","floor":10,"turns":4},{"damage":4,"enemies":"Lots of Slimes","floor":13,"turns":2},{"damage":8,"enemies":"Exordium Wildlife","floor":14,"turns":4},{"damage":11,"enemies":"The Guardian","floor":16,"turns":7},{"damage":2,"enemies":"Chosen","floor":18,"turns":4},{"damage":0,"enemies":"Shell Parasite","floor":22,"turns":1},{"damage":12,"enemies":"Nightmare","floor":23,"turns":5},{"damage":4,"enemies":"Chosen and Byrds","floor":25,"turns":3},{"damage":16,"enemies":"Snake Plant","floor":27,"turns":2},{"damage":7,"enemies":"Colosseum Slavers","floor":28,"turns":3},{"damage":13,"enemies":"Colosseum Nobs","floor":28,"turns":3},{"damage":0,"enemies":"Cultist and Chosen","floor":31,"turns":4},{"damage":33,"enemies":"Champ","floor":33,"turns":8},{"damage":5,"enemies":"3 Darklings","floor":35,"turns":2},{"damage":0,"enemies":"Orb Walker","floor":36,"turns":2},{"damage":0,"enemies":"3 Darklings","floor":38,"turns":1},{"damage":5,"enemies":"Maw","floor":39,"turns":5},{"damage":27,"enemies":"Nemesis","floor":40,"turns":6},{"damage":6,"enemies":"Transient","floor":42,"turns":5},{"damage":0,"enemies":"3 Darklings","floor":47,"turns":1},{"damage":0,"enemies":"Sphere and 2 Shapes","floor":48,"turns":1},{"damage":57,"enemies":"infinitespire:MassOfShapes","floor":50,"turns":6}],"seed_played":"-1723952993992180383","potions_obtained":[{"floor":7,"key":"LiquidBronze"},{"floor":13,"key":"SkillPotion"},{"floor":16,"key":"GamblersBrew"},{"floor":22,"key":"Ancient Potion"},{"floor":25,"key":"BlessingOfTheForge"},{"floor":27,"key":"ColorlessPotion"},{"floor":28,"key":"Strength Potion"},{"floor":31,"key":"DuplicationPotion"},{"floor":33,"key":"SpeedPotion"},{"floor":38,"key":"construct:ShiftPotion"},{"floor":40,"key":"Strength Potion"},{"floor":48,"key":"EssenceOfSteel"}],"is_trial":false,"path_per_floor":["M","?","?","M","M","R","E","M","T","E","R","?","M","M","R","B",null,"M","?","?","AVR","M","NM","R","M","T","M","?","$","R","M","R","B",null,"M","M","?","M","M","E","R","M","T","R","AVR","?","M","M","R","B"],"character_chosen":"THE_POKER_PLAYER","items_purchased":["Akabeko","Medical Kit","MerchantsRug"],"campfire_rested":1,"item_purchase_floors":[29,29,29],"current_hp_per_floor":[57,57,32,38,43,43,47,53,53,56,56,56,53,50,50,47,57,55,55,55,55,55,45,45,50,50,37,34,34,52,60,60,29,62,57,62,62,62,58,36,36,42,42,42,42,42,48,48,48,0,0],"gold":757,"neow_bonus":"ONE_RARE_RELIC","is_daily":false,"chose_seed":false,"campfire_upgraded":7,"win_rate":0.0,"timestamp":1611313004,"path_taken":["M","?","?","M","?","R","E","M","T","E","R","?","?","M","R","BOSS","M","?","?","AVR","M","NM","R","M","T","M","?","$","R","M","R","BOSS","M","M","?","M","M","E","R","M","T","R","AVR","?","M","M","R","BOSS"],"items_purchased_type":["Relic","Relic","Relic"],"build_version":"2020-12-22","purchased_purges":0,"victory":false,"max_hp_per_floor":[57,57,57,57,57,57,57,57,57,57,57,57,57,57,57,57,57,57,57,57,57,57,57,57,57,57,57,62,62,62,62,62,62,62,62,62,62,62,62,62,62,62,62,62,62,62,62,62,62,62,62],"relic_stats":{"Busted Crown":44,"counters":[249,975],"Tiny Chest":0,"Medical Kit":[14],"obtain_stats":[{"infinitespire:BottledMercury":110,"construct:FoamFinger":26,"Runesmith:Locket":0,"infinitespire:Cubic Diamond":2,"Ginger":19,"Whetstone":45,"Bottled Tornado":23,"Boot":0,"Sling":36,"Old Coin":7,"Blood Vial":8,"PrismaMod:PrismaRuby":2,"infinitespire:ShieldingShard":11,"hubris:AstralHammer":0,"aspiration:BabyByrd":5,"Sundial":108,"MealTicket":128,"Necronomicon":122,"HollowMod:PaleOreRelic":6,"Replay:Wax Seal":53,"MerchantsRug":25,"HollowMod:QueensCombRelic":9,"hubris:MobiusCoin":43,"conspire:TreasureMap":0,"Blue Candle":24,"ReplayTheSpireMod:Ring of Addiction":42,"hubris:SphereOfDissonance":111,"Pen Nib":27,"Guardian:PocketSentry":9,"Replay:Ancient Bell":34,"infinitespire:Magic Flask":0,"aspiration:FrozenJewel":25,"Akabeko":9,"infinitespire:Lychee Nut":0,"ReplayTheSpireMod:Ring of Collecting":42,"aspiration:ServantSkillbook":17,"CultistMask":3,"conspire:BottledYoYo":8,"energizedSpire:MagnifyingGlass":68,"hubris:TenFootPole":82,"StrikeDummy":12,"Abe\u0027s Treasure":17,"infinitespire:PuzzleCube":21,"conspire:Flyswatter":19,"hubris:Reverence":12,"infinitespire:Cupcake":136,"aspiration:Lifesprig":14,"Regal Pillow":5,"Lantern":0,"hubris:Metronome":138,"Singing Bowl":77,"Torii":141,"Blue Doll":23,"StoneCalendar":0,"hubris:EmptyBottle":42,"Cursed Key":17,"Smiling Mask":20,"Shovel":36,"hubris:Backtick":19,"Ring of Peace":43,"aspiration:AnachronicSnailShell":6,"hubris:ScarierMask":85,"hubris:CuriousFeather":9,"hubris:FunFungus":0,"energizedSpire:HugeHouse":138,"Chemical X":0,"Ring of Panic":44,"aspiration:ChemicalBlood":43,"hubris:GlazedTorus":149,"Potion Belt":6,"aspiration:VileToxins":7,"construct:WeddingRing":17,"hubris:64BitClover":0,"Golden Idol":4,"Circlet":105,"Thread and Needle":0,"infinitespire:Joker Card":63,"Omamori":155,"infinitespire:CheckeredPen":26,"infinitespire:Lucky Rock":60,"hubris:Towel":13,"PokerPlayerMod:BottledPoker":25,"theMarked:ArtifactOfAir":45,"Busted Crown":17,"hubris:Spice":48,"Bloody Idol":31,"Orrery":0,"Turnip":0,"Bottled Lightning":11,"Runesmith:AutoHammer":53,"hexamod:BolsterEngine":44,"conspire:DeflatedDodgeball":10,"Toy Ornithopter":0,"infinitespire:Midas Blood":149,"hubris:BottledRain":0,"Ice Cream":19,"Calipers":10,"Tiny House":17,"hubris:CrystalStatue":82,"Nilry\u0027s Codex":22,"CeramicFish":26,"Vajra":78,"aspiration:Stabinomicon":30,"EVO:Axolotl":0,"HollowMod:StagPassRelic":92,"PokerPlayerMod:BrokenClock":52,"Lizard Tail":25,"Strawberry":156,"Philosopher\u0027s Stone":102,"PokerPlayerMod:Splitter":108,"conspire:Dentures":0,"PokerPlayerMod:PendantOfEscape":0,"Girya":0,"hubris:DuctTape":6,"Happy Flower":6,"aspiration:Nostalgia":0,"ReplayTheSpireMod:CursedCoin":14,"Oddly Smooth Stone":45,"infinitespire:Beetle Shell":6,"conspire:Boomerang":17,"aspiration:SeaSaltIceCream":19,"Letter Opener":133,"War Paint":23,"aspiration:HiddenCompartment":25,"Question Card":0,"hubris:Zylophone":0,"Du-Vu Doll":145,"Replay:Baseball":34,"ReplayTheSpireMod:Shallot":54,"Shuriken":31,"Bronze Scales":14,"hubris:PeanutButter":41,"ReplayTheSpireMod:TigerMarble":18,"Black Star":17,"Nloth\u0027s Gift":24,"infinitespire:EmpoweringShard":39,"CatCart":45,"Mirror":34,"aspiration:HatOfInfinitePower":42,"Meat on the Bone":19,"NlothsMask":20,"Darkstone Periapt":19,"bronze:BronzeCore":0,"SacredBark":34,"Enchiridion":75,"aspiration:TomeofQuesting":62,"conspire:SpecialSausage":153,"Juzu Bracelet":8,"PrismaticShard":45,"ClockworkSouvenir":53,"PokerPlayerMod:FairLicense":53,"PokerPlayerMod:DeckCase":0,"m_ScarletBlood":0,"Replay:Bandana":22,"Nunchaku":0,"hubris:Icosahedron":19,"aspiration:DefectSkillbook":34,"Mummified Hand":41,"Pantograph":104,"Tiny Chest":43,"Red Mask":21,"aspiration:FetidBarrel":73,"Guide Book":7,"hubris:MedicalManual":2,"aspiration:HummingbirdHeart":31,"aspiration:SecretTechniqueScroll":34,"Orichalcum":12,"Odd Mushroom":53,"Medical Kit":0,"White Beast Statue":42,"Calling Bell":17,"Pondfish Scales":11,"infinitespire:WardingShard":46,"PokerPlayerMod:EnergeticBat":0,"infinitespire:Satchel":70,"hubris:BundleOfHerbs":38,"PokerPlayerMod:JackpotMachine":110,"PokerPlayerMod:ClubPass":26,"Membership Card":21,"hubris:Potato":34,"TungstenRod":40,"hubris:OldNail":62,"ReplayTheSpireMod:ShopPack":25},{"infinitespire:BottledMercury":170,"construct:FoamFinger":87,"Runesmith:Locket":194,"infinitespire:Cubic Diamond":53,"Ginger":36,"Whetstone":141,"Bottled Tornado":206,"Boot":27,"Sling":43,"Old Coin":226,"Blood Vial":81,"PrismaMod:PrismaRuby":53,"infinitespire:ShieldingShard":200,"hubris:AstralHammer":120,"aspiration:BabyByrd":122,"Sundial":169,"MealTicket":177,"Necronomicon":175,"HollowMod:PaleOreRelic":15,"Replay:Wax Seal":50,"MerchantsRug":26,"HollowMod:QueensCombRelic":67,"hubris:MobiusCoin":114,"conspire:TreasureMap":194,"Blue Candle":9,"ReplayTheSpireMod:Ring of Addiction":47,"hubris:SphereOfDissonance":170,"Pen Nib":9,"Guardian:PocketSentry":4,"Replay:Ancient Bell":42,"infinitespire:Magic Flask":75,"aspiration:FrozenJewel":26,"Akabeko":95,"infinitespire:Lychee Nut":222,"ReplayTheSpireMod:Ring of Collecting":47,"aspiration:ServantSkillbook":126,"CultistMask":53,"conspire:BottledYoYo":122,"energizedSpire:MagnifyingGlass":151,"hubris:TenFootPole":156,"StrikeDummy":57,"Abe\u0027s Treasure":35,"infinitespire:PuzzleCube":85,"conspire:Flyswatter":59,"hubris:Reverence":69,"infinitespire:Cupcake":182,"aspiration:Lifesprig":5,"Regal Pillow":30,"Lantern":120,"hubris:Metronome":183,"Singing Bowl":153,"Torii":186,"Blue Doll":26,"StoneCalendar":194,"hubris:EmptyBottle":47,"Cursed Key":6,"Smiling Mask":23,"Shovel":110,"hubris:Backtick":203,"Ring of Peace":47,"aspiration:AnachronicSnailShell":94,"hubris:ScarierMask":157,"hubris:CuriousFeather":55,"hubris:FunFungus":62,"energizedSpire:HugeHouse":183,"Chemical X":52,"Ring of Panic":47,"aspiration:ChemicalBlood":47,"hubris:GlazedTorus":190,"Potion Belt":80,"aspiration:VileToxins":197,"construct:WeddingRing":202,"hubris:64BitClover":12,"Golden Idol":218,"Circlet":166,"Thread and Needle":52,"infinitespire:Joker Card":149,"Omamori":192,"infinitespire:CheckeredPen":38,"infinitespire:Lucky Rock":147,"hubris:Towel":33,"PokerPlayerMod:BottledPoker":38,"theMarked:ArtifactOfAir":141,"Busted Crown":71,"hubris:Spice":215,"Bloody Idol":89,"Orrery":120,"Turnip":216,"Bottled Lightning":32,"Runesmith:AutoHammer":50,"hexamod:BolsterEngine":47,"conspire:DeflatedDodgeball":96,"Toy Ornithopter":27,"infinitespire:Midas Blood":190,"hubris:BottledRain":194,"Ice Cream":203,"Calipers":17,"Tiny House":21,"hubris:CrystalStatue":156,"Nilry\u0027s Codex":61,"CeramicFish":9,"Vajra":154,"aspiration:Stabinomicon":89,"EVO:Axolotl":0,"HollowMod:StagPassRelic":161,"PokerPlayerMod:BrokenClock":118,"Lizard Tail":26,"Strawberry":193,"Philosopher\u0027s Stone":164,"PokerPlayerMod:Splitter":169,"conspire:Dentures":52,"PokerPlayerMod:PendantOfEscape":90,"Girya":52,"hubris:DuctTape":4,"Happy Flower":31,"aspiration:Nostalgia":0,"ReplayTheSpireMod:CursedCoin":5,"Oddly Smooth Stone":116,"infinitespire:Beetle Shell":67,"conspire:Boomerang":100,"aspiration:SeaSaltIceCream":36,"Letter Opener":181,"War Paint":129,"aspiration:HiddenCompartment":130,"Question Card":194,"hubris:Zylophone":120,"Du-Vu Doll":187,"Replay:Baseball":42,"ReplayTheSpireMod:Shallot":51,"Shuriken":107,"Bronze Scales":5,"hubris:PeanutButter":141,"ReplayTheSpireMod:TigerMarble":22,"Black Star":58,"Nloth\u0027s Gift":206,"infinitespire:EmpoweringShard":213,"CatCart":48,"Mirror":42,"aspiration:HatOfInfinitePower":114,"Meat on the Bone":85,"NlothsMask":127,"Darkstone Periapt":101,"bronze:BronzeCore":194,"SacredBark":135,"Enchiridion":152,"aspiration:TomeofQuesting":149,"conspire:SpecialSausage":192,"Juzu Bracelet":4,"PrismaticShard":246,"ClockworkSouvenir":50,"PokerPlayerMod:FairLicense":118,"PokerPlayerMod:DeckCase":0,"m_ScarletBlood":0,"Replay:Bandana":8,"Nunchaku":52,"hubris:Icosahedron":7,"aspiration:DefectSkillbook":108,"Mummified Hand":113,"Pantograph":165,"Tiny Chest":214,"Red Mask":61,"aspiration:FetidBarrel":152,"Guide Book":31,"hubris:MedicalManual":1,"aspiration:HummingbirdHeart":41,"aspiration:SecretTechniqueScroll":211,"Orichalcum":83,"Odd Mushroom":145,"Medical Kit":194,"White Beast Statue":47,"Calling Bell":100,"Pondfish Scales":18,"infinitespire:WardingShard":116,"PokerPlayerMod:EnergeticBat":90,"infinitespire:Satchel":152,"hubris:BundleOfHerbs":139,"PokerPlayerMod:JackpotMachine":170,"PokerPlayerMod:ClubPass":26,"Membership Card":37,"hubris:Potato":42,"TungstenRod":47,"hubris:OldNail":149,"ReplayTheSpireMod:ShopPack":38},{"infinitespire:BottledMercury":714,"construct:FoamFinger":369,"Runesmith:Locket":782,"infinitespire:Cubic Diamond":221,"Ginger":139,"Whetstone":622,"Bottled Tornado":822,"Boot":107,"Sling":169,"Old Coin":895,"Blood Vial":339,"PrismaMod:PrismaRuby":221,"infinitespire:ShieldingShard":799,"hubris:AstralHammer":527,"aspiration:BabyByrd":531,"Sundial":712,"MealTicket":727,"Necronomicon":723,"HollowMod:PaleOreRelic":51,"Replay:Wax Seal":203,"MerchantsRug":98,"HollowMod:QueensCombRelic":287,"hubris:MobiusCoin":486,"conspire:TreasureMap":782,"Blue Candle":32,"ReplayTheSpireMod:Ring of Addiction":182,"hubris:SphereOfDissonance":714,"Pen Nib":32,"Guardian:PocketSentry":12,"Replay:Ancient Bell":167,"infinitespire:Magic Flask":320,"aspiration:FrozenJewel":98,"Akabeko":395,"infinitespire:Lychee Nut":881,"ReplayTheSpireMod:Ring of Collecting":182,"aspiration:ServantSkillbook":544,"CultistMask":221,"conspire:BottledYoYo":531,"energizedSpire:MagnifyingGlass":656,"hubris:TenFootPole":674,"StrikeDummy":247,"Abe\u0027s Treasure":136,"infinitespire:PuzzleCube":362,"conspire:Flyswatter":261,"hubris:Reverence":293,"infinitespire:Cupcake":736,"aspiration:Lifesprig":13,"Regal Pillow":119,"Lantern":527,"hubris:Metronome":739,"Singing Bowl":661,"Torii":747,"Blue Doll":98,"StoneCalendar":782,"hubris:EmptyBottle":182,"Cursed Key":20,"Smiling Mask":89,"Shovel":464,"hubris:Backtick":810,"Ring of Peace":182,"aspiration:AnachronicSnailShell":393,"hubris:ScarierMask":678,"hubris:CuriousFeather":229,"hubris:FunFungus":275,"energizedSpire:HugeHouse":739,"Chemical X":218,"Ring of Panic":182,"aspiration:ChemicalBlood":182,"hubris:GlazedTorus":756,"Potion Belt":335,"aspiration:VileToxins":791,"construct:WeddingRing":807,"hubris:64BitClover":40,"Golden Idol":863,"Circlet":707,"Thread and Needle":218,"infinitespire:Joker Card":650,"Omamori":775,"infinitespire:CheckeredPen":149,"infinitespire:Lucky Rock":645,"hubris:Towel":130,"PokerPlayerMod:BottledPoker":149,"theMarked:ArtifactOfAir":622,"Busted Crown":303,"hubris:Spice":852,"Bloody Idol":374,"Orrery":527,"Turnip":858,"Bottled Lightning":128,"Runesmith:AutoHammer":203,"hexamod:BolsterEngine":182,"conspire:DeflatedDodgeball":400,"Toy Ornithopter":107,"infinitespire:Midas Blood":756,"hubris:BottledRain":782,"Ice Cream":810,"Calipers":61,"Tiny House":80,"hubris:CrystalStatue":674,"Nilry\u0027s Codex":272,"CeramicFish":32,"Vajra":669,"aspiration:Stabinomicon":374,"EVO:Axolotl":0,"HollowMod:StagPassRelic":688,"PokerPlayerMod:BrokenClock":515,"Lizard Tail":98,"Strawberry":776,"Philosopher\u0027s Stone":703,"PokerPlayerMod:Splitter":712,"conspire:Dentures":218,"PokerPlayerMod:PendantOfEscape":380,"Girya":218,"hubris:DuctTape":12,"Happy Flower":123,"aspiration:Nostalgia":0,"ReplayTheSpireMod:CursedCoin":13,"Oddly Smooth Stone":499,"infinitespire:Beetle Shell":287,"conspire:Boomerang":416,"aspiration:SeaSaltIceCream":139,"Letter Opener":734,"War Paint":553,"aspiration:HiddenCompartment":556,"Question Card":782,"hubris:Zylophone":527,"Du-Vu Doll":750,"Replay:Baseball":167,"ReplayTheSpireMod:Shallot":209,"Shuriken":449,"Bronze Scales":13,"hubris:PeanutButter":622,"ReplayTheSpireMod:TigerMarble":84,"Black Star":256,"Nloth\u0027s Gift":822,"infinitespire:EmpoweringShard":847,"CatCart":187,"Mirror":167,"aspiration:HatOfInfinitePower":486,"Meat on the Bone":362,"NlothsMask":546,"Darkstone Periapt":420,"bronze:BronzeCore":782,"SacredBark":582,"Enchiridion":658,"aspiration:TomeofQuesting":650,"conspire:SpecialSausage":775,"Juzu Bracelet":12,"PrismaticShard":967,"ClockworkSouvenir":203,"PokerPlayerMod:FairLicense":515,"PokerPlayerMod:DeckCase":0,"m_ScarletBlood":0,"Replay:Bandana":28,"Nunchaku":218,"hubris:Icosahedron":24,"aspiration:DefectSkillbook":457,"Mummified Hand":480,"Pantograph":704,"Tiny Chest":849,"Red Mask":272,"aspiration:FetidBarrel":658,"Guide Book":123,"hubris:MedicalManual":3,"aspiration:HummingbirdHeart":161,"aspiration:SecretTechniqueScroll":843,"Orichalcum":347,"Odd Mushroom":636,"Medical Kit":782,"White Beast Statue":182,"Calling Bell":416,"Pondfish Scales":66,"infinitespire:WardingShard":499,"PokerPlayerMod:EnergeticBat":380,"infinitespire:Satchel":658,"hubris:BundleOfHerbs":606,"PokerPlayerMod:JackpotMachine":714,"PokerPlayerMod:ClubPass":98,"Membership Card":143,"hubris:Potato":167,"TungstenRod":182,"hubris:OldNail":650,"ReplayTheSpireMod:ShopPack":149}]},"card_choices":[{"not_picked":["PokerPlayerMod:Spade5","PokerPlayerMod:DamnStraight","PokerPlayerMod:ClubsClub"],"picked":"SKIP","floor":1},{"not_picked":["PokerPlayerMod:Diamond2","PokerPlayerMod:Diamond1"],"picked":"PokerPlayerMod:Raise","floor":4},{"not_picked":["PokerPlayerMod:Fold","PokerPlayerMod:ClubsClub"],"picked":"PokerPlayerMod:ItsShowtime","floor":5},{"not_picked":["PokerPlayerMod:Diamond2","PokerPlayerMod:Diamond1"],"picked":"PokerPlayerMod:DartThrow","floor":7},{"not_picked":["PokerPlayerMod:Diamond5","PokerPlayerMod:Spade4"],"picked":"PokerPlayerMod:Diamond4","floor":8},{"not_picked":["PokerPlayerMod:CardBurn","PokerPlayerMod:Club4"],"picked":"PokerPlayerMod:Sharpen","floor":10},{"not_picked":["PokerPlayerMod:Heart3","PokerPlayerMod:MagicTrick"],"picked":"PokerPlayerMod:SecondChance","floor":13},{"not_picked":["PokerPlayerMod:ClubsClub","PokerPlayerMod:Manipulation"],"picked":"PokerPlayerMod:Harden","floor":14},{"not_picked":["PokerPlayerMod:Heart9","PokerPlayerMod:TheDieIsCast"],"picked":"PokerPlayerMod:VarietyAttack","floor":16},{"not_picked":["PokerPlayerMod:Club6","PokerPlayerMod:Club2"],"picked":"PokerPlayerMod:DartThrow+1","floor":18},{"not_picked":["PokerPlayerMod:Spade2"],"picked":"SKIP","floor":22},{"not_picked":[],"picked":"PokerPlayerMod:ClubsClub","floor":23},{"not_picked":["PokerPlayerMod:Diamond2"],"picked":"SKIP","floor":25},{"not_picked":["PokerPlayerMod:Heart1"],"picked":"SKIP","floor":27},{"not_picked":["PokerPlayerMod:Diamond3"],"picked":"SKIP","floor":31},{"not_picked":[],"picked":"PokerPlayerMod:Promotion","floor":33},{"not_picked":["PokerPlayerMod:Diamond5"],"picked":"SKIP","floor":35},{"not_picked":["PokerPlayerMod:Club4"],"picked":"SKIP","floor":36},{"not_picked":[],"picked":"PokerPlayerMod:Club4","floor":36},{"not_picked":["PokerPlayerMod:DamnStraight"],"picked":"SKIP","floor":38},{"not_picked":["PokerPlayerMod:Spade3"],"picked":"SKIP","floor":39},{"not_picked":[],"picked":"PokerPlayerMod:SecondChance+1","floor":40},{"not_picked":["PokerPlayerMod:Spade7"],"picked":"SKIP","floor":42},{"not_picked":["theMarked:Generate"],"picked":"SKIP","floor":47},{"not_picked":["PokerPlayerMod:Diamond4"],"picked":"SKIP","floor":48}],"player_experience":579640,"relics_obtained":[{"floor":7,"key":"Old Coin"},{"floor":10,"key":"Bottled Lightning"},{"floor":23,"key":"Tiny Chest"},{"floor":26,"key":"aspiration:ChemicalBlood"},{"floor":28,"key":"aspiration:HatOfInfinitePower"},{"floor":28,"key":"aspiration:HummingbirdHeart"},{"floor":40,"key":"hubris:MobiusCoin"},{"floor":43,"key":"infinitespire:Satchel"}],"event_choices":[{"damage_healed":0,"gold_gain":0,"player_choice":"Ignored","damage_taken":115,"max_hp_gain":0,"max_hp_loss":0,"event_name":"betterThird:BetterSerpent","floor":2,"gold_loss":0},{"damage_healed":0,"gold_gain":0,"player_choice":"RE RE ","damage_taken":29,"relics_obtained":["Runesmith:AutoHammer","Omamori"],"max_hp_gain":0,"max_hp_loss":0,"event_name":"betterSkull:BetterSkull","floor":3,"gold_loss":0,"cards_upgraded":[]},{"damage_healed":0,"gold_gain":0,"player_choice":"Ignored","damage_taken":0,"max_hp_gain":0,"max_hp_loss":0,"event_name":"Purifier","floor":12,"gold_loss":0},{"damage_healed":0,"gold_gain":0,"player_choice":"Opened","damage_taken":0,"relics_obtained":["PokerPlayerMod:EnergeticBat"],"max_hp_gain":0,"max_hp_loss":0,"event_name":"The Mausoleum","floor":19,"gold_loss":0},{"damage_healed":0,"gold_gain":0,"player_choice":"Ignored","damage_taken":0,"max_hp_gain":0,"max_hp_loss":0,"event_name":"Ghosts","floor":20,"gold_loss":0},{"damage_healed":0,"gold_gain":0,"player_choice":"Fight","damage_taken":0,"max_hp_gain":0,"max_hp_loss":0,"event_name":"Colosseum","floor":28,"gold_loss":0},{"damage_healed":0,"gold_gain":0,"player_choice":"Fought Nobs","damage_taken":0,"max_hp_gain":0,"max_hp_loss":0,"event_name":"Colosseum","floor":28,"gold_loss":0},{"damage_healed":0,"gold_gain":0,"player_choice":"Leave","damage_taken":0,"max_hp_gain":0,"max_hp_loss":0,"event_name":"conspire:Investor","floor":37,"gold_loss":0}],"is_beta":false,"boss_relics":[{"not_picked":["aspiration:FutureDiary","Astrolabe"],"picked":"conspire:SpecialSausage"},{"not_picked":["hubris:Backtick","energizedSpire:EnergizedDie"],"picked":"hubris:ScarierMask"}],"items_purged_floors":[],"is_endless":true,"potions_floor_spawned":[7,13,16,22,25,28,28,31,33,38,48],"killed_by":"infinitespire:MassOfShapes","ascension_level":0}}