{"host":"y24pqu7jih1n8m3t","time":1611280387,"event":{"mods":["AchievementEnabler","BaseMod","Bestiary","Block Reminder","Colored Map","Colored Powertips","DeckTracker","Highlight Path","Minty Spire (QoL Compilation)","Permanent Neow","Quick Restart","Rare Cards Sparkle","Relic Stats"],"gold_per_floor":[110,126,145,145,16,46,46,46,46,79,95,109,109,123,123,123,123],"floor_reached":16,"language":"ENG","playtime":916,"items_purged":[],"score":112,"play_id":"6525beed-8109-45cd-be00-eee7584383e0","local_time":"20210121205307","is_ascension_mode":false,"campfire_choices":[{"floor":8,"key":"REST"},{"floor":15,"key":"REST"}],"circlet_count":0,"master_deck":["Strike_P","Strike_P","Strike_P","Defend_P","Defend_P","Defend_P","Eruption","Vigilance","JustLucky","FollowUp","LessonLearned","Adaptation","FollowUp+1","EmptyFist","Crescendo","Meditate","FlurryOfBlows","CutThroughFate"],"relics":["Snecko Eye","Mercury Hourglass","Gambling Chip","Ginger","Toy Ornithopter"],"acts_visited":["Exordium"],"potions_floor_usage":[],"damage_taken":[{"damage":0,"enemies":"Jaw Worm","floor":1,"turns":3},{"damage":0,"enemies":"2 Louse","floor":2,"turns":2},{"damage":0,"enemies":"Cultist","floor":3,"turns":3},{"damage":34,"enemies":"Lagavulin","floor":6,"turns":6},{"damage":7,"enemies":"Gremlin Nob","floor":10,"turns":3},{"damage":0,"enemies":"2 Fungi Beasts","floor":11,"turns":1},{"damage":10,"enemies":"Blue Slaver","floor":12,"turns":2},{"damage":0,"enemies":"Exordium Wildlife","floor":14,"turns":1},{"damage":35,"enemies":"The Guardian","floor":16,"turns":4}],"seed_played":"-8737875124350203947","potions_obtained":[{"floor":1,"key":"Energy Potion"},{"floor":10,"key":"Explosive Potion"},{"floor":11,"key":"Ancient Potion"}],"is_trial":false,"path_per_floor":["M","M","M","?","$","E","?","R","T","E","M","M","?","M","R","B"],"character_chosen":"WATCHER","items_purchased":["Adaptation","FollowUp"],"campfire_rested":2,"item_purchase_floors":[5,5],"current_hp_per_floor":[72,72,72,54,54,20,13,34,34,27,27,17,17,17,38,3,3],"gold":123,"neow_bonus":"BOSS_RELIC","is_daily":false,"chose_seed":false,"campfire_upgraded":0,"win_rate":0.0,"timestamp":1611280387,"path_taken":["M","M","M","?","$","E","?","R","T","E","M","M","?","M","R","BOSS"],"items_purchased_type":["Card","Card"],"build_version":"2020-12-22","purchased_purges":0,"victory":false,"max_hp_per_floor":[72,72,72,72,72,72,72,72,72,72,72,72,72,72,72,72,72],"relic_stats":{"counters":[9,25],"Gambling Chip":[25],"Snecko Eye":[45,60,47,57],"Ginger":[0],"obtain_stats":[{"Gambling Chip":6,"Snecko Eye":0,"Ginger":9,"PureWater":0,"Toy Ornithopter":10,"Mercury Hourglass":4},{"Gambling Chip":4,"Snecko Eye":0,"Ginger":4,"PureWater":0,"Toy Ornithopter":5,"Mercury Hourglass":3},{"Gambling Chip":14,"Snecko Eye":0,"Ginger":14,"PureWater":0,"Toy Ornithopter":17,"Mercury Hourglass":8}],"Toy Ornithopter":0,"Mercury Hourglass":[54]},"card_choices":[{"not_picked":["Prostrate","BowlingBash"],"picked":"JustLucky","floor":1},{"not_picked":["LikeWater","BowlingBash"],"picked":"FollowUp","floor":2},{"not_picked":["Prostrate","Protect"],"picked":"LessonLearned","floor":3},{"not_picked":["ThirdEye","Meditate"],"picked":"EmptyFist","floor":6},{"not_picked":["Fasting2","BattleHymn"],"picked":"Crescendo","floor":10},{"not_picked":["CrushJoints","ClearTheMind"],"picked":"Meditate","floor":11},{"not_picked":["Vengeance","Scrawl"],"picked":"FlurryOfBlows","floor":12},{"not_picked":["Worship","LikeWater"],"picked":"CutThroughFate","floor":14}],"player_experience":116947,"relics_obtained":[{"floor":6,"key":"Gambling Chip"},{"floor":9,"key":"Ginger"},{"floor":10,"key":"Toy Ornithopter"}],"event_choices":[{"damage_healed":0,"gold_gain":0,"player_choice":"Success","damage_taken":18,"relics_obtained":["Mercury Hourglass"],"max_hp_gain":0,"max_hp_loss":0,"event_name":"Scrap Ooze","floor":4,"gold_loss":0},{"cards_removed":["Defend_P"],"damage_healed":0,"gold_gain":0,"player_choice":"Card Removal","damage_taken":7,"max_hp_gain":0,"max_hp_loss":0,"event_name":"Golden Wing","floor":7,"gold_loss":0},{"cards_removed":["Strike_P"],"damage_healed":0,"gold_gain":0,"player_choice":"Offered Basic","damage_taken":0,"max_hp_gain":0,"max_hp_loss":0,"event_name":"Bonfire Elementals","floor":13,"gold_loss":0}],"is_beta":false,"boss_relics":[],"items_purged_floors":[],"is_endless":false,"potions_floor_spawned":[1,10,11,14],"killed_by":"The Guardian","ascension_level":0}}