{"host":"89iuq2p5kwriuwfq","time":1611356220,"event":{"mods":["BaseMod","Curses Come First","Minty Spire (QoL Compilation)","Permanent Neow","StSLib"],"gold_per_floor":[17,17,42,42,62,62,100,100,151,192,217,257,270,313,313,443,443,456,476,476,496,496,532,35,71,122,137,152,152,191,210,210,331,331,350,375,375,52,65,65,109,109,132,195,236,256,276,315,315,315],"floor_reached":51,"language":"ENG","playtime":2570,"items_purged":["Defend_R"],"score":1284,"play_id":"e27c914f-c285-46f6-a14c-13cf583f38f3","local_time":"20210122225700","is_ascension_mode":true,"campfire_choices":[{"data":"Combust","floor":6.0,"key":"SMITH"},{"data":"Bash","floor":8.0,"key":"SMITH"},{"data":"Inflame","floor":15.0,"key":"SMITH"},{"data":"Rupture","floor":29.0,"key":"SMITH"},{"data":"Berserk","floor":32.0,"key":"SMITH"},{"data":"Metallicize","floor":40,"key":"SMITH"},{"data":"Reaper","floor":49,"key":"SMITH"}],"circlet_count":0,"master_deck":["Bash+1","Combust+1","Thunderclap","Pummel+1","Inflame+1","Sword Boomerang+1","Shrug It Off","Twin Strike","Sword Boomerang","Pummel","Reaper+1","Power Through+1","Disarm+1","Twin Strike+1","Metallicize+1","Rupture+1","Feed","Pummel","Brutality","Anger+1","Shrug It Off+1","Berserk+1","Hemokinesis","Exhume+1","Flash of Steel","Disarm+1","Dropkick","Dropkick+1","Hemokinesis+1"],"relics":["Burning Blood","Golden Idol","Nunchaku","Bottled Flame","Lantern","HornCleat","Toxic Egg 2","Strawberry","Astrolabe","The Courier","Mummified Hand","Brimstone","Akabeko","Boot","Anchor","Whetstone","Empty Cage","Self Forming Clay","Bag of Marbles","Pen Nib","Art of War","Dead Branch","StrikeDummy","Shuriken"],"acts_visited":["Exordium","TheCity","TheBeyond"],"potions_floor_usage":[41,50,50,50],"damage_taken":[{"damage":2.0,"enemies":"Small Slimes","floor":1.0,"turns":2.0},{"damage":4.0,"enemies":"Jaw Worm","floor":3.0,"turns":3.0},{"damage":3.0,"enemies":"2 Louse","floor":5.0,"turns":2.0},{"damage":19.0,"enemies":"Gremlin Nob","floor":7.0,"turns":3.0},{"damage":40.0,"enemies":"Lagavulin","floor":10.0,"turns":6.0},{"damage":0.0,"enemies":"Large Slime","floor":11.0,"turns":2.0},{"damage":10.0,"enemies":"3 Sentries","floor":12.0,"turns":3.0},{"damage":15.0,"enemies":"Red Slaver","floor":13.0,"turns":2.0},{"damage":0.0,"enemies":"Gremlin Nob","floor":14.0,"turns":2.0},{"damage":16.0,"enemies":"Hexaghost","floor":16.0,"turns":8.0},{"damage":12.0,"enemies":"3 Byrds","floor":18.0,"turns":3.0},{"damage":1.0,"enemies":"Chosen","floor":19.0,"turns":3.0},{"damage":36.0,"enemies":"Snecko","floor":21.0,"turns":6.0},{"damage":32.0,"enemies":"Book of Stabbing","floor":23.0,"turns":5.0},{"damage":23.0,"enemies":"Slavers","floor":25.0,"turns":2.0},{"damage":0.0,"enemies":"Snake Plant","floor":27.0,"turns":3.0},{"damage":6.0,"enemies":"Centurion and Healer","floor":28.0,"turns":3.0},{"damage":7.0,"enemies":"Book of Stabbing","floor":30.0,"turns":3.0},{"damage":1.0,"enemies":"3 Cultists","floor":31.0,"turns":3.0},{"damage":6.0,"enemies":"Collector","floor":33.0,"turns":3.0},{"damage":18,"enemies":"3 Shapes","floor":35,"turns":5},{"damage":2,"enemies":"Orb Walker","floor":36,"turns":3},{"damage":3,"enemies":"Writhing Mass","floor":39,"turns":4},{"damage":7,"enemies":"Reptomancer","floor":41,"turns":3},{"damage":2,"enemies":"Mind Bloom Boss Battle","floor":44,"turns":6},{"damage":19,"enemies":"Nemesis","floor":45,"turns":3},{"damage":7,"enemies":"Jaw Worm Horde","floor":46,"turns":2},{"damage":2,"enemies":"4 Shapes","floor":47,"turns":3},{"damage":3,"enemies":"Giant Head","floor":48,"turns":3},{"damage":53,"enemies":"Awakened One","floor":50,"turns":4}],"seed_played":"-7880616855704055454","potions_obtained":[{"floor":1.0,"key":"Regen Potion"},{"floor":3.0,"key":"GamblersBrew"},{"floor":5.0,"key":"Explosive Potion"},{"floor":13.0,"key":"DuplicationPotion"},{"floor":14.0,"key":"LiquidBronze"},{"floor":19.0,"key":"Explosive Potion"},{"floor":22.0,"key":"Explosive Potion"},{"floor":22.0,"key":"Explosive Potion"},{"floor":23.0,"key":"Strength Potion"},{"floor":25.0,"key":"Explosive Potion"},{"floor":31.0,"key":"AttackPotion"},{"floor":39,"key":"Swift Potion"},{"floor":41,"key":"LiquidBronze"},{"floor":45,"key":"CultistPotion"},{"floor":47,"key":"LiquidMemories"}],"is_trial":false,"path_per_floor":["M","?","M","?","M","R","E","R","T","E","M","E","M","E","R","B",null,"M","M","?","M","?","E","$","E","T","M","M","R","E","M","R","B",null,"M","M","?","$","M","R","E","?","T","?","E","M","M","E","R","B",null],"character_chosen":"IRONCLAD","items_purchased":["Mummified Hand","Brimstone","Akabeko","Self Forming Clay","Bag of Marbles"],"campfire_rested":0,"item_purchase_floors":[24,24,24,38,38],"current_hp_per_floor":[76,56,58,46,49,49,48,48,48,14,20,16,7,20,20,10,68,70,85,85,65,65,42,42,28,28,48,62,62,76,84,84,99,99,99,99,99,99,99,99,98,98,98,99,99,98,99,99,99,98],"gold":315,"neow_bonus":"TRANSFORM_TWO_CARDS","is_daily":false,"chose_seed":false,"campfire_upgraded":7,"win_rate":0.0,"timestamp":1611356220,"path_taken":["M","?","M","?","M","R","E","R","T","E","M","E","M","E","R","BOSS","M","M","?","M","?","E","$","E","T","?","?","R","E","M","R","BOSS","M","M","?","$","M","R","E","?","T","?","E","M","?","E","R","BOSS"],"items_purchased_type":["Relic","Relic","Relic","Relic","Relic"],"build_version":"2020-12-22","purchased_purges":1,"victory":true,"max_hp_per_floor":[80,80,80,80,80,80,80,80,80,80,80,80,80,87,87,87,87,87,87,87,87,87,90,90,93,93,93,93,93,96,99,99,99,99,99,99,99,99,99,99,99,99,99,99,99,99,99,99,99,102],"card_choices":[{"not_picked":["Thunderclap","Perfected Strike"],"picked":"Pummel","floor":1.0},{"not_picked":["Reckless Charge","Dark Embrace"],"picked":"Inflame","floor":3.0},{"not_picked":["Feel No Pain","Clash","Headbutt"],"picked":"SKIP","floor":5.0},{"not_picked":["Ghostly Armor","Combust"],"picked":"Sword Boomerang","floor":7.0},{"not_picked":["Bludgeon","Wild Strike"],"picked":"Shrug It Off","floor":10.0},{"not_picked":["Sever Soul","Feel No Pain"],"picked":"Twin Strike","floor":11.0},{"not_picked":["Armaments+1","Uppercut"],"picked":"Sword Boomerang","floor":12.0},{"not_picked":["Clash","Burning Pact+1"],"picked":"Pummel","floor":13.0},{"not_picked":["Clothesline","Feel No Pain","Headbutt"],"picked":"SKIP","floor":14.0},{"not_picked":["Offering+1","Immolate"],"picked":"Reaper","floor":16.0},{"not_picked":["Pommel Strike","Body Slam"],"picked":"Twin Strike+1","floor":18.0},{"not_picked":["Sentinel+1","Clash","Havoc+1"],"picked":"SKIP","floor":19.0},{"not_picked":["Heavy Blade","Warcry+1"],"picked":"Feed","floor":21.0},{"not_picked":["Armaments+1","Headbutt"],"picked":"Pummel","floor":23.0},{"not_picked":["Havoc+1","Hemokinesis"],"picked":"Brutality","floor":25.0},{"not_picked":["Infernal Blade+1","Spot Weakness+1"],"picked":"Anger+1","floor":27.0},{"not_picked":["Intimidate+1","Cleave+1"],"picked":"Shrug It Off+1","floor":28.0},{"not_picked":["Headbutt","Dark Embrace"],"picked":"Berserk","floor":30.0},{"not_picked":["Iron Wave+1","Sword Boomerang"],"picked":"Hemokinesis","floor":31.0},{"not_picked":["True Grit+1","Clothesline+1","Thunderclap"],"picked":"SKIP","floor":35},{"not_picked":["Twin Strike+1","Uppercut"],"picked":"Exhume+1","floor":36},{"not_picked":["Sword Boomerang+1","Flex+1","Flame Barrier+1"],"picked":"SKIP","floor":39},{"not_picked":["Body Slam","Warcry+1","Thunderclap"],"picked":"SKIP","floor":41},{"not_picked":["Impatience+1","Purity+1"],"picked":"Flash of Steel","floor":42},{"not_picked":["Rampage+1","Cleave+1"],"picked":"Disarm+1","floor":44},{"not_picked":["Seeing Red+1","Havoc+1"],"picked":"Dropkick","floor":45},{"not_picked":["Perfected Strike","Berserk"],"picked":"Dropkick+1","floor":46},{"not_picked":["Wild Strike+1","True Grit+1","Sword Boomerang"],"picked":"SKIP","floor":47},{"not_picked":["Shockwave+1","Hemokinesis+1","Twin Strike+1"],"picked":"SKIP","floor":48},{"not_picked":["Shockwave+1","Twin Strike+1"],"picked":"Hemokinesis+1","floor":48}],"player_experience":542731,"relics_obtained":[{"floor":7.0,"key":"Bottled Flame"},{"floor":9.0,"key":"Lantern"},{"floor":10.0,"key":"HornCleat"},{"floor":12.0,"key":"Toxic Egg 2"},{"floor":14.0,"key":"Strawberry"},{"floor":23.0,"key":"The Courier"},{"floor":25.0,"key":"Boot"},{"floor":26.0,"key":"Anchor"},{"floor":30.0,"key":"Whetstone"},{"floor":41,"key":"Pen Nib"},{"floor":43,"key":"Art of War"},{"floor":44,"key":"Dead Branch"},{"floor":45,"key":"StrikeDummy"},{"floor":48,"key":"Shuriken"}],"event_choices":[{"damage_healed":0.0,"max_hp_gain":0.0,"max_hp_loss":0.0,"gold_gain":0.0,"event_name":"Golden Idol","player_choice":"Take Damage","floor":2.0,"gold_loss":0.0,"damage_taken":20.0,"relics_obtained":["Golden Idol"]},{"damage_healed":0.0,"max_hp_gain":0.0,"max_hp_loss":0.0,"gold_gain":0.0,"event_name":"Scrap Ooze","player_choice":"Success","floor":4.0,"gold_loss":0.0,"damage_taken":12.0,"relics_obtained":["Nunchaku"]},{"damage_healed":0.0,"max_hp_gain":0.0,"max_hp_loss":0.0,"gold_gain":0.0,"cards_transformed":["Defend_R","Strike_R"],"event_name":"Drug Dealer","player_choice":"Became Test Subject","floor":20.0,"gold_loss":0.0,"damage_taken":0.0,"cards_obtained":["Metallicize","Rupture"]},{"damage_healed":0.0,"max_hp_gain":0.0,"max_hp_loss":0.0,"gold_gain":0.0,"event_name":"Lab","player_choice":"Got Potions","floor":22.0,"gold_loss":0.0,"damage_taken":0.0},{"damage_healed":0,"gold_gain":0,"player_choice":"Ignored","damage_taken":0,"max_hp_gain":0,"max_hp_loss":0,"event_name":"Tomb of Lord Red Mask","floor":37,"gold_loss":0},{"damage_healed":0,"gold_gain":0,"player_choice":"Memory 1","damage_taken":0,"max_hp_gain":0,"max_hp_loss":0,"event_name":"SensoryStone","floor":42,"gold_loss":0},{"damage_healed":0,"gold_gain":0,"player_choice":"Fight","damage_taken":0,"max_hp_gain":0,"max_hp_loss":0,"event_name":"MindBloom","floor":44,"gold_loss":0}],"is_beta":false,"boss_relics":[{"not_picked":["SlaversCollar","SacredBark"],"picked":"Astrolabe"},{"not_picked":["Fusion Hammer","Velvet Choker"],"picked":"Empty Cage"}],"items_purged_floors":[24],"is_endless":false,"potions_floor_spawned":[1,3,5,13,14,19,23,25,31,39,41,45,46,47],"ascension_level":7}}