{"host":"ayh4nqhr0ddw4ozv","time":1611357487,"event":{"mods":["BaseMod","Minty Spire (QoL Compilation)","Relic Stats","Replay The Spire","Robot Space Explorer","StSLib"],"gold_per_floor":[116,130,130,148,160,187,137,137,137,163,163,189,189,189,189,264,264,276,276,294,294,304,334,114,145,145,172,172,185,185,198,198,274,274,287,287,287,307,319,350,350,381,381,381,381,2,2,16,16,16,16,16,16,16,16],"floor_reached":54,"language":"ENG","playtime":3577,"items_purged":["Defend_P","Doubt"],"score":1311,"play_id":"8184ade3-022f-47f0-9c40-b34019f27c3f","local_time":"20210122151806","is_ascension_mode":true,"campfire_choices":[{"floor":8.0,"key":"REST"},{"floor":13.0,"key":"REST"},{"floor":15.0,"key":"REST"},{"floor":32.0,"key":"REST"},{"floor":41,"key":"REST"},{"floor":44,"key":"REST"},{"data":"1","floor":47,"key":"LIFT"},{"floor":49,"key":"RECALL"},{"data":"2","floor":52,"key":"LIFT"}],"circlet_count":0,"master_deck":["AscendersBane","Strike_P+1","Strike_P+1","Defend_P+1","Defend_P","Defend_P+1","Eruption+1","Vigilance","ThirdEye+1","Consecrate+1","Brilliance+1","FearNoEvil+1","SashWhip+1","FlurryOfBlows+1","CutThroughFate+1","Devotion+1","TalkToTheHand+1","ThirdEye+1","ReachHeaven+1","LessonLearned+1","FlurryOfBlows+1","Brilliance+1","CutThroughFate+1","Evaluate+1","Tantrum+1"],"relics":["Fusion Hammer","Mirror","Molten Egg 2","Replay:Bottled Eggs","Replay:Bottled Steam","Replay:Bottled Snecko","SlaversCollar","Bronze Scales","Medical Kit","Bottled Lightning","Girya","StrikeDummy","Busted Crown","TungstenRod","Whetstone","Kunai","ReplayTheSpireMod:Lightbulb"],"acts_visited":["Exordium","TheCity","TheBeyond","TheEnding"],"potions_floor_usage":[50],"damage_taken":[{"damage":0.0,"enemies":"2 Louse","floor":1.0,"turns":2.0},{"damage":4.0,"enemies":"Jaw Worm","floor":2.0,"turns":3.0},{"damage":0.0,"enemies":"Cultist","floor":4.0,"turns":3.0},{"damage":8.0,"enemies":"Exordium Thugs","floor":5.0,"turns":4.0},{"damage":10.0,"enemies":"Lagavulin","floor":6.0,"turns":6.0},{"damage":26.0,"enemies":"Gremlin Nob","floor":10.0,"turns":3.0},{"damage":0.0,"enemies":"3 Sentries","floor":12.0,"turns":5.0},{"damage":49.0,"enemies":"Fading Forest","floor":16.0,"turns":11.0},{"damage":0.0,"enemies":"Spheric Guardian","floor":18.0,"turns":2.0},{"damage":1.0,"enemies":"3 Byrds","floor":20.0,"turns":4.0},{"damage":1.0,"enemies":"Centurion and Healer","floor":22.0,"turns":6.0},{"damage":9.0,"enemies":"Gremlin Leader","floor":23.0,"turns":5.0},{"damage":2.0,"enemies":"Replay:Snechameleon","floor":25.0,"turns":5.0},{"damage":12.0,"enemies":"Slavers","floor":27.0,"turns":3.0},{"damage":11.0,"enemies":"Snake Plant","floor":29.0,"turns":3.0},{"damage":14.0,"enemies":"Shelled Parasite and Fungi","floor":31.0,"turns":6.0},{"damage":5.0,"enemies":"Champ","floor":33.0,"turns":7.0},{"damage":14.0,"enemies":"3 Shapes","floor":35.0,"turns":8.0},{"damage":18.0,"enemies":"3 Darklings","floor":38.0,"turns":4.0},{"damage":11,"enemies":"Transient","floor":39,"turns":5},{"damage":9,"enemies":"Giant Head","floor":40,"turns":7},{"damage":22,"enemies":"Nemesis","floor":42,"turns":7},{"damage":9,"enemies":"Maw","floor":48,"turns":7},{"damage":41,"enemies":"Donu and Deca","floor":50,"turns":7},{"damage":58,"enemies":"Shield and Spear","floor":54,"turns":3}],"seed_played":"-3350440019701877039","potions_obtained":[{"floor":4.0,"key":"Dexterity Potion"},{"floor":12.0,"key":"Strength Potion"},{"floor":18.0,"key":"Flashbang"},{"floor":22.0,"key":"AttackPotion"},{"floor":29.0,"key":"AttackPotion"},{"floor":42,"key":"Block Potion"}],"is_trial":false,"path_per_floor":["M","M","?","M","M","E","?","R","T","E","?","E","R","?","R","B",null,"M","?","M","T","M","E","$","E","T","E","?","M","?","M","R","B",null,"M","?","?","M","M","E","R","E","T","R","?","$","R","M","R","B",null,"R","$","E"],"character_chosen":"WATCHER","items_purchased":["Medical Kit","Tantrum+1","ReplayTheSpireMod:Lightbulb"],"campfire_rested":6,"item_purchase_floors":[24,46,46],"current_hp_per_floor":[61,57,54,54,46,36,36,56,56,30,30,30,50,50,68,19,56,56,56,55,55,54,45,45,43,43,31,31,20,20,6,26,21,56,42,42,42,24,13,4,24,2,2,22,68,68,68,59,59,18,56,56,56,0,0],"gold":16,"neow_bonus":"BOSS_RELIC","is_daily":false,"chose_seed":false,"campfire_upgraded":0,"win_rate":0.0,"timestamp":1611357486,"path_taken":["M","M","?","M","M","E","?","R","T","E","?","E","R","?","R","BOSS","M","?","M","?","M","E","$","E","T","E","?","M","?","M","R","BOSS","M","?","?","M","M","E","R","E","T","R","?","$","R","?","R","BOSS","R","$","E"],"items_purchased_type":["Relic","Card","Relic"],"build_version":"2020-12-22","purchased_purges":2,"victory":false,"max_hp_per_floor":[68,68,68,68,68,68,68,68,68,68,68,68,68,68,68,68,68,68,68,68,68,68,68,68,68,68,68,68,68,68,68,68,68,68,68,68,68,68,68,68,68,68,68,68,68,68,68,68,68,68,68,68,68,68,68],"relic_stats":{"Busted Crown":14,"counters":[25,126],"Bronze Scales":[194],"Whetstone":["FearNoEvil","Consecrate"],"Kunai":[15],"Medical Kit":[1],"obtain_stats":[{"Girya":26,"Whetstone":42,"Medical Kit":24,"SlaversCollar":17,"Busted Crown":34,"Bronze Scales":23,"Molten Egg 2":6,"Fusion Hammer":0,"Replay:Bottled Snecko":12,"Bottled Lightning":25,"Kunai":43,"PureWater":0,"Replay:Bottled Eggs":9,"Mirror":3,"StrikeDummy":27,"ReplayTheSpireMod:Lightbulb":46,"TungstenRod":40,"Replay:Bottled Steam":10},{"Girya":13,"Whetstone":22,"Medical Kit":12,"SlaversCollar":8,"Busted Crown":17,"Bronze Scales":12,"Molten Egg 2":5,"Fusion Hammer":0,"Replay:Bottled Snecko":7,"Bottled Lightning":13,"Kunai":22,"PureWater":0,"Replay:Bottled Eggs":5,"Mirror":2,"StrikeDummy":14,"ReplayTheSpireMod:Lightbulb":22,"TungstenRod":21,"Replay:Bottled Steam":6},{"Girya":59,"Whetstone":109,"Medical Kit":54,"SlaversCollar":37,"Busted Crown":78,"Bronze Scales":54,"Molten Egg 2":18,"Fusion Hammer":0,"Replay:Bottled Snecko":26,"Bottled Lightning":59,"Kunai":109,"PureWater":0,"Replay:Bottled Eggs":18,"Mirror":5,"StrikeDummy":62,"ReplayTheSpireMod:Lightbulb":109,"TungstenRod":102,"Replay:Bottled Steam":21}],"TungstenRod":15},"card_choices":[{"not_picked":["ClearTheMind","Nirvana"],"picked":"ThirdEye","floor":1.0},{"not_picked":["Replay:ManipulateFuture","Pray"],"picked":"Consecrate","floor":2.0},{"not_picked":["Sanctity","Crescendo"],"picked":"Brilliance","floor":4.0},{"not_picked":["Consecrate","Crescendo"],"picked":"FearNoEvil","floor":5.0},{"not_picked":["Replay:BluntJabs+1","DevaForm"],"picked":"SashWhip+1","floor":6.0},{"not_picked":["Halt","ThirdEye"],"picked":"FlurryOfBlows+1","floor":10.0},{"not_picked":["EmptyBody","Blasphemy"],"picked":"CutThroughFate+1","floor":12.0},{"not_picked":["Establishment","DevaForm"],"picked":"Devotion","floor":16.0},{"not_picked":["JustLucky+1","Replay:Anticipation","FlyingSleeves+1"],"picked":"SKIP","floor":18.0},{"not_picked":["Replay:BluntJabs+1","CarveReality+1"],"picked":"ThirdEye","floor":20.0},{"not_picked":["Replay:BluntJabs+1","Collect","Nirvana"],"picked":"SKIP","floor":22.0},{"not_picked":["ForeignInfluence","Halt","Replay:Battleflow"],"picked":"SKIP","floor":23.0},{"not_picked":["SashWhip+1","ThirdEye"],"picked":"ReachHeaven+1","floor":25.0},{"not_picked":["JustLucky+1","ClearTheMind+1","LikeWater+1"],"picked":"SKIP","floor":27.0},{"not_picked":["EmptyFist+1","ThirdEye+1"],"picked":"LessonLearned+1","floor":29.0},{"not_picked":["Halt","Replay:ManipulateFuture"],"picked":"FlurryOfBlows+1","floor":31.0},{"not_picked":["Establishment","ConjureBlade"],"picked":"Brilliance+1","floor":33.0},{"not_picked":["ForeignInfluence"],"picked":"SKIP","floor":35.0},{"not_picked":["EmptyFist+1"],"picked":"SKIP","floor":38.0},{"not_picked":[],"picked":"CutThroughFate+1","floor":39},{"not_picked":["Swivel"],"picked":"SKIP","floor":40},{"not_picked":[],"picked":"Evaluate","floor":42},{"not_picked":["Evaluate"],"picked":"SKIP","floor":48}],"player_experience":369499,"relics_obtained":[{"floor":6.0,"key":"Molten Egg 2"},{"floor":9.0,"key":"Replay:Bottled Eggs"},{"floor":10.0,"key":"Replay:Bottled Steam"},{"floor":12.0,"key":"Replay:Bottled Snecko"},{"floor":23.0,"key":"Bronze Scales"},{"floor":25.0,"key":"Bottled Lightning"},{"floor":26.0,"key":"Girya"},{"floor":27.0,"key":"StrikeDummy"},{"floor":40,"key":"TungstenRod"},{"floor":42,"key":"Whetstone"},{"floor":43,"key":"Kunai"}],"event_choices":[{"damage_healed":0.0,"max_hp_gain":0.0,"max_hp_loss":0.0,"gold_gain":0.0,"event_name":"Scrap Ooze","player_choice":"Success","floor":3.0,"gold_loss":0.0,"damage_taken":3.0,"relics_obtained":["Mirror"]},{"cards_removed":["Strike_P"],"damage_healed":0.0,"max_hp_gain":0.0,"max_hp_loss":0.0,"gold_gain":0.0,"event_name":"The Cleric","player_choice":"Card Removal","floor":7.0,"gold_loss":50.0,"damage_taken":0.0},{"damage_healed":0.0,"max_hp_gain":0.0,"max_hp_loss":0.0,"gold_gain":0.0,"event_name":"Living Wall","player_choice":"Grow","floor":11.0,"gold_loss":0.0,"damage_taken":0.0,"cards_upgraded":["Eruption"]},{"cards_removed":["Strike_P"],"damage_healed":0.0,"max_hp_gain":0.0,"max_hp_loss":0.0,"gold_gain":0.0,"event_name":"Purifier","player_choice":"Purged","floor":14.0,"gold_loss":0.0,"damage_taken":0.0},{"damage_healed":0.0,"max_hp_gain":0.0,"max_hp_loss":0.0,"gold_gain":0.0,"event_name":"The Library","player_choice":"Read","floor":19.0,"gold_loss":0.0,"damage_taken":0.0,"cards_obtained":["TalkToTheHand"]},{"damage_healed":0.0,"max_hp_gain":0.0,"max_hp_loss":0.0,"gold_gain":0.0,"event_name":"Cursed Tome","player_choice":"Ignored","floor":28.0,"gold_loss":0.0,"damage_taken":0.0},{"damage_healed":0.0,"max_hp_gain":0.0,"max_hp_loss":0.0,"gold_gain":0.0,"event_name":"Upgrade Shrine","player_choice":"Upgraded","floor":30.0,"gold_loss":0.0,"damage_taken":0.0,"cards_upgraded":["Devotion"]},{"damage_healed":0.0,"max_hp_gain":0.0,"max_hp_loss":0.0,"gold_gain":0.0,"event_name":"Mysterious Sphere","player_choice":"Ignored","floor":36.0,"gold_loss":0.0,"damage_taken":0.0},{"damage_healed":0.0,"max_hp_gain":0.0,"max_hp_loss":0.0,"gold_gain":0.0,"event_name":"SensoryStone","player_choice":"Memory 1","floor":37.0,"gold_loss":0.0,"damage_taken":0.0},{"damage_healed":46,"gold_gain":0,"player_choice":"Heal","damage_taken":0,"max_hp_gain":0,"max_hp_loss":0,"event_name":"MindBloom","floor":45,"gold_loss":0,"cards_obtained":["Doubt"]}],"is_beta":false,"boss_relics":[{"not_picked":["Runic Dome","Astrolabe"],"picked":"SlaversCollar"},{"not_picked":["Replay:Drink Me","Snecko Heart"],"picked":"Busted Crown"}],"items_purged_floors":[24,46],"is_endless":false,"potions_floor_spawned":[4,12,18,22,29,42],"killed_by":"Shield and Spear","ascension_level":14}}