{"host":"qm4rv4rkpk76sbxu","time":1611327143,"event":{"mods":["BaseMod","Bestiary","Block Reminder","DeckTracker","Filter the Spire","Keyboard Shortcuts","Minty Spire (QoL Compilation)","MonsterHotkey","Quick Restart","Random Character Button","Relic Stats","Slay-I","StSLib","Unceasing Turn Reminder","ojb\u0027s Better Paths Mod","ojb\u0027s Info Mod"],"gold_per_floor":[111,111,186,200,220,220,220,253,253,253,273,291,310,5,5,126,126,146,186,186,186,210,210,241,313,313,19,42,42,42,81,81,210,210,234,234,247,270,333,352,371,371,371,410,126,170,183,223,223,223,223,223,40,75,75,75],"floor_reached":55,"language":"ENG","playtime":2164,"items_purged":["Pain","Strike_P+1"],"score":989,"play_id":"3909a6d6-d4f4-4ff5-8626-9dfd4b2c607c","local_time":"20210122155223","is_ascension_mode":true,"campfire_choices":[{"data":"ReachHeaven","floor":6.0,"key":"SMITH"},{"data":"Eruption","floor":15.0,"key":"SMITH"},{"floor":23,"key":"RECALL"},{"floor":30,"key":"REST"},{"floor":32,"key":"REST"},{"data":"Strike_P+1","floor":49,"key":"PURGE"},{"data":"Defend_P+1","floor":52,"key":"PURGE"}],"circlet_count":0,"master_deck":["Strike_P+1","Defend_P+1","Defend_P+1","Defend_P+1","Eruption+1","Vigilance+1","Consecrate+1","ReachHeaven+1","EmptyFist+1","Meditate","LikeWater+1","CutThroughFate+1","Scrawl","EmptyFist+1","Ghostly","Ghostly+1","Ghostly+1","Ghostly+1","Ghostly+1","TalkToTheHand+1","FlurryOfBlows+1","Ghostly","FearNoEvil+1","FearNoEvil+1","Necronomicurse","LessonLearned+1","LessonLearned","MentalFortress+1","Sanctity","Tantrum+1","Vault","Omniscience","TalkToTheHand"],"relics":["PureWater","WingedGreaves","Golden Idol","HornCleat","Ice Cream","WarpedTongs","White Beast Statue","Fusion Hammer","Red Mask","Potion Belt","Mummified Hand","Bottled Lightning","DollysMirror","Necronomicon","Singing Bowl","Busted Crown","Peace Pipe","Kunai","OrangePellets","Omamori","Bottled Flame","Sling","Sundial"],"acts_visited":["Exordium","TheCity","TheBeyond","TheEnding"],"potions_floor_usage":[33,39,40,46,46,46,47,50,55,55,55],"damage_taken":[{"damage":14.0,"enemies":"Jaw Worm","floor":1.0,"turns":3.0},{"damage":3.0,"enemies":"2 Louse","floor":4.0,"turns":3.0},{"damage":5.0,"enemies":"Small Slimes","floor":5.0,"turns":3.0},{"damage":0.0,"enemies":"Gremlin Nob","floor":8.0,"turns":2.0},{"damage":6.0,"enemies":"Exordium Thugs","floor":11.0,"turns":3.0},{"damage":5.0,"enemies":"Red Slaver","floor":12.0,"turns":3.0},{"damage":0.0,"enemies":"Large Slime","floor":13.0,"turns":3.0},{"damage":18.0,"enemies":"The Guardian","floor":16.0,"turns":8.0},{"damage":0.0,"enemies":"Spheric Guardian","floor":18.0,"turns":1.0},{"damage":52.0,"enemies":"Masked Bandits","floor":19.0,"turns":5.0},{"damage":0,"enemies":"3 Byrds","floor":22,"turns":4},{"damage":4,"enemies":"Gremlin Leader","floor":24,"turns":4},{"damage":2,"enemies":"Shelled Parasite and Fungi","floor":28,"turns":4},{"damage":2,"enemies":"Book of Stabbing","floor":31,"turns":4},{"damage":0,"enemies":"Automaton","floor":33,"turns":6},{"damage":4,"enemies":"3 Shapes","floor":35,"turns":5},{"damage":5,"enemies":"3 Darklings","floor":37,"turns":3},{"damage":0,"enemies":"Spire Growth","floor":38,"turns":5},{"damage":2,"enemies":"2 Orb Walkers","floor":39,"turns":2},{"damage":0,"enemies":"Maw","floor":40,"turns":7},{"damage":1,"enemies":"Writhing Mass","floor":41,"turns":3},{"damage":0,"enemies":"Nemesis","floor":44,"turns":5},{"damage":9,"enemies":"Giant Head","floor":46,"turns":5},{"damage":6,"enemies":"Sphere and 2 Shapes","floor":47,"turns":5},{"damage":0,"enemies":"Reptomancer","floor":48,"turns":3},{"damage":23,"enemies":"Donu and Deca","floor":50,"turns":10},{"damage":42,"enemies":"Shield and Spear","floor":54,"turns":6},{"damage":25,"enemies":"The Heart","floor":55,"turns":11}],"seed_played":"3287676375894789544","potions_obtained":[{"floor":1.0,"key":"CultistPotion"},{"floor":11.0,"key":"BottledMiracle"},{"floor":13.0,"key":"Fire Potion"},{"floor":16.0,"key":"Weak Potion"},{"floor":18.0,"key":"Regen Potion"},{"floor":19.0,"key":"Ancient Potion"},{"floor":22,"key":"FairyPotion"},{"floor":24,"key":"CultistPotion"},{"floor":28,"key":"BlessingOfTheForge"},{"floor":33,"key":"BottledMiracle"},{"floor":37,"key":"EssenceOfSteel"},{"floor":38,"key":"ColorlessPotion"},{"floor":39,"key":"SteroidPotion"},{"floor":40,"key":"GamblersBrew"},{"floor":41,"key":"Energy Potion"},{"floor":44,"key":"ColorlessPotion"},{"floor":46,"key":"Regen Potion"},{"floor":47,"key":"Dexterity Potion"},{"floor":48,"key":"Ancient Potion"},{"floor":54,"key":"DistilledChaos"}],"is_trial":false,"path_per_floor":["M","?","?","M","M","R","?","E","T","?","M","M","M","$","R","B",null,"M","?","?","?","M","R","E","T","T","$","M","?","R","E","R","B",null,"M","?","M","M","?","M","M","?","T","E","$","E","M","E","R","B",null,"R","$","E","B"],"character_chosen":"WATCHER","items_purchased":["White Beast Statue","CutThroughFate","DollysMirror","FearNoEvil","OrangePellets","Tantrum","TalkToTheHand","Sling"],"campfire_rested":2,"item_purchase_floors":[14,14,27,27,45,45,53,53],"current_hp_per_floor":[58,51,40,37,32,32,32,32,32,32,26,21,21,21,21,3,67,67,24,24,24,24,24,20,20,20,20,18,2,11,11,21,21,35,33,33,30,30,30,30,31,31,31,33,33,24,34,34,34,11,47,47,47,7,0,0],"gold":75,"neow_bonus":"ONE_RARE_RELIC","is_daily":false,"chose_seed":false,"campfire_upgraded":2,"win_rate":0.0,"timestamp":1611327143,"path_taken":["M","?","?","M","M","R","?","E","T","?","M","M","?","?","R","BOSS","M","?","?","?","M","R","E","?","T","$","?","?","R","E","R","BOSS","M","?","?","M","?","M","M","?","T","E","$","E","M","E","R","BOSS","R","$","E","BOSS"],"items_purchased_type":["Relic","Card","Relic","Card","Relic","Card","Card","Relic"],"build_version":"2020-12-22","purchased_purges":2,"victory":false,"max_hp_per_floor":[72,72,72,72,72,72,67,67,67,67,67,67,67,67,67,67,67,67,67,33,33,33,33,33,33,33,33,33,33,33,35,35,35,35,37,37,39,39,41,41,43,43,43,45,45,45,47,47,47,47,47,47,47,49,49,49],"relic_stats":{"Peace Pipe":2,"OrangePellets":[0],"Busted Crown":22,"Singing Bowl":16,"counters":[28,126],"Golden Idol":198,"Mummified Hand":[24],"Sundial":[0],"Necronomicon":[29],"Kunai":[42],"obtain_stats":[{"Ice Cream":9,"Potion Belt":24,"Singing Bowl":31,"Golden Idol":7,"Omamori":46,"Sling":53,"White Beast Statue":14,"WarpedTongs":10,"Peace Pipe":39,"OrangePellets":45,"Bottled Flame":48,"HornCleat":8,"Busted Crown":34,"Mummified Hand":25,"DollysMirror":27,"Sundial":54,"WingedGreaves":0,"Fusion Hammer":17,"Red Mask":19,"Necronomicon":29,"Bottled Lightning":26,"Kunai":44,"PureWater":0},{"Ice Cream":4,"Potion Belt":12,"Singing Bowl":14,"Golden Idol":3,"Omamori":23,"Sling":26,"White Beast Statue":7,"WarpedTongs":4,"Peace Pipe":19,"OrangePellets":22,"Bottled Flame":25,"HornCleat":4,"Busted Crown":15,"Mummified Hand":12,"DollysMirror":12,"Sundial":27,"WingedGreaves":0,"Fusion Hammer":8,"Red Mask":10,"Necronomicon":13,"Bottled Lightning":12,"Kunai":22,"PureWater":0},{"Ice Cream":11,"Potion Belt":42,"Singing Bowl":50,"Golden Idol":9,"Omamori":91,"Sling":109,"White Beast Statue":20,"WarpedTongs":11,"Peace Pipe":71,"OrangePellets":86,"Bottled Flame":99,"HornCleat":11,"Busted Crown":56,"Mummified Hand":42,"DollysMirror":42,"Sundial":115,"WingedGreaves":0,"Fusion Hammer":28,"Red Mask":34,"Necronomicon":46,"Bottled Lightning":42,"Kunai":86,"PureWater":0}],"WarpedTongs":[108]},"card_choices":[{"not_picked":["FlurryOfBlows","PathToVictory"],"picked":"Consecrate","floor":1.0},{"not_picked":["CrushJoints","FlurryOfBlows"],"picked":"ReachHeaven","floor":4.0},{"not_picked":["Collect","Perseverance"],"picked":"EmptyFist","floor":5.0},{"not_picked":["InnerPeace","DeceiveReality"],"picked":"Meditate","floor":8.0},{"not_picked":["ThirdEye","SignatureMove"],"picked":"LikeWater","floor":11.0},{"not_picked":["Evaluate","Perseverance","Halt"],"picked":"SKIP","floor":12.0},{"not_picked":["PathToVictory","FlyingSleeves","Consecrate"],"picked":"SKIP","floor":13.0},{"not_picked":["Alpha","Brilliance"],"picked":"Scrawl","floor":16.0},{"not_picked":["ThirdEye","Prostrate"],"picked":"EmptyFist","floor":18.0},{"not_picked":["CutThroughFate","Study+1"],"picked":"TalkToTheHand","floor":22},{"not_picked":["PathToVictory+1","Collect"],"picked":"FlurryOfBlows","floor":24},{"not_picked":["Weave","Indignation"],"picked":"FearNoEvil","floor":28},{"not_picked":["Tantrum+1","ForeignInfluence+1","Prostrate"],"picked":"Singing Bowl","floor":31},{"not_picked":["Vault","SpiritShield"],"picked":"LessonLearned","floor":33},{"not_picked":["FlurryOfBlows"],"picked":"Singing Bowl","floor":35},{"not_picked":["SashWhip"],"picked":"Singing Bowl","floor":37},{"not_picked":[],"picked":"MentalFortress+1","floor":38},{"not_picked":["Perseverance+1"],"picked":"Singing Bowl","floor":39},{"not_picked":[],"picked":"Sanctity","floor":40},{"not_picked":["PathToVictory"],"picked":"Singing Bowl","floor":41},{"not_picked":["Protect+1"],"picked":"Singing Bowl","floor":44},{"not_picked":[],"picked":"Vault","floor":46},{"not_picked":["EmptyFist+1"],"picked":"Singing Bowl","floor":47},{"not_picked":[],"picked":"Omniscience","floor":48},{"not_picked":["Study"],"picked":"Singing Bowl","floor":54}],"player_experience":1362047,"relics_obtained":[{"floor":8.0,"key":"HornCleat"},{"floor":9.0,"key":"Ice Cream"},{"floor":19.0,"key":"Red Mask"},{"floor":24,"key":"Potion Belt"},{"floor":25,"key":"Mummified Hand"},{"floor":26,"key":"Bottled Lightning"},{"floor":29,"key":"Necronomicon"},{"floor":31,"key":"Singing Bowl"},{"floor":39,"key":"Peace Pipe"},{"floor":44,"key":"Kunai"},{"floor":46,"key":"Omamori"},{"floor":48,"key":"Bottled Flame"},{"floor":54,"key":"Sundial"}],"event_choices":[{"cards_removed":["Decay"],"damage_healed":0.0,"max_hp_gain":0.0,"max_hp_loss":0.0,"gold_gain":0.0,"event_name":"Golden Wing","player_choice":"Card Removal","floor":2.0,"gold_loss":0.0,"damage_taken":7.0},{"damage_healed":0.0,"max_hp_gain":0.0,"max_hp_loss":0.0,"gold_gain":75.0,"event_name":"World of Goop","player_choice":"Gather Gold","floor":3.0,"gold_loss":0.0,"damage_taken":11.0},{"damage_healed":0.0,"max_hp_gain":0.0,"max_hp_loss":5.0,"gold_gain":0.0,"event_name":"Golden Idol","player_choice":"Lose Max HP","floor":7.0,"gold_loss":0.0,"damage_taken":0.0,"relics_obtained":["Golden Idol"]},{"damage_healed":0.0,"max_hp_gain":0.0,"max_hp_loss":0.0,"gold_gain":0.0,"event_name":"Accursed Blacksmith","player_choice":"Rummage","floor":10.0,"gold_loss":0.0,"damage_taken":0.0,"relics_obtained":["WarpedTongs"],"cards_obtained":["Pain"]},{"damage_healed":0.0,"max_hp_gain":0.0,"max_hp_loss":0.0,"gold_gain":0.0,"event_name":"Masked Bandits","player_choice":"Fought Bandits","floor":19.0,"gold_loss":0.0,"damage_taken":0.0},{"damage_healed":0.0,"max_hp_gain":0.0,"max_hp_loss":34.0,"gold_gain":0.0,"event_name":"Ghosts","player_choice":"Became a Ghost","floor":20.0,"gold_loss":0.0,"damage_taken":0.0,"cards_obtained":["Ghostly","Ghostly","Ghostly","Ghostly","Ghostly"]},{"damage_healed":0,"gold_gain":0,"player_choice":"Simplicity","damage_taken":0,"max_hp_gain":0,"max_hp_loss":0,"event_name":"Back to Basics","floor":21,"gold_loss":0,"cards_upgraded":["Strike_P","Strike_P","Strike_P","Strike_P","Defend_P","Defend_P","Defend_P","Defend_P"]},{"damage_healed":0,"gold_gain":0,"player_choice":"Obtained Book","damage_taken":16,"max_hp_gain":0,"max_hp_loss":0,"event_name":"Cursed Tome","floor":29,"gold_loss":0},{"damage_healed":0,"gold_gain":0,"player_choice":"Copied","damage_taken":0,"max_hp_gain":0,"max_hp_loss":0,"event_name":"Duplicator","floor":36,"gold_loss":0,"cards_obtained":["LessonLearned"]},{"damage_healed":0,"gold_gain":0,"player_choice":"Fight","damage_taken":0,"max_hp_gain":0,"max_hp_loss":0,"event_name":"Mysterious Sphere","floor":39,"gold_loss":0},{"cards_removed":["Strike_P"],"damage_healed":0,"gold_gain":0,"player_choice":"Removed Attack","damage_taken":0,"max_hp_gain":0,"max_hp_loss":0,"event_name":"Falling","floor":42,"gold_loss":0}],"is_beta":false,"boss_relics":[{"not_picked":["Sozu","Tiny House"],"picked":"Fusion Hammer"},{"not_picked":["Snecko Eye","Calling Bell"],"picked":"Busted Crown"}],"items_purged_floors":[27,45],"is_endless":false,"potions_floor_spawned":[1,11,13,16,18,19,22,24,28,31,33,35,37,38,39,40,41,44,46,47,48,54],"killed_by":"The Heart","ascension_level":1}}