{"host":"qm4rv4rkpk76sbxu","time":1611335545,"event":{"mods":["BaseMod","Bestiary","Block Reminder","DeckTracker","Filter the Spire","Keyboard Shortcuts","Minty Spire (QoL Compilation)","MonsterHotkey","Quick Restart","Random Character Button","Relic Stats","Slay-I","StSLib","Unceasing Turn Reminder","ojb\u0027s Better Paths Mod","ojb\u0027s Info Mod"],"gold_per_floor":[110,129,129,143,156,156,170,26,26,43,54,54,54,78,78,209,209,222,222,246,285,245,245,16,35,35,35,48,48,48,48,48,179,179,203,203,203],"floor_reached":38,"language":"ENG","playtime":1140,"items_purged":["Strike_P"],"score":644,"play_id":"a51aa681-5ce6-44ee-99f7-c58de905671c","local_time":"20210122181225","is_ascension_mode":true,"campfire_choices":[{"data":"Ragnarok","floor":6.0,"key":"SMITH"},{"data":"PathToVictory","floor":13.0,"key":"SMITH"},{"data":"Eruption","floor":15.0,"key":"SMITH"},{"data":"DeusExMachina","floor":23.0,"key":"SMITH"},{"data":"Meditate","floor":27.0,"key":"SMITH"},{"floor":30.0,"key":"REST"},{"data":"CutThroughFate","floor":32.0,"key":"SMITH"}],"circlet_count":0,"master_deck":["Defend_P","Defend_P","Defend_P","Eruption+1","Vigilance","Ragnarok+1","CutThroughFate","PathToVictory+1","DeceiveReality","BowlingBash","CutThroughFate+1","DeusExMachina+1","FlyingSleeves+1","FlurryOfBlows+1","WaveOfTheHand+1","TalkToTheHand+1","Meditate+1","DeceiveReality+1","Establishment"],"relics":["PureWater","Sling","Mummified Hand","Golden Idol","Astrolabe","Red Mask","Melange","Toxic Egg 2","Smiling Mask","Busted Crown"],"acts_visited":["Exordium","TheCity","TheBeyond"],"potions_floor_usage":[33,37],"damage_taken":[{"damage":0.0,"enemies":"Small Slimes","floor":1.0,"turns":2.0},{"damage":0.0,"enemies":"Cultist","floor":2.0,"turns":2.0},{"damage":0.0,"enemies":"2 Louse","floor":4.0,"turns":1.0},{"damage":2.0,"enemies":"Looter","floor":5.0,"turns":3.0},{"damage":0.0,"enemies":"Blue Slaver","floor":7.0,"turns":3.0},{"damage":6.0,"enemies":"Red Slaver","floor":10.0,"turns":4.0},{"damage":0.0,"enemies":"Large Slime","floor":11.0,"turns":3.0},{"damage":0.0,"enemies":"Exordium Wildlife","floor":14.0,"turns":2.0},{"damage":0.0,"enemies":"Slime Boss","floor":16.0,"turns":5.0},{"damage":5.0,"enemies":"2 Thieves","floor":18.0,"turns":3.0},{"damage":10.0,"enemies":"Spheric Guardian","floor":20.0,"turns":3.0},{"damage":28.0,"enemies":"Masked Bandits","floor":21.0,"turns":3.0},{"damage":4.0,"enemies":"Centurion and Healer","floor":25.0,"turns":6.0},{"damage":0.0,"enemies":"Snecko","floor":28.0,"turns":4.0},{"damage":30,"enemies":"Automaton","floor":33,"turns":6},{"damage":8,"enemies":"3 Darklings","floor":35,"turns":3},{"damage":47,"enemies":"Awakened One","floor":37,"turns":15}],"seed_played":"87085246715292350","potions_obtained":[{"floor":2.0,"key":"LiquidMemories"},{"floor":4.0,"key":"StancePotion"},{"floor":10.0,"key":"BottledMiracle"},{"floor":20.0,"key":"LiquidBronze"},{"floor":22.0,"key":"LiquidBronze"},{"floor":25.0,"key":"SkillPotion"}],"is_trial":false,"path_per_floor":["M","M","?","M","M","R","M","$","T","M","M","?","R","M","R","B",null,"M","?","M","?","?","R","$","M","T","R","M","?","R","$","R","B",null,"M","?","B",null],"character_chosen":"WATCHER","items_purchased":["Sling","Melange"],"campfire_rested":1,"item_purchase_floors":[8,24],"current_hp_per_floor":[72,72,72,72,70,70,70,70,70,64,64,64,64,64,64,64,67,62,62,52,24,24,24,24,20,20,20,20,20,40,40,40,10,67,59,59,12],"gold":203,"neow_bonus":"ONE_RANDOM_RARE_CARD","is_daily":false,"chose_seed":false,"campfire_upgraded":6,"win_rate":0.0,"timestamp":1611335545,"path_taken":["M","M","?","M","?","R","M","?","T","M","M","?","R","M","R","BOSS","M","?","M","?","?","R","$","?","T","R","M","?","R","?","R","BOSS","M","?","BOSS"],"items_purchased_type":["Relic","Relic"],"build_version":"2020-12-22","purchased_purges":1,"victory":true,"max_hp_per_floor":[72,72,72,72,72,72,72,72,72,72,72,67,67,67,67,67,67,67,67,67,67,67,67,67,67,67,67,67,67,67,67,67,67,67,67,67,67],"relic_stats":{"Busted Crown":2,"counters":[17,68],"Mummified Hand":[1],"Golden Idol":110,"Astrolabe":["FlyingSleeves","FlurryOfBlows","WaveOfTheHand"],"Melange":[45],"Smiling Mask":0,"obtain_stats":[{"Busted Crown":34,"Mummified Hand":9,"Golden Idol":12,"Astrolabe":17,"Melange":24,"Red Mask":21,"PureWater":0,"Toxic Egg 2":26,"Sling":8,"Smiling Mask":29},{"Busted Crown":15,"Mummified Hand":5,"Golden Idol":7,"Astrolabe":9,"Melange":12,"Red Mask":12,"PureWater":0,"Toxic Egg 2":13,"Sling":5,"Smiling Mask":14},{"Busted Crown":50,"Mummified Hand":11,"Golden Idol":18,"Astrolabe":25,"Melange":34,"Red Mask":34,"PureWater":0,"Toxic Egg 2":40,"Sling":11,"Smiling Mask":44}]},"card_choices":[{"not_picked":["SashWhip","Protect"],"picked":"CutThroughFate","floor":1.0},{"not_picked":["ClearTheMind","EmptyFist"],"picked":"PathToVictory","floor":2.0},{"not_picked":["Vengeance","CrushJoints"],"picked":"DeceiveReality","floor":4.0},{"not_picked":["Protect","SashWhip","CrushJoints"],"picked":"SKIP","floor":5.0},{"not_picked":["Crescendo","FlyingSleeves","Prostrate"],"picked":"SKIP","floor":7.0},{"not_picked":["CrushJoints","ConjureBlade","SashWhip"],"picked":"SKIP","floor":10.0},{"not_picked":["FollowUp","EmptyFist"],"picked":"BowlingBash","floor":11.0},{"not_picked":["Swivel","BowlingBash"],"picked":"CutThroughFate","floor":14.0},{"not_picked":["Alpha","Blasphemy"],"picked":"DeusExMachina","floor":16.0},{"not_picked":["Protect+1","ClearTheMind"],"picked":"TalkToTheHand+1","floor":18.0},{"not_picked":["ClearTheMind","CutThroughFate","EmptyBody"],"picked":"SKIP","floor":20.0},{"not_picked":["Vengeance","Prostrate+1"],"picked":"Meditate","floor":25.0},{"not_picked":["ReachHeaven","Nirvana"],"picked":"DeceiveReality+1","floor":28.0},{"not_picked":["Brilliance","Blasphemy+1"],"picked":"Establishment","floor":33},{"not_picked":["Halt+1"],"picked":"SKIP","floor":35}],"player_experience":1371078,"relics_obtained":[{"floor":9.0,"key":"Mummified Hand"},{"floor":21.0,"key":"Red Mask"},{"floor":26.0,"key":"Toxic Egg 2"}],"event_choices":[{"cards_removed":["Strike_P"],"damage_healed":0.0,"max_hp_gain":0.0,"max_hp_loss":0.0,"gold_gain":0.0,"event_name":"Bonfire Elementals","player_choice":"Offered Basic","floor":3.0,"gold_loss":0.0,"damage_taken":0.0},{"damage_healed":0.0,"max_hp_gain":0.0,"max_hp_loss":5.0,"gold_gain":0.0,"event_name":"Golden Idol","player_choice":"Lose Max HP","floor":12.0,"gold_loss":0.0,"damage_taken":0.0,"relics_obtained":["Golden Idol"]},{"damage_healed":0.0,"max_hp_gain":0.0,"max_hp_loss":0.0,"gold_gain":0.0,"event_name":"Vampires","player_choice":"Ignored","floor":19.0,"gold_loss":0.0,"damage_taken":0.0},{"damage_healed":0.0,"max_hp_gain":0.0,"max_hp_loss":0.0,"gold_gain":0.0,"event_name":"Masked Bandits","player_choice":"Fought Bandits","floor":21.0,"gold_loss":0.0,"damage_taken":0.0},{"damage_healed":0.0,"max_hp_gain":0.0,"max_hp_loss":0.0,"gold_gain":0.0,"event_name":"The Woman in Blue","player_choice":"Bought 3 Potions","floor":22.0,"gold_loss":0.0,"damage_taken":0.0},{"damage_healed":0.0,"max_hp_gain":0.0,"max_hp_loss":0.0,"gold_gain":0.0,"event_name":"The Mausoleum","player_choice":"Opened","floor":29.0,"gold_loss":0.0,"damage_taken":0.0,"relics_obtained":["Smiling Mask"]},{"damage_healed":0,"gold_gain":0,"player_choice":"Took Portal","damage_taken":0,"max_hp_gain":0,"max_hp_loss":0,"event_name":"SecretPortal","floor":36,"gold_loss":0}],"is_beta":false,"boss_relics":[{"not_picked":["Empty Cage","Calling Bell"],"picked":"Astrolabe"},{"not_picked":["Philosopher\u0027s Stone","Tiny House"],"picked":"Busted Crown"}],"items_purged_floors":[24],"is_endless":false,"potions_floor_spawned":[2,4,10,11,20,25,28],"ascension_level":1}}