{"host":"clf2hd4adhiiw0zf","time":1611340553,"event":{"mods":["AchievementEnabler","BaseMod","Beaked The Cultist","Bestiary","Dark Map","Downfall","Gremlin Mod","Hermit","Jorbs\u0027s Wanderer Trilogy","Marisa????????","Minty Spire (QoL Compilation)","Shop Mod","StSLib","The Cursed","The Servant 0.9.4","UnlockEverythingMod"],"gold_per_floor":[99,112,112,212,487,255,255,268,297,310,110,138,138,155,171,269,269,269,280,297,310,321,349,349,449,449,463,494,529,547,547,577,577,577],"floor_reached":33,"language":"ENG","playtime":3099,"items_purged":["Regret"],"score":351,"play_id":"82c071d3-e2e3-46ce-b5f7-d18cde9bc19e","local_time":"20210122113553","is_ascension_mode":false,"campfire_choices":[{"floor":1.0,"key":"RECALL"},{"data":"TreasureHunter","floor":11.0,"key":"SMITH"},{"floor":13.0,"key":"REST"},{"data":"AbsoluteMagnitude","floor":18.0,"key":"SMITH"}],"circlet_count":0,"master_deck":["Strike_MRS","Strike_MRS","Strike_MRS","Strike_MRS","Defend_MRS","Defend_MRS","Defend_MRS","Defend_MRS","MasterSpark","UpSweep","MilkyWay","SuperPerseids","TreasureHunter+1","ShootingEcho","EventHorizon","ShootTheMoon","MagicChant","GrandCross","ChargeUpSpray","AbsoluteMagnitude+1","FairyDestructionRay+1","UnstableBomb","StarDustReverie","WitchOfGreed","Writhe","SporeBomb","NonDirectionalLaser+1","AlicesGift+1","AsteroidBelt+1"],"relics":["MiniHakkero","Blood Vial","Strawberry","downfall:HeartBlessingRed","downfall:HeartBlessingBlue","Orichalcum","Vajra","StoneCalendar","bronze:MakeshiftBattery","Molten Egg 2","Mango","Lantern","Juzu Bracelet","Bottled Lightning","downfall:RedIOU"],"acts_visited":["Exordium","TheCity"],"potions_floor_usage":[30,33,33,33],"damage_taken":[{"damage":0.0,"enemies":"Cultist","floor":2.0,"turns":3.0},{"damage":6.0,"enemies":"downfall:FleeingMerchant","floor":6.0,"turns":4.0},{"damage":0.0,"enemies":"Small Slimes","floor":8.0,"turns":3.0},{"damage":21.0,"enemies":"Gremlin Nob","floor":9.0,"turns":5.0},{"damage":0.0,"enemies":"2 Louse","floor":10.0,"turns":3.0},{"damage":63.0,"enemies":"Lagavulin","floor":12.0,"turns":9.0},{"damage":5.0,"enemies":"Exordium Thugs","floor":14.0,"turns":3.0},{"damage":3.0,"enemies":"Lots of Slimes","floor":15.0,"turns":3.0},{"damage":21.0,"enemies":"SI_SHIV_ARCHETYPE","floor":16.0,"turns":7.0},{"damage":4.0,"enemies":"Spheric Guardian","floor":19.0,"turns":3.0},{"damage":5.0,"enemies":"3 Byrds","floor":20.0,"turns":3.0},{"damage":16.0,"enemies":"Centurion and Healer","floor":21.0,"turns":4.0},{"damage":8.0,"enemies":"Shelled Parasite and Fungi","floor":22.0,"turns":3.0},{"damage":30.0,"enemies":"Gremlin Leader","floor":23.0,"turns":5.0},{"damage":9.0,"enemies":"3 Cultists","floor":27.0,"turns":4.0},{"damage":24.0,"enemies":"Snake Plant","floor":28.0,"turns":3.0},{"damage":28.0,"enemies":"Book of Stabbing","floor":29.0,"turns":4.0},{"damage":0,"enemies":"Snecko","floor":30,"turns":3},{"damage":4,"enemies":"Cultist and Chosen","floor":32,"turns":3},{"damage":5,"enemies":"DF_ARCHETYPE_CLAW","floor":33,"turns":3}],"seed_played":"5205659040823861753","potions_obtained":[{"floor":8.0,"key":"AttackPotion"},{"floor":9.0,"key":"AttackPotion"},{"floor":10.0,"key":"StarNLove"},{"floor":14.0,"key":"ColorlessPotion"},{"floor":16.0,"key":"ShroomBrew"},{"floor":19.0,"key":"SkillPotion"},{"floor":20.0,"key":"BlessingOfTheForge"},{"floor":21.0,"key":"Swift Potion"},{"floor":27.0,"key":"EssenceOfSteel"},{"floor":28.0,"key":"CultistPotion"},{"floor":30,"key":"AttackPotion"},{"floor":32,"key":"hexamod:SoulburnPotion"}],"is_trial":false,"path_per_floor":["R","M","?","?","?","$","T","M","E","M","R","E","R","M","M","B",null,"R","M","M","M","M","E","T","?","?","M","M","E","M","?","M","B"],"character_chosen":"MARISA","items_purchased":["TreasureHunter"],"campfire_rested":1,"item_purchase_floors":[6],"current_hp_per_floor":[82,82,64,64,64,60,60,62,50,52,62,1,30,27,26,7,99,99,95,92,78,72,58,58,58,58,51,29,3,5,5,3,0,0],"gold":577,"neow_bonus":"TEN_PERCENT_HP_BONUS","is_daily":false,"chose_seed":false,"campfire_upgraded":2,"win_rate":0.0,"timestamp":1611340553,"path_taken":["R","M","?","?","?","$","T","M","E","M","R","E","R","?","M","BOSS","R","M","M","M","?","E","T","?","?","M","M","E","M","?","M","BOSS"],"items_purchased_type":["Card"],"build_version":"2020-12-22","purchased_purges":1,"victory":false,"max_hp_per_floor":[82,82,82,82,82,82,82,82,89,89,99,99,99,99,99,99,99,99,99,99,99,99,113,113,113,113,113,113,113,113,113,113,113,113],"card_choices":[{"not_picked":["SporeBomb","GravityBeat"],"picked":"MilkyWay","floor":2.0},{"not_picked":["SporeBomb","GalacticHalo"],"picked":"SuperPerseids","floor":6.0},{"not_picked":["WitchLeyline","SuperPerseids"],"picked":"ShootingEcho","floor":8.0},{"not_picked":["WitchLeyline","SuperNova"],"picked":"EventHorizon","floor":9.0},{"not_picked":["ShootingEcho","WitchLeyline"],"picked":"ShootTheMoon","floor":10.0},{"not_picked":["Acceleration","ShootingEcho"],"picked":"MagicChant","floor":12.0},{"not_picked":["IllusionStar","OrrerysSun"],"picked":"GrandCross","floor":14.0},{"not_picked":["6A","EarthLightRay"],"picked":"ChargeUpSpray","floor":15.0},{"not_picked":["SatelliteIllusion","JA"],"picked":"AbsoluteMagnitude","floor":16.0},{"not_picked":["6A+1","LuminesStrike"],"picked":"FairyDestructionRay+1","floor":19.0},{"not_picked":["GravityBeat","FairyDestructionRay","Occultation"],"picked":"SKIP","floor":20.0},{"not_picked":["EventHorizon","DC"],"picked":"UnstableBomb","floor":21.0},{"not_picked":["DarkMatter","ChargeUpSpray"],"picked":"StarDustReverie","floor":22.0},{"not_picked":["DarkMatter","Singularity"],"picked":"WitchOfGreed","floor":23.0},{"not_picked":["ShootTheMoon+1","DC+1"],"picked":"SporeBomb","floor":27.0},{"not_picked":["StarlightTyphoon","IllusionStar"],"picked":"NonDirectionalLaser+1","floor":28.0},{"not_picked":["OpenUniverse","SporeBomb"],"picked":"AlicesGift+1","floor":29.0},{"not_picked":["SporeBomb","DoubleSpark+1"],"picked":"AsteroidBelt+1","floor":30},{"not_picked":["GravityBeat+1","Occultation","Orbital+1"],"picked":"SKIP","floor":32}],"player_experience":81375,"relics_obtained":[{"floor":9.0,"key":"Ancient Tea Set"},{"floor":9.0,"key":"Strawberry"},{"floor":12.0,"key":"Orichalcum"},{"floor":12.0,"key":"Vajra"},{"floor":16.0,"key":"StoneCalendar"},{"floor":23.0,"key":"Molten Egg 2"},{"floor":23.0,"key":"Mango"},{"floor":24.0,"key":"Lantern"},{"floor":29.0,"key":"Bottled Lightning"}],"event_choices":[{"damage_healed":0.0,"max_hp_gain":0.0,"max_hp_loss":0.0,"gold_gain":0.0,"event_name":"Scrap Ooze","player_choice":"Success","floor":3.0,"gold_loss":0.0,"damage_taken":18.0,"relics_obtained":["Blood Vial"]}],"is_beta":false,"boss_relics":[{"not_picked":["BewitchedHakkero","Coffee Dripper"],"picked":"bronze:MakeshiftBattery"}],"items_purged_floors":[6],"is_endless":false,"potions_floor_spawned":[8,9,10,14,16,19,20,21,27,30],"killed_by":"DF_ARCHETYPE_CLAW","ascension_level":0}}