{"host":"och2iitg9ibgz06n","time":1611295598,"event":{"mods":["Abigail Mod","AchievementEnabler","Aspiration","BaseMod","Colored Powertips","Dio Mod","Hubris","Hyrulean Relics","Infinite Spire","Minty Spire (QoL Compilation)","Replay The Spire","Small Relic Pack","StSLib","The Animator","The Bug Knight","The Hierophant","The Jungle","The Saiyan","TheHero","Wandering Minibosses","everything is the same but u backflip on backflip","slay the spire mod where everything is the same but ironclad has a cowboy hat","vexMod"],"gold_per_floor":[109,109,126,139,139,139,158,172,172,172,98,114,114,140,140,243,243,254,267,285,295,220,220,220,220],"floor_reached":24,"language":"ENG","playtime":878,"items_purged":[],"score":288,"play_id":"cf13d46f-40dd-4459-aca1-247250ac4e54","local_time":"20210122000638","is_ascension_mode":true,"campfire_choices":[{"floor":6,"key":"RECALL"},{"floor":10,"key":"REST"},{"floor":13,"key":"REST"},{"data":"Cloak And Dagger","floor":15,"key":"SMITH"},{"floor":23,"key":"REST"}],"circlet_count":0,"master_deck":["Strike_G","Strike_G","Strike_G","Strike_G","Strike_G","Defend_G","Defend_G","Defend_G","Defend_G","Defend_G","Survivor","Neutralize+1","Outmaneuver","Backstab","Accuracy","Blade Dance","Finisher","Choke","Cloak And Dagger+1","Adrenaline","hubris:Sniper","Noxious Fumes","Cloak And Dagger+1","Endless Agony"],"relics":["Ring of the Snake","relicPack:DSword","aspiration:ChemicalBlood","SlaversCollar"],"acts_visited":["Exordium","TheCity"],"potions_floor_usage":[19,20,21,24],"damage_taken":[{"damage":1,"enemies":"Cultist","floor":1,"turns":4},{"damage":0,"enemies":"Small Slimes","floor":3,"turns":5},{"damage":0,"enemies":"2 Louse","floor":4,"turns":3},{"damage":10,"enemies":"Large Slime","floor":7,"turns":4},{"damage":0,"enemies":"Red Slaver","floor":8,"turns":4},{"damage":1,"enemies":"Blue Slaver","floor":12,"turns":3},{"damage":17,"enemies":"Lagavulin","floor":14,"turns":4},{"damage":0,"enemies":"Slime Boss","floor":16,"turns":5},{"damage":28,"enemies":"Spheric Guardian","floor":18,"turns":4},{"damage":16,"enemies":"Shell Parasite","floor":19,"turns":5},{"damage":14,"enemies":"Chosen and Byrds","floor":20,"turns":5},{"damage":14,"enemies":"Shelled Parasite and Fungi","floor":21,"turns":4},{"damage":33,"enemies":"Book of Stabbing","floor":24,"turns":4}],"seed_played":"2773356422874700475","potions_obtained":[{"floor":3,"key":"GhostInAJar"},{"floor":4,"key":"BlessingOfTheForge"},{"floor":12,"key":"Strength Potion"},{"floor":16,"key":"PowerPotion"},{"floor":21,"key":"Adrenaline Potion"}],"is_trial":false,"path_per_floor":["M","?","M","M","?","R","M","M","T","R","$","M","R","E","R","B",null,"M","M","M","M","?","R","E"],"character_chosen":"THE_SILENT","items_purchased":["Finisher"],"campfire_rested":3,"item_purchase_floors":[11],"current_hp_per_floor":[76,41,41,41,41,41,31,31,31,54,54,53,76,59,59,59,77,49,33,19,5,5,28,0,0],"gold":220,"neow_bonus":"TEN_PERCENT_HP_BONUS","is_daily":false,"chose_seed":false,"campfire_upgraded":1,"win_rate":0.0,"timestamp":1611295598,"path_taken":["M","?","M","M","?","R","M","M","T","R","$","?","R","E","R","BOSS","M","M","M","M","?","R","E"],"items_purchased_type":["Card"],"build_version":"2020-12-22","purchased_purges":0,"victory":false,"max_hp_per_floor":[77,77,77,77,77,77,77,77,77,77,77,77,77,77,77,77,77,77,77,77,77,77,77,77,77],"card_choices":[{"not_picked":["PiercingWail","Terror"],"picked":"Outmaneuver","floor":1},{"not_picked":["PiercingWail","Hidden Blade"],"picked":"Backstab","floor":3},{"not_picked":["hubris:TrickCloak","Skewer"],"picked":"Riddle With Holes","floor":4},{"not_picked":["Toxin Wave","Hidden Blade"],"picked":"Accuracy","floor":7},{"not_picked":["Underhanded Strike","Concentrate"],"picked":"Blade Dance","floor":8},{"not_picked":["Dagger Spray","Dagger Throw"],"picked":"Choke","floor":12},{"not_picked":["Burst","Wraith Form v2"],"picked":"Cloak And Dagger","floor":14},{"not_picked":["Envenom","After Image"],"picked":"Adrenaline","floor":16},{"not_picked":["Deflect","PiercingWail"],"picked":"hubris:Sniper","floor":18},{"not_picked":["Prepared","Bane"],"picked":"Noxious Fumes","floor":19},{"not_picked":["Backflip","Hidden Blade+1"],"picked":"Cloak And Dagger+1","floor":20},{"not_picked":["Deadly Poison","All Out Attack"],"picked":"Endless Agony","floor":21}],"player_experience":457236,"relics_obtained":[{"floor":14,"key":"aspiration:ChemicalBlood"}],"event_choices":[{"damage_healed":0,"gold_gain":0,"player_choice":"Forge","damage_taken":0,"max_hp_gain":0,"max_hp_loss":0,"event_name":"Accursed Blacksmith","floor":5,"gold_loss":0,"cards_upgraded":["Neutralize"]},{"cards_removed":["Riddle With Holes"],"damage_healed":0,"gold_gain":0,"player_choice":"Gave Gold","damage_taken":0,"max_hp_gain":0,"max_hp_loss":0,"event_name":"Beggar","floor":22,"gold_loss":75}],"is_beta":false,"boss_relics":[{"not_picked":["Ring of the Serpent","Snecko Eye"],"picked":"SlaversCollar"}],"items_purged_floors":[],"is_endless":false,"potions_floor_spawned":[3,4,12,16,18,21],"killed_by":"Book of Stabbing","ascension_level":3}}