{"host":"k2mw1od0xoi9pcfj","time":1611319145,"event":{"mods":["100% Spire Juice","Act Like it!","Aspiration","BaseMod","Downfall","Energized Spire","Hermit","Highlight Path","Minty Spire (QoL Compilation)","Permanent Neow","Relic Stats","Retaliation","StSLib","TheHeartMod"],"gold_per_floor":[117,117,132,142,165,202,202,207,207],"floor_reached":8,"language":"ENG","playtime":579,"items_purged":[],"score":61,"play_id":"626616e4-15c7-48fe-8a67-baf00f76e0bb","local_time":"20210122063905","is_ascension_mode":true,"campfire_choices":[{"data":"hermit:TakeAim","floor":7,"key":"SMITH"}],"circlet_count":0,"master_deck":["hermit:Strike_Hermit","hermit:Strike_Hermit","hermit:Strike_Hermit","hermit:Strike_Hermit","hermit:Defend_Hermit","hermit:Defend_Hermit","hermit:Defend_Hermit","hermit:Defend_Hermit","hermit:Snapshot","hermit:Covet","hermit:EyeOfTheStorm","hermit:Scavenge","hermit:TakeAim+1"],"relics":["hermit:Momento","aspiration:Nostalgia","Guardian:ModeShifter","Bronze Scales"],"acts_visited":["Exordium"],"potions_floor_usage":[],"damage_taken":[{"damage":0,"enemies":"2 Louse","floor":1,"turns":2},{"damage":0,"enemies":"Cultist","floor":3,"turns":4},{"damage":6,"enemies":"Jaw Worm","floor":4,"turns":3},{"damage":3,"enemies":"2 Fungi Beasts","floor":5,"turns":4},{"damage":44,"enemies":"Lagavulin","floor":6,"turns":10},{"damage":22,"enemies":"3 Sentries","floor":8,"turns":5}],"seed_played":"-2388764054309195457","potions_obtained":[{"floor":1,"key":"FearPotion"}],"is_trial":false,"path_per_floor":["M","?","M","M","M","E","R","E"],"character_chosen":"HERMIT","items_purchased":[],"campfire_rested":0,"item_purchase_floors":[],"current_hp_per_floor":[75,75,75,69,66,22,22,0,0],"gold":207,"neow_bonus":"NOSTALGIA","is_daily":false,"chose_seed":false,"campfire_upgraded":1,"win_rate":0.0,"timestamp":1611319145,"path_taken":["M","?","?","M","M","E","R","E"],"items_purchased_type":[],"build_version":"2020-12-22","purchased_purges":0,"victory":false,"max_hp_per_floor":[75,75,75,75,75,75,75,75,75],"relic_stats":{"counters":[6,28],"Bronze Scales":[15],"obtain_stats":[{"aspiration:Nostalgia":0,"Bronze Scales":6,"Guardian:ModeShifter":0,"hermit:Momento":0},{"aspiration:Nostalgia":0,"Bronze Scales":5,"Guardian:ModeShifter":0,"hermit:Momento":0},{"aspiration:Nostalgia":0,"Bronze Scales":23,"Guardian:ModeShifter":0,"hermit:Momento":0}]},"card_choices":[{"not_picked":["hermit:TakeCover","hermit:WideOpen"],"picked":"hermit:EyeOfTheStorm","floor":1},{"not_picked":["hermit:GhostlyPresence","hermit:Manifest"],"picked":"hermit:Scavenge","floor":3},{"not_picked":["hermit:Cheat","hermit:Malice"],"picked":"hermit:TakeAim","floor":4},{"not_picked":["hermit:Shortfuse","hermit:Misfire","hermit:Quickdraw"],"picked":"SKIP","floor":5},{"not_picked":["hermit:RoundhouseKick","hermit:Ricochet","hermit:Virtue"],"picked":"SKIP","floor":6}],"player_experience":795467,"relics_obtained":[{"floor":6,"key":"Bronze Scales"}],"event_choices":[{"damage_healed":0,"gold_gain":0,"player_choice":"Bought 0 Potions","damage_taken":0,"max_hp_gain":0,"max_hp_loss":0,"event_name":"The Woman in Blue","floor":2,"gold_loss":0}],"is_beta":false,"boss_relics":[],"items_purged_floors":[],"is_endless":false,"potions_floor_spawned":[1],"killed_by":"3 Sentries","ascension_level":1}}