{"host":"f0gpob8hq9vgebej","time":1611298235,"event":{"mods":["AchievementEnabler","BaseMod","Minty Spire (QoL Compilation)","Quick Restart","SuperFastMode"],"gold_per_floor":[118,134,147,157,175,175,191,191,217,231,242,167,183,258,258,360,360,370,155,172,191,210,210,236,246,246,260,197,212,60,76,76,178,178,194,29,29,46,66,66,96,108,120,132,31,48,61,75,75,75],"floor_reached":51,"language":"KOR","playtime":1189,"items_purged":["Strike_G","Strike_G","Defend_G","Defend_G","Defend_G"],"score":1091,"play_id":"b66dba62-230f-4632-b220-95027c6f053e","local_time":"20210122155035","is_ascension_mode":true,"campfire_choices":[{"data":"Tactician","floor":6,"key":"SMITH"},{"data":"Accuracy","floor":15,"key":"SMITH"},{"data":"Envenom","floor":23,"key":"SMITH"},{"data":"Phantasmal Killer","floor":32,"key":"SMITH"},{"data":"After Image","floor":40,"key":"SMITH"},{"data":"Accuracy","floor":49,"key":"SMITH"}],"circlet_count":0,"master_deck":["Defend_G","Defend_G","Survivor+1","Blade Dance","Acrobatics","Blade Dance+1","Tactician+1","Accuracy+1","Prepared","Blade Dance","After Image+1","Crippling Poison+1","Deflect+1","Terror+1","Escape Plan","Prepared+1","Envenom+1","Backflip","Blade Dance+1","Phantasmal Killer+1","Wraith Form v2","CurseOfTheBell","Backflip","Acrobatics","Reflex","Tactician+1","Accuracy+1","Escape Plan+1"],"relics":["Ring of the Snake","Anchor","Astrolabe","Membership Card","Darkstone Periapt","Tough Bandages","Calling Bell","Vajra","Mercury Hourglass","Thread and Needle","War Paint","MawBank","Ninja Scroll","DollysMirror"],"acts_visited":["Exordium","TheCity","TheBeyond"],"potions_floor_usage":[11,16,16,16,25,33,35,50,50,50],"damage_taken":[{"damage":4,"enemies":"Small Slimes","floor":1,"turns":4},{"damage":0,"enemies":"Cultist","floor":2,"turns":4},{"damage":1,"enemies":"2 Louse","floor":3,"turns":2},{"damage":15,"enemies":"Exordium Thugs","floor":4,"turns":4},{"damage":3,"enemies":"3 Louse","floor":5,"turns":4},{"damage":3,"enemies":"Looter","floor":7,"turns":2},{"damage":8,"enemies":"Blue Slaver","floor":10,"turns":3},{"damage":9,"enemies":"Exordium Wildlife","floor":11,"turns":4},{"damage":3,"enemies":"Large Slime","floor":13,"turns":5},{"damage":4,"enemies":"Hexaghost","floor":16,"turns":7},{"damage":0,"enemies":"Chosen","floor":18,"turns":3},{"damage":0,"enemies":"Spheric Guardian","floor":20,"turns":3},{"damage":0,"enemies":"Snecko","floor":21,"turns":4},{"damage":11,"enemies":"Snake Plant","floor":22,"turns":3},{"damage":13,"enemies":"Gremlin Leader","floor":24,"turns":5},{"damage":9,"enemies":"3 Cultists","floor":25,"turns":6},{"damage":4,"enemies":"Centurion and Healer","floor":27,"turns":6},{"damage":6,"enemies":"Snake Plant","floor":29,"turns":3},{"damage":2,"enemies":"Cultist and Chosen","floor":31,"turns":5},{"damage":0,"enemies":"Champ","floor":33,"turns":4},{"damage":0,"enemies":"3 Darklings","floor":35,"turns":3},{"damage":0,"enemies":"Orb Walker","floor":38,"turns":2},{"damage":0,"enemies":"Jaw Worm Horde","floor":39,"turns":3},{"damage":0,"enemies":"Giant Head","floor":41,"turns":4},{"damage":0,"enemies":"Sphere and 2 Shapes","floor":46,"turns":4},{"damage":0,"enemies":"Spire Growth","floor":47,"turns":3},{"damage":0,"enemies":"Transient","floor":48,"turns":5},{"damage":14,"enemies":"Awakened One","floor":50,"turns":8}],"seed_played":"-1989842718714927668","potions_obtained":[{"floor":1,"key":"PowerPotion"},{"floor":5,"key":"SpeedPotion"},{"floor":10,"key":"FearPotion"},{"floor":11,"key":"Swift Potion"},{"floor":20,"key":"Block Potion"},{"floor":25,"key":"Weak Potion"},{"floor":27,"key":"DistilledChaos"},{"floor":29,"key":"Strength Potion"},{"floor":39,"key":"Fire Potion"},{"floor":47,"key":"ColorlessPotion"}],"is_trial":false,"path_per_floor":["M","M","M","M","M","R","M","?","T","M","M","$","M","?","R","B",null,"M","$","M","M","M","R","E","M","T","M","$","M","$","M","R","B",null,"M","$","?","M","M","R","E","?","T","?","$","M","M","M","R","B",null],"character_chosen":"THE_SILENT","items_purchased":["Membership Card","Escape Plan","Phantasmal Killer","War Paint","Reflex","DollysMirror"],"campfire_rested":0,"item_purchase_floors":[19,19,30,36,45,45],"current_hp_per_floor":[66,66,65,50,47,47,44,44,44,36,27,27,24,17,17,13,61,61,61,61,61,50,50,37,28,28,24,24,18,18,16,16,16,68,68,68,68,68,68,68,68,68,68,68,68,68,68,68,68,54],"gold":75,"neow_bonus":"TEN_PERCENT_HP_BONUS","is_daily":false,"chose_seed":false,"campfire_upgraded":6,"win_rate":0.0,"timestamp":1611298235,"path_taken":["M","M","M","M","M","R","M","?","T","?","M","$","M","?","R","BOSS","M","$","M","M","M","R","E","M","T","M","$","M","$","M","R","BOSS","M","$","?","M","M","R","E","?","T","?","$","M","M","M","R","BOSS"],"items_purchased_type":["Relic","Card","Card","Relic","Card","Relic"],"build_version":"2020-12-22","purchased_purges":5,"victory":true,"max_hp_per_floor":[77,77,77,77,77,77,77,77,77,77,77,77,77,77,77,77,77,77,77,77,77,77,77,77,77,77,77,77,77,77,77,77,77,83,83,83,79,79,79,79,79,79,79,79,79,79,79,79,79,79],"card_choices":[{"not_picked":["Outmaneuver","Dodge and Roll"],"picked":"Blade Dance","floor":1},{"not_picked":["Outmaneuver","Reflex"],"picked":"Acrobatics","floor":2},{"not_picked":["Bane","Sucker Punch"],"picked":"Blade Dance","floor":3},{"not_picked":["PiercingWail","Underhanded Strike","Expertise"],"picked":"SKIP","floor":4},{"not_picked":["Slice","Dagger Throw"],"picked":"Tactician","floor":5},{"not_picked":["Endless Agony","Dagger Spray"],"picked":"Accuracy","floor":7},{"not_picked":["Slice","Blur"],"picked":"Prepared","floor":10},{"not_picked":["Cloak And Dagger","Concentrate"],"picked":"Blade Dance","floor":11},{"not_picked":["Cloak And Dagger","Blade Dance","Poisoned Stab"],"picked":"SKIP","floor":13},{"not_picked":["Grand Finale","Tools of the Trade"],"picked":"After Image","floor":16},{"not_picked":["Deflect","Dagger Spray","Dodge and Roll"],"picked":"SKIP","floor":18},{"not_picked":["Underhanded Strike","Sucker Punch"],"picked":"Prepared+1","floor":20},{"not_picked":["Deadly Poison","Dagger Spray"],"picked":"Envenom","floor":21},{"not_picked":["All Out Attack","Poisoned Stab+1","Dagger Throw"],"picked":"SKIP","floor":22},{"not_picked":["Deadly Poison+1","Bouncing Flask"],"picked":"Backflip","floor":24},{"not_picked":["Deadly Poison+1","Flying Knee","Expertise+1"],"picked":"SKIP","floor":25},{"not_picked":["Expertise","Catalyst+1","Dash+1"],"picked":"SKIP","floor":27},{"not_picked":["Underhanded Strike","Outmaneuver"],"picked":"Blade Dance+1","floor":29},{"not_picked":["Venomology","Quick Slash","Choke"],"picked":"SKIP","floor":31},{"not_picked":["Unload","Burst"],"picked":"Wraith Form v2","floor":33},{"not_picked":["Slice","Heel Hook"],"picked":"Backflip","floor":35},{"not_picked":["Slice","Flechettes+1","Backstab+1"],"picked":"SKIP","floor":38},{"not_picked":["Dodge and Roll","Quick Slash+1","Deadly Poison"],"picked":"SKIP","floor":39},{"not_picked":["Masterful Stab+1","Dodge and Roll","Acrobatics"],"picked":"SKIP","floor":41},{"not_picked":["Masterful Stab+1","Dodge and Roll"],"picked":"Acrobatics","floor":41},{"not_picked":["Poisoned Stab+1","Infinite Blades","Sucker Punch+1"],"picked":"SKIP","floor":46},{"not_picked":["PiercingWail+1","Outmaneuver"],"picked":"Accuracy","floor":47},{"not_picked":["Skewer","PiercingWail+1"],"picked":"Escape Plan+1","floor":48}],"player_experience":206006,"relics_obtained":[{"floor":9,"key":"Anchor"},{"floor":24,"key":"Darkstone Periapt"},{"floor":26,"key":"Tough Bandages"},{"floor":34,"key":"Vajra"},{"floor":34,"key":"Mercury Hourglass"},{"floor":34,"key":"Thread and Needle"},{"floor":41,"key":"MawBank"},{"floor":43,"key":"Ninja Scroll"}],"event_choices":[{"damage_healed":0,"gold_gain":0,"player_choice":"Bought 0 Potions","damage_taken":0,"max_hp_gain":0,"max_hp_loss":0,"event_name":"The Woman in Blue","floor":8,"gold_loss":0},{"damage_healed":0,"gold_gain":75,"player_choice":"Touch","damage_taken":7,"max_hp_gain":0,"max_hp_loss":0,"event_name":"FaceTrader","floor":14,"gold_loss":0},{"damage_healed":0,"gold_gain":0,"player_choice":"Max HP","damage_taken":0,"max_hp_gain":0,"max_hp_loss":4,"event_name":"Winding Halls","floor":37,"gold_loss":0},{"cards_removed":["Neutralize"],"damage_healed":0,"gold_gain":0,"player_choice":"Removed Attack","damage_taken":0,"max_hp_gain":0,"max_hp_loss":0,"event_name":"Falling","floor":42,"gold_loss":0},{"damage_healed":0,"gold_gain":0,"player_choice":"Ignored","damage_taken":0,"max_hp_gain":0,"max_hp_loss":0,"event_name":"Tomb of Lord Red Mask","floor":44,"gold_loss":0}],"is_beta":false,"boss_relics":[{"not_picked":["Snecko Eye","Busted Crown"],"picked":"Astrolabe"},{"not_picked":["Tiny House","SacredBark"],"picked":"Calling Bell"}],"items_purged_floors":[12,19,28,30,36],"is_endless":false,"potions_floor_spawned":[1,5,10,11,13,20,25,27,29,39,47],"ascension_level":8}}