{"host":"1vlnbhbo7cfp1mi8","time":1611341752,"event":{"mods":["BaseMod","Bestiary","Better Third Choice","BetterRewards","Googly Eyes","Minty Spire (QoL Compilation)","Replay The Spire","StSLib","The Jungle","The Marked","The Mystic","The Runesmith"],"gold_per_floor":[119,119,135,145,157,157,170,203,203,237,249,21,34,54,54,153,153,171,190,202,235,235,264,264,283,335,363,363,363,14,47,47,47,47],"floor_reached":33,"language":"ENG","playtime":4103,"items_purged":["theMarked:Strike"],"score":521,"play_id":"edb2ef94-87a1-4212-8789-a7294df8b2dd","local_time":"20210122205552","is_ascension_mode":true,"campfire_choices":[{"floor":15,"key":"REST"},{"floor":24,"key":"REST"},{"floor":32,"key":"REST"}],"circlet_count":0,"master_deck":["theMarked:Strike","theMarked:Strike","theMarked:Strike","theMarked:Defend","theMarked:Defend","theMarked:Defend","theMarked:Defend","theMarked:SoldierOfQuellstein","theMarked:Electrocute","theMarked:BanishingWave","theMarked:Overcharge","theMarked:Static","theMarked:CreepingChasm+1","theMarked:RepellingDischarge","theMarked:Defy","theMarked:Abjuration+1","theMarked:Aftermath","Apotheosis","Poisoned Strike+1","Discovery","theMarked:ChainLightning+1","theMarked:Electrocute+1","theMarked:Frustration+1","theMarked:UnarmedFury+1","theMarked:RogueSparks+1","theMarked:Polarize","theMarked:Polarize","theMarked:Indomitable","theMarked:ComboAttacks","theMarked:Static","theMarked:ReduceFriction","theMarked:Opportunist","theMarked:WardOff"],"relics":["theMarked:ArtifactOfAir","Shuriken","Replay:Multitool","Bronze Scales","Molten Egg 2","Replay:WaspNest","ReplayTheSpireMod:ShopPack","Fusion Hammer","Red Mask","Bottled Lightning","MealTicket","Lantern","White Beast Statue","ClockworkSouvenir","Replay:PocketPolymizer"],"acts_visited":["Exordium","TheCity"],"potions_floor_usage":[11,13,18,19,22,31,33,33],"damage_taken":[{"damage":7,"enemies":"Jaw Worm","floor":1,"turns":4},{"damage":0,"enemies":"Cultist","floor":3,"turns":2},{"damage":0,"enemies":"2 Louse","floor":4,"turns":2},{"damage":8,"enemies":"Exordium Wildlife","floor":5,"turns":4},{"damage":2,"enemies":"2 Fungi Beasts","floor":7,"turns":2},{"damage":22,"enemies":"Gremlin Nob","floor":8,"turns":4},{"damage":8,"enemies":"Replay:BlueRogue","floor":10,"turns":4},{"damage":2,"enemies":"3 Louse","floor":11,"turns":2},{"damage":0,"enemies":"Lots of Slimes","floor":13,"turns":1},{"damage":1,"enemies":"Exordium Thugs","floor":14,"turns":3},{"damage":0,"enemies":"Slime Boss","floor":16,"turns":6},{"damage":10,"enemies":"Chosen","floor":18,"turns":3},{"damage":14,"enemies":"2 Thieves","floor":19,"turns":3},{"damage":18,"enemies":"3 Cultists","floor":20,"turns":4},{"damage":0,"enemies":"Masked Bandits","floor":21,"turns":1},{"damage":0,"enemies":"Snake Plant","floor":22,"turns":2},{"damage":18,"enemies":"Replay:Snechameleon","floor":23,"turns":4},{"damage":13,"enemies":"Centurion and Healer","floor":25,"turns":4},{"damage":7,"enemies":"Slavers","floor":27,"turns":2},{"damage":0,"enemies":"Gremlin Leader","floor":31,"turns":5},{"damage":56,"enemies":"Collector","floor":33,"turns":5}],"seed_played":"1311356516412461449","potions_obtained":[{"floor":4,"key":"Venom Potion"},{"floor":10,"key":"Reflective Coating"},{"floor":14,"key":"PowerPotion"},{"floor":16,"key":"Swift Potion"},{"floor":19,"key":"SmokeBomb"},{"floor":25,"key":"SteroidPotion"},{"floor":27,"key":"Block Potion"},{"floor":31,"key":"Ancient Potion"}],"is_trial":false,"path_per_floor":["M","?","M","M","M","R","M","E","T","E","M","$","M","M","R","B",null,"M","M","M","?","M","E","R","M","T","E","T","?","$","E","R","B"],"character_chosen":"THE_DEFAULT","items_purchased":["Shuriken","theMarked:Electrocute","theMarked:BanishingWave","ReplayTheSpireMod:ShopPack","theMarked:ChainLightning+1","theMarked:ComboAttacks","ClockworkSouvenir","theMarked:Static","theMarked:ReduceFriction"],"campfire_rested":3,"item_purchase_floors":[0,0,0,12,12,30,30,30,30],"current_hp_per_floor":[39,32,32,32,24,45,43,21,21,13,11,11,11,10,31,31,70,60,46,28,28,28,10,31,18,18,11,11,11,26,26,47,0,0],"gold":47,"neow_bonus":"","is_daily":false,"chose_seed":false,"campfire_upgraded":0,"win_rate":0.0,"timestamp":1611341752,"path_taken":["M","?","M","?","M","R","M","E","T","E","M","$","M","?","R","BOSS","M","?","M","?","M","E","R","M","T","E","?","?","$","E","R","BOSS"],"items_purchased_type":["Relic","Card","Card","Relic","Card","Card","Relic","Card","Card"],"build_version":"2020-12-22","purchased_purges":1,"victory":false,"max_hp_per_floor":[70,70,70,70,70,70,70,70,70,70,70,70,70,70,70,70,70,70,70,70,70,70,70,70,70,70,70,70,70,70,70,70,70,70],"card_choices":[{"not_picked":["theMarked:Static","theMarked:WardOff"],"picked":"theMarked:Overcharge","floor":1},{"not_picked":["theMarked:ElectricStrings","theMarked:RepellingDischarge"],"picked":"theMarked:Static","floor":3},{"not_picked":["theMarked:TakeCover","theMarked:HeightenedSenses","theMarked:EmpowerWeapon"],"picked":"SKIP","floor":4},{"not_picked":["theMarked:EmpowerWeapon","theMarked:Frustration"],"picked":"theMarked:CreepingChasm","floor":5},{"not_picked":["theMarked:Static","theMarked:ChainLightning"],"picked":"theMarked:RepellingDischarge","floor":7},{"not_picked":["theMarked:Improvise","theMarked:Overthink"],"picked":"theMarked:Defy","floor":8},{"not_picked":["theMarked:BanishingStrike+1","theMarked:Convert"],"picked":"theMarked:Abjuration+1","floor":10},{"not_picked":["theMarked:RepellingDischarge","theMarked:Opportunist"],"picked":"theMarked:Aftermath","floor":11},{"not_picked":["Dark Shackles","Survey Options"],"picked":"Apotheosis","floor":12},{"not_picked":["Chrysalis","Master of Strategy"],"picked":"Poisoned Strike","floor":12},{"not_picked":["Metamorphosis","ReplayTheSpireMod:Trickstab"],"picked":"Discovery","floor":12},{"not_picked":["theMarked:WardOff","theMarked:ChainLightning+1"],"picked":"theMarked:Electrocute+1","floor":13},{"not_picked":["theMarked:Panic","theMarked:Overthink"],"picked":"theMarked:Frustration+1","floor":14},{"not_picked":["theMarked:Defy+1","theMarked:Levitate"],"picked":"theMarked:UnarmedFury+1","floor":16},{"not_picked":["theMarked:Aftermath","theMarked:WardOff"],"picked":"theMarked:RogueSparks+1","floor":18},{"not_picked":["theMarked:Frustration+1","theMarked:BanishingStrike+1"],"picked":"theMarked:Polarize","floor":19},{"not_picked":["theMarked:WastefulDefense+1","theMarked:RepellingDischarge","theMarked:Parkour+1"],"picked":"SKIP","floor":20},{"not_picked":["theMarked:Parry","theMarked:Improvise"],"picked":"theMarked:Polarize","floor":23},{"not_picked":["theMarked:Overcharge","theMarked:RepellingDischarge"],"picked":"theMarked:Indomitable","floor":25},{"not_picked":["theMarked:Improvise+1","theMarked:Aftermath","theMarked:Overthink"],"picked":"SKIP","floor":27},{"not_picked":["theMarked:ChainLightning+1","theMarked:TurnInvisible"],"picked":"theMarked:Opportunist","floor":31}],"player_experience":138684,"relics_obtained":[{"floor":8,"key":"Bronze Scales"},{"floor":9,"key":"Molten Egg 2"},{"floor":10,"key":"Replay:WaspNest"},{"floor":21,"key":"Red Mask"},{"floor":23,"key":"Bottled Lightning"},{"floor":26,"key":"MealTicket"},{"floor":27,"key":"Lantern"},{"floor":28,"key":"White Beast Statue"},{"floor":31,"key":"Replay:PocketPolymizer"}],"event_choices":[{"damage_healed":0,"gold_gain":0,"player_choice":"Damaged","damage_taken":7,"max_hp_gain":0,"max_hp_loss":0,"event_name":"Wheel of Change","floor":2,"gold_loss":0},{"damage_healed":0,"gold_gain":0,"player_choice":"Fought Bandits","damage_taken":0,"max_hp_gain":0,"max_hp_loss":0,"event_name":"Masked Bandits","floor":21,"gold_loss":0},{"damage_healed":0,"gold_gain":0,"player_choice":"Ignored","damage_taken":0,"max_hp_gain":0,"max_hp_loss":0,"event_name":"Vampires","floor":29,"gold_loss":0}],"is_beta":false,"boss_relics":[{"not_picked":["Replay:Grab Bag","Empty Cage"],"picked":"Fusion Hammer"}],"items_purged_floors":[12],"is_endless":false,"potions_floor_spawned":[4,10,14,16,19,22,25,27,31],"killed_by":"Collector","ascension_level":1}}