{"host":"hfcva6mq15ctj0gu","time":1611346810,"event":{"mods":["Abigail Mod","AchievementEnabler","Act Like it!","Alarm Clock","BaseMod","Better Altar","Better Match","Better Skull","Better Third Choice","BetterRewards","Booster Modes","CapriCore","Card Forge","Colored Map","Curses Come First","Disable Question Mark Monsters","Displayed Cursed Tome","Emptier Cage","FoggyMod","Friendly Minions","Gold Saver","Good Game Mod","Grow up Mod","Highlight Path","Kratos Character Expansion","Minty Spire (QoL Compilation)","Permanent Neow","Poem Panic","Remilia??????","Shade Mod","Shop Mod","StSLib","The Immortal","The Servant 0.9.4","The Vixen","Transform Curses","Virulent Crown","????"],"gold_per_floor":[1810,1810,1850,1850,1850,1436,1611,1644,1693,1444,737,750,830,905,180,304,304,328,328,45,45,21,21,99,99,124,165,177,228,258,270,282,465,477,527,539,615,627,664,676,731,743,755,767,798,873,885,897,909,961,973,872,573,604,644],"floor_reached":56,"language":"ENG","playtime":2033,"items_purged":[],"score":2096,"play_id":"e4e00f64-583e-4023-b56d-81ac74830b36","local_time":"20210122212010","is_ascension_mode":false,"campfire_choices":[{"floor":23.0,"key":"DIG"},{"floor":25.0,"key":"DIG"},{"floor":40,"key":"DIG"},{"floor":49,"key":"RECALL"}],"circlet_count":0,"master_deck":["FavorOfDestiny+1","BloodyHallows+1","TwelveNightmare+1","Madness+1","MastersStateliness+1","DiffusionOfMisfortune+1","Ultimatum+1","VampireKiss+1","VampireSweep+1","NightLord+1","FavorOfDestiny+1","ReincarnationDial+1","FavorOfDestiny+1","CharismaGuard+1","NightDance+1","Madness+1","BloodyMagicSquare+1","FavorOfDestiny+1","VampireKiss+1","TwelveNightmare+1","MastersStateliness+1","MillenniumVampire+1","Panache+1","FavorOfDestiny+1","MastersStateliness+1","Dark Shackles+1","FavorOfDestiny+1","EquivalentExchange+1","StarOfDavid+1","FavorOfDestiny+1","TricksterDevil+1","DevilSight+1","HeartBreak+1","FavorOfDestiny+1","TricksterDevil+1","ScarletDevilSign+1","Writhe","BatForm+1","BadLadyScramble+1","Parasite","MiserableFate+1","GlobalNightmare+1","Madness+1","Madness+1","Clumsy","Dramatic Entrance+1","Madness+1","Panacea+1","Writhe","HeartBreak+1"],"relics":["ScarletHat","Hammer of Thor","Seething Fire","Anvil of the Gods","REME:ComplimentaryCards","MerchantsRug","Happy Flower","Calipers","Bronze Scales","Golden Idol","Lizard Tail","Lantern","Unceasing Top","Bag of Marbles","Ornamental Fan","Meat on the Bone","Odd Mushroom","Shovel","Runic Pyramid","Membership Card","Sundial","Bottled Flame","MutagenicStrength","Akabeko","Ginger","Darkstone Periapt","Nunchaku","MawBank","Potion Belt","PreservedInsect","Cursed Key","Mummified Hand","Peace Pipe","Kunai","Dead Branch","Toxic Egg 2","Bottled Tornado","Medical Kit","TypeBBloodRedTea","CaptainsWheel","Pear"],"acts_visited":["Exordium","TheCity","TheBeyond","TheEnding"],"potions_floor_usage":[50,50,50],"damage_taken":[{"damage":0.0,"enemies":"2 Louse","floor":1.0,"turns":1.0},{"damage":0.0,"enemies":"Cultist","floor":3.0,"turns":2.0},{"damage":24.0,"enemies":"Gremlin Nob","floor":8.0,"turns":4.0},{"damage":83.0,"enemies":"Small Slimes","floor":12.0,"turns":1.0},{"damage":61.0,"enemies":"The Mushroom Lair","floor":14.0,"turns":3.0},{"damage":46.0,"enemies":"The Guardian","floor":16.0,"turns":2.0},{"damage":135.0,"enemies":"3 Byrds","floor":18.0,"turns":2.0},{"damage":107.0,"enemies":"Slavers","floor":24.0,"turns":3.0},{"damage":69,"enemies":"Book of Stabbing","floor":27,"turns":2},{"damage":56,"enemies":"Slavers","floor":29,"turns":1},{"damage":39,"enemies":"Chosen","floor":30,"turns":3},{"damage":44,"enemies":"Collector","floor":33,"turns":3},{"damage":216,"enemies":"3 Shapes","floor":35,"turns":2},{"damage":132,"enemies":"3 Darklings","floor":39,"turns":3},{"damage":82,"enemies":"Nemesis","floor":41,"turns":1},{"damage":41,"enemies":"Writhing Mass","floor":45,"turns":1},{"damage":34,"enemies":"Mind Bloom Boss Battle","floor":46,"turns":1},{"damage":49,"enemies":"Donu and Deca","floor":50,"turns":2},{"damage":320,"enemies":"Shield and Spear","floor":54,"turns":1},{"damage":146,"enemies":"The Heart","floor":55,"turns":1}],"seed_played":"-4751353059925466451","potions_obtained":[{"floor":29,"key":"ColorlessPotion"},{"floor":33,"key":"Block Potion"},{"floor":45,"key":"EntropicBrew"},{"floor":54,"key":"DistilledChaos"}],"is_trial":false,"path_per_floor":["M","?","M","?","?","R","?","E","T","$","R","M","T","?","R","B",null,"M","?","$","?","$","R","E","R","T","E","?","E","M","?","R","B",null,"M","?","$","T","M","R","E","?","T","?","M","?","?","T","R","B",null,"R","$","E","B",null],"character_chosen":"REMILIA","items_purchased":["MerchantsRug","FavorOfDestiny","BloodyHallows","Happy Flower","TwelveNightmare","Madness","MastersStateliness","DiffusionOfMisfortune","Ultimatum","Bronze Scales","Matryoshka","VampireKiss","VampireSweep","Lizard Tail","FavorOfDestiny","CharismaGuard","Lantern","DollysMirror","Unceasing Top","Bag of Marbles","BloodyMagicSquare","FavorOfDestiny","VampireKiss","TwelveNightmare","Panache","Shovel","FavorOfDestiny","MastersStateliness","Dark Shackles","Orrery","Membership Card","Sundial","HeartBreak","Bottled Flame","FavorOfDestiny","Bottled Tornado","Medical Kit","TypeBBloodRedTea","CaptainsWheel"],"campfire_rested":0,"item_purchase_floors":[0,0,0,0,0,0,0,0,0,0,0,0,0,6,6,6,10,10,11,11,11,11,11,11,15,15,15,15,15,15,20,20,20,20,22,52,52,53,53],"current_hp_per_floor":[95,105,115,125,104,114,124,112,122,147,166,95,105,68,90,85,255,148,158,168,178,188,198,117,127,137,101,111,77,61,77,87,80,431,227,237,247,263,153,163,109,56,72,82,68,64,64,80,90,66,619,629,639,341,401],"gold":644,"neow_bonus":"","is_daily":false,"chose_seed":false,"campfire_upgraded":0,"win_rate":0.0,"timestamp":1611346810,"path_taken":["M","?","?","?","?","R","?","E","T","?","R","?","?","?","R","BOSS","M","?","$","?","$","R","E","R","T","E","?","E","?","?","R","BOSS","M","?","?","?","?","R","E","?","T","?","?","?","?","?","R","BOSS","R","$","E","BOSS"],"items_purchased_type":["Relic","Card","Card","Relic","Card","Card","Card","Card","Card","Relic","Relic","Card","Card","Relic","Card","Card","Relic","Relic","Relic","Relic","Card","Card","Card","Card","Card","Relic","Card","Card","Card","Relic","Relic","Relic","Card","Relic","Card","Relic","Relic","Relic","Relic"],"build_version":"2020-12-22","purchased_purges":0,"victory":true,"max_hp_per_floor":[95,105,115,125,135,145,155,165,175,185,195,205,215,225,235,245,255,265,275,285,295,305,315,325,335,345,355,365,375,385,401,411,421,431,441,451,461,477,487,497,507,517,533,543,553,563,573,589,599,609,619,629,639,659,679],"card_choices":[{"not_picked":["UnstableMagic","UnderTheZenith"],"picked":"NightLord","floor":1.0},{"not_picked":["VampireKiss","EmergencyRegeneration"],"picked":"FavorOfDestiny","floor":3.0},{"not_picked":["VampireKiss","Stigmanizer"],"picked":"ReincarnationDial","floor":3.0},{"not_picked":["Stigmanizer","RedNightlessCastle"],"picked":"NightDance","floor":8.0},{"not_picked":["ScarletDevil","NightLord"],"picked":"MastersStateliness","floor":12.0},{"not_picked":["NightLord","MastersStateliness"],"picked":"MillenniumVampire","floor":14.0},{"not_picked":["CharismaGuard","NightDance"],"picked":"FavorOfDestiny","floor":15.0},{"not_picked":["RedRainbow","VampireClaw"],"picked":"EquivalentExchange","floor":15.0},{"not_picked":["CharismaGuard","Septette"],"picked":"StarOfDavid","floor":15.0},{"not_picked":["StarOfDavid","EndlessAdversity"],"picked":"FavorOfDestiny","floor":15.0},{"not_picked":["HellCatastrophe","CeilingFear"],"picked":"TricksterDevil","floor":16.0},{"not_picked":["UnderTheZenith","ScarletImprint"],"picked":"DevilSight","floor":18.0},{"not_picked":["ScarletNetherworld+1","BombardNight"],"picked":"TricksterDevil","floor":24.0},{"not_picked":["SuperhumanBloodyKnife","VampireKiss"],"picked":"ScarletDevilSign+1","floor":27},{"not_picked":["StarOfDavid","DiffusionOfMisfortune","Stigmanizer"],"picked":"SKIP","floor":29},{"not_picked":["BloodHunter","DevilSight","DiffusionOfMisfortune"],"picked":"SKIP","floor":30},{"not_picked":["ScarletMeister","TricksterDevil"],"picked":"BatForm","floor":33},{"not_picked":["Ultimatum","VampireKiss+1"],"picked":"BadLadyScramble+1","floor":35},{"not_picked":["MastersStateliness","UnderTheZenith+1"],"picked":"MiserableFate+1","floor":39},{"not_picked":["VampireKiss+1","MastersStateliness"],"picked":"GlobalNightmare","floor":41},{"not_picked":["MastersStateliness","EndlessAdversity+1","DiffusionOfMisfortune"],"picked":"SKIP","floor":45},{"not_picked":["Bandage Up","Trip"],"picked":"Dramatic Entrance","floor":47},{"not_picked":["Discovery","Magnetism"],"picked":"Madness","floor":47},{"not_picked":["Dramatic Entrance","The Bomb"],"picked":"Panacea","floor":47},{"not_picked":["ScarletSymphony+1","MillenniumVampire+1","CharismaGuard+1"],"picked":"SKIP","floor":54}],"player_experience":96083,"relics_obtained":[{"floor":8.0,"key":"Eternal Feather"},{"floor":9.0,"key":"MealTicket"},{"floor":9.0,"key":"Whetstone"},{"floor":13.0,"key":"Ornamental Fan"},{"floor":13.0,"key":"Meat on the Bone"},{"floor":14.0,"key":"Odd Mushroom"},{"floor":23.0,"key":"Akabeko"},{"floor":24.0,"key":"Ginger"},{"floor":25.0,"key":"Darkstone Periapt"},{"floor":26.0,"key":"Nunchaku"},{"floor":27,"key":"MawBank"},{"floor":29,"key":"Potion Belt"},{"floor":40,"key":"Mummified Hand"},{"floor":41,"key":"Peace Pipe"},{"floor":43,"key":"Kunai"},{"floor":46,"key":"Dead Branch"},{"floor":48,"key":"Toxic Egg 2"},{"floor":54,"key":"Pear"}],"event_choices":[{"cards_removed":["Defend_RM"],"damage_healed":0.0,"max_hp_gain":0.0,"max_hp_loss":0.0,"gold_gain":0.0,"event_name":"Bonfire Elementals","player_choice":"Offered Basic","floor":2.0,"gold_loss":0.0,"damage_taken":0.0},{"damage_healed":0.0,"max_hp_gain":0.0,"max_hp_loss":0.0,"gold_gain":0.0,"event_name":"Big Fish","player_choice":"Box","floor":4.0,"gold_loss":0.0,"damage_taken":0.0,"relics_obtained":["Smiling Mask"],"cards_obtained":["Regret"]},{"damage_healed":0.0,"max_hp_gain":0.0,"max_hp_loss":0.0,"gold_gain":0.0,"event_name":"Golden Idol","player_choice":"Take Damage","floor":5.0,"gold_loss":0.0,"damage_taken":31.0,"relics_obtained":["Golden Idol"]},{"damage_healed":0.0,"max_hp_gain":0.0,"max_hp_loss":0.0,"gold_gain":175.0,"event_name":"betterThird:BetterSerpent","player_choice":"AGREE","floor":7.0,"gold_loss":0.0,"damage_taken":1436.0},{"damage_healed":0.0,"max_hp_gain":0.0,"max_hp_loss":0.0,"gold_gain":0.0,"event_name":"Mushrooms","player_choice":"Fought Mushrooms","floor":14.0,"gold_loss":0.0,"damage_taken":0.0},{"damage_healed":0.0,"max_hp_gain":0.0,"max_hp_loss":0.0,"gold_gain":0.0,"event_name":"Ghosts","player_choice":"Ignored","floor":19.0,"gold_loss":0.0,"damage_taken":0.0},{"damage_healed":0.0,"max_hp_gain":0.0,"max_hp_loss":0.0,"gold_gain":0.0,"event_name":"Drug Dealer","player_choice":"Inject Mutagens","floor":21.0,"gold_loss":0.0,"damage_taken":0.0,"relics_obtained":["MutagenicStrength"]},{"cards_removed":["Doubt","Regret"],"damage_healed":0,"gold_gain":0,"player_choice":"Removed Curses","damage_taken":0,"max_hp_gain":0,"max_hp_loss":0,"event_name":"Fountain of Cleansing","floor":28,"gold_loss":0},{"damage_healed":0,"gold_gain":0,"player_choice":"Opened","damage_taken":0,"relics_obtained":["PreservedInsect"],"max_hp_gain":0,"max_hp_loss":0,"event_name":"The Mausoleum","floor":31,"gold_loss":0,"cards_obtained":["Writhe"]},{"damage_healed":0,"gold_gain":0,"player_choice":"Ignored","damage_taken":0,"max_hp_gain":0,"max_hp_loss":0,"event_name":"Transmorgrifier","floor":36,"gold_loss":0},{"damage_healed":0,"gold_gain":0,"player_choice":"Embrace Madness","damage_taken":63,"max_hp_gain":0,"max_hp_loss":0,"event_name":"Winding Halls","floor":42,"gold_loss":0,"cards_obtained":["Madness","Madness"]},{"damage_healed":0,"gold_gain":0,"player_choice":"Ignored","damage_taken":0,"max_hp_gain":0,"max_hp_loss":0,"event_name":"Accursed Blacksmith","floor":44,"gold_loss":0},{"damage_healed":0,"gold_gain":0,"player_choice":"Fight","damage_taken":0,"max_hp_gain":0,"max_hp_loss":0,"event_name":"MindBloom","floor":46,"gold_loss":0},{"damage_healed":0,"gold_gain":0,"player_choice":"Memory 3","damage_taken":10,"max_hp_gain":0,"max_hp_loss":0,"event_name":"SensoryStone","floor":47,"gold_loss":0}],"is_beta":false,"boss_relics":[{"not_picked":["Astrolabe","Busted Crown"],"picked":"Runic Pyramid"},{"not_picked":["Empty Cage","PoemPanic:PoemPanicRelic"],"picked":"Cursed Key"}],"items_purged_floors":[],"is_endless":false,"potions_floor_spawned":[12,14,29,33,45,54],"ascension_level":0}}