{"host":"neeznpvpgo0qgfkd","time":1611349147,"event":{"mods":["AchievementEnabler","BaseMod","BetterRewards","Colored Map","Colored Powertips","Exacting","Minty Spire (QoL Compilation)","Permanent Neow","Quick Restart","Shop Mod"],"gold_per_floor":[111,111,26,53,71,118,118,149,149,177,206,223,223,223],"floor_reached":13,"language":"ENG","playtime":623,"items_purged":[],"score":184,"play_id":"bbb6d1ca-0c27-437b-9c01-6e48718f115a","local_time":"20210122155907","is_ascension_mode":true,"campfire_choices":[{"floor":7,"key":"REST"}],"circlet_count":0,"master_deck":["AscendersBane","Strike_G","Strike_G","Strike_G","Strike_G","Strike_G","Defend_G","Defend_G","Defend_G","Defend_G","Defend_G","Survivor","Neutralize","Poisoned Stab","Riddle With Holes","Deep Breath","Dagger Throw","Backstab","Infinite Blades","Cloak And Dagger","Noxious Fumes","Noxious Fumes","Bane"],"relics":["Ring of the Snake","Pen Nib","Eternal Feather","Turnip","The Specimen","Ancient Tea Set"],"acts_visited":["Exordium"],"potions_floor_usage":[6,10,11,13],"damage_taken":[{"damage":3,"enemies":"Jaw Worm","floor":1,"turns":5},{"damage":0,"enemies":"Cultist","floor":4,"turns":3},{"damage":0,"enemies":"2 Louse","floor":5,"turns":2},{"damage":37,"enemies":"Lagavulin","floor":6,"turns":7},{"damage":2,"enemies":"Gremlin Nob","floor":8,"turns":3},{"damage":22,"enemies":"Lagavulin","floor":10,"turns":5},{"damage":4,"enemies":"Exordium Thugs","floor":11,"turns":3},{"damage":6,"enemies":"Lots of Slimes","floor":12,"turns":4},{"damage":25,"enemies":"3 Sentries","floor":13,"turns":4}],"seed_played":"6452019255307559376","potions_obtained":[{"floor":4,"key":"Energy Potion"},{"floor":8,"key":"Fire Potion"},{"floor":10,"key":"ColorlessPotion"},{"floor":11,"key":"GamblersBrew"}],"is_trial":false,"path_per_floor":["M","?","$","M","M","E","R","E","T","E","M","M","E"],"character_chosen":"THE_SILENT","items_purchased":["Deep Breath"],"campfire_rested":1,"item_purchase_floors":[3],"current_hp_per_floor":[56,56,56,56,56,19,47,45,45,23,28,22,0,0],"gold":223,"neow_bonus":"RANDOM_COMMON_RELIC","is_daily":false,"chose_seed":false,"campfire_upgraded":0,"win_rate":0.0,"timestamp":1611349147,"path_taken":["M","?","?","M","M","E","R","E","T","E","M","M","E"],"items_purchased_type":["Card"],"build_version":"2020-12-22","purchased_purges":0,"victory":false,"max_hp_per_floor":[66,66,66,66,66,66,66,66,66,66,66,66,66,66],"card_choices":[{"not_picked":["PiercingWail","Dodge and Roll"],"picked":"Poisoned Stab","floor":1},{"not_picked":["Bane","Underhanded Strike"],"picked":"Dagger Throw","floor":4},{"not_picked":["Poisoned Stab","PiercingWail","Outmaneuver"],"picked":"SKIP","floor":5},{"not_picked":["Setup","Acrobatics"],"picked":"Backstab","floor":6},{"not_picked":["Reflex","Acrobatics"],"picked":"Infinite Blades","floor":8},{"not_picked":["Escape Plan","Underhanded Strike"],"picked":"Cloak And Dagger","floor":10},{"not_picked":["Well Laid Plans","After Image"],"picked":"Noxious Fumes","floor":11},{"not_picked":["Flying Knee","Quick Slash"],"picked":"Noxious Fumes","floor":12},{"not_picked":["Dagger Spray","Dagger Throw"],"picked":"Bane","floor":12},{"not_picked":["Riddle With Holes","Outmaneuver","Masterful Stab"],"picked":"SKIP","floor":12},{"not_picked":["Cloak And Dagger","Quick Slash","Prepared"],"picked":"SKIP","floor":12}],"player_experience":1893645,"relics_obtained":[{"floor":6,"key":"Eternal Feather"},{"floor":8,"key":"Turnip"},{"floor":9,"key":"The Specimen"},{"floor":10,"key":"Ancient Tea Set"}],"event_choices":[{"damage_healed":0,"gold_gain":0,"player_choice":"1 cards matched","damage_taken":0,"max_hp_gain":0,"max_hp_loss":0,"event_name":"Match and Keep!","floor":2,"gold_loss":0,"cards_obtained":["Riddle With Holes"]}],"is_beta":false,"boss_relics":[],"items_purged_floors":[],"is_endless":false,"potions_floor_spawned":[4,10,11],"killed_by":"3 Sentries","ascension_level":15}}