{"host":"4rtn89y1rk8bswvs","time":1611314492,"event":{"mods":["BaseMod","Colored Powertips","HololiveMod","Minty Spire (QoL Compilation)","Prisma Mod","Quick Restart","Reimu£®≤©¿ˆ¡È√Œ£©","StSLib","The Gatherer","Yakumo Yukari mod","Youmu£®ªÍ∆«—˝√Œ£©","Yuyuko"],"gold_per_floor":[116,131,131,145,105,105,105,122,122,43,143,155,155,186,186,286,286,302,318,336,336,348,348,359,359,359,372,400,414,414,414],"floor_reached":30,"language":"ZHS","playtime":1440,"items_purged":[],"score":279,"play_id":"c77a3be1-14a9-4eed-b966-00eba3d665ec","local_time":"20210122192132","is_ascension_mode":false,"campfire_choices":[{"data":"CareerPray:ReiMu","floor":6.0,"key":"SMITH"},{"data":"LearningPray:ReiMu","floor":13.0,"key":"SMITH"},{"data":"OctopathBindingBorder2:ReiMu","floor":15.0,"key":"SMITH"},{"floor":23.0,"key":"REST"}],"circlet_count":0,"master_deck":["Strike_Lin:ReiMu","Strike_Lin:ReiMu","Strike_Lin:ReiMu","Strike_Lin:ReiMu","Defend_Lin:ReiMu","Defend_Lin:ReiMu","Defend_Lin:ReiMu","Defend_Lin:ReiMu","NB:ReiMu+1","Stagnation:ReiMu","Enchanting:ReiMu","RainPray2:ReiMu","CareerPray:ReiMu+1","LearningPray:ReiMu+1","OctopathBindingBorder2:ReiMu+1","SpringWay:ReiMu","Conquer:ReiMu","Dreaming:ReiMu","YinYangSange:ReiMu","SpreadBorder2:ReiMu+1","Amulet:ReiMu","SubcavityInstant:ReiMu","MikOfLucky:ReiMu","WonderfulDomain:ReiMu","YinYang:ReiMu","Intuition:ReiMu+1"],"relics":["ShineYinYang:ReiMu","HornCleat","PaintedHorse:ReiMu","Bag of Preparation","Bronze Scales","Nloth\u0027s Gift","Bottled Lightning","Lantern"],"acts_visited":["Exordium","TheCity"],"potions_floor_usage":[30,30],"damage_taken":[{"damage":0.0,"enemies":"Cultist","floor":1.0,"turns":1.0},{"damage":0.0,"enemies":"Small Slimes","floor":2.0,"turns":1.0},{"damage":0.0,"enemies":"2 Louse","floor":4.0,"turns":1.0},{"damage":3.0,"enemies":"Gremlin Gang","floor":8.0,"turns":6.0},{"damage":0.0,"enemies":"Large Slime","floor":12.0,"turns":6.0},{"damage":14.0,"enemies":"3 Sentries","floor":14.0,"turns":7.0},{"damage":7.0,"enemies":"Hexaghost","floor":16.0,"turns":9.0},{"damage":11.0,"enemies":"2 Thieves","floor":18.0,"turns":4.0},{"damage":13.0,"enemies":"Shell Parasite","floor":19.0,"turns":5.0},{"damage":7.0,"enemies":"Centurion and Healer","floor":20.0,"turns":5.0},{"damage":34.0,"enemies":"Snecko","floor":22.0,"turns":7.0},{"damage":6.0,"enemies":"3 Cultists","floor":24.0,"turns":5.0},{"damage":27.0,"enemies":"Cultist and Chosen","floor":27.0,"turns":5.0},{"damage":0.0,"enemies":"Gremlin Leader","floor":28.0,"turns":7.0},{"damage":5.0,"enemies":"Snake Plant","floor":29.0,"turns":5.0},{"damage":0,"enemies":"Sentry and Sphere","floor":30,"turns":5}],"seed_played":"3962032233383439406","potions_obtained":[{"floor":1.0,"key":"Block Potion"},{"floor":2.0,"key":"SpeedPotion"},{"floor":4.0,"key":"FearPotion"},{"floor":16.0,"key":"Energy Potion"},{"floor":29.0,"key":"LiquidMemories"}],"is_trial":false,"path_per_floor":["M","M","?","M","?","R","?","M","T","$","?","M","R","E","R","B",null,"M","M","M","?","M","R","M","?","T","M","E","M","M"],"character_chosen":"REIMU","items_purchased":["OctopathBindingBorder2:ReiMu"],"campfire_rested":1,"item_purchase_floors":[10],"current_hp_per_floor":[65,65,62,62,62,62,62,59,59,59,59,59,59,45,45,38,65,54,41,34,55,21,40,34,34,34,7,7,2,2,2],"gold":414,"neow_bonus":"THREE_ENEMY_KILL","is_daily":false,"chose_seed":false,"campfire_upgraded":3,"win_rate":0.0,"timestamp":1611314492,"path_taken":["M","M","?","M","?","R","?","M","T","?","?","M","R","E","R","BOSS","M","M","?","?","M","R","M","?","T","M","E","?","M"],"items_purchased_type":["Card"],"build_version":"2020-12-22","purchased_purges":0,"victory":false,"max_hp_per_floor":[65,65,65,65,65,65,65,65,65,65,65,65,65,65,65,65,65,65,65,65,65,65,65,65,65,65,65,65,65,65,65],"card_choices":[{"not_picked":["CollectionFlower2:ReiMu","PassingAway:ReiMu"],"picked":"Enchanting:ReiMu","floor":1.0},{"not_picked":["MountainWay:ReiMu","InherentArray:ReiMu"],"picked":"RainPray2:ReiMu","floor":2.0},{"not_picked":["EmergencyTakeOff:ReiMu","AirStrike:ReiMu"],"picked":"CareerPray:ReiMu","floor":4.0},{"not_picked":["KamiSacrifice:ReiMu","WonderfulDomain:ReiMu"],"picked":"LearningPray:ReiMu","floor":8.0},{"not_picked":["AirStrike:ReiMu","CareerPray:ReiMu"],"picked":"SpringWay:ReiMu","floor":12.0},{"not_picked":["UniversalSpiritual:ReiMu","Amulet:ReiMu"],"picked":"Conquer:ReiMu","floor":14.0},{"not_picked":["CeremonyResonance:ReiMu","OctopathSalyBorderN:ReiMu"],"picked":"Dreaming:ReiMu","floor":16.0},{"not_picked":["Conquer:ReiMu+1","SubAcupoint:ReiMu"],"picked":"YinYangSange:ReiMu","floor":18.0},{"not_picked":["AlertArray:ReiMu","FoulBorder2:ReiMu+1"],"picked":"SpreadBorder2:ReiMu+1","floor":19.0},{"not_picked":["MountainWay:ReiMu","TightArray:ReiMu"],"picked":"Amulet:ReiMu","floor":20.0},{"not_picked":["YinYang:ReiMu","DoubleButterfly:ReiMu"],"picked":"SubcavityInstant:ReiMu","floor":22.0},{"not_picked":["ShadowOfCrow2:ReiMu","KamiSacrifice:ReiMu+1"],"picked":"MikOfLucky:ReiMu","floor":24.0},{"not_picked":["BarrageOfMoneybags:ReiMu","SealNeedle:ReiMu"],"picked":"WonderfulDomain:ReiMu","floor":27.0},{"not_picked":["CeremonyResonance:ReiMu","RunawayExorcism:ReiMu"],"picked":"YinYang:ReiMu","floor":28.0},{"not_picked":["KamiSacrifice:ReiMu+1","TightArray:ReiMu"],"picked":"Intuition:ReiMu+1","floor":29.0}],"player_experience":85263,"relics_obtained":[{"floor":9.0,"key":"Bag of Preparation"},{"floor":14.0,"key":"Bronze Scales"},{"floor":26.0,"key":"Bottled Lightning"},{"floor":28.0,"key":"Lantern"}],"event_choices":[{"damage_healed":0.0,"max_hp_gain":0.0,"max_hp_loss":0.0,"gold_gain":0.0,"event_name":"Scrap Ooze","player_choice":"Success","floor":3.0,"gold_loss":0.0,"damage_taken":3.0,"relics_obtained":["HornCleat"]},{"damage_healed":0.0,"max_hp_gain":0.0,"max_hp_loss":0.0,"gold_gain":0.0,"event_name":"yidonshenshe","player_choice":"»˚«Æ","floor":5.0,"gold_loss":40.0,"damage_taken":0.0,"relics_obtained":["PaintedHorse:ReiMu"]},{"damage_healed":0.0,"max_hp_gain":0.0,"max_hp_loss":0.0,"gold_gain":0.0,"event_name":"Living Wall","player_choice":"Grow","floor":7.0,"gold_loss":0.0,"damage_taken":0.0,"cards_upgraded":["NB:ReiMu"]},{"damage_healed":0.0,"max_hp_gain":0.0,"max_hp_loss":0.0,"gold_gain":100.0,"event_name":"Golden Shrine","player_choice":"Pray","floor":11.0,"gold_loss":0.0,"damage_taken":0.0},{"damage_healed":21.0,"max_hp_gain":0.0,"max_hp_loss":0.0,"gold_gain":0.0,"event_name":"The Library","player_choice":"Heal","floor":21.0,"gold_loss":0.0,"damage_taken":0.0},{"damage_healed":0.0,"max_hp_gain":0.0,"max_hp_loss":0.0,"gold_gain":0.0,"event_name":"N\u0027loth","player_choice":"Traded Relic","floor":25.0,"relics_lost":["NeowsBlessing"],"gold_loss":0.0,"damage_taken":0.0,"relics_obtained":["Nloth\u0027s Gift"]}],"is_beta":false,"boss_relics":[{"not_picked":["Tiny House","Black Star"],"picked":"ShineYinYang:ReiMu"}],"items_purged_floors":[],"is_endless":false,"potions_floor_spawned":[1,2,4,16,24,28,29],"killed_by":"Sentry and Sphere","ascension_level":0}}