{"host":"j1eo1fqrqta44853","time":1611348507,"event":{"mods":["Act Like it!","Bartender","BaseMod","CatGirl Mod","Custom Start","Downfall","Elementarium","Gensokyo","GungeonMod","HololiveMod","Hubris","Infinite Spire","KinomotoSakuraMod(????)","Koishi","Lobotomy","LobotomyExtend","Marisa????????","Minty Spire (QoL Compilation)","Pale of the Ancients","Rare Cards Sparkle","Reimu??????","Replay The Spire","SIMod","Shedinja","StSLib","The Alterego","The Jungle","The Marked","The Mystic","The Runesmith","The Senshi","The Vixen","TheBandit","Waifu the Spire","WarShipGirlsR/????R mod","Yakumo Yukari mod"],"gold_per_floor":[111,76,86,103,103,130,142,176,258,258,238,259,259,276,276,286,286],"floor_reached":16,"language":"ENG","playtime":1546,"items_purged":[],"score":112,"play_id":"13faec56-28dc-43e4-acaf-a7f645ec3704","local_time":"20210122144827","is_ascension_mode":false,"campfire_choices":[{"floor":10,"key":"RECALL"},{"floor":13,"key":"REST"},{"data":"rmod:expedition","floor":15,"key":"SMITH"}],"circlet_count":0,"master_deck":["rmod:strick","rmod:strick","rmod:strick","rmod:strick","rmod:defend","rmod:defend","rmod:defend","rmod:defend","rmod:basicallowance","rmod:maingunfire","rmod:unsinkable","rmod:mineteam","rmod:expedition+1","rmod:aluminumsupply","rmod:diamondstrike","rmod:wolves","rmod:diamondstrike"],"relics":["rmod:firstchargereward","Replay:Bandana","Chameleon Ring"],"acts_visited":["Exordium"],"potions_floor_usage":[4,6,6,12,16],"damage_taken":[{"damage":0,"enemies":"Jaw Worm","floor":1,"turns":4},{"damage":0,"enemies":"Cultist","floor":3,"turns":3},{"damage":2,"enemies":"Small Slimes","floor":4,"turns":4},{"damage":30,"enemies":"3 Sentries","floor":6,"turns":7},{"damage":7,"enemies":"Red Slaver","floor":7,"turns":6},{"damage":21,"enemies":"Lagavulin","floor":8,"turns":7},{"damage":5,"enemies":"Blue Slaver","floor":12,"turns":3},{"damage":0,"enemies":"Large Slime","floor":14,"turns":7},{"damage":38,"enemies":"The Guardian","floor":16,"turns":8}],"seed_played":"5908365164034614362","potions_obtained":[{"floor":3,"key":"Energy Potion"},{"floor":4,"key":"Explosive Potion"},{"floor":5,"key":"LiquidMemories"},{"floor":5,"key":"SmokeBomb"},{"floor":6,"key":"Strength Potion"},{"floor":11,"key":"MagicPotion:ReiMu"},{"floor":12,"key":"Elixir"},{"floor":14,"key":"BlessingOfTheForge"}],"is_trial":false,"path_per_floor":["M","$","M","M","?","E","M","E","T","R","?","M","R","M","R","B"],"character_chosen":"PRAEFECT","items_purchased":["rmod:expedition"],"campfire_rested":1,"item_purchase_floors":[2],"current_hp_per_floor":[75,75,75,73,73,43,36,15,15,15,15,10,32,32,32,0,0],"gold":286,"neow_bonus":"THREE_CARDS","is_daily":false,"chose_seed":false,"campfire_upgraded":1,"win_rate":0.0,"timestamp":1611348507,"path_taken":["M","$","M","M","?","E","?","E","T","R","?","?","R","?","R","BOSS"],"items_purchased_type":["Card"],"build_version":"2020-12-22","purchased_purges":0,"victory":false,"max_hp_per_floor":[75,75,75,75,75,75,75,75,75,75,75,75,75,75,75,75,75],"card_choices":[{"not_picked":["rmod:combined","rmod:circuitoustactics"],"picked":"rmod:unsinkable","floor":0},{"not_picked":["rmod:steelsupply","rmod:robin"],"picked":"rmod:mineteam","floor":1},{"not_picked":["rmod:tearstotiara","rmod:bulid","rmod:supportescort"],"picked":"SKIP","floor":3},{"not_picked":["rmod:expedition","rmod:ring","rmod:aviationdawn"],"picked":"SKIP","floor":4},{"not_picked":["rmod:supportescort","rmod:guardianhero"],"picked":"rmod:aluminumsupply","floor":6},{"not_picked":["rmod:tearstotiara","rmod:unsinkable"],"picked":"rmod:diamondstrike","floor":7},{"not_picked":["rmod:goodfighter","rmod:aluminumsupply","rmod:shuttlebombing"],"picked":"SKIP","floor":8},{"not_picked":["rmod:firesupport","rmod:diamondstrike"],"picked":"rmod:wolves","floor":12},{"not_picked":["rmod:goodfighter","rmod:victimresponsibility"],"picked":"rmod:diamondstrike","floor":14}],"player_experience":1104752,"relics_obtained":[{"floor":6,"key":"Replay:Bandana"},{"floor":8,"key":"Chameleon Ring"}],"event_choices":[{"damage_healed":0,"gold_gain":0,"player_choice":"Got Potions","damage_taken":0,"max_hp_gain":0,"max_hp_loss":0,"event_name":"Lab","floor":5,"gold_loss":0},{"damage_healed":0,"gold_gain":0,"player_choice":"Bought 1 Potion","damage_taken":0,"max_hp_gain":0,"max_hp_loss":0,"event_name":"The Woman in Blue","floor":11,"gold_loss":0}],"is_beta":false,"boss_relics":[],"items_purged_floors":[],"is_endless":false,"potions_floor_spawned":[3,4,6,12,14],"killed_by":"The Guardian","ascension_level":0}}