{"host":"urvvf8749ekcxo1a","time":1611344482,"event":{"mods":["AchievementEnabler","BaseMod","Better Sensory Stone","BetterRewards","Colored Powertips","Evolution","Gold Saver","Marisa????????","Minty Spire (QoL Compilation)","Quick Restart","StSLib","SuperFastMode","The Cursed","The Hierophant","The Saiyan","The Servant 0.9.4","The Wild Card"],"gold_per_floor":[777,777,852,852,852,852,852,886,886,914,736,736,736,756,756,856,856,872,872,598,697,697,697,697,727,754,754,789,789,817,852,852,947,947,963,981,981,1008,1022,1022,911,942,1015,1015,1015,1057,1097,1109,1121,1133],"floor_reached":51,"language":"ENG","playtime":1552,"items_purged":["Deadly Poison"],"score":980,"play_id":"87097ede-6758-48d1-8199-3d109b46522f","local_time":"20210122144122","daily_mods":["SealedDeck","Vintage","Heirloom","Time Dilation","Flight","DeadlyEvents","Elite Swarm"],"is_ascension_mode":false,"campfire_choices":[{"data":"Bouncing Flask","floor":6,"key":"SMITH"},{"data":"Prepared","floor":7,"key":"SMITH"},{"data":"Catalyst","floor":12,"key":"SMITH"},{"floor":13,"key":"REST"},{"data":"A Thousand Cuts","floor":15,"key":"SMITH"},{"data":"Envenom","floor":23,"key":"SMITH"},{"data":"Corpse Explosion","floor":24,"key":"SMITH"},{"data":"Burst","floor":27,"key":"SMITH"},{"floor":29,"key":"REST"},{"floor":32,"key":"REST"},{"data":"Madness","floor":40,"key":"SMITH"},{"floor":44,"key":"RECALL"},{"floor":45,"key":"REST"},{"data":"Night Terror","floor":49,"key":"SMITH"}],"circlet_count":0,"master_deck":["Underhanded Strike+1","Prepared+1","Poisoned Stab+1","Bouncing Flask+1","Noxious Fumes+1","A Thousand Cuts+1","Envenom+1","Catalyst+1","Corpse Explosion+1","Footwork+1","Setup+1","Deflect+1","Burst+1","Bullet Time+1","Madness+1","Madness+1","Night Terror+1"],"relics":["Ring of the Snake","EVO:Axolotl","StoneCalendar","Gremlin Horn","Ornamental Fan","Paper Crane","Dream Catcher","Tough Bandages","Shuriken","Membership Card","Ancient Tea Set","Astrolabe","Pear","Snake Skull","TwistedFunnel","Singing Bowl","Lantern","MealTicket","Potion Belt","CeramicFish","Dead Branch","Runic Dome","Pantograph","Whetstone","Akabeko","War Paint","FossilizedHelix","Kunai","MawBank","Centennial Puzzle","White Beast Statue"],"acts_visited":["Exordium","TheCity","TheBeyond"],"potions_floor_usage":[1,28,30,33],"damage_taken":[{"damage":0,"enemies":"2 Louse","floor":1,"turns":2},{"damage":23,"enemies":"3 Sentries","floor":8,"turns":5},{"damage":30,"enemies":"Lagavulin","floor":10,"turns":4},{"damage":2,"enemies":"Jaw Worm","floor":14,"turns":2},{"damage":11,"enemies":"Slime Boss","floor":16,"turns":7},{"damage":18,"enemies":"Shell Parasite","floor":18,"turns":4},{"damage":27,"enemies":"Slavers","floor":25,"turns":2},{"damage":12,"enemies":"Gremlin Leader","floor":28,"turns":3},{"damage":27,"enemies":"Slavers","floor":30,"turns":3},{"damage":9,"enemies":"Gremlin Leader","floor":31,"turns":3},{"damage":21,"enemies":"Champ","floor":33,"turns":3},{"damage":0,"enemies":"3 Shapes","floor":35,"turns":2},{"damage":0,"enemies":"3 Darklings","floor":39,"turns":1},{"damage":0,"enemies":"Nemesis","floor":42,"turns":1},{"damage":24,"enemies":"Reptomancer","floor":46,"turns":3},{"damage":0,"enemies":"Giant Head","floor":47,"turns":4},{"damage":64,"enemies":"Awakened One","floor":50,"turns":7}],"seed_played":"2966970406023331607","potions_obtained":[{"floor":1,"key":"Fruit Juice"},{"floor":14,"key":"LiquidMemories"},{"floor":25,"key":"Poison Potion"},{"floor":31,"key":"Dexterity Potion"},{"floor":39,"key":"Ancient Potion"}],"is_trial":true,"path_per_floor":["M","?","T","?","$","R","R","E","T","E","$","R","R","M","R","B",null,"M","?","$","?","$","R","R","E","T","R","E","R","E","E","R","B",null,"M","?","?","T","M","R","$","E","T","R","R","E","E","T","R","B",null],"character_chosen":"THE_SILENT","items_purchased":["Membership Card","Catalyst","Snake Skull","TwistedFunnel","Singing Bowl","War Paint"],"campfire_rested":4,"item_purchase_floors":[11,11,20,20,20,41],"current_hp_per_floor":[89,71,71,68,68,68,68,45,45,15,15,15,41,39,39,28,89,81,61,61,61,61,61,61,34,34,34,24,57,32,23,58,39,114,114,100,100,100,100,100,114,116,116,116,118,94,96,96,96,56],"gold":1145,"neow_bonus":"","is_daily":false,"chose_seed":false,"campfire_upgraded":9,"win_rate":0.0,"timestamp":1611344482,"path_taken":["M","?","?","?","$","R","R","?","T","E","$","R","R","?","R","BOSS","M","?","$","?","?","R","R","E","T","R","E","R","E","?","R","BOSS","M","?","?","?","M","R","$","E","T","R","R","E","?","?","R","BOSS"],"items_purchased_type":["Relic","Card","Relic","Relic","Relic","Relic"],"build_version":"2020-12-22","purchased_purges":1,"victory":true,"max_hp_per_floor":[89,89,89,89,89,89,89,89,89,89,89,89,89,89,89,89,89,99,104,104,104,104,104,104,104,104,104,106,108,110,110,112,114,114,114,114,114,114,114,114,114,116,116,116,118,118,120,120,120,120],"card_choices":[{"not_picked":["Glass Knife","Die Die Die"],"picked":"A Thousand Cuts","floor":8},{"not_picked":["Glass Knife","After Image"],"picked":"Envenom","floor":10},{"not_picked":["Storm of Steel","Malaise"],"picked":"Corpse Explosion","floor":16},{"not_picked":["Tools of the Trade","Envenom"],"picked":"Burst","floor":25},{"not_picked":["Malaise","Grand Finale","Doppelganger"],"picked":"Singing Bowl","floor":28},{"not_picked":["Slice","Skewer","Deflect"],"picked":"Singing Bowl","floor":29},{"not_picked":["Doppelganger","Burst","Unload"],"picked":"Singing Bowl","floor":30},{"not_picked":["Unload","Phantasmal Killer"],"picked":"Bullet Time","floor":31},{"not_picked":["Dash","Well Laid Plans+1","Escape Plan+1"],"picked":"Singing Bowl","floor":32},{"not_picked":["Envenom","Doppelganger","Wraith Form v2"],"picked":"Singing Bowl","floor":33},{"not_picked":["Phantasmal Killer","Glass Knife","After Image"],"picked":"Singing Bowl","floor":42},{"not_picked":["Riddle With Holes+1","Cloak And Dagger+1","Slice"],"picked":"Singing Bowl","floor":45},{"not_picked":["Envenom","Venomology"],"picked":"Night Terror","floor":46},{"not_picked":["Venomology","Storm of Steel","Tools of the Trade"],"picked":"Singing Bowl","floor":47}],"player_experience":132568,"relics_obtained":[{"floor":1,"key":"Gremlin Horn"},{"floor":3,"key":"Ornamental Fan"},{"floor":8,"key":"Dream Catcher"},{"floor":9,"key":"Tough Bandages"},{"floor":10,"key":"Shuriken"},{"floor":14,"key":"Ancient Tea Set"},{"floor":18,"key":"Pear"},{"floor":25,"key":"Lantern"},{"floor":26,"key":"MealTicket"},{"floor":28,"key":"Potion Belt"},{"floor":30,"key":"CeramicFish"},{"floor":31,"key":"Dead Branch"},{"floor":35,"key":"Pantograph"},{"floor":38,"key":"Whetstone"},{"floor":39,"key":"Akabeko"},{"floor":42,"key":"FossilizedHelix"},{"floor":43,"key":"Kunai"},{"floor":46,"key":"MawBank"},{"floor":47,"key":"Centennial Puzzle"},{"floor":48,"key":"White Beast Statue"}],"event_choices":[{"damage_healed":0,"gold_gain":0,"player_choice":"Entered Light","damage_taken":18,"max_hp_gain":0,"max_hp_loss":0,"event_name":"Shining Light","floor":2,"gold_loss":0,"cards_upgraded":["Poisoned Stab","Noxious Fumes"]},{"damage_healed":0,"gold_gain":0,"player_choice":"Success","damage_taken":3,"relics_obtained":["Paper Crane"],"max_hp_gain":0,"max_hp_loss":0,"event_name":"Scrap Ooze","floor":4,"gold_loss":0},{"damage_healed":0,"gold_gain":0,"player_choice":"Shed Blood","damage_taken":25,"max_hp_gain":5,"max_hp_loss":0,"event_name":"Forgotten Altar","floor":19,"gold_loss":0},{"damage_healed":0,"gold_gain":99,"player_choice":"Stole From Cult","damage_taken":0,"max_hp_gain":0,"max_hp_loss":0,"event_name":"Nest","floor":21,"gold_loss":0},{"damage_healed":0,"gold_gain":0,"player_choice":"Embrace Madness","damage_taken":14,"max_hp_gain":0,"max_hp_loss":0,"event_name":"Winding Halls","floor":36,"gold_loss":0,"cards_obtained":["Madness","Madness"]},{"cards_removed":["Poisoned Stab"],"damage_healed":0,"gold_gain":0,"player_choice":"Removed Attack","damage_taken":0,"max_hp_gain":0,"max_hp_loss":0,"event_name":"Falling","floor":37,"gold_loss":0}],"is_beta":false,"boss_relics":[{"not_picked":["Fusion Hammer","Velvet Choker"],"picked":"Astrolabe"},{"not_picked":["Coffee Dripper","Sozu"],"picked":"Runic Dome"}],"items_purged_floors":[41],"is_endless":false,"potions_floor_spawned":[1,14,25,31,39],"ascension_level":0}}