{"host":"oigynbtg272c19pw","time":1611316919,"event":{"mods":["BaseMod","Colored Map","Minty Spire (QoL Compilation)","Relic Stats","Slay the Relics Exporter","StSLib"],"gold_per_floor":[112,112,187,8,8,8,20,50,75,75,22,38,69,85,85,85,85],"floor_reached":16,"playtime":389,"items_purged":["Regret"],"score":266,"play_id":"499e24c2-92bf-4de5-a98d-b310ed252e54","local_time":"20210122130159","is_ascension_mode":true,"campfire_choices":[{"data":"Conserve Battery","floor":6,"key":"SMITH"},{"data":"Ball Lightning","floor":10,"key":"SMITH"},{"floor":15,"key":"REST"}],"circlet_count":0,"master_deck":["AscendersBane","Strike_B","Strike_B","Strike_B","Strike_B","Defend_B","Defend_B","Defend_B","Defend_B","Zap","Dualcast","Conserve Battery+1","Steam","Coolheaded+1","Ball Lightning+1","Hologram+1","Gash","FTL","Aggregate+1"],"relics":["Cracked Core","NeowsBlessing","Nunchaku","Membership Card","Toxic Egg 2","Boot","Potion Belt","Akabeko"],"acts_visited":["Exordium"],"potions_floor_usage":[16],"damage_taken":[{"damage":0,"enemies":"Jaw Worm","floor":1,"turns":1},{"damage":0,"enemies":"2 Louse","floor":7,"turns":1},{"damage":4,"enemies":"3 Sentries","floor":8,"turns":2},{"damage":0,"enemies":"Cultist","floor":12,"turns":3},{"damage":42,"enemies":"Gremlin Nob","floor":13,"turns":4},{"damage":0,"enemies":"Blue Slaver","floor":14,"turns":3},{"damage":25,"enemies":"Hexaghost","floor":16,"turns":9}],"seed_played":"8354553968970376592","potions_obtained":[{"floor":1,"key":"SteroidPotion"},{"floor":7,"key":"FearPotion"},{"floor":8,"key":"DuplicationPotion"},{"floor":14,"key":"Weak Potion"}],"is_trial":false,"path_per_floor":["M","?","?","$","?","R","M","E","T","R","$","M","E","M","R","B"],"character_chosen":"DEFECT","items_purchased":["Membership Card","Steam","Hologram+1"],"campfire_rested":1,"item_purchase_floors":[4,4,11],"current_hp_per_floor":[64,59,48,48,48,48,48,44,44,44,44,44,2,2,23,0,0],"gold":85,"neow_bonus":"THREE_ENEMY_KILL","is_daily":false,"chose_seed":false,"campfire_upgraded":2,"win_rate":0.0,"timestamp":1611316919,"path_taken":["M","?","?","$","?","R","?","E","T","R","?","M","E","M","R","BOSS"],"items_purchased_type":["Relic","Card","Card"],"build_version":"2020-12-13","purchased_purges":1,"victory":false,"max_hp_per_floor":[71,71,71,71,71,71,71,71,71,71,71,71,71,71,71,71,71],"relic_stats":{"Nunchaku":[3],"counters":[7,23],"Boot":[9],"obtain_stats":[{"Potion Belt":9,"Nunchaku":2,"NeowsBlessing":0,"Membership Card":4,"Toxic Egg 2":5,"Cracked Core":0,"Boot":8,"Akabeko":13},{"Potion Belt":3,"Nunchaku":1,"NeowsBlessing":0,"Membership Card":1,"Toxic Egg 2":1,"Cracked Core":0,"Boot":3,"Akabeko":5},{"Potion Belt":4,"Nunchaku":1,"NeowsBlessing":0,"Membership Card":1,"Toxic Egg 2":1,"Cracked Core":0,"Boot":4,"Akabeko":11}]},"card_choices":[{"not_picked":["Recycle","Auto Shields"],"picked":"Conserve Battery","floor":1},{"not_picked":["Double Energy+1","Compile Driver"],"picked":"Coolheaded+1","floor":7},{"not_picked":["Go for the Eyes","Stack+1"],"picked":"Ball Lightning","floor":8},{"not_picked":["Compile Driver","Conserve Battery+1"],"picked":"Gash","floor":12},{"not_picked":["Steam+1","Conserve Battery+1"],"picked":"FTL","floor":13},{"not_picked":["Ball Lightning","Force Field+1"],"picked":"Aggregate+1","floor":14}],"player_experience":1466804,"relics_obtained":[{"floor":8,"key":"Boot"},{"floor":9,"key":"Potion Belt"},{"floor":13,"key":"Akabeko"}],"event_choices":[{"damage_healed":0,"gold_gain":0,"player_choice":"Success","damage_taken":5,"relics_obtained":["Nunchaku"],"max_hp_gain":0,"max_hp_loss":0,"event_name":"Scrap Ooze","floor":2,"gold_loss":0},{"damage_healed":0,"gold_gain":75,"player_choice":"Gather Gold","damage_taken":11,"max_hp_gain":0,"max_hp_loss":0,"event_name":"World of Goop","floor":3,"gold_loss":0},{"damage_healed":0,"gold_gain":0,"player_choice":"Box","damage_taken":0,"relics_obtained":["Toxic Egg 2"],"max_hp_gain":0,"max_hp_loss":0,"event_name":"Big Fish","floor":5,"gold_loss":0,"cards_obtained":["Regret"]}],"is_beta":false,"boss_relics":[],"items_purged_floors":[11],"is_endless":false,"potions_floor_spawned":[1,7,8,14],"killed_by":"Hexaghost","ascension_level":20}}