{"host":"scy0o1xotfn36lpl","time":1611343122,"event":{"mods":["AchievementEnabler","Aspiration","BaseMod","Better Altar","Better Note","Better Sensory Stone","Better Skull","Better Third Choice","Colored Map","Curses Come First","Downfall","GifTheSpireLib","Googly Eyes","Highlight Path","Minty Spire (QoL Compilation)","Permanent Neow","Spicy Shops","StSLib","everything is the same but u backflip on backflip"],"gold_per_floor":[111,121,141,161,161,192,215,227,239,10,24,24,35,51,51,51,51],"floor_reached":16,"language":"ENG","playtime":1452,"items_purged":[],"score":106,"play_id":"2eddb39e-7d7d-4fbf-8452-f2a499d0ece2","local_time":"20210122111842","is_ascension_mode":false,"campfire_choices":[{"floor":12,"key":"REST"},{"floor":15,"key":"REST"}],"circlet_count":0,"master_deck":["Strike_P","Strike_P","Strike_P","Defend_P","Defend_P","Defend_P","Defend_P","Eruption","Vigilance","CrushJoints","JustLucky","BowlingBash","Conclude","Enlightenment","FollowUp","InnerPeace","Prostrate","Consecrate","Weave","Conclude"],"relics":["PureWater","MawBank","Regal Pillow","Dream Catcher","aspiration:SeaSaltIceCream","aspiration:EnhancedActuators"],"acts_visited":["Exordium"],"potions_floor_usage":[16,16,16],"damage_taken":[{"damage":0,"enemies":"Small Slimes","floor":1,"turns":3},{"damage":0,"enemies":"2 Louse","floor":2,"turns":2},{"damage":0,"enemies":"Cultist","floor":3,"turns":3},{"damage":5,"enemies":"Gremlin Gang","floor":4,"turns":5},{"damage":16,"enemies":"3 Sentries","floor":6,"turns":4},{"damage":0,"enemies":"2 Fungi Beasts","floor":7,"turns":2},{"damage":0,"enemies":"Looter","floor":11,"turns":1},{"damage":14,"enemies":"Blue Slaver","floor":13,"turns":3},{"damage":12,"enemies":"3 Louse","floor":14,"turns":2},{"damage":73,"enemies":"The Guardian","floor":16,"turns":8}],"seed_played":"-8310584307563174912","potions_obtained":[{"floor":2,"key":"bronze:BurnAndBuffPotion"},{"floor":3,"key":"Energy Potion"},{"floor":7,"key":"Block Potion"},{"floor":13,"key":"bronze:BurnAndBuffPotion"}],"is_trial":false,"path_per_floor":["M","M","M","M","?","E","M","?","T","$","M","R","M","M","R","B"],"character_chosen":"WATCHER","items_purchased":["aspiration:SeaSaltIceCream"],"campfire_rested":2,"item_purchase_floors":[10],"current_hp_per_floor":[72,72,72,67,67,51,51,51,51,51,51,72,58,46,72,0,0],"gold":51,"neow_bonus":"REMOVE_CARD","is_daily":false,"chose_seed":false,"campfire_upgraded":0,"win_rate":0.0,"timestamp":1611343122,"path_taken":["M","M","M","M","?","E","M","?","T","$","M","R","M","M","R","BOSS"],"items_purchased_type":["Relic"],"build_version":"2020-12-22","purchased_purges":0,"victory":false,"max_hp_per_floor":[72,72,72,72,72,72,72,72,72,72,72,72,72,72,72,72,72],"card_choices":[{"not_picked":["ThirdEye","Adaptation"],"picked":"CrushJoints","floor":1},{"not_picked":["Protect","WheelKick"],"picked":"JustLucky","floor":2},{"not_picked":["WaveOfTheHand","Fasting2"],"picked":"BowlingBash","floor":3},{"not_picked":["JustLucky","EmptyFist"],"picked":"Conclude","floor":4},{"not_picked":["Forethought","Finesse"],"picked":"Enlightenment","floor":5},{"not_picked":["Halt","Swivel"],"picked":"FollowUp","floor":6},{"not_picked":["ClearTheMind","CrushJoints"],"picked":"InnerPeace","floor":7},{"not_picked":["FlyingSleeves","JustLucky","EmptyBody"],"picked":"SKIP","floor":11},{"not_picked":["LikeWater","Fasting2"],"picked":"Prostrate","floor":12},{"not_picked":["WaveOfTheHand","Swivel"],"picked":"Consecrate","floor":13},{"not_picked":["MasterReality","Protect"],"picked":"Weave","floor":14},{"not_picked":["Adaptation","Collect"],"picked":"Conclude","floor":15}],"player_experience":50387,"relics_obtained":[{"floor":6,"key":"MawBank"},{"floor":9,"key":"Dream Catcher"}],"event_choices":[{"damage_healed":0,"gold_gain":1,"player_choice":"1","damage_taken":0,"max_hp_gain":0,"max_hp_loss":0,"event_name":"betterStone:BetterStone","floor":5,"gold_loss":0},{"damage_healed":0,"gold_gain":0,"player_choice":"Gave Potion","damage_taken":0,"relics_obtained":["Regal Pillow"],"max_hp_gain":0,"max_hp_loss":0,"event_name":"WeMeetAgain","floor":8,"gold_loss":0}],"is_beta":false,"boss_relics":[],"items_purged_floors":[],"is_endless":false,"potions_floor_spawned":[2,3,7,13,14],"killed_by":"The Guardian","ascension_level":0}}