{"host":"1pwde2j81wdvsae3","time":1611297281,"event":{"mods":["BaseMod","Minty Spire (QoL Compilation)","Replay The Spire","Shop Mod","StSLib"],"gold_per_floor":[109,119,139,139,64,64,64,16,62,95,106,156,184,13,13,84,84,104,131,131,145,162,162,162,162,162,190,190,200,200,216,216,216,216],"floor_reached":33,"language":"ZHS","playtime":1059,"items_purged":["Spreading Infection"],"score":503,"play_id":"f0b77656-e08e-4606-ad72-5ce07c553bb3","local_time":"20210122143441","is_ascension_mode":true,"campfire_choices":[{"data":"Bash","floor":6,"key":"SMITH"},{"floor":15,"key":"REST"},{"floor":23,"key":"REST"},{"floor":25,"key":"REST"},{"floor":30,"key":"REST"},{"data":"Enlightenment","floor":32,"key":"SMITH"}],"circlet_count":0,"master_deck":["AscendersBane","Strike_R","Strike_R+1","Strike_R","Strike_R","Strike_R","Defend_R","Defend_R","Defend_R","Defend_R","Bash+1","Hemokinesis","Ghostly Armor","Combust+1","Cleave","Bloodletting","Rampage","Battle Trance","Enlightenment+1","Spot Weakness","Heavy Blade","Heavy Blade","True Grit","Offering","ReplayTheSpireMod:Stacked","Pot Of Greed","Pot Of Greed","Pot Of Greed","Thunderclap","Metallicize+1","Perfected Strike","Infernal Blade","Rupture"],"relics":["Burning Blood","Replay:Towering Pillar of Hats","Vajra","Mango","Replay:Rubber Ducky","ReplayTheSpireMod:CursedCoin","Replay:Grab Bag","ChewingGum","Philosopher\u0027s Stone","Honey Jar","Boot","Grinning Jar","Divine Protection","Potion Belt"],"acts_visited":["Exordium","TheCity"],"potions_floor_usage":[3,16,22,33],"damage_taken":[{"damage":7,"enemies":"Jaw Worm","floor":1,"turns":3},{"damage":5,"enemies":"Small Slimes","floor":2,"turns":3},{"damage":8,"enemies":"Cultist","floor":3,"turns":3},{"damage":23,"enemies":"Replay:BlueRogue","floor":10,"turns":5},{"damage":8,"enemies":"Blue Slaver","floor":11,"turns":3},{"damage":40,"enemies":"Lagavulin","floor":13,"turns":6},{"damage":56,"enemies":"Fading Forest","floor":16,"turns":11},{"damage":25,"enemies":"2 Thieves","floor":18,"turns":3},{"damage":15,"enemies":"Shell Parasite","floor":21,"turns":3},{"damage":33,"enemies":"Shelled Parasite and Fungi","floor":22,"turns":3},{"damage":10,"enemies":"Book of Stabbing","floor":27,"turns":3},{"damage":8,"enemies":"Centurion and Healer","floor":29,"turns":3},{"damage":7,"enemies":"Chosen and Byrds","floor":31,"turns":3},{"damage":80,"enemies":"Automaton","floor":33,"turns":8}],"seed_played":"3215537333404984179","potions_obtained":[{"floor":2,"key":"Dexterity Potion"},{"floor":3,"key":"Fruit Juice"},{"floor":10,"key":"LiquidMemories"},{"floor":18,"key":"Explosive Potion"},{"floor":29,"key":"Fire Potion"}],"is_trial":false,"path_per_floor":["M","M","M","?","?","R","?","$","T","E","M","?","E","$","R","B",null,"M","T","?","M","M","R","?","R","T","E","?","M","R","M","R","B"],"character_chosen":"IRONCLAD","items_purchased":["Cleave","ReplayTheSpireMod:CursedCoin","Enlightenment","Spot Weakness","Heavy Blade","True Grit"],"campfire_rested":4,"item_purchase_floors":[8,14,14,14,14,14],"current_hp_per_floor":[67,68,71,47,47,47,73,73,73,70,68,59,25,25,53,23,76,57,57,57,48,21,49,21,50,50,46,46,44,73,72,72,0,0],"gold":216,"neow_bonus":"ONE_RARE_RELIC","is_daily":false,"chose_seed":false,"campfire_upgraded":2,"win_rate":0.0,"timestamp":1611297281,"path_taken":["M","M","M","?","?","R","?","$","T","E","?","?","E","$","R","BOSS","M","?","?","?","M","R","?","R","T","E","?","M","R","M","R","BOSS"],"items_purchased_type":["Card","Relic","Card","Card","Card","Card"],"build_version":"2020-12-22","purchased_purges":1,"victory":false,"max_hp_per_floor":[75,75,80,80,80,80,80,80,80,94,94,94,94,94,94,94,94,94,94,94,94,94,94,99,99,99,99,99,99,99,99,99,99,99],"card_choices":[{"not_picked":["Heavy Blade","Body Slam"],"picked":"Hemokinesis","floor":1},{"not_picked":["Whirlwind","Body Slam"],"picked":"Ghostly Armor","floor":2},{"not_picked":["Clash","Warcry"],"picked":"Combust","floor":3},{"not_picked":["Cleave","Metallicize"],"picked":"Bloodletting","floor":10},{"not_picked":["Defy Death","Berserk"],"picked":"Rampage","floor":11},{"not_picked":["Anger","Entrench"],"picked":"Battle Trance","floor":13},{"not_picked":["Eclipse","Impervious"],"picked":"Offering","floor":16},{"not_picked":["Pommel Strike","Shrug It Off","True Grit"],"picked":"ReplayTheSpireMod:Stacked","floor":18},{"not_picked":["Ghostly Armor+1","Clash","Uppercut"],"picked":"Thunderclap","floor":21},{"not_picked":["Warcry","Thunderclap","Double Tap"],"picked":"Metallicize+1","floor":22},{"not_picked":["Shrug It Off","Iron Wave","Cleave"],"picked":"Perfected Strike","floor":27},{"not_picked":["Anger","Intimidate","Abandon"],"picked":"Infernal Blade","floor":29},{"not_picked":["Replay:Undeath\u0027s Touch","Intimidate","Evolve"],"picked":"Rupture","floor":31}],"player_experience":232828,"relics_obtained":[{"floor":9,"key":"Vajra"},{"floor":10,"key":"Mango"},{"floor":13,"key":"Replay:Rubber Ducky"},{"floor":19,"key":"Boot"},{"floor":26,"key":"Divine Protection"},{"floor":27,"key":"Potion Belt"}],"event_choices":[{"damage_healed":0,"gold_gain":0,"player_choice":"Entered Light","damage_taken":24,"max_hp_gain":0,"max_hp_loss":0,"event_name":"Shining Light","floor":4,"gold_loss":0,"cards_upgraded":["Strike_R","Combust"]},{"cards_removed":["Overencumbered"],"damage_healed":0,"gold_gain":0,"player_choice":"Card Removal","damage_taken":0,"max_hp_gain":0,"max_hp_loss":0,"event_name":"The Cleric","floor":5,"gold_loss":75},{"damage_healed":26,"gold_gain":0,"player_choice":"Banana","damage_taken":0,"max_hp_gain":0,"max_hp_loss":0,"event_name":"Big Fish","floor":7,"gold_loss":0},{"damage_healed":0,"gold_gain":50,"player_choice":"Touch","damage_taken":9,"max_hp_gain":0,"max_hp_loss":0,"event_name":"FaceTrader","floor":12,"gold_loss":0},{"damage_healed":0,"gold_gain":0,"player_choice":"Gave Potion","damage_taken":0,"relics_obtained":["Grinning Jar"],"max_hp_gain":0,"max_hp_loss":0,"event_name":"WeMeetAgain","floor":20,"gold_loss":0},{"damage_healed":0,"gold_gain":0,"player_choice":"Shed Blood","damage_taken":33,"max_hp_gain":5,"max_hp_loss":0,"event_name":"Forgotten Altar","floor":24,"gold_loss":0},{"damage_healed":0,"gold_gain":0,"player_choice":"Ignored","damage_taken":0,"max_hp_gain":0,"max_hp_loss":0,"event_name":"The Mausoleum","floor":28,"gold_loss":0}],"is_beta":false,"boss_relics":[{"not_picked":["Replay:Wanted Poster","Astrolabe"],"picked":"Replay:Grab Bag"},{"not_picked":["Ooze Armor","Sozu"],"picked":"ChewingGum"},{"not_picked":["Runic Dome","Fusion Hammer"],"picked":"Philosopher\u0027s Stone"},{"not_picked":["Mark of Pain","SacredBark"],"picked":"Honey Jar"}],"items_purged_floors":[14],"is_endless":false,"potions_floor_spawned":[2,3,10,11,18,29],"killed_by":"Automaton","ascension_level":15}}