{"host":"gsgpu9obojnqwpp0","time":1611283363,"event":{"mods":["2.2 Compatiblity","AchievementEnabler","Alarm Clock","BaseMod","Bestiary","Block Reminder","Dark Map","DeckTracker","Highlight Path","Minty Spire (QoL Compilation)","Permanent Neow","Quick Restart","Relic Stats","Slay-I","SuperFastMode","Uncapped","Unknown Chances","slay the spire mod where everything is the same but ironclad has a cowboy hat"],"gold_per_floor":[114,129,144,97,112,112,142,142,142,157,172,187,187,202,202,302,302,317,242,257,32,131,131,131],"floor_reached":23,"language":"ENG","playtime":1011,"items_purged":[],"score":220,"play_id":"7f36bc79-718f-4b8b-b8d3-4ff12bc0eadd","local_time":"20210121214243","daily_mods":["Heirloom","Uncertain Future","Night Terrors"],"is_ascension_mode":false,"campfire_choices":[{"data":"Noxious Fumes","floor":6.0,"key":"SMITH"},{"data":"Catalyst","floor":8.0,"key":"SMITH"},{"floor":15.0,"key":"REST"}],"circlet_count":0,"master_deck":["Strike_G","Strike_G","Strike_G","Strike_G","Defend_G","Defend_G","Defend_G","Defend_G","Defend_G","Survivor","Neutralize","Deadly Poison","Noxious Fumes+1","Catalyst+1","Deadly Poison","Poisoned Stab","Backstab","Storm of Steel","Adrenaline","Well Laid Plans+1"],"relics":["Ring of the Snake","Pocketwatch","StrikeDummy","Frozen Egg 2","Empty Cage","Membership Card","Lantern"],"acts_visited":["Exordium","TheCity"],"potions_floor_usage":[16],"damage_taken":[{"damage":1.0,"enemies":"Cultist","floor":1.0,"turns":4.0},{"damage":0.0,"enemies":"Small Slimes","floor":2.0,"turns":4.0},{"damage":0.0,"enemies":"Jaw Worm","floor":3.0,"turns":4.0},{"damage":9.0,"enemies":"3 Louse","floor":5.0,"turns":4.0},{"damage":28.0,"enemies":"3 Sentries","floor":7.0,"turns":6.0},{"damage":7.0,"enemies":"Blue Slaver","floor":10.0,"turns":3.0},{"damage":30.0,"enemies":"Exordium Thugs","floor":11.0,"turns":4.0},{"damage":0.0,"enemies":"3 Louse","floor":12.0,"turns":2.0},{"damage":0.0,"enemies":"Exordium Wildlife","floor":14.0,"turns":3.0},{"damage":41,"enemies":"The Guardian","floor":16,"turns":8},{"damage":20,"enemies":"2 Thieves","floor":18,"turns":4},{"damage":2,"enemies":"Chosen","floor":20,"turns":3},{"damage":43,"enemies":"Slavers","floor":23,"turns":5}],"seed_played":"8945501730091475425","potions_obtained":[{"floor":1.0,"key":"Regen Potion"},{"floor":11.0,"key":"Weak Potion"},{"floor":12.0,"key":"Regen Potion"},{"floor":14.0,"key":"Dexterity Potion"}],"is_trial":false,"path_per_floor":["M","M","M","$","M","R","E","R","T","M","M","M","?","M","R","B",null,"M","?","M","$","?","E"],"character_chosen":"THE_SILENT","items_purchased":["Deadly Poison","Membership Card","Lantern"],"campfire_rested":1,"item_purchase_floors":[4,21,21],"current_hp_per_floor":[69,69,69,69,68,68,40,40,40,33,3,3,20,29,65,24,62,42,42,40,40,40,0,0],"gold":131,"neow_bonus":"","is_daily":true,"chose_seed":false,"campfire_upgraded":2,"win_rate":0.0,"timestamp":1611283363,"path_taken":["M","M","M","$","M","R","E","R","T","?","?","M","?","M","R","BOSS","M","?","M","$","?","E"],"items_purchased_type":["Card","Relic","Relic"],"build_version":"2020-12-22","purchased_purges":0,"victory":false,"max_hp_per_floor":[70,70,70,70,70,70,70,70,70,70,70,70,70,70,65,65,62,62,62,62,62,62,62,62],"relic_stats":{"counters":[13,54],"obtain_stats":[{"Lantern":21,"Membership Card":21,"Frozen Egg 2":9,"StrikeDummy":7,"Empty Cage":17,"Ring of the Snake":0,"Pocketwatch":0},{"Lantern":12,"Membership Card":12,"Frozen Egg 2":5,"StrikeDummy":5,"Empty Cage":10,"Ring of the Snake":0,"Pocketwatch":0},{"Lantern":49,"Membership Card":49,"Frozen Egg 2":22,"StrikeDummy":22,"Empty Cage":42,"Ring of the Snake":0,"Pocketwatch":0}],"Ring of the Snake":[26],"Pocketwatch":[63]},"card_choices":[{"not_picked":["Terror","Quick Slash"],"picked":"Deadly Poison","floor":1.0},{"not_picked":["Expertise","Deflect"],"picked":"Noxious Fumes","floor":2.0},{"not_picked":["Expertise","Predator"],"picked":"Catalyst","floor":3.0},{"not_picked":["Predator","Calculated Gamble"],"picked":"Poisoned Stab","floor":5.0},{"not_picked":["Flying Knee","Flechettes"],"picked":"Backstab","floor":7.0},{"not_picked":["Outmaneuver","Flying Knee"],"picked":"Quick Slash","floor":10.0},{"not_picked":["PiercingWail","Bane","Cloak And Dagger"],"picked":"SKIP","floor":11.0},{"not_picked":["Dagger Spray","Acrobatics"],"picked":"Storm of Steel","floor":12.0},{"not_picked":["Dodge and Roll","Blur","Dagger Throw"],"picked":"SKIP","floor":14.0},{"not_picked":["Burst","Malaise"],"picked":"Adrenaline","floor":16},{"not_picked":["Deflect","Bane"],"picked":"Well Laid Plans+1","floor":18},{"not_picked":["PiercingWail","Acrobatics+1","Dagger Throw"],"picked":"SKIP","floor":20}],"player_experience":271829,"relics_obtained":[{"floor":7.0,"key":"StrikeDummy"},{"floor":9.0,"key":"Frozen Egg 2"}],"event_choices":[{"damage_healed":17.0,"max_hp_gain":0.0,"max_hp_loss":0.0,"gold_gain":0.0,"event_name":"Mushrooms","player_choice":"Healed and dodged fight","floor":13.0,"gold_loss":0.0,"damage_taken":0.0,"cards_obtained":["Parasite"]},{"cards_removed":["Strike_G"],"damage_healed":0,"gold_gain":0,"player_choice":"Gave Gold","damage_taken":0,"max_hp_gain":0,"max_hp_loss":0,"event_name":"Beggar","floor":19,"gold_loss":75},{"damage_healed":0,"gold_gain":99,"player_choice":"Stole From Cult","damage_taken":0,"max_hp_gain":0,"max_hp_loss":0,"event_name":"Nest","floor":22,"gold_loss":0}],"is_beta":false,"boss_relics":[{"not_picked":["SlaversCollar","Astrolabe"],"picked":"Empty Cage"}],"items_purged_floors":[],"is_endless":false,"potions_floor_spawned":[1,11,12,14],"killed_by":"Slavers","ascension_level":0}}