{"host":"k7udt7atmcuzf6l0","time":1611300576,"event":{"mods":["AchievementEnabler","BaseMod","Colored Map","Colored Powertips","Highlight Path","Minty Spire (QoL Compilation)","Quick Restart","Rare Cards Sparkle","StSLib","UnlockEverythingMod"],"gold_per_floor":[117,117,37,55,130,130,165,165,211,211,229,229,229,242,242,343,343,358,273,548,27,44,44,44,64,90,110,58,70,97,117,117,117,117],"floor_reached":33,"language":"ZHT","playtime":732,"items_purged":["Regret"],"score":290,"play_id":"a3e70ff6-e97f-4cff-b013-e32a1b80228a","local_time":"20210122152936","is_ascension_mode":false,"campfire_choices":[{"data":"Flex","floor":6,"key":"SMITH"},{"data":"Armaments","floor":8,"key":"SMITH"},{"data":"Offering","floor":10,"key":"SMITH"},{"data":"Shockwave","floor":12,"key":"SMITH"},{"data":"Flex","floor":15,"key":"SMITH"},{"data":"Berserk","floor":23,"key":"SMITH"},{"data":"Rage","floor":32,"key":"SMITH"}],"circlet_count":0,"master_deck":["Strike_R","Strike_R","Strike_R","Strike_R","Strike_R","Defend_R","Defend_R","Defend_R","Defend_R","Bash","Spot Weakness+1","Flex+1","Armaments+1","Offering+1","Shockwave+1","Flex+1","Berserk+1","Headbutt","Cleave+1","Berserk+1","Rage+1","Clash","Pommel Strike+1","Intimidate+1","Warcry+1"],"relics":["Burning Blood","PreservedInsect","Self Forming Clay","Orichalcum","Anchor","Coffee Dripper","Frozen Egg 2","Pen Nib","Mercury Hourglass","Akabeko","Toxic Egg 2"],"acts_visited":["Exordium","TheCity"],"potions_floor_usage":[7,16,16,30,30],"damage_taken":[{"damage":6,"enemies":"Jaw Worm","floor":1,"turns":3},{"damage":7,"enemies":"Small Slimes","floor":4,"turns":4},{"damage":28,"enemies":"Lagavulin","floor":7,"turns":5},{"damage":2,"enemies":"Cultist","floor":11,"turns":4},{"damage":0,"enemies":"2 Fungi Beasts","floor":14,"turns":3},{"damage":14,"enemies":"Slime Boss","floor":16,"turns":10},{"damage":14,"enemies":"2 Thieves","floor":18,"turns":3},{"damage":6,"enemies":"Chosen","floor":22,"turns":3},{"damage":18,"enemies":"Snake Plant","floor":25,"turns":3},{"damage":6,"enemies":"Cultist and Chosen","floor":27,"turns":2},{"damage":20,"enemies":"Sentry and Sphere","floor":29,"turns":4},{"damage":6,"enemies":"Book of Stabbing","floor":30,"turns":2},{"damage":15,"enemies":"Centurion and Healer","floor":31,"turns":4},{"damage":53,"enemies":"Champ","floor":33,"turns":7}],"seed_played":"4500126442668386515","potions_obtained":[{"floor":1,"key":"DuplicationPotion"},{"floor":7,"key":"EssenceOfSteel"},{"floor":14,"key":"Strength Potion"},{"floor":27,"key":"FearPotion"},{"floor":29,"key":"Swift Potion"}],"is_trial":false,"path_per_floor":["M","?","$","M","?","R","E","R","T","R","M","R","?","M","R","B",null,"M","?","?","$","M","R","?","M","T","M","$","M","E","M","R","B"],"character_chosen":"IRONCLAD","items_purchased":["Flex","Armaments","Pen Nib","Mercury Hourglass","Headbutt","Clash"],"campfire_rested":0,"item_purchase_floors":[3,3,21,21,21,28],"current_hp_per_floor":[80,47,47,46,35,35,13,13,13,13,17,17,17,23,23,15,80,72,72,72,72,72,72,72,60,60,60,60,46,46,37,37,0,0],"gold":117,"neow_bonus":"RANDOM_COMMON_RELIC","is_daily":false,"chose_seed":false,"campfire_upgraded":7,"win_rate":0.0,"timestamp":1611300576,"path_taken":["M","?","$","M","?","R","E","R","T","R","M","R","?","M","R","BOSS","M","?","?","$","?","R","?","M","T","M","$","M","E","M","R","BOSS"],"items_purchased_type":["Card","Card","Relic","Relic","Card","Card"],"build_version":"2020-12-22","purchased_purges":1,"victory":false,"max_hp_per_floor":[80,80,80,80,80,80,80,80,80,80,80,80,80,80,80,80,80,80,80,80,80,80,80,80,80,80,80,80,80,80,80,80,80,80],"card_choices":[{"not_picked":["Battle Trance","Wild Strike"],"picked":"Spot Weakness","floor":1},{"not_picked":["True Grit","Havoc","Clothesline"],"picked":"SKIP","floor":4},{"not_picked":["Fire Breathing","Heavy Blade"],"picked":"Offering","floor":7},{"not_picked":["Disarm","Sword Boomerang"],"picked":"Shockwave","floor":11},{"not_picked":["Havoc","Armaments"],"picked":"Flex","floor":14},{"not_picked":["Double Tap","Bludgeon"],"picked":"Berserk","floor":16},{"not_picked":["Flex","Perfected Strike+1","Iron Wave"],"picked":"SKIP","floor":18},{"not_picked":["Entrench+1","Dark Embrace+1"],"picked":"Cleave+1","floor":22},{"not_picked":["Thunderclap","Flex"],"picked":"Berserk+1","floor":25},{"not_picked":["Perfected Strike+1","Pommel Strike"],"picked":"Rage","floor":27},{"not_picked":["Clash","Rampage"],"picked":"Pommel Strike+1","floor":29},{"not_picked":["Shrug It Off+1","Sever Soul"],"picked":"Intimidate+1","floor":30},{"not_picked":["Clash","Evolve+1"],"picked":"Warcry+1","floor":31}],"player_experience":94107,"relics_obtained":[{"floor":7,"key":"Orichalcum"},{"floor":9,"key":"Anchor"},{"floor":26,"key":"Akabeko"},{"floor":30,"key":"Toxic Egg 2"}],"event_choices":[{"damage_healed":0,"gold_gain":0,"player_choice":"Success","damage_taken":33,"relics_obtained":["Self Forming Clay"],"max_hp_gain":0,"max_hp_loss":0,"event_name":"Scrap Ooze","floor":2,"gold_loss":0},{"damage_healed":0,"gold_gain":75,"player_choice":"Gather Gold","damage_taken":11,"max_hp_gain":0,"max_hp_loss":0,"event_name":"World of Goop","floor":5,"gold_loss":0},{"damage_healed":0,"gold_gain":0,"player_choice":"Grow","damage_taken":0,"max_hp_gain":0,"max_hp_loss":0,"event_name":"Living Wall","floor":13,"gold_loss":0,"cards_upgraded":["Spot Weakness"]},{"damage_healed":0,"gold_gain":0,"player_choice":"Obtained Relic","damage_taken":0,"relics_obtained":["Frozen Egg 2"],"max_hp_gain":0,"max_hp_loss":0,"event_name":"Addict","floor":19,"gold_loss":85},{"damage_healed":0,"gold_gain":275,"player_choice":"Desecrate","damage_taken":0,"max_hp_gain":0,"max_hp_loss":0,"event_name":"Golden Shrine","floor":20,"gold_loss":0,"cards_obtained":["Regret"]},{"damage_healed":0,"gold_gain":0,"player_choice":"Ignored","damage_taken":0,"max_hp_gain":0,"max_hp_loss":0,"event_name":"Vampires","floor":24,"gold_loss":0}],"is_beta":false,"boss_relics":[{"not_picked":["Tiny House","Busted Crown"],"picked":"Coffee Dripper"}],"items_purged_floors":[21],"is_endless":false,"potions_floor_spawned":[1,7,14,27,29],"killed_by":"Champ","ascension_level":0}}