{"host":"rjbqai8ni6dsiu37","time":1611344141,"event":{"mods":["100% Spire Juice","BaseMod","CapriCore","GungeonMod","Lobotomy","Marisa£¨Ùöéë¡¡Øª×âÞÞ£©","Minty Spire (QoL Compilation)","Shop Mod","StSLib","Td1madao Mod","The Cursed","The Poker Player","WarShipGirlsR/??á´Ò³R mod"],"gold_per_floor":[116,81,100,100,115,115,144,164,44,44,61,61,93,93,93,194,74,84,84,84,97,108,108,108],"floor_reached":23,"language":"KOR","playtime":718,"items_purged":[],"score":271,"play_id":"629724d7-e4f7-40c8-b788-1d31bdb76ac5","local_time":"20210123043541","is_ascension_mode":true,"campfire_choices":[{"data":"Moonworks:Ambush","floor":6.0,"key":"SMITH"},{"data":"Moonworks:EvilSpyWorkPreparation","floor":10.0,"key":"SMITH"},{"floor":12.0,"key":"REST"},{"data":"Moonworks:NicePresent","floor":15.0,"key":"SMITH"}],"circlet_count":0,"master_deck":["Moonworks:Strike","Moonworks:Strike","Moonworks:Strike","Moonworks:Strike","Moonworks:Defend","Moonworks:Defend","Moonworks:Defend+1","Moonworks:Defend+1","Moonworks:Ambush+1","Moonworks:LongDistanceShot","Moonworks:NicePresent","Moonworks:EvilSpyWorkPreparation+1","Moonworks:NicePresent+1","Moonworks:PlushieMaster","Writhe","Moonworks:ForcedRevival+1"],"relics":["Moonworks:SBBomb","Moonworks:Homemark","War Paint","Frozen Egg 2","Ice Cream","Art of War","Tiny Chest","DemoMod:WhiteGuonStone"],"acts_visited":["Exordium","TheCity"],"potions_floor_usage":[16,21,22,23],"damage_taken":[{"damage":12.0,"enemies":"Jaw Worm","floor":1.0,"turns":3.0},{"damage":0.0,"enemies":"Small Slimes","floor":3.0,"turns":3.0},{"damage":0.0,"enemies":"2 Louse","floor":5.0,"turns":2.0},{"damage":19.0,"enemies":"3 Sentries","floor":7.0,"turns":8.0},{"damage":10.0,"enemies":"Looter","floor":8.0,"turns":3.0},{"damage":6.0,"enemies":"Blue Slaver","floor":11.0,"turns":3.0},{"damage":27.0,"enemies":"Gremlin Nob","floor":13.0,"turns":4.0},{"damage":3,"enemies":"Slime Boss","floor":16,"turns":7},{"damage":12,"enemies":"3 Byrds","floor":18,"turns":2},{"damage":2,"enemies":"2 Thieves","floor":21,"turns":5},{"damage":3,"enemies":"Cultist and Chosen","floor":22,"turns":4},{"damage":56,"enemies":"Book of Stabbing","floor":23,"turns":5}],"seed_played":"-76380826800880494","potions_obtained":[{"floor":1.0,"key":"Dexterity Potion"},{"floor":5.0,"key":"Ancient Potion"},{"floor":11.0,"key":"Dexterity Potion"},{"floor":18,"key":"Energy Potion"},{"floor":21,"key":"Explosive Potion"}],"is_trial":false,"path_per_floor":["M","?","M","?","M","R","E","M","T","R","M","R","E","?","R","B",null,"M","?","?","M","M","E"],"character_chosen":"THE_STARBREAKER","items_purchased":[],"campfire_rested":1,"item_purchase_floors":[],"current_hp_per_floor":[42,57,57,62,62,62,43,33,33,33,27,46,19,12,12,9,51,39,39,39,37,42,0,0],"gold":108,"neow_bonus":"RANDOM_COMMON_RELIC","is_daily":false,"chose_seed":false,"campfire_upgraded":3,"win_rate":0.0,"timestamp":1611344141,"path_taken":["M","?","M","?","M","R","E","M","T","R","M","R","E","?","R","BOSS","M","?","?","M","?","E"],"items_purchased_type":[],"build_version":"2020-12-22","purchased_purges":0,"victory":false,"max_hp_per_floor":[60,60,60,65,65,65,65,65,65,65,65,65,65,65,65,65,65,65,65,65,65,65,65,65],"card_choices":[{"not_picked":["Moonworks:BigBangBell","Moonworks:BigMagnum"],"picked":"Moonworks:NicePresent","floor":1.0},{"not_picked":["Moonworks:DevilHand","Moonworks:ExtendedPhotonRifle","Moonworks:ImOnFire"],"picked":"SKIP","floor":3.0},{"not_picked":["Moonworks:BindingChains","Moonworks:FinalBattle","Moonworks:SakisCookie"],"picked":"SKIP","floor":5.0},{"not_picked":["Moonworks:ImOnFire","Moonworks:LulusLuckyEgg"],"picked":"Moonworks:EvilSpyWorkPreparation","floor":7.0},{"not_picked":["Moonworks:UnpaidWork","Moonworks:FullSpeedAlicianrone","Moonworks:SakisCookie"],"picked":"SKIP","floor":8.0},{"not_picked":["Moonworks:JonathanRush","Moonworks:ReproductionOfRecords","Moonworks:BigBangBell"],"picked":"SKIP","floor":11.0},{"not_picked":["Moonworks:Dash","Moonworks:JonathanRush"],"picked":"Moonworks:NicePresent","floor":13.0},{"not_picked":["Moonworks:WeAreWaruda","Moonworks:FinalBattle+1"],"picked":"Moonworks:PlushieMaster","floor":16},{"not_picked":["Moonworks:LulusLuckyEgg","Moonworks:TreasureThief","Moonworks:BeyondHell"],"picked":"SKIP","floor":18},{"not_picked":["Moonworks:JonathanRush+1","Moonworks:EvilSpyWorkPreparation"],"picked":"Moonworks:ForcedRevival+1","floor":21},{"not_picked":["Moonworks:Flamethrower","Moonworks:DeployBits","Moonworks:IndiscriminateFireSupport"],"picked":"SKIP","floor":22}],"player_experience":218274,"relics_obtained":[{"floor":7.0,"key":"Frozen Egg 2"},{"floor":9.0,"key":"Ice Cream"},{"floor":13.0,"key":"Art of War"}],"event_choices":[{"damage_healed":15.0,"max_hp_gain":0.0,"max_hp_loss":0.0,"gold_gain":0.0,"event_name":"The Cleric","player_choice":"Healed","floor":2.0,"gold_loss":35.0,"damage_taken":0.0},{"damage_healed":0.0,"max_hp_gain":5.0,"max_hp_loss":0.0,"gold_gain":0.0,"event_name":"Big Fish","player_choice":"Donut","floor":4.0,"gold_loss":0.0,"damage_taken":0.0},{"damage_healed":0.0,"max_hp_gain":0.0,"max_hp_loss":0.0,"gold_gain":0.0,"event_name":"Scrap Ooze","player_choice":"Success","floor":14.0,"gold_loss":0.0,"damage_taken":7.0,"relics_obtained":["Tiny Chest"]},{"damage_healed":0,"gold_gain":0,"player_choice":"Opened","damage_taken":0,"relics_obtained":["DemoMod:WhiteGuonStone"],"max_hp_gain":0,"max_hp_loss":0,"event_name":"The Mausoleum","floor":19,"gold_loss":0,"cards_obtained":["Writhe"]}],"is_beta":false,"boss_relics":[{"not_picked":["Pandora\u0027s Box","Snecko Eye"],"picked":"Moonworks:SBBomb"}],"items_purged_floors":[],"is_endless":false,"potions_floor_spawned":[1,5,11,18,21],"killed_by":"Book of Stabbing","ascension_level":7}}