{"host":"zsm7bdfo51n66z45","time":1611352474,"event":{"mods":["AchievementEnabler","BaseMod","Bestiary","Better Skull","Better Third Choice","Colored Powertips","DeckTracker","Mimic Mod","Minty Spire (QoL Compilation)","MostiFishMod","Quick Restart","Relic Stats","Spicy Shops","StSLib","Waifu the Spire"],"gold_per_floor":[114,128,142,142,107,139,139,154,154,166,166,197,22,22,22,117,117,130,146,161,161,36,36,65,82,107,107,32,32,32,44,44,143,143,143],"floor_reached":34,"language":"ENG","playtime":572,"items_purged":["Defend_G","Defend_G","Strike_G"],"score":505,"play_id":"8b62b4fd-5f3c-4676-bd25-b6ad5cfe9017","local_time":"20210122155434","is_ascension_mode":false,"campfire_choices":[{"data":"Poisoned Stab","floor":7,"key":"SMITH"},{"data":"Riddle With Holes","floor":15,"key":"SMITH"},{"data":"Neutralize","floor":23,"key":"SMITH"},{"floor":32,"key":"REST"}],"circlet_count":0,"master_deck":["Strike_G","Strike_G+1","Strike_G","Defend_G","Defend_G","Survivor","Neutralize+1","Riddle With Holes+1","Riddle With Holes+1","Poisoned Stab+1","MostiFishMod:SephirahHod"],"relics":["Ring of the Snake","DaveBox","ExusiaiGun","SynthV:TestCard","Juzu Bracelet","Ninja Scroll","Whetstone","Bag of Preparation","Velvet Choker","Pantograph","Vajra","BionicSphere","MostiFishMod:Hod"],"acts_visited":["Exordium","TheCity","TheBeyond"],"potions_floor_usage":[],"damage_taken":[{"damage":0,"enemies":"Small Slimes","floor":1,"turns":1},{"damage":0,"enemies":"2 Louse","floor":2,"turns":1},{"damage":0,"enemies":"Jaw Worm","floor":3,"turns":1},{"damage":0,"enemies":"Gremlin Nob","floor":6,"turns":1},{"damage":0,"enemies":"Looter","floor":8,"turns":1},{"damage":0,"enemies":"Blue Slaver","floor":10,"turns":1},{"damage":0,"enemies":"3 Sentries","floor":12,"turns":2},{"damage":16,"enemies":"Hexaghost","floor":16,"turns":3},{"damage":0,"enemies":"Shell Parasite","floor":18,"turns":1},{"damage":0,"enemies":"Chosen","floor":19,"turns":1},{"damage":21,"enemies":"Snake Plant","floor":20,"turns":2},{"damage":28,"enemies":"Slavers","floor":24,"turns":3},{"damage":8,"enemies":"Centurion and Healer","floor":25,"turns":2},{"damage":0,"enemies":"Snecko","floor":31,"turns":1},{"damage":0,"enemies":"Automaton","floor":33,"turns":2}],"seed_played":"-9146778381398098243","potions_obtained":[{"floor":1,"key":"Dexterity Potion"},{"floor":3,"key":"Explosive Potion"},{"floor":16,"key":"Swift Potion"},{"floor":20,"key":"Poison Potion"}],"is_trial":false,"path_per_floor":["M","M","M","?","?","E","R","M","T","M","?","E","$","?","R","B",null,"M","M","M","?","$","R","E","M","T","$","?","?","T","M","R","B",null],"character_chosen":"THE_SILENT","items_purchased":[],"campfire_rested":1,"item_purchase_floors":[],"current_hp_per_floor":[77,77,77,52,71,71,71,71,71,71,64,64,64,69,69,53,82,82,82,61,82,82,82,54,46,46,46,46,46,46,46,70,82,82,82],"gold":143,"neow_bonus":"TEN_PERCENT_HP_BONUS","is_daily":false,"chose_seed":false,"campfire_upgraded":3,"win_rate":0.0,"timestamp":1611352474,"path_taken":["M","M","M","?","?","E","R","M","T","M","?","E","$","?","R","BOSS","M","M","M","?","$","R","E","M","T","$","?","?","?","M","R","BOSS"],"items_purchased_type":[],"build_version":"2020-12-22","purchased_purges":3,"victory":false,"max_hp_per_floor":[77,77,77,77,77,77,77,77,77,77,77,77,77,82,82,82,82,82,82,82,82,82,82,82,82,82,82,82,82,82,82,82,82,82,82],"relic_stats":{"counters":[15,23],"Pantograph":12,"Juzu Bracelet":1,"Bag of Preparation":[0],"Whetstone":["Riddle With Holes","Strike_G"],"obtain_stats":[{"MostiFishMod:Hod":34,"DaveBox":0,"Velvet Choker":17,"Vajra":26,"ExusiaiGun":0,"Juzu Bracelet":4,"Bag of Preparation":12,"Whetstone":9,"SynthV:TestCard":1,"Ninja Scroll":6,"Pantograph":24,"BionicSphere":30,"Ring of the Snake":0},{"MostiFishMod:Hod":15,"DaveBox":0,"Velvet Choker":8,"Vajra":13,"ExusiaiGun":0,"Juzu Bracelet":3,"Bag of Preparation":7,"Whetstone":5,"SynthV:TestCard":1,"Ninja Scroll":4,"Pantograph":12,"BionicSphere":13,"Ring of the Snake":0},{"MostiFishMod:Hod":23,"DaveBox":0,"Velvet Choker":11,"Vajra":20,"ExusiaiGun":0,"Juzu Bracelet":3,"Bag of Preparation":8,"Whetstone":5,"SynthV:TestCard":1,"Ninja Scroll":4,"Pantograph":18,"BionicSphere":20,"Ring of the Snake":0}],"Ring of the Snake":[30]},"card_choices":[{"not_picked":["MostiFishMod:ThornCasing","Outmaneuver","Catalyst"],"picked":"SKIP","floor":1},{"not_picked":["Flying Knee","Outmaneuver","Expertise","Deflect"],"picked":"Riddle With Holes","floor":2},{"not_picked":["Sucker Punch","MostiFishMod:PoisonShield","Underhanded Strike","Footwork"],"picked":"Riddle With Holes","floor":3},{"not_picked":["Infinite Blades","Deadly Poison","Backstab","Acrobatics"],"picked":"Poisoned Stab","floor":6},{"not_picked":["Backstab","Distraction","Backflip","Accuracy","MostiFishMod:PerfectParry"],"picked":"SKIP","floor":8},{"not_picked":["Dodge and Roll","PiercingWail","Finisher","Masterful Stab","MostiFishMod:FullyArmed"],"picked":"SKIP","floor":10},{"not_picked":["Predator","Cloak And Dagger","Distraction","Backflip","Bullet Time"],"picked":"SKIP","floor":12},{"not_picked":["Quick Slash","MostiFishMod:PerfectParry","Leg Sweep","Crippling Poison+1","All Out Attack"],"picked":"SKIP","floor":18},{"not_picked":["Endless Agony","MostiFishMod:PerfectParry","Noxious Fumes+1","MostiFishMod:FrostNova","Calculated Gamble"],"picked":"SKIP","floor":19},{"not_picked":["Outmaneuver+1","Crippling Poison+1","Underhanded Strike","Deadly Poison","Dodge and Roll"],"picked":"SKIP","floor":20},{"not_picked":["Die Die Die","Calculated Gamble","Predator+1","Endless Agony+1","Underhanded Strike"],"picked":"SKIP","floor":24},{"not_picked":["Bane","Concentrate+1","PiercingWail","Underhanded Strike","Backflip"],"picked":"SKIP","floor":25},{"not_picked":["Dagger Throw+1","Dagger Spray","Blade Dance","MostiFishMod:PerfectParry","Phantasmal Killer"],"picked":"SKIP","floor":31}],"player_experience":155175,"relics_obtained":[{"floor":1,"key":"SynthV:TestCard"},{"floor":6,"key":"Ninja Scroll"},{"floor":9,"key":"Whetstone"},{"floor":12,"key":"Bag of Preparation"},{"floor":24,"key":"Pantograph"},{"floor":26,"key":"Vajra"},{"floor":30,"key":"BionicSphere"}],"event_choices":[{"damage_healed":0,"gold_gain":0,"player_choice":"Relic ","damage_taken":25,"max_hp_gain":0,"max_hp_loss":0,"event_name":"betterThird:BetterScrap","floor":4,"gold_loss":0,"cards_obtained":["Amplify"]},{"damage_healed":19,"gold_gain":0,"player_choice":"Healed","damage_taken":0,"max_hp_gain":0,"max_hp_loss":0,"event_name":"The Cleric","floor":5,"gold_loss":35},{"cards_removed":["Defend_G"],"damage_healed":0,"gold_gain":0,"player_choice":"Card Removal","damage_taken":7,"max_hp_gain":0,"max_hp_loss":0,"event_name":"Golden Wing","floor":11,"gold_loss":0},{"damage_healed":0,"gold_gain":0,"player_choice":"Donut","damage_taken":0,"max_hp_gain":5,"max_hp_loss":0,"event_name":"Big Fish","floor":14,"gold_loss":0},{"damage_healed":27,"gold_gain":0,"player_choice":"Heal","damage_taken":0,"max_hp_gain":0,"max_hp_loss":0,"event_name":"The Library","floor":21,"gold_loss":0},{"cards_removed":["Strike_G"],"damage_healed":0,"gold_gain":0,"player_choice":"Gave Gold","damage_taken":0,"max_hp_gain":0,"max_hp_loss":0,"event_name":"Beggar","floor":28,"gold_loss":75},{"damage_healed":0,"gold_gain":0,"player_choice":"Ignored","damage_taken":0,"max_hp_gain":0,"max_hp_loss":0,"event_name":"Ghosts","floor":29,"gold_loss":0}],"is_beta":false,"boss_relics":[{"not_picked":["BloodWine","Astrolabe"],"picked":"Velvet Choker"},{"not_picked":["Cursed Key","TimeKeys"],"picked":"MostiFishMod:Hod"}],"items_purged_floors":[13,13,22],"is_endless":false,"potions_floor_spawned":[1,3,16,20,24,25],"ascension_level":0}}