{"host":"appz8zkad29u9482","time":1611345083,"event":{"mods":["2.2 Compatiblity","Act Like it!","Aspiration","Bard","BaseMod","Beaked The Cultist","Better Altar","Better Match","Better Note","Better Sensory Stone","Better Skull","Better Third Choice","BetterRewards","CapriCore","Conspire","Energized Spire","GifTheSpireLib","Gold Saver","Halation","Hermit","Hubris","Jedi Mod","Marisa????????","Minty Spire (QoL Compilation)","Permanent Neow","Replay The Spire","Spicy Shops","StSLib","Strawberry Spire","Stuff the Spire","The Cursed","The Immortal","yUi"],"gold_per_floor":[372,372,388,388,400,400,430,450,496,530,546,112,112,128,128,233,233,246,266,266,38,50,50,84,101,101,101,101,112,67,78,78,180,180,194,242,242,259,31,31,46,57,83,83,83,83,93,106,106,106],"floor_reached":51,"language":"ENG","playtime":2899,"items_purged":[],"score":1097,"play_id":"ddea963b-d4e3-4f50-8b2a-cf13bb49669a","local_time":"20210122095123","is_ascension_mode":true,"campfire_choices":[{"data":"Inflame","floor":6,"key":"SMITH"},{"data":"1","floor":13,"key":"LIFT"},{"data":"2","floor":15,"key":"LIFT"},{"data":"jedi:harder","floor":23,"key":"SMITH"},{"data":"ReplayTheSpireMod:Muscle Training","floor":27,"key":"SMITH"},{"data":"Inflame+1","floor":32,"key":"SMITH"},{"data":"3","floor":40,"key":"LIFT"},{"data":"Limit Break","floor":46,"key":"SMITH"},{"data":"jedi:harder","floor":49,"key":"SMITH"}],"circlet_count":0,"master_deck":["Strike_R","Strike_R","Strike_R","Strike_R","Defend_R","Defend_R","Defend_R","Defend_R","Bash","Inflame+2","strawberrySpire:DraftPunk","ReplayTheSpireMod:Strike From Hell","Flame Barrier","strawberrySpire:Endurance","Inflame+1","Twin Strike","ReplayTheSpireMod:Muscle Training+1","jedi:harder+1","jedi:fear","Whirlwind","Strike_R","Strike_R","Strike_R","Strike_R","Strike_R","Defend_R","Defend_R","Defend_R","Defend_R","Bash","Inflame+1","strawberrySpire:DraftPunk","ReplayTheSpireMod:Strike From Hell","Flame Barrier","strawberrySpire:Endurance","Inflame+1","Twin Strike","ReplayTheSpireMod:Muscle Training","jedi:harder+1","jedi:fear","Whirlwind","Inflame+1","Inflame+1","Inflame+1","Inflame+1","Inflame+1","jedi:controlledanger","Headbutt+1","ReplayTheSpireMod:Strike From Hell","Flex","Sword Boomerang","Berserk","Reaper","Pummel+1","Limit Break+1","ReplayTheSpireMod:Limb From Limb","Flame Barrier+1","Battle Trance+1","Demon Form"],"relics":["Burning Blood","aspiration:Nostalgia","m_ByrdBlood","Lantern","halation:AfternoonTea","aspiration:EmptySkull","Girya","hubris:IronBody","DollysMirror","Replay:Grab Bag","energizedSpire:DecayingSkull","energizedSpire:RedRose","hubris:Backtick","Quantum Egg","strawberrySpire:BrokenPrinter","conspire:InfiniteJournal","Nloth\u0027s Gift","Philosopher\u0027s Stone","CatCart","Pen Nib","halation:PapillonHeart"],"acts_visited":["Exordium","TheCity","TheBeyond"],"potions_floor_usage":[10,10,10,31,33,33,33],"damage_taken":[{"damage":8,"enemies":"Jaw Worm","floor":1,"turns":4},{"damage":1,"enemies":"Cultist","floor":3,"turns":4},{"damage":0,"enemies":"Small Slimes","floor":5,"turns":4},{"damage":40,"enemies":"Lagavulin","floor":7,"turns":5},{"damage":6,"enemies":"Exordium Thugs","floor":8,"turns":4},{"damage":52,"enemies":"3 Sentries","floor":10,"turns":10},{"damage":17,"enemies":"3 Louse","floor":11,"turns":3},{"damage":0,"enemies":"Lots of Slimes","floor":14,"turns":4},{"damage":5,"enemies":"Slime Boss","floor":16,"turns":7},{"damage":39,"enemies":"2 Thieves","floor":18,"turns":5},{"damage":30,"enemies":"Chosen","floor":19,"turns":3},{"damage":48,"enemies":"Sentry and Sphere","floor":22,"turns":7},{"damage":27,"enemies":"Book of Stabbing","floor":24,"turns":5},{"damage":37,"enemies":"Shelled Parasite and Fungi","floor":25,"turns":3},{"damage":22,"enemies":"Snecko","floor":29,"turns":3},{"damage":23,"enemies":"3 Cultists","floor":31,"turns":4},{"damage":39,"enemies":"Pondfish","floor":33,"turns":5},{"damage":9,"enemies":"Orb Walker","floor":35,"turns":4},{"damage":35,"enemies":"Orin","floor":36,"turns":7},{"damage":53,"enemies":"3 Shapes","floor":38,"turns":2},{"damage":24,"enemies":"Sphere and 2 Shapes","floor":41,"turns":4},{"damage":54,"enemies":"Jaw Worm Horde","floor":42,"turns":3},{"damage":22,"enemies":"Spire Growth","floor":47,"turns":3},{"damage":11,"enemies":"Writhing Mass","floor":48,"turns":2},{"damage":78,"enemies":"conspire:OrnateMirror","floor":50,"turns":7}],"seed_played":"-7267861990051991940","potions_obtained":[{"floor":3,"key":"Swift Potion"},{"floor":7,"key":"Energy Potion"},{"floor":8,"key":"Languid Potion"},{"floor":16,"key":"PowerPotion"},{"floor":22,"key":"jedi:tentaclejuice"},{"floor":25,"key":"LiquidBronze"},{"floor":31,"key":"SkillPotion"},{"floor":36,"key":"Swift Potion"},{"floor":38,"key":"SpeedPotion"},{"floor":42,"key":"Weak Potion"}],"is_trial":false,"path_per_floor":["M","?","M","?","M","R","E","M","T","E","M","$","R","M","R","B",null,"M","M","?","$","M","R","E","M","T","R","?","M","$","M","R","B",null,"M","?","?","M","$","R","M","M","T","?","?","R","M","M","R","B",null],"character_chosen":"IRONCLAD","items_purchased":["hubris:IronBody","DollysMirror","Twin Strike","strawberrySpire:BrokenPrinter","jedi:controlledanger","Flex","Limit Break","ReplayTheSpireMod:Limb From Limb"],"campfire_rested":0,"item_purchase_floors":[12,12,12,21,21,30,39,39],"current_hp_per_floor":[80,80,80,80,80,80,55,69,69,37,35,35,35,62,62,80,80,68,68,68,68,73,73,80,75,75,75,75,76,76,80,80,80,80,80,80,80,43,43,43,78,69,69,53,53,53,76,76,76,69],"gold":106,"neow_bonus":"NOSTALGIA","is_daily":false,"chose_seed":false,"campfire_upgraded":6,"win_rate":0.0,"timestamp":1611345083,"path_taken":["M","?","?","?","M","R","E","M","T","E","?","?","R","M","R","BOSS","M","M","?","$","M","R","E","?","T","R","?","M","$","M","R","BOSS","M","?","?","M","$","R","M","M","T","?","?","R","M","M","R","BOSS"],"items_purchased_type":["Relic","Relic","Card","Relic","Card","Card","Card","Card"],"build_version":"2020-12-22","purchased_purges":0,"victory":true,"max_hp_per_floor":[80,80,80,80,80,80,80,80,80,80,80,80,80,80,80,80,80,80,80,80,80,80,80,80,80,80,80,80,80,80,80,80,80,80,80,80,80,80,80,80,80,80,80,80,76,76,76,76,76,76],"card_choices":[{"not_picked":["Warcry","Dropkick"],"picked":"Sword Boomerang","floor":1},{"not_picked":["strawberrySpire:Spite","Warcry"],"picked":"jedi:controlledanger","floor":3},{"not_picked":["beaked:Resilience","strawberrySpire:PumpUp"],"picked":"Inflame","floor":5},{"not_picked":["strawberrySpire:Aggression","strawberrySpire:GettingOverIt"],"picked":"strawberrySpire:DraftPunk","floor":7},{"not_picked":["StuffTheSpire:Incineration","Shockwave"],"picked":"ReplayTheSpireMod:Strike From Hell","floor":8},{"not_picked":["Entrench","Wild Strike"],"picked":"Flame Barrier","floor":10},{"not_picked":["Clothesline","ReplayTheSpireMod:LeadingStrike"],"picked":"strawberrySpire:Endurance","floor":11},{"not_picked":["Second Wind","Sword Boomerang"],"picked":"ReplayTheSpireMod:Muscle Training","floor":14},{"not_picked":["Immolate","hubris:StunningStrike"],"picked":"jedi:harder","floor":16},{"not_picked":["Flex","Entrench"],"picked":"jedi:fear","floor":18},{"not_picked":["Pummel","Uppercut"],"picked":"Whirlwind","floor":19},{"not_picked":["strawberrySpire:CrashLanding","Warcry+1"],"picked":"Headbutt+1","floor":22},{"not_picked":["strawberrySpire:Taunt+1","Second Wind"],"picked":"ReplayTheSpireMod:Strike From Hell","floor":24},{"not_picked":["hubris:ReadiedAction","Run Through","Blood for Blood"],"picked":"SKIP","floor":25},{"not_picked":["Headbutt","Rage","Clash"],"picked":"SKIP","floor":29},{"not_picked":["Wild Strike","Run Through"],"picked":"Sword Boomerang","floor":31},{"not_picked":["strawberrySpire:Harvest","Fiend Fire"],"picked":"Berserk","floor":33},{"not_picked":["StuffTheSpire:Resist+1","jedi:fear","Run Through+1"],"picked":"SKIP","floor":35},{"not_picked":["True Grit","Shrug It Off+1"],"picked":"Reaper","floor":36},{"not_picked":["jedi:suffering","Life Link"],"picked":"Pummel+1","floor":38},{"not_picked":["ReplayTheSpireMod:Stacked","ReplayTheSpireMod:LeadingStrike+1"],"picked":"Flame Barrier+1","floor":41},{"not_picked":["Flex+1","ReplayTheSpireMod:Stacked"],"picked":"Battle Trance+1","floor":42},{"not_picked":["strawberrySpire:Spite","Dual Wield","Sentinel+1"],"picked":"SKIP","floor":47},{"not_picked":["True Grit+1","strawberrySpire:CrashLanding+1","Rupture"],"picked":"SKIP","floor":48}],"player_experience":534756,"relics_obtained":[{"floor":7,"key":"halation:AfternoonTea"},{"floor":9,"key":"aspiration:EmptySkull"},{"floor":10,"key":"Girya"},{"floor":24,"key":"Smiling Mask"},{"floor":26,"key":"conspire:InfiniteJournal"},{"floor":36,"key":"CatCart"},{"floor":43,"key":"Pen Nib"}],"event_choices":[{"cards_removed":["Sword Boomerang"],"damage_healed":0,"gold_gain":0,"player_choice":"Gave Card","damage_taken":0,"relics_obtained":["Lantern"],"max_hp_gain":0,"max_hp_loss":0,"event_name":"WeMeetAgain","floor":2,"gold_loss":0},{"cards_removed":["jedi:controlledanger"],"damage_healed":0,"gold_gain":0,"player_choice":"Offered Uncommon","damage_taken":0,"max_hp_gain":0,"max_hp_loss":0,"event_name":"Bonfire Elementals","floor":4,"gold_loss":0},{"damage_healed":0,"gold_gain":0,"player_choice":"Traded Relic","damage_taken":0,"relics_obtained":["Nloth\u0027s Gift"],"max_hp_gain":0,"max_hp_loss":0,"event_name":"N\u0027loth","floor":28,"relics_lost":["Smiling Mask"],"gold_loss":0},{"damage_healed":0,"gold_gain":0,"player_choice":"Fight","damage_taken":0,"max_hp_gain":0,"max_hp_loss":0,"event_name":"OrinTheCat","floor":36,"gold_loss":0},{"cards_removed":["Strike_R"],"damage_healed":0,"gold_gain":0,"player_choice":"Removed Attack","damage_taken":0,"max_hp_gain":0,"max_hp_loss":0,"event_name":"Falling","floor":37,"gold_loss":0},{"damage_healed":0,"gold_gain":3,"player_choice":"2","damage_taken":0,"max_hp_gain":0,"max_hp_loss":16,"event_name":"betterStone:BetterStone","floor":44,"gold_loss":0}],"is_beta":false,"boss_relics":[{"not_picked":["energizedSpire:MagnifyingGlass","StuffTheSpire:ModemDavis"],"picked":"Replay:Grab Bag"},{"not_picked":["ChewingGum","energizedSpire:OgreHead"],"picked":"energizedSpire:DecayingSkull"},{"not_picked":["Velvet Choker","strawberrySpire:RottenAvocado"],"picked":"energizedSpire:RedRose"},{"not_picked":["aspiration:RunicSpoon","hubris:BlackHole"],"picked":"hubris:Backtick"},{"not_picked":["Fusion Hammer","Sozu"],"picked":"Philosopher\u0027s Stone"}],"items_purged_floors":[],"is_endless":false,"potions_floor_spawned":[3,7,8,16,22,25,31,36,38,42],"ascension_level":4}}