{"host":"l12hrjjiowxu1z6t","time":1611295449,"event":{"mods":["AchievementEnabler","BaseMod","Colored Map","Colored Powertips","Highlight Path","Minty Spire (QoL Compilation)","Relic Stats"],"gold_per_floor":[12,12,0,0,17,17,47,47,47,47,47,78,95,113,113,211,211,228,239,164,164,183,214,214,234,234,269,301,316,316,340,340,439,439,453,453,0,18,33,59,73,103,103,145,157,184,212,224,236,248,260,272,23,54,54,54],"floor_reached":55,"language":"ENG","playtime":2903,"items_purged":["Strike_R"],"score":819,"play_id":"ac7a5ba9-f7b7-4fa5-80bf-ac414de93d37","local_time":"20210122060409","is_ascension_mode":true,"campfire_choices":[{"data":"Apotheosis","floor":6.0,"key":"SMITH"},{"floor":8,"key":"REST"},{"floor":11,"key":"REST"},{"floor":15,"key":"REST"},{"floor":24,"key":"REST"},{"floor":32,"key":"REST"},{"floor":49,"key":"RECALL"},{"floor":52,"key":"DIG"}],"circlet_count":0,"master_deck":["Strike_R","Strike_R","Defend_R+1","Defend_R","Apotheosis+1","Headbutt","Disarm","Bludgeon","Flex","Combust","Blood for Blood","Immolate","CurseOfTheBell","Pommel Strike","Double Tap","Fire Breathing+1","Inflame","Metallicize","Impervious","Thunderclap","Seeing Red","Barricade","Panacea","Thunderclap+1","Heavy Blade","Shockwave+1"],"relics":["Burning Blood","Darkstone Periapt","Gremlin Horn","Happy Flower","Calling Bell","Bag of Preparation","The Courier","Magic Flower","War Paint","Unceasing Top","Bottled Lightning","Red Mask","Enchiridion","Busted Crown","Vajra","Self Forming Clay","Strawberry","Shovel","MealTicket","MawBank","Lantern","Shuriken","Ornamental Fan","Ginger"],"acts_visited":["Exordium","TheCity","TheBeyond","TheEnding"],"potions_floor_usage":[12,19,19,19,28,44,44,47,54],"damage_taken":[{"damage":0.0,"enemies":"Small Slimes","floor":1.0,"turns":3.0},{"damage":11.0,"enemies":"2 Louse","floor":5.0,"turns":3.0},{"damage":32,"enemies":"Gremlin Nob","floor":7,"turns":5},{"damage":36,"enemies":"Lagavulin","floor":12,"turns":4},{"damage":1,"enemies":"Jaw Worm","floor":13,"turns":3},{"damage":2,"enemies":"Large Slime","floor":14,"turns":4},{"damage":21,"enemies":"The Guardian","floor":16,"turns":6},{"damage":9,"enemies":"Chosen","floor":18,"turns":4},{"damage":2,"enemies":"3 Byrds","floor":19,"turns":3},{"damage":13,"enemies":"Cultist and Chosen","floor":22,"turns":4},{"damage":53,"enemies":"Slavers","floor":23,"turns":4},{"damage":23,"enemies":"Chosen and Byrds","floor":25,"turns":5},{"damage":7,"enemies":"Gremlin Leader","floor":27,"turns":4},{"damage":0,"enemies":"Masked Bandits","floor":28,"turns":2},{"damage":12,"enemies":"Centurion and Healer","floor":29,"turns":3},{"damage":25,"enemies":"Automaton","floor":33,"turns":6},{"damage":10,"enemies":"Orb Walker","floor":35,"turns":3},{"damage":6,"enemies":"3 Shapes","floor":38,"turns":3},{"damage":1,"enemies":"Maw","floor":39,"turns":4},{"damage":18,"enemies":"Reptomancer","floor":40,"turns":5},{"damage":4,"enemies":"Transient","floor":41,"turns":5},{"damage":25,"enemies":"Giant Head","floor":42,"turns":7},{"damage":23,"enemies":"Reptomancer","floor":44,"turns":5},{"damage":7,"enemies":"Jaw Worm Horde","floor":46,"turns":2},{"damage":21,"enemies":"Maw","floor":47,"turns":6},{"damage":52,"enemies":"Time Eater","floor":50,"turns":11},{"damage":36,"enemies":"Shield and Spear","floor":54,"turns":5},{"damage":69,"enemies":"The Heart","floor":55,"turns":5}],"seed_played":"-174361167505330456","potions_obtained":[{"floor":5.0,"key":"ColorlessPotion"},{"floor":13,"key":"ColorlessPotion"},{"floor":14,"key":"AttackPotion"},{"floor":18,"key":"SteroidPotion"},{"floor":19,"key":"Explosive Potion"},{"floor":25,"key":"Fire Potion"},{"floor":29,"key":"BlessingOfTheForge"},{"floor":35,"key":"BlessingOfTheForge"},{"floor":38,"key":"Strength Potion"},{"floor":42,"key":"BloodPotion"},{"floor":46,"key":"PowerPotion"},{"floor":47,"key":"SpeedPotion"}],"is_trial":false,"path_per_floor":["M","?","?","?","M","R","E","R","T","$","R","E","M","M","R","B",null,"M","M","?","?","M","E","R","M","T","E","?","M","?","T","R","B",null,"M","?","$","M","M","E","M","E","T","E","?","M","M","?","R","B",null,"R","$","E","B"],"character_chosen":"IRONCLAD","items_purchased":["Vajra","Self Forming Clay","Strawberry","Ornamental Fan"],"campfire_rested":5,"item_purchase_floors":[37,37,37,53],"current_hp_per_floor":[80,80,80,73,68,68,42,66,66,66,80,50,55,59,80,65,86,86,86,86,86,82,38,63,49,49,51,60,57,41,41,66,50,86,85,85,92,93,93,84,89,73,73,86,86,88,76,76,76,33,93,93,93,66,0,0],"gold":54,"neow_bonus":"RANDOM_COLORLESS_2","is_daily":false,"chose_seed":false,"campfire_upgraded":1,"win_rate":0.0,"timestamp":1611295449,"path_taken":["M","?","?","?","M","R","E","R","T","$","R","E","M","?","R","BOSS","M","M","?","?","M","E","R","M","T","E","?","M","?","?","R","BOSS","M","?","$","M","M","E","M","E","T","E","?","M","?","?","R","BOSS","R","$","E","BOSS"],"items_purchased_type":["Relic","Relic","Relic","Relic"],"build_version":"2020-12-22","purchased_purges":1,"victory":false,"max_hp_per_floor":[80,80,80,80,80,80,80,80,80,80,80,80,80,80,80,80,86,86,86,86,86,86,86,86,86,86,86,86,86,86,86,86,86,86,86,86,93,93,93,93,93,93,93,93,93,93,93,93,93,93,93,93,93,93,93,93],"relic_stats":{"Darkstone Periapt":6,"Gremlin Horn":[28,28],"Happy Flower":[36],"counters":[28,124],"Self Forming Clay":[105],"Magic Flower":[61],"Bag of Preparation":[42],"Ginger":[2],"War Paint":["Defend_R","Defend_R"],"MawBank":120,"Burning Blood":199,"Busted Crown":22,"Shovel":1,"Shuriken":[3],"Ornamental Fan":[12],"MealTicket":0,"obtain_stats":[{"Darkstone Periapt":7,"Lantern":44,"Gremlin Horn":9,"Happy Flower":12,"Self Forming Clay":37,"Magic Flower":17,"Enchiridion":30,"Vajra":37,"The Courier":17,"Bag of Preparation":17,"Ginger":54,"War Paint":23,"MawBank":43,"Burning Blood":0,"Calling Bell":17,"Busted Crown":34,"Shovel":40,"Shuriken":52,"Ornamental Fan":53,"Strawberry":37,"MealTicket":42,"Red Mask":28,"Bottled Lightning":27,"Unceasing Top":26},{"Darkstone Periapt":3,"Lantern":23,"Gremlin Horn":3,"Happy Flower":4,"Self Forming Clay":17,"Magic Flower":7,"Enchiridion":15,"Vajra":17,"The Courier":7,"Bag of Preparation":7,"Ginger":27,"War Paint":11,"MawBank":22,"Burning Blood":0,"Calling Bell":7,"Busted Crown":16,"Shovel":20,"Shuriken":26,"Ornamental Fan":26,"Strawberry":17,"MealTicket":22,"Red Mask":14,"Bottled Lightning":13,"Unceasing Top":12},{"Darkstone Periapt":11,"Lantern":95,"Gremlin Horn":11,"Happy Flower":15,"Self Forming Clay":66,"Magic Flower":28,"Enchiridion":57,"Vajra":66,"The Courier":28,"Bag of Preparation":28,"Ginger":119,"War Paint":43,"MawBank":90,"Burning Blood":0,"Calling Bell":28,"Busted Crown":63,"Shovel":78,"Shuriken":114,"Ornamental Fan":114,"Strawberry":66,"MealTicket":90,"Red Mask":54,"Bottled Lightning":52,"Unceasing Top":48}],"Unceasing Top":[11]},"card_choices":[{"not_picked":["The Bomb","Sadistic Nature"],"picked":"Apotheosis","floor":0.0},{"not_picked":["True Grit","Armaments"],"picked":"Headbutt","floor":1.0},{"not_picked":["Headbutt","Body Slam"],"picked":"Disarm","floor":5.0},{"not_picked":["Sentinel","Armaments"],"picked":"Bludgeon","floor":7},{"not_picked":["Iron Wave","Thunderclap"],"picked":"Flex","floor":12},{"not_picked":["Anger","Iron Wave"],"picked":"Combust","floor":13},{"not_picked":["Power Through","Rampage"],"picked":"Blood for Blood","floor":14},{"not_picked":["Brutality","Fiend Fire"],"picked":"Immolate","floor":16},{"not_picked":["Body Slam+1","Perfected Strike"],"picked":"Pommel Strike","floor":18},{"not_picked":["Sentinel","Armaments+1","Headbutt"],"picked":"SKIP","floor":19},{"not_picked":["Dual Wield+1","Evolve+1"],"picked":"Fire Breathing+1","floor":22},{"not_picked":["Armaments","Corruption"],"picked":"Inflame","floor":23},{"not_picked":["Warcry","Shrug It Off"],"picked":"Metallicize","floor":25},{"not_picked":["Flame Barrier","Headbutt"],"picked":"Impervious","floor":27},{"not_picked":["Bloodletting","Dropkick+1"],"picked":"Thunderclap","floor":28},{"not_picked":["Whirlwind","Flex+1"],"picked":"Seeing Red","floor":29},{"not_picked":["Demon Form","Impervious"],"picked":"Barricade","floor":33},{"not_picked":["Evolve+1"],"picked":"SKIP","floor":35},{"not_picked":[],"picked":"Panacea","floor":36},{"not_picked":[],"picked":"Thunderclap+1","floor":38},{"not_picked":["Whirlwind+1"],"picked":"SKIP","floor":39},{"not_picked":[],"picked":"Heavy Blade","floor":40},{"not_picked":["Pommel Strike"],"picked":"SKIP","floor":41},{"not_picked":["Thunderclap"],"picked":"SKIP","floor":42},{"not_picked":[],"picked":"Shockwave+1","floor":44},{"not_picked":["Body Slam+1"],"picked":"SKIP","floor":46},{"not_picked":["Sword Boomerang+1"],"picked":"SKIP","floor":47},{"not_picked":["Feel No Pain"],"picked":"SKIP","floor":54}],"player_experience":89953,"relics_obtained":[{"floor":7,"key":"Darkstone Periapt"},{"floor":9,"key":"Gremlin Horn"},{"floor":12,"key":"Happy Flower"},{"floor":17,"key":"Bag of Preparation"},{"floor":17,"key":"The Courier"},{"floor":17,"key":"Magic Flower"},{"floor":23,"key":"War Paint"},{"floor":26,"key":"Unceasing Top"},{"floor":27,"key":"Bottled Lightning"},{"floor":28,"key":"Red Mask"},{"floor":30,"key":"Enchiridion"},{"floor":40,"key":"Shovel"},{"floor":42,"key":"MealTicket"},{"floor":43,"key":"MawBank"},{"floor":44,"key":"Lantern"},{"floor":52,"key":"Shuriken"},{"floor":54,"key":"Ginger"}],"event_choices":[{"cards_removed":["Strike_R"],"damage_healed":0.0,"max_hp_gain":0.0,"max_hp_loss":0.0,"gold_gain":0.0,"event_name":"Living Wall","player_choice":"Forget","floor":2.0,"gold_loss":0.0,"damage_taken":0.0},{"damage_healed":0.0,"max_hp_gain":0.0,"max_hp_loss":0.0,"gold_gain":0.0,"event_name":"World of Goop","player_choice":"Left Gold","floor":3.0,"gold_loss":12.0,"damage_taken":0.0},{"cards_removed":["Defend_R"],"damage_healed":0.0,"max_hp_gain":0.0,"max_hp_loss":0.0,"gold_gain":0.0,"event_name":"Golden Wing","player_choice":"Card Removal","floor":4.0,"gold_loss":0.0,"damage_taken":7.0},{"cards_removed":["Strike_R"],"damage_healed":0,"gold_gain":0,"player_choice":"Gave Gold","damage_taken":0,"max_hp_gain":0,"max_hp_loss":0,"event_name":"Beggar","floor":20,"gold_loss":75},{"damage_healed":0,"gold_gain":0,"player_choice":"Read","damage_taken":0,"max_hp_gain":0,"max_hp_loss":0,"event_name":"The Library","floor":21,"gold_loss":0,"cards_obtained":["Double Tap"]},{"damage_healed":0,"gold_gain":0,"player_choice":"Fought Bandits","damage_taken":0,"max_hp_gain":0,"max_hp_loss":0,"event_name":"Masked Bandits","floor":28,"gold_loss":0},{"damage_healed":0,"gold_gain":0,"player_choice":"Obtained Book","damage_taken":16,"max_hp_gain":0,"max_hp_loss":0,"event_name":"Cursed Tome","floor":30,"gold_loss":0},{"damage_healed":0,"gold_gain":0,"player_choice":"Memory 1","damage_taken":0,"max_hp_gain":0,"max_hp_loss":0,"event_name":"SensoryStone","floor":36,"gold_loss":0},{"cards_removed":["Bash"],"damage_healed":0,"gold_gain":0,"player_choice":"Offered Basic","damage_taken":0,"max_hp_gain":0,"max_hp_loss":0,"event_name":"Bonfire Elementals","floor":45,"gold_loss":0},{"cards_removed":["Defend_R"],"damage_healed":0,"gold_gain":0,"player_choice":"Removed Skill","damage_taken":0,"max_hp_gain":0,"max_hp_loss":0,"event_name":"Falling","floor":48,"gold_loss":0}],"is_beta":false,"boss_relics":[{"not_picked":["Velvet Choker","Runic Dome"],"picked":"Calling Bell"},{"not_picked":["Runic Cube","Empty Cage"],"picked":"Busted Crown"}],"items_purged_floors":[53],"is_endless":false,"potions_floor_spawned":[5,13,14,18,19,25,29,35,38,42,46,47],"killed_by":"The Heart","ascension_level":1}}