{"host":"3498uni0c31c9bdm","time":1611290808,"event":{"mods":["BaseMod","Better Third Choice","Minty Spire (QoL Compilation)","Replay The Spire","StSLib"],"gold_per_floor":[115,115,115,127,127,127,154,154,177,177,189,218,232,251,251,352,402,415,415,79,98,115,145,145,175,175,193,193,193,211,228,228,325,325,339,69,87,103,116,116,141,154,154,363,376,376,386,90,90,90,90,90,86,86,86],"floor_reached":54,"language":"ENG","playtime":3231,"items_purged":["Regret"],"score":1025,"play_id":"ab4685ea-d95e-44ec-a4ab-a80184c874a3","local_time":"20210122154648","is_ascension_mode":true,"campfire_choices":[{"floor":6,"key":"RECALL"},{"floor":8,"key":"REST"},{"data":"TalkToTheHand","floor":10,"key":"SMITH"},{"floor":15,"key":"REST"},{"floor":24,"key":"REST"},{"floor":28,"key":"REST"},{"floor":32,"key":"REST"},{"floor":40,"key":"REST"},{"floor":46,"key":"REST"},{"floor":49,"key":"REST"},{"data":"Replay:Hum","floor":52,"key":"SMITH"}],"circlet_count":0,"master_deck":["Strike_P+1","Strike_P","Strike_P+1","Strike_P","Defend_P","Defend_P+1","Defend_P","Defend_P","Eruption","Vigilance","TalkToTheHand+1","PathToVictory+1","CutThroughFate","EmptyFist","LessonLearned","PathToVictory","Prostrate+1","DeusExMachina+1","Replay:BluntJabs","EmptyBody+1","Replay:Hum+1","Protect+1","TalkToTheHand","Replay:Battleflow","TalkToTheHand","Prostrate+1","Weave+1","SandsOfTime+1","Judgement+1","ThirdEye","MentalFortress","MentalFortress","Replay:ManipulateFuture+1","BowlingBash","Replay:ManipulateFuture","ReplayTheSpireMod:Splinters","EmptyBody","Parasite","Replay:ManipulateFuture+1","PathToVictory","BowlingBash","ReplayTheSpireMod:IOU","ReplayTheSpireMod:IOU","ReplayTheSpireMod:IOU","ReplayTheSpireMod:IOU","ReplayTheSpireMod:IOU","ReplayTheSpireMod:IOU","ReplayTheSpireMod:IOU","BattleHymn","ThirdEye","EmptyBody","Replay:BluntJabs","CrushJoints","Forethought"],"relics":["PureWater","Ginger","Replay:Rubber Ducky","Ring of Misfortune","Ring of Fury","StoneCalendar","Omamori","Oddly Smooth Stone","Tiny House","FossilizedHelix","Replay:Accelerometer","Replay:Wax Seal","WarpedTongs","Busted Crown","Replay:Purple Gloves","Torii","Replay:Ringing Soul","Onion Ring","Dream Catcher","Thread and Needle","BargainBundle"],"acts_visited":["Exordium","TheCity","TheBeyond","TheEnding"],"potions_floor_usage":[7,12,16,23,25,33,33,47,50,50,50,54],"damage_taken":[{"damage":18,"enemies":"Small Slimes","floor":1,"turns":5},{"damage":12,"enemies":"Cultist","floor":4,"turns":4},{"damage":21,"enemies":"Replay:BlueRogue","floor":7,"turns":5},{"damage":0,"enemies":"2 Louse","floor":11,"turns":1},{"damage":15,"enemies":"3 Sentries","floor":12,"turns":7},{"damage":4,"enemies":"Looter","floor":13,"turns":2},{"damage":0,"enemies":"Gremlin Gang","floor":14,"turns":4},{"damage":37,"enemies":"Hexaghost","floor":16,"turns":8},{"damage":4,"enemies":"Chosen","floor":18,"turns":3},{"damage":6,"enemies":"3 Byrds","floor":21,"turns":5},{"damage":24,"enemies":"Cultist and Chosen","floor":22,"turns":7},{"damage":1,"enemies":"Replay:Snechameleon","floor":23,"turns":5},{"damage":17,"enemies":"Slavers","floor":25,"turns":7},{"damage":16,"enemies":"Snake Plant","floor":27,"turns":4},{"damage":19,"enemies":"Sentry and Sphere","floor":30,"turns":7},{"damage":0,"enemies":"Chosen and Byrds","floor":31,"turns":7},{"damage":91,"enemies":"Automaton","floor":33,"turns":10},{"damage":0,"enemies":"Orb Walker","floor":35,"turns":2},{"damage":16,"enemies":"3 Darklings","floor":37,"turns":3},{"damage":16,"enemies":"Jaw Worm Horde","floor":38,"turns":4},{"damage":20,"enemies":"Transient","floor":39,"turns":5},{"damage":5,"enemies":"R_Hoarder","floor":41,"turns":8},{"damage":18,"enemies":"3 Darklings","floor":42,"turns":5},{"damage":0,"enemies":"Writhing Mass","floor":45,"turns":7},{"damage":18,"enemies":"Jaw Worm Horde","floor":47,"turns":5},{"damage":62,"enemies":"Replay:Hell Engine","floor":50,"turns":10},{"damage":91,"enemies":"Shield and Spear","floor":54,"turns":4}],"seed_played":"972307015799934235","potions_obtained":[{"floor":4,"key":"Fire Potion"},{"floor":11,"key":"Cursed Concoction"},{"floor":14,"key":"Dexterity Potion"},{"floor":16,"key":"Cursed Concoction"},{"floor":17,"key":"Swift Potion"},{"floor":22,"key":"FairyPotion"},{"floor":27,"key":"Toxic Potion"},{"floor":30,"key":"EssenceOfSteel"},{"floor":33,"key":"BlessingOfTheForge"},{"floor":39,"key":"Adrenaline Potion"},{"floor":41,"key":"FearPotion"},{"floor":47,"key":"Doom Potion"}],"is_trial":false,"path_per_floor":["M","?","?","M","?","R","E","R","T","R","M","E","M","M","R","B",null,"M","?","$","M","M","E","R","E","T","M","R","?","M","M","R","B",null,"M","$","M","M","M","R","E","M","T","?","M","R","M","$","R","B",null,"R","$","E"],"character_chosen":"WATCHER","items_purchased":["FossilizedHelix","Replay:Hum","Replay:Purple Gloves","MentalFortress","BowlingBash","Onion Ring","Dream Catcher","Thread and Needle","BargainBundle","BattleHymn","ThirdEye","EmptyBody","Replay:BluntJabs","CrushJoints","Explosive Potion","Strength Potion","BottledMiracle","Forethought"],"campfire_rested":8,"item_purchase_floors":[20,20,36,36,48,48,48,53,53,53,53,53,53,53,53,53,53,53],"current_hp_per_floor":[47,31,82,70,70,70,49,73,73,73,73,58,54,54,78,41,77,73,65,65,59,35,34,60,43,43,27,53,53,34,34,60,5,67,67,67,51,35,15,41,36,18,18,21,24,51,36,39,68,6,76,76,79,0,0],"gold":86,"neow_bonus":"RANDOM_EVENT","is_daily":false,"chose_seed":false,"campfire_upgraded":2,"win_rate":0.0,"timestamp":1611290808,"path_taken":["M","?","?","?","?","R","E","R","T","R","M","E","M","M","R","BOSS","M","?","$","?","M","E","R","E","T","M","R","?","?","M","R","BOSS","M","$","M","?","M","R","E","M","T","?","M","R","M","$","R","BOSS","R","$","E"],"items_purchased_type":["Relic","Card","Relic","Card","Card","Relic","Relic","Relic","Relic","Card","Card","Card","Card","Card","Potion","Potion","Potion","Card"],"build_version":"2020-12-22","purchased_purges":1,"victory":false,"max_hp_per_floor":[72,72,82,82,82,82,82,82,82,82,82,82,82,82,82,82,87,87,87,87,87,87,87,87,87,87,87,87,87,87,87,87,87,87,87,87,87,87,87,87,87,87,87,90,93,93,96,99,99,99,99,99,102,102,102],"card_choices":[{"not_picked":["ThirdEye","Replay:Anticipation"],"picked":"TalkToTheHand","floor":1},{"not_picked":["FlurryOfBlows","Swivel"],"picked":"PathToVictory","floor":4},{"not_picked":["Halt","Replay:Cycle"],"picked":"CutThroughFate","floor":7},{"not_picked":["Protect","Tantrum"],"picked":"EmptyFist","floor":11},{"not_picked":["EmptyMind","Evaluate"],"picked":"LessonLearned","floor":12},{"not_picked":["BowlingBash","Replay:BluntJabs"],"picked":"PathToVictory","floor":13},{"not_picked":["Replay:Vibes","EmptyBody"],"picked":"Prostrate","floor":14},{"not_picked":["Omniscience","Brilliance"],"picked":"DeusExMachina","floor":16},{"not_picked":["EmptyFist","Indignation"],"picked":"Replay:BluntJabs","floor":17},{"not_picked":["Consecrate","CrushJoints"],"picked":"EmptyBody","floor":18},{"not_picked":["Worship","ThirdEye"],"picked":"Protect+1","floor":21},{"not_picked":["JustLucky","Adaptation"],"picked":"TalkToTheHand","floor":22},{"not_picked":["WheelKick+1","Wish"],"picked":"Replay:Battleflow","floor":23},{"not_picked":["Replay:ManipulateFuture+1","DeceiveReality"],"picked":"TalkToTheHand","floor":25},{"not_picked":["JustLucky","SashWhip"],"picked":"Prostrate+1","floor":27},{"not_picked":["EmptyFist","CrushJoints"],"picked":"Weave+1","floor":30},{"not_picked":["CarveReality","Devotion"],"picked":"SandsOfTime+1","floor":31},{"not_picked":["LessonLearned","Vault"],"picked":"Judgement","floor":33},{"not_picked":[],"picked":"ThirdEye","floor":35},{"not_picked":[],"picked":"MentalFortress","floor":37},{"not_picked":[],"picked":"Replay:ManipulateFuture+1","floor":38},{"not_picked":[],"picked":"BowlingBash","floor":39},{"not_picked":[],"picked":"Replay:ManipulateFuture","floor":41},{"not_picked":["Replay:BluntJabs"],"picked":"SKIP","floor":42},{"not_picked":[],"picked":"EmptyBody","floor":44},{"not_picked":[],"picked":"Replay:ManipulateFuture+1","floor":45},{"not_picked":[],"picked":"PathToVictory","floor":47}],"player_experience":729370,"relics_obtained":[{"floor":5,"key":"Ring of Misfortune"},{"floor":5,"key":"Ring of Fury"},{"floor":7,"key":"StoneCalendar"},{"floor":9,"key":"Omamori"},{"floor":12,"key":"Oddly Smooth Stone"},{"floor":23,"key":"Replay:Accelerometer"},{"floor":25,"key":"Replay:Wax Seal"},{"floor":41,"key":"Torii"},{"floor":43,"key":"Replay:Ringing Soul"}],"event_choices":[{"damage_healed":0,"gold_gain":0,"player_choice":"Box","damage_taken":0,"relics_obtained":["Ginger"],"max_hp_gain":0,"max_hp_loss":0,"event_name":"Big Fish","floor":0,"gold_loss":0,"cards_obtained":["Regret"]},{"cards_removed":["Exhume"],"damage_healed":41,"gold_gain":0,"player_choice":"Offered Rare","damage_taken":0,"max_hp_gain":10,"max_hp_loss":0,"event_name":"Bonfire Elementals","floor":3,"gold_loss":0},{"damage_healed":0,"gold_gain":0,"player_choice":"Damaged","damage_taken":8,"max_hp_gain":0,"max_hp_loss":0,"event_name":"Wheel of Change","floor":19,"gold_loss":0},{"damage_healed":0,"gold_gain":0,"player_choice":"Rummage","damage_taken":0,"relics_obtained":["WarpedTongs"],"max_hp_gain":0,"max_hp_loss":0,"event_name":"Accursed Blacksmith","floor":29,"gold_loss":0,"cards_obtained":["Pain"]}],"is_beta":false,"boss_relics":[{"not_picked":["VioletLotus","Replay:Drink Me"],"picked":"Tiny House"},{"not_picked":["Pandora\u0027s Box","SlaversCollar"],"picked":"Busted Crown"}],"items_purged_floors":[48],"is_endless":false,"potions_floor_spawned":[4,11,14,16,22,27,30,31,33,39,41,47],"killed_by":"Shield and Spear","ascension_level":6}}