{"host":"8fuipfsvjht9cgcs","time":1611287845,"event":{"mods":["AchievementEnabler","BaseMod","Colored Map","Colored Powertips","DeckTracker","Friendly Minions","Kiyohime£¨?ýï£©","Marisa£¨Ùöéë¡¡Øª×âÞÞ£©","Minty Spire (QoL Compilation)","Prisma Mod","StSLib","SuperFastMode","The Cursed","The Gatherer"],"gold_per_floor":[110,124,124,49,49,49,62,62,62,96,96,112,112,112,112,231,231,254,275,20,44,68,68,109,124,124,124,124,142,142,165,165,165,165],"floor_reached":33,"language":"KOR","playtime":1252,"items_purged":["Defend_R","Bash"],"score":452,"play_id":"edbe33c7-bf30-4031-8297-f1959998cdee","local_time":"20210122165725","is_ascension_mode":true,"campfire_choices":[{"data":"Perfected Strike","floor":6,"key":"SMITH"},{"data":"Shrug It Off","floor":8,"key":"SMITH"},{"data":"Battle Trance","floor":11,"key":"SMITH"},{"floor":15,"key":"REST"},{"data":"Double Tap","floor":23,"key":"SMITH"},{"data":"Armaments","floor":28,"key":"SMITH"},{"data":"Shrug It Off","floor":30,"key":"SMITH"},{"data":"Pommel Strike","floor":32,"key":"SMITH"}],"circlet_count":0,"master_deck":["AscendersBane","Strike_R","Strike_R","Strike_R+1","Strike_R","Defend_R+1","Perfected Strike+1","Battle Trance+1","Shrug It Off+1","Pommel Strike+1","Perfected Strike","Double Tap+1","Perfected Strike","Offering","Perfected Strike","Armaments+1","Shrug It Off+1"],"relics":["Burning Blood","Letter Opener","Bottled Lightning","Golden Idol","Sozu","Singing Bowl","Happy Flower"],"acts_visited":["Exordium","TheCity"],"potions_floor_usage":[],"damage_taken":[{"damage":15,"enemies":"Small Slimes","floor":1,"turns":3},{"damage":9,"enemies":"Jaw Worm","floor":2,"turns":4},{"damage":0,"enemies":"2 Louse","floor":7,"turns":3},{"damage":23,"enemies":"3 Sentries","floor":10,"turns":6},{"damage":2,"enemies":"Lots of Slimes","floor":12,"turns":5},{"damage":31,"enemies":"Slime Boss","floor":16,"turns":12},{"damage":11,"enemies":"2 Thieves","floor":18,"turns":3},{"damage":12,"enemies":"Chosen","floor":19,"turns":3},{"damage":6,"enemies":"Centurion and Healer","floor":21,"turns":3},{"damage":1,"enemies":"3 Cultists","floor":22,"turns":3},{"damage":16,"enemies":"Gremlin Leader","floor":24,"turns":3},{"damage":7,"enemies":"Shelled Parasite and Fungi","floor":25,"turns":2},{"damage":6,"enemies":"Snake Plant","floor":29,"turns":1},{"damage":6,"enemies":"Snecko","floor":31,"turns":2},{"damage":96,"enemies":"Automaton","floor":33,"turns":6}],"seed_played":"8301875892869378726","potions_obtained":[{"floor":7,"key":"GamblersBrew"},{"floor":10,"key":"SmokeBomb"}],"is_trial":false,"path_per_floor":["M","M","?","$","?","R","M","R","T","E","R","M","?","?","R","B",null,"M","M","$","M","M","R","E","M","T","?","R","M","R","M","R","B"],"character_chosen":"IRONCLAD","items_purchased":["Offering"],"campfire_rested":1,"item_purchase_floors":[20],"current_hp_per_floor":[63,60,65,65,50,50,56,56,56,39,39,43,24,24,47,22,63,58,52,52,52,57,57,49,48,48,48,48,48,48,50,50,0,0],"gold":165,"neow_bonus":"REMOVE_TWO","is_daily":false,"chose_seed":false,"campfire_upgraded":7,"win_rate":0.0,"timestamp":1611287845,"path_taken":["M","M","?","$","?","R","?","R","T","E","R","M","?","?","R","BOSS","M","M","$","?","M","R","E","M","T","?","R","M","R","M","R","BOSS"],"items_purchased_type":["Card"],"build_version":"2020-12-22","purchased_purges":2,"victory":false,"max_hp_per_floor":[72,72,77,77,77,77,77,77,77,77,77,77,77,77,77,77,77,77,77,77,77,77,77,79,79,79,79,79,79,79,81,81,81,81],"card_choices":[{"not_picked":["Flex","Twin Strike"],"picked":"Perfected Strike","floor":1},{"not_picked":["Cleave","Second Wind"],"picked":"Battle Trance","floor":2},{"not_picked":["Thunderclap","Flex"],"picked":"Shrug It Off","floor":7},{"not_picked":["Limit Break","Iron Wave"],"picked":"Pommel Strike","floor":10},{"not_picked":["Clash","Pommel Strike"],"picked":"Perfected Strike","floor":12},{"not_picked":["Limit Break","Fiend Fire"],"picked":"Double Tap","floor":16},{"not_picked":["Rampage","Flex","Clash"],"picked":"SKIP","floor":18},{"not_picked":["Thunderclap","Power Through+1"],"picked":"Perfected Strike","floor":19},{"not_picked":["Iron Wave+1","Reckless Charge"],"picked":"Perfected Strike","floor":21},{"not_picked":["Evolve","Second Wind","Burning Pact"],"picked":"SKIP","floor":22},{"not_picked":["Entrench+1","Havoc","Wild Strike"],"picked":"Singing Bowl","floor":24},{"not_picked":["Perfected Strike","Dropkick"],"picked":"Armaments","floor":25},{"not_picked":["Searing Blow","Cleave"],"picked":"Shrug It Off","floor":29},{"not_picked":["Headbutt","Wild Strike","True Grit"],"picked":"Singing Bowl","floor":31}],"player_experience":434334,"relics_obtained":[{"floor":9,"key":"Letter Opener"},{"floor":10,"key":"Bottled Lightning"},{"floor":24,"key":"Singing Bowl"},{"floor":26,"key":"Happy Flower"}],"event_choices":[{"damage_healed":0,"gold_gain":0,"player_choice":"Donut","damage_taken":0,"max_hp_gain":5,"max_hp_loss":0,"event_name":"Big Fish","floor":3,"gold_loss":0},{"damage_healed":0,"gold_gain":0,"player_choice":"Entered Light","damage_taken":15,"max_hp_gain":0,"max_hp_loss":0,"event_name":"Shining Light","floor":5,"gold_loss":0,"cards_upgraded":["Strike_R","Defend_R"]},{"damage_healed":0,"gold_gain":0,"player_choice":"Take Damage","damage_taken":19,"relics_obtained":["Golden Idol"],"max_hp_gain":0,"max_hp_loss":0,"event_name":"Golden Idol","floor":13,"gold_loss":0},{"cards_removed":["Defend_R"],"damage_healed":0,"gold_gain":0,"player_choice":"Offered Basic","damage_taken":0,"max_hp_gain":0,"max_hp_loss":0,"event_name":"Bonfire Elementals","floor":14,"gold_loss":0},{"damage_healed":0,"gold_gain":0,"player_choice":"Got Potions","damage_taken":0,"max_hp_gain":0,"max_hp_loss":0,"event_name":"Lab","floor":27,"gold_loss":0}],"is_beta":false,"boss_relics":[{"not_picked":["Philosopher\u0027s Stone","Runic Cube"],"picked":"Sozu"}],"items_purged_floors":[4,20],"is_endless":false,"potions_floor_spawned":[7,10,16,22,24,25,29],"killed_by":"Automaton","ascension_level":12}}