{"host":"mi0eibewekhugwl1","time":1611319694,"event":{"mods":["AchievementEnabler","BaseMod","Colored Map","Colored Powertips","DeckTracker","Keyboard Shortcuts","Minty Spire (QoL Compilation)","Quick Restart","Rare Cards Sparkle","Relic Stats","StSLib","SuperFastMode","everything is the same but u backflip on backflip"],"gold_per_floor":[110,128,128,128,71,98,98,115,115,132,143,162,7,26,26,100,100,113,113,123,142,161,161,181,181,206,206,216,216,216,266,266,266,266],"floor_reached":33,"language":"KOR","playtime":595,"items_purged":["Strike_R"],"score":552,"play_id":"b8ad7dad-4f96-4c76-b3a5-91b12b4438ff","local_time":"20210122214814","is_ascension_mode":true,"campfire_choices":[{"data":"Wild Strike","floor":7,"key":"SMITH"},{"data":"Evolve","floor":15,"key":"SMITH"},{"floor":23,"key":"REST"},{"data":"Power Through","floor":25,"key":"SMITH"},{"floor":27,"key":"REST"},{"data":"Burning Pact","floor":29,"key":"SMITH"},{"data":"Offering","floor":32,"key":"SMITH"}],"circlet_count":0,"master_deck":["AscendersBane","Strike_R+1","Strike_R","Defend_R","Defend_R","Defend_R","Defend_R","Bash+1","Cleave","Shrug It Off","Wild Strike+1","Power Through+1","Pommel Strike","Anger","Shockwave","Evolve+1","Offering+1","Twin Strike+1","Second Wind","Burning Pact+1"],"relics":["Burning Blood","NeowsBlessing","Pantograph","Kunai","Mark of Pain","Matryoshka","Centennial Puzzle","Juzu Bracelet"],"acts_visited":["Exordium","TheCity"],"potions_floor_usage":[16,20,33],"damage_taken":[{"damage":0,"enemies":"2 Louse","floor":1,"turns":1},{"damage":0,"enemies":"Jaw Worm","floor":2,"turns":1},{"damage":0,"enemies":"Gremlin Nob","floor":6,"turns":1},{"damage":0,"enemies":"Cultist","floor":8,"turns":3},{"damage":17,"enemies":"Gremlin Gang","floor":10,"turns":3},{"damage":1,"enemies":"Large Slime","floor":11,"turns":4},{"damage":2,"enemies":"Exordium Wildlife","floor":12,"turns":4},{"damage":4,"enemies":"Blue Slaver","floor":14,"turns":3},{"damage":55,"enemies":"The Guardian","floor":16,"turns":15},{"damage":9,"enemies":"Chosen","floor":18,"turns":4},{"damage":8,"enemies":"3 Byrds","floor":20,"turns":3},{"damage":20,"enemies":"Snake Plant","floor":21,"turns":4},{"damage":29,"enemies":"Shelled Parasite and Fungi","floor":22,"turns":4},{"damage":9,"enemies":"Centurion and Healer","floor":24,"turns":7},{"damage":17,"enemies":"Snake Plant","floor":28,"turns":4},{"damage":110,"enemies":"Collector","floor":33,"turns":8}],"seed_played":"-3954710619208858943","potions_obtained":[{"floor":8,"key":"LiquidBronze"},{"floor":10,"key":"AttackPotion"},{"floor":21,"key":"SpeedPotion"},{"floor":28,"key":"Strength Potion"}],"is_trial":false,"path_per_floor":["M","M","?","?","$","E","R","M","T","M","M","M","$","M","R","B",null,"M","?","M","M","M","R","M","R","T","R","M","R","?","?","R","B"],"character_chosen":"IRONCLAD","items_purchased":["Wild Strike","Evolve"],"campfire_rested":2,"item_purchase_floors":[5,13],"current_hp_per_floor":[74,75,52,45,45,51,51,57,57,46,51,55,55,57,57,26,63,60,60,58,44,21,43,40,40,40,62,51,51,51,51,51,0,0],"gold":266,"neow_bonus":"THREE_ENEMY_KILL","is_daily":false,"chose_seed":false,"campfire_upgraded":5,"win_rate":0.0,"timestamp":1611319694,"path_taken":["M","M","?","?","$","E","R","M","T","M","M","M","$","M","R","BOSS","M","?","M","M","M","R","M","R","T","R","M","R","?","?","R","BOSS"],"items_purchased_type":["Card","Card"],"build_version":"2020-12-22","purchased_purges":1,"victory":false,"max_hp_per_floor":[75,75,75,75,75,75,75,75,75,75,75,75,75,75,75,75,75,75,75,75,75,75,75,75,75,75,75,75,75,75,75,75,75,75],"relic_stats":{"Centennial Puzzle":[6],"counters":[16,69],"Pantograph":42,"Juzu Bracelet":2,"Kunai":[26],"obtain_stats":[{"Centennial Puzzle":26,"Matryoshka":19,"NeowsBlessing":0,"Pantograph":6,"Mark of Pain":17,"Juzu Bracelet":26,"Kunai":9,"Burning Blood":0},{"Centennial Puzzle":14,"Matryoshka":10,"NeowsBlessing":0,"Pantograph":3,"Mark of Pain":9,"Juzu Bracelet":14,"Kunai":4,"Burning Blood":0},{"Centennial Puzzle":57,"Matryoshka":39,"NeowsBlessing":0,"Pantograph":3,"Mark of Pain":35,"Juzu Bracelet":57,"Kunai":6,"Burning Blood":0}],"Burning Blood":85},"card_choices":[{"not_picked":["Twin Strike","Havoc"],"picked":"Cleave","floor":1},{"not_picked":["Havoc","Flex"],"picked":"Shrug It Off","floor":2},{"not_picked":["Heavy Blade","Blood for Blood"],"picked":"Power Through","floor":6},{"not_picked":["Sword Boomerang","Impervious"],"picked":"Pommel Strike","floor":8},{"not_picked":["Cleave","Flex"],"picked":"Anger","floor":10},{"not_picked":["Cleave","Spot Weakness","Shockwave"],"picked":"SKIP","floor":11},{"not_picked":["Cleave","Spot Weakness"],"picked":"Shockwave","floor":11},{"not_picked":["Searing Blow","Warcry","Clash"],"picked":"SKIP","floor":12},{"not_picked":["Blood for Blood","Pummel","Havoc"],"picked":"SKIP","floor":14},{"not_picked":["Juggernaut","Impervious"],"picked":"Offering","floor":16},{"not_picked":["Havoc","Cleave","Hemokinesis"],"picked":"SKIP","floor":18},{"not_picked":["Hemokinesis","Headbutt+1"],"picked":"Twin Strike+1","floor":20},{"not_picked":["Anger","Evolve","Clothesline"],"picked":"SKIP","floor":21},{"not_picked":["Armaments","Body Slam+1"],"picked":"Second Wind","floor":22},{"not_picked":["Headbutt","Warcry","Clothesline"],"picked":"SKIP","floor":24},{"not_picked":["Clothesline","Armaments"],"picked":"Burning Pact","floor":28}],"player_experience":1756507,"relics_obtained":[{"floor":6,"key":"Pantograph"},{"floor":9,"key":"Kunai"},{"floor":19,"key":"Matryoshka"},{"floor":26,"key":"Centennial Puzzle"},{"floor":26,"key":"Juzu Bracelet"}],"event_choices":[{"damage_healed":0,"gold_gain":0,"player_choice":"Entered Light","damage_taken":23,"max_hp_gain":0,"max_hp_loss":0,"event_name":"Shining Light","floor":3,"gold_loss":0,"cards_upgraded":["Strike_R","Bash"]},{"cards_removed":["Strike_R"],"damage_healed":0,"gold_gain":0,"player_choice":"Card Removal","damage_taken":7,"max_hp_gain":0,"max_hp_loss":0,"event_name":"Golden Wing","floor":4,"gold_loss":0},{"damage_healed":0,"gold_gain":0,"player_choice":"Relic","damage_taken":0,"max_hp_gain":0,"max_hp_loss":0,"event_name":"Wheel of Change","floor":19,"gold_loss":0},{"cards_removed":["Strike_R"],"damage_healed":0,"gold_gain":0,"player_choice":"Offered Basic","damage_taken":0,"max_hp_gain":0,"max_hp_loss":0,"event_name":"Bonfire Elementals","floor":30,"gold_loss":0},{"damage_healed":0,"gold_gain":50,"player_choice":"Stole From Cult","damage_taken":0,"max_hp_gain":0,"max_hp_loss":0,"event_name":"Nest","floor":31,"gold_loss":0}],"is_beta":false,"boss_relics":[{"not_picked":["Black Star","Velvet Choker"],"picked":"Mark of Pain"}],"items_purged_floors":[13],"is_endless":false,"potions_floor_spawned":[8,10,14,21,28],"killed_by":"Collector","ascension_level":20}}