{"host":"ktoxvvst1mwxww91","time":1611305838,"event":{"mods":["BaseMod","Downfall","Hermit","Minty Spire (QoL Compilation)","StSLib","The Blackbeard","The Hierophant","The Mystic","The Necromancer"],"gold_per_floor":[99,119,569,569,587,601,647,684,707,731,743,655,683,715,739,751,751,751],"floor_reached":16,"language":"ENG","playtime":583,"items_purged":[],"score":117,"play_id":"f3403697-664c-4876-b054-46a178ea7dd3","local_time":"20210122095718","is_ascension_mode":true,"campfire_choices":[{"data":"bronze:Replicate","floor":1,"key":"SMITH"},{"data":"bronze:Philosophize","floor":12,"key":"SMITH"}],"circlet_count":0,"master_deck":["bronze:Strike","bronze:Defend","bronze:Defend","bronze:Defend","bronze:Defend","bronze:Replicate+1","bronze:Goto","bronze:Shell+1","bronze:BronzeOrb+1","bronze:Safeguard+1","bronze:Flail","downfall:Icky","downfall:Icky","downfall:Icky","bronze:Separator","bronze:ClassDefault","bronze:Fortify","bronze:Philosophize+1","bronze:Frontload","bronze:Separator","bronze:CutThrough","bronze:BurnOut"],"relics":["Astrolabe","downfall:ShatteredFragment","MawBank","bronze:CableSpool","Potion Belt","downfall:HeartBlessingGreen"],"acts_visited":["Exordium"],"potions_floor_usage":[8,8,8,9,10,16,16],"damage_taken":[{"damage":0,"enemies":"Small Slimes","floor":2,"turns":6},{"damage":0,"enemies":"Jaw Worm","floor":5,"turns":3},{"damage":0,"enemies":"Cultist","floor":6,"turns":3},{"damage":22,"enemies":"Lagavulin","floor":8,"turns":5},{"damage":0,"enemies":"Large Slime","floor":9,"turns":4},{"damage":0,"enemies":"2 Fungi Beasts","floor":10,"turns":2},{"damage":0,"enemies":"Blue Slaver","floor":13,"turns":3},{"damage":16,"enemies":"Exordium Wildlife","floor":14,"turns":4},{"damage":4,"enemies":"Gremlin Gang","floor":15,"turns":4},{"damage":57,"enemies":"WA_ARCHETYPE_RETAIN","floor":16,"turns":7}],"seed_played":"1974659389845700153","potions_obtained":[{"floor":2,"key":"EntropicBrew"},{"floor":6,"key":"Regen Potion"},{"floor":8,"key":"Fruit Juice"},{"floor":9,"key":"AttackPotion"},{"floor":14,"key":"Strength Potion"}],"is_trial":false,"path_per_floor":["R","M","?","?","M","M","T","E","M","M","T","R","M","M","M","B"],"character_chosen":"THE_AUTOMATON","items_purchased":[],"campfire_rested":0,"item_purchase_floors":[],"current_hp_per_floor":[70,70,70,49,49,49,49,41,46,46,46,46,46,30,26,0,0,0],"gold":751,"neow_bonus":"BOSS_RELIC","is_daily":false,"chose_seed":false,"campfire_upgraded":2,"win_rate":0.0,"timestamp":1611305838,"path_taken":["R","M","?","?","M","M","T","E","M","M","?","R","M","M","M","BOSS"],"items_purchased_type":[],"build_version":"2020-12-22","purchased_purges":0,"victory":false,"max_hp_per_floor":[70,70,70,70,70,70,70,70,75,75,75,75,75,75,75,75,75,75],"card_choices":[{"not_picked":["bronze:ChildClass","bronze:Safeguard"],"picked":"bronze:Flail","floor":2},{"not_picked":["bronze:Terminator","bronze:DelayedGuard"],"picked":"bronze:Separator","floor":5},{"not_picked":["bronze:WildBeam","bronze:BuggyMess"],"picked":"bronze:ClassDefault","floor":6},{"not_picked":["bronze:WhirlingStrike","bronze:MaxOutput"],"picked":"bronze:Fortify","floor":8},{"not_picked":["bronze:Terminator","bronze:Frontload"],"picked":"bronze:Philosophize","floor":9},{"not_picked":["bronze:BitShift","bronze:Separator"],"picked":"bronze:Frontload","floor":10},{"not_picked":["bronze:Flail","bronze:ClassDefault"],"picked":"bronze:Separator","floor":13},{"not_picked":["bronze:Safeguard","bronze:BitShift"],"picked":"bronze:CutThrough","floor":14},{"not_picked":["bronze:DelayedGuard","bronze:Shield"],"picked":"bronze:BurnOut","floor":15}],"player_experience":1158769,"relics_obtained":[{"floor":7,"key":"MawBank"},{"floor":8,"key":"bronze:CableSpool"},{"floor":11,"key":"Potion Belt"}],"event_choices":[],"is_beta":false,"boss_relics":[],"items_purged_floors":[],"is_endless":false,"potions_floor_spawned":[2,6,8,9,14],"killed_by":"WA_ARCHETYPE_RETAIN","ascension_level":2}}