{"host":"gk9qdtkqd8dwfeg2","time":1611311615,"event":{"mods":["BaseMod","Colored Powertips","Minty Spire (QoL Compilation)","Quick Restart","Replay The Spire","Shop Mod","StSLib","TestMod","The Gatherer","The Servant 0.9.4","Waifu the Spire","vexMod","¡¾ÒÅÎï¿¨ÅÆ¡¿REMEMod"],"gold_per_floor":[116,139,139,64,78,78,111,131,179,179,215,215,248,272,272,363,363,407,407,421,344,358,397,397,440,452,24,24,75,115,131,131,222,222,237,261,38,38,88,127,127,168,191,209,229,247,247,247],"floor_reached":47,"language":"ZHS","playtime":1301,"items_purged":["Strike_P","Parasite"],"score":1651,"play_id":"e5420f95-d5ef-482c-8332-8c15b5991cf0","local_time":"20210122183335","is_ascension_mode":true,"campfire_choices":[{"data":"Eruption","floor":6.0,"key":"SMITH"},{"floor":10.0,"key":"REST"},{"data":"TalkToTheHand","floor":12.0,"key":"SMITH"},{"data":"Gatherer:Uplift","floor":15.0,"key":"SMITH"},{"floor":24.0,"key":"REST"},{"floor":28.0,"key":"REST"},{"floor":32.0,"key":"REST"},{"data":"Madness","floor":41,"key":"SMITH"}],"circlet_count":0,"master_deck":["AscendersBane","Defend_P","Defend_P","Defend_P","Eruption+1","Vigilance","Gatherer:Uplift+1","CarveReality+1","Halt+1","TalkToTheHand+1","FlurryOfBlows+1","Weave+1","Ragnarok+1","Clumsy","Halt+1","Replay:DivineShield+1","Brilliance+1","FlurryOfBlows+1","SpiritShield+1","TalkToTheHand+1","CrushJoints","LessonLearned","InnerPeace+1","testmod-Collector","Madness+1","Delirium","Evaluate","ReplayTheSpireMod:Faulty Equipment","Replay:Cycle+1"],"relics":["PureWater","testmod-TestBox","REME_ComplimentaryCards","testmod-TimeTraveler","NeowsBlessing","Replay:Wax Seal","Golden Idol","Art of War","Toy Ornithopter","testmod-AssaultLearning","Replay:Ringing Soul","PreservedInsect","testmod-Justice","Replay:PocketPolymizer","Replay:Rubber Ducky","vexMod:PlasmaPancake","Gremlin Horn","Mummified Hand","Blood Vial","vexMod:ImprovementManual","MerchantsRug","Replay:Baseball","Ring of Greed","Blue Doll","MealTicket","Ring of Fury","Question Card","Potion Belt"],"acts_visited":["Exordium","TheCity","TheBeyond"],"potions_floor_usage":[33,44,45,47],"damage_taken":[{"damage":0.0,"enemies":"Cultist","floor":1.0,"turns":1.0},{"damage":0.0,"enemies":"Small Slimes","floor":5.0,"turns":2.0},{"damage":0.0,"enemies":"Gremlin Nob","floor":7.0,"turns":1.0},{"damage":5.0,"enemies":"Jaw Worm","floor":8.0,"turns":2.0},{"damage":5.0,"enemies":"Lagavulin","floor":11.0,"turns":6.0},{"damage":0.0,"enemies":"Gremlin Nob","floor":13.0,"turns":2.0},{"damage":8.0,"enemies":"Exordium Wildlife","floor":14.0,"turns":3.0},{"damage":0.0,"enemies":"Hexaghost","floor":16.0,"turns":8.0},{"damage":21.0,"enemies":"Shell Parasite","floor":18.0,"turns":3.0},{"damage":22.0,"enemies":"2 Thieves","floor":20.0,"turns":3.0},{"damage":6.0,"enemies":"Sentry and Sphere","floor":21.0,"turns":3.0},{"damage":11.0,"enemies":"Chosen and Byrds","floor":22.0,"turns":3.0},{"damage":26.0,"enemies":"Gremlin Leader","floor":23.0,"turns":3.0},{"damage":40.0,"enemies":"REME_1_Revenger","floor":25.0,"turns":6.0},{"damage":0.0,"enemies":"Gremlin Leader","floor":30.0,"turns":3.0},{"damage":4.0,"enemies":"Cultist and Chosen","floor":31.0,"turns":5.0},{"damage":0,"enemies":"Champ","floor":33,"turns":9},{"damage":46,"enemies":"3 Darklings","floor":35,"turns":4},{"damage":4,"enemies":"3 Shapes","floor":36,"turns":3},{"damage":2,"enemies":"R_Hoarder","floor":40,"turns":4},{"damage":0,"enemies":"Reptomancer","floor":42,"turns":2},{"damage":42,"enemies":"Spire Growth","floor":44,"turns":5},{"damage":10,"enemies":"Jaw Worm Horde","floor":45,"turns":2},{"damage":0,"enemies":"Maw","floor":46,"turns":4},{"damage":36,"enemies":"Giant Head","floor":47,"turns":5}],"seed_played":"2521764069925737211","potions_obtained":[{"floor":1.0,"key":"Dexterity Potion"},{"floor":5.0,"key":"GamblersBrew"},{"floor":16.0,"key":"REME_GoldPotion"},{"floor":21.0,"key":"LiquidBronze"},{"floor":22.0,"key":"Adrenaline Potion"},{"floor":23.0,"key":"SteroidPotion"},{"floor":33,"key":"testmod-TimePotion"},{"floor":42,"key":"Energy Potion"},{"floor":44,"key":"Strength Potion"}],"is_trial":false,"path_per_floor":["M","T","?","$","M","R","E","M","T","R","E","R","E","M","R","B",null,"M","?","M","M","M","E","R","E","T","$","R","?","E","M","R","B",null,"M","M","$","?","?","E","R","E","T","M","M","M","E"],"character_chosen":"WATCHER","items_purchased":["vexMod:PaidLearning","Gremlin Horn","MerchantsRug","Replay:Baseball"],"campfire_rested":4,"item_purchase_floors":[27,27,37,37],"current_hp_per_floor":[61,61,38,38,38,38,38,33,33,53,48,48,48,43,43,51,71,58,80,58,52,46,28,56,19,25,25,57,25,25,26,60,70,98,57,55,55,48,51,51,54,56,59,27,24,26,0,0],"gold":247,"neow_bonus":"THREE_ENEMY_KILL","is_daily":false,"chose_seed":false,"campfire_upgraded":4,"win_rate":0.0,"timestamp":1611311615,"path_taken":["M","?","?","$","M","R","E","M","T","R","E","R","E","M","R","BOSS","M","?","?","M","?","E","R","E","T","$","R","?","E","M","R","BOSS","M","M","$","?","?","E","R","E","T","M","?","M","E"],"items_purchased_type":["Relic","Relic","Relic","Relic"],"build_version":"2020-12-22","purchased_purges":2,"victory":false,"max_hp_per_floor":[68,68,68,68,68,68,68,68,68,68,68,68,68,71,71,74,77,80,80,80,80,80,83,86,89,95,95,98,98,98,101,104,107,107,110,110,107,110,113,113,116,116,119,122,122,122,122,122],"card_choices":[{"not_picked":["Perseverance","Consecrate"],"picked":"CarveReality","floor":1.0},{"not_picked":["EmptyBody","FlyingSleeves"],"picked":"Halt","floor":5.0},{"not_picked":["REME_MusicOfDeath","Vengeance"],"picked":"TalkToTheHand","floor":7.0},{"not_picked":["ThirdEye","REME_Repentance","Replay:BluntJabs"],"picked":"SKIP","floor":8.0},{"not_picked":["Halt","CutThroughFate"],"picked":"FlurryOfBlows","floor":11.0},{"not_picked":["Replay:Cycle","Halt","SashWhip"],"picked":"SKIP","floor":13.0},{"not_picked":["WheelKick","WindmillStrike"],"picked":"Weave","floor":14.0},{"not_picked":["ConjureBlade","REME_WorshipGod"],"picked":"Ragnarok","floor":16.0},{"not_picked":["Pain","Languid"],"picked":"Parasite","floor":17.0},{"not_picked":["Replay:Hysterical Blindness","Overencumbered"],"picked":"Clumsy","floor":17.0},{"not_picked":["Amnesia","Delirium"],"picked":"ReplayTheSpireMod:IOU","floor":17.0},{"not_picked":["Replay:LoomingThreat","LikeWater"],"picked":"Halt","floor":18.0},{"not_picked":["Sanctity","Prostrate","REME_Repentance"],"picked":"SKIP","floor":20.0},{"not_picked":["FollowUp","JustLucky","Replay:DivineShield"],"picked":"SKIP","floor":21.0},{"not_picked":["WindmillStrike","REME_Repentance","SashWhip"],"picked":"SKIP","floor":22.0},{"not_picked":["Crescendo","FlurryOfBlows"],"picked":"Replay:DivineShield+1","floor":23.0},{"not_picked":["SignatureMove","SashWhip"],"picked":"FlurryOfBlows+1","floor":25.0},{"not_picked":["ThirdEye","Replay:BluntJabs","Replay:AtTheReady"],"picked":"SKIP","floor":30.0},{"not_picked":["Crescendo","DeceiveReality"],"picked":"TalkToTheHand","floor":31.0},{"not_picked":["DeusExMachina","ConjureBlade"],"picked":"LessonLearned","floor":33},{"not_picked":["Halt","FlyingSleeves"],"picked":"InnerPeace","floor":35},{"not_picked":["Replay:AtTheReady+1","Protect","BowlingBash"],"picked":"SKIP","floor":36},{"not_picked":["Good Instincts","Trip"],"picked":"testmod-Collector","floor":38},{"not_picked":["Dark Shackles","Trip"],"picked":"Madness","floor":38},{"not_picked":["EmptyFist+1","Consecrate+1","Collect"],"picked":"SKIP","floor":40},{"not_picked":["Replay:AtTheReady","WheelKick","DeceiveReality","Consecrate+1"],"picked":"SKIP","floor":42},{"not_picked":["WheelKick","Perseverance","FlurryOfBlows+1"],"picked":"Replay:Cycle+1","floor":44},{"not_picked":["FollowUp+1","Replay:Cycle+1","Prostrate","ClearTheMind+1"],"picked":"SKIP","floor":45},{"not_picked":["Weave+1","CutThroughFate","WheelKick","SashWhip"],"picked":"SKIP","floor":46}],"player_experience":674454,"relics_obtained":[{"floor":2.0,"key":"Replay:Wax Seal"},{"floor":7.0,"key":"Art of War"},{"floor":9.0,"key":"Toy Ornithopter"},{"floor":11.0,"key":"testmod-AssaultLearning"},{"floor":13.0,"key":"Replay:Ringing Soul"},{"floor":23.0,"key":"Replay:Rubber Ducky"},{"floor":25.0,"key":"MawBank"},{"floor":26.0,"key":"vexMod:PlasmaPancake"},{"floor":29.0,"key":"Mummified Hand"},{"floor":30.0,"key":"Blood Vial"},{"floor":39,"key":"Ring of Greed"},{"floor":39,"key":"Blue Doll"},{"floor":39,"key":"MealTicket"},{"floor":39,"key":"Ring of Fury"},{"floor":40,"key":"Question Card"},{"floor":42,"key":"Potion Belt"}],"event_choices":[{"damage_healed":0.0,"max_hp_gain":0.0,"max_hp_loss":0.0,"gold_gain":0.0,"event_name":"Golden Idol","player_choice":"Take Damage","floor":3.0,"gold_loss":0.0,"damage_taken":23.0,"relics_obtained":["Golden Idol"]},{"damage_healed":22.0,"max_hp_gain":0.0,"max_hp_loss":0.0,"gold_gain":0.0,"event_name":"Wheel of Change","player_choice":"Full Heal","floor":19.0,"gold_loss":0.0,"damage_taken":0.0},{"damage_healed":0,"gold_gain":0,"player_choice":"Memory 3","damage_taken":10,"max_hp_gain":0,"max_hp_loss":0,"event_name":"SensoryStone","floor":38,"gold_loss":0}],"is_beta":false,"boss_relics":[{"not_picked":["ChewingGum","testmod-Recursion"],"picked":"Replay:Ancient Bell"},{"not_picked":["Damaru","Smiling Mask"],"picked":"PreservedInsect"},{"not_picked":["Divine Protection","Darkstone Periapt"],"picked":"testmod-Justice"},{"not_picked":["testmod-CyclicPeriapt","vexMod:HeadHunter"],"picked":"Replay:PocketPolymizer"},{"not_picked":["vexMod:EndlessSickness","testmod-SaigiyounoYou"],"picked":"vexMod:ImprovementManual"}],"items_purged_floors":[4,37],"is_endless":false,"potions_floor_spawned":[1,5,11,16,21,22,23,30,33,40,42,44],"killed_by":"Giant Head","ascension_level":20}}