{"host":"sc0o2qwpf9j16a4i","time":1611278127,"event":{"mods":["AchievementEnabler","BaseMod","BetterRewards","Block Reminder","Colored Map","Colored Powertips","Custom Start","Highlight Path","Minty Spire (QoL Compilation)","Relic Stats"],"gold_per_floor":[115,135,135,145,8,8,33,49,73,38,38,72,87,120,120,120,120],"floor_reached":16,"language":"ENG","playtime":471,"items_purged":[],"score":415,"play_id":"bce4abff-5f4f-46dc-9fbe-25f7390f6475","local_time":"20210122031527","daily_mods":["Insanity","Green Cards","Terminal"],"is_ascension_mode":true,"campfire_choices":[{"data":"Armaments","floor":6,"key":"SMITH"},{"data":"Well Laid Plans","floor":15,"key":"SMITH"}],"circlet_count":0,"master_deck":["AscendersBane","Pommel Strike","Havoc","Flying Knee","Cloak And Dagger","True Grit","Prepared","Dagger Spray","Body Slam","Anger","Blur","Anger","Deadly Poison","Armaments+1","Eviscerate","True Grit","Blade Dance","Blade Dance","Shrug It Off","Dagger Spray","Heavy Blade","Wild Strike","Ghostly Armor+1","Shrug It Off","Infernal Blade","Sword Boomerang","Acrobatics","Clothesline","Armaments","Outmaneuver","Dagger Throw","Armaments","Cloak And Dagger","Clash","Iron Wave","Dual Wield","Prepared","Shrug It Off","Body Slam","Fire Breathing","Well Laid Plans+1","Thunderclap","Noxious Fumes","Calculated Gamble","Outmaneuver","Armaments","Underhanded Strike","Ghostly Armor+1","Terror","Sword Boomerang","Dagger Throw","Pommel Strike","Poisoned Stab","Rupture","Quick Slash","Infernal Blade","Escape Plan","Body Slam","Quick Slash"],"relics":["Burning Blood","War Paint","Vajra","Blood Vial","White Beast Statue","Bag of Marbles"],"acts_visited":["Exordium"],"potions_floor_usage":[14,14],"damage_taken":[{"damage":2,"enemies":"Small Slimes","floor":1,"turns":3},{"damage":2,"enemies":"2 Louse","floor":2,"turns":2},{"damage":0,"enemies":"Jaw Worm","floor":4,"turns":3},{"damage":30,"enemies":"Gremlin Nob","floor":7,"turns":4},{"damage":0,"enemies":"Blue Slaver","floor":8,"turns":1},{"damage":0,"enemies":"3 Sentries","floor":12,"turns":3},{"damage":1,"enemies":"Looter","floor":13,"turns":2},{"damage":0,"enemies":"Lagavulin","floor":14,"turns":3},{"damage":69,"enemies":"Hexaghost","floor":16,"turns":9}],"seed_played":"4589966059033978317","potions_obtained":[{"floor":7,"key":"DistilledChaos"},{"floor":14,"key":"SpeedPotion"}],"is_trial":true,"path_per_floor":["M","M","?","M","$","R","E","M","T","?","?","E","M","E","R","B"],"character_chosen":"IRONCLAD","items_purchased":["Rupture","SteroidPotion"],"campfire_rested":0,"item_purchase_floors":[5,5],"current_hp_per_floor":[72,72,54,60,60,60,36,42,42,58,63,67,66,65,64,0,0],"gold":120,"neow_bonus":"","is_daily":false,"chose_seed":false,"campfire_upgraded":2,"win_rate":0.0,"timestamp":1611278127,"path_taken":["M","M","?","M","$","R","E","M","T","?","?","E","M","E","R","BOSS"],"items_purchased_type":["Card","Potion"],"build_version":"2020-12-22","purchased_purges":0,"victory":false,"max_hp_per_floor":[73,72,71,70,69,68,67,66,65,64,68,67,66,65,64,64,64],"relic_stats":{"Blood Vial":2,"counters":[9,30],"War Paint":["Ghostly Armor","Ghostly Armor"],"obtain_stats":[{"Blood Vial":9,"Vajra":7,"Bag of Marbles":14,"War Paint":3,"Burning Blood":0,"White Beast Statue":12},{"Blood Vial":5,"Vajra":4,"Bag of Marbles":8,"War Paint":2,"Burning Blood":0,"White Beast Statue":6},{"Blood Vial":13,"Vajra":12,"Bag of Marbles":21,"War Paint":5,"Burning Blood":0,"White Beast Statue":16}],"Burning Blood":31},"card_choices":[{"not_picked":["Cloak And Dagger","Rage","Sword Boomerang"],"picked":"SKIP","floor":1},{"not_picked":["Clothesline","Sword Boomerang"],"picked":"Pommel Strike","floor":2},{"not_picked":["Ghostly Armor","Iron Wave"],"picked":"Poisoned Stab","floor":4},{"not_picked":["Unload","Acrobatics"],"picked":"Quick Slash","floor":7},{"not_picked":["Backflip","Bane"],"picked":"Infernal Blade","floor":8},{"not_picked":["Anger","Glass Knife"],"picked":"Escape Plan","floor":12},{"not_picked":["Tactician","Cloak And Dagger"],"picked":"Body Slam","floor":13},{"not_picked":["Carnage","Cleave"],"picked":"Quick Slash","floor":14}],"player_experience":876759,"relics_obtained":[{"floor":7,"key":"Vajra"},{"floor":9,"key":"Blood Vial"},{"floor":12,"key":"White Beast Statue"},{"floor":14,"key":"Bag of Marbles"}],"event_choices":[{"damage_healed":0,"gold_gain":0,"player_choice":"Success","damage_taken":18,"relics_obtained":["War Paint"],"max_hp_gain":0,"max_hp_loss":0,"event_name":"Scrap Ooze","floor":3,"gold_loss":0},{"damage_healed":16,"gold_gain":0,"player_choice":"Healed","damage_taken":0,"max_hp_gain":0,"max_hp_loss":0,"event_name":"The Cleric","floor":10,"gold_loss":35},{"damage_healed":0,"gold_gain":0,"player_choice":"Donut","damage_taken":0,"max_hp_gain":5,"max_hp_loss":0,"event_name":"Big Fish","floor":11,"gold_loss":0}],"is_beta":false,"boss_relics":[],"items_purged_floors":[],"is_endless":false,"potions_floor_spawned":[7,13,14],"killed_by":"Hexaghost","ascension_level":20}}