{"host":"kh6fvhxn285ncg0o","time":1611357848,"event":{"mods":["Act Like it!","BaseMod","Colored Map","Friendly Minions","Keyboard Shortcuts","Minty Spire (QoL Compilation)","Quick Restart","Relic Stats","StSLib","SuperFastMode"],"gold_per_floor":[111,131,131,131,142,142,170,170,170,320,83,94,113,113,113,113,113],"floor_reached":16,"language":"KOR","playtime":265,"items_purged":["Decay"],"score":200,"play_id":"195c5220-044c-4d96-bc1c-428fbba36abf","local_time":"20210123082408","is_ascension_mode":true,"campfire_choices":[{"data":"Sweeping Beam","floor":6,"key":"SMITH"},{"data":"Consume","floor":8,"key":"SMITH"},{"data":"Go for the Eyes","floor":15,"key":"SMITH"}],"circlet_count":0,"master_deck":["AscendersBane","Strike_B","Strike_B","Strike_B","Defend_B","Defend_B","Defend_B","Defend_B","Zap","Dualcast","Self Repair","Seek","Amplify","Sweeping Beam+1","Consume+1","Doubt","Ball Lightning","Go for the Eyes+1"],"relics":["Cracked Core","NeowsBlessing","Eternal Feather","Kunai","Orichalcum"],"acts_visited":["Exordium"],"potions_floor_usage":[7],"damage_taken":[{"damage":0,"enemies":"Cultist","floor":1,"turns":1},{"damage":0,"enemies":"2 Louse","floor":2,"turns":2},{"damage":0,"enemies":"Jaw Worm","floor":5,"turns":1},{"damage":66,"enemies":"Lagavulin","floor":7,"turns":9},{"damage":8,"enemies":"Red Slaver","floor":12,"turns":3},{"damage":5,"enemies":"Looter","floor":13,"turns":2},{"damage":26,"enemies":"Hexaghost","floor":16,"turns":7}],"seed_played":"2285638149556609698","potions_obtained":[{"floor":1,"key":"AttackPotion"},{"floor":12,"key":"LiquidMemories"}],"is_trial":false,"path_per_floor":["M","M","?","?","M","R","E","R","T","?","$","M","M","?","R","B"],"character_chosen":"DEFECT","items_purchased":["Orichalcum"],"campfire_rested":0,"item_purchase_floors":[11],"current_hp_per_floor":[64,71,71,71,71,71,19,28,28,28,28,20,15,15,24,0,0],"gold":113,"neow_bonus":"THREE_ENEMY_KILL","is_daily":false,"chose_seed":false,"campfire_upgraded":3,"win_rate":0.0,"timestamp":1611357848,"path_taken":["M","M","?","?","?","R","E","R","T","?","?","?","M","?","R","BOSS"],"items_purchased_type":["Relic"],"build_version":"2020-12-22","purchased_purges":1,"victory":false,"max_hp_per_floor":[71,71,71,71,71,71,71,71,71,71,71,71,71,71,71,71,71],"relic_stats":{"counters":[7,25],"Eternal Feather":18,"Kunai":[1],"Orichalcum":[66],"obtain_stats":[{"NeowsBlessing":0,"Eternal Feather":7,"Kunai":9,"Orichalcum":11,"Cracked Core":0},{"NeowsBlessing":0,"Eternal Feather":4,"Kunai":4,"Orichalcum":4,"Cracked Core":0},{"NeowsBlessing":0,"Eternal Feather":13,"Kunai":13,"Orichalcum":13,"Cracked Core":0}]},"card_choices":[{"not_picked":["Go for the Eyes","Streamline"],"picked":"Self Repair","floor":1},{"not_picked":["Conserve Battery","Lockon"],"picked":"Seek","floor":2},{"not_picked":["Conserve Battery","Reinforced Body"],"picked":"Sweeping Beam","floor":5},{"not_picked":["Storm","Fusion"],"picked":"Consume","floor":7},{"not_picked":["Compile Driver","Redo"],"picked":"Ball Lightning","floor":12},{"not_picked":["Heatsinks","Tempest"],"picked":"Go for the Eyes","floor":13}],"player_experience":1264153,"relics_obtained":[{"floor":7,"key":"Eternal Feather"},{"floor":9,"key":"Kunai"}],"event_choices":[{"cards_removed":["Strike_B"],"damage_healed":0,"gold_gain":0,"player_choice":"Forget","damage_taken":0,"max_hp_gain":0,"max_hp_loss":0,"event_name":"Living Wall","floor":3,"gold_loss":0},{"damage_healed":0,"gold_gain":0,"player_choice":"2 cards matched","damage_taken":0,"max_hp_gain":0,"max_hp_loss":0,"event_name":"Match and Keep!","floor":4,"gold_loss":0,"cards_obtained":["Decay","Amplify"]},{"damage_healed":0,"gold_gain":150,"player_choice":"AGREE","damage_taken":0,"max_hp_gain":0,"max_hp_loss":0,"event_name":"Liars Game","floor":10,"gold_loss":0,"cards_obtained":["Doubt"]},{"damage_healed":0,"gold_gain":0,"player_choice":"Searched \u00271\u0027 times","damage_taken":0,"max_hp_gain":0,"max_hp_loss":0,"event_name":"Dead Adventurer","floor":14,"gold_loss":0}],"is_beta":false,"boss_relics":[],"items_purged_floors":[11],"is_endless":false,"potions_floor_spawned":[1,12],"killed_by":"Hexaghost","ascension_level":20}}