{"host":"flnqt0m1a2s83kg7","time":1611345112,"event":{"mods":["AchievementEnabler","Act Like it!","BaseMod","Better Third Choice","Downfall","Minty Spire (QoL Compilation)","Rare Cards Sparkle","StSLib"],"gold_per_floor":[99,116,133,133,147,180,204,218,218,228,256,27,50,83,101,197,197,97,111,131,131,131,162,162,62,62,82,102,129,145,160,177,275,275,175,194,194,208,9,9,9,22,55,68,82,82,107,117,135,135,135,135],"floor_reached":50,"language":"ENG","playtime":3355,"items_purged":["Slimebound:Strike_Slimebound"],"score":660,"play_id":"9dd4f0b6-cd09-4984-acd4-b267bcfbabff","local_time":"20210122125152","is_ascension_mode":false,"campfire_choices":[{"data":"Slimebound:Split","floor":1.0,"key":"SMITH"},{"floor":9.0,"key":"REST"},{"floor":18.0,"key":"RECALL"},{"floor":25.0,"key":"REST"},{"floor":35.0,"key":"REST"},{"floor":40.0,"key":"REST"}],"circlet_count":0,"master_deck":["Slimebound:Strike_Slimebound","Slimebound:Strike_Slimebound","Slimebound:Tackle","Slimebound:Defend_Slimebound+1","Slimebound:Defend_Slimebound","Slimebound:Defend_Slimebound","Slimebound:Split+1","Slimebound:CorrosiveSpit","Slimebound:SplitBruiser","Slimebound:RainOfGoop+1","Regret","Slimebound:RallyTheTroops","Slimebound:Equalize","Slimebound:MegaLick","Slimebound:SlimeTap","Slimebound:Prepare","Slimebound:Gluttony","expansioncontent:AwakenDeath","Slimebound:SplitMire","Slimebound:ProtectTheBoss","Slimebound:Schlurp","Slimebound:LeechLife","Slimebound:GoopSpray+1","Slimebound:LivingWall","Slimebound:SplitAcid+1","Slimebound:RejuvenatingLick","Slimebound:Dissolve","Slimebound:SlimeSlap","Slimebound:RejuvenatingLick","Slimebound:RejuvenatingLick+1","Slimebound:Chomp+1","Slimebound:OozeBath","Slimebound:LeadByExample+1","Defend_B","Slimebound:GoopSpray","Slimebound:LeechLife","expansioncontent:StudyTheSpire","Slimebound:SpikyOuterGoop+1","Slimebound:GoopSpray+1","Slimebound:GoopSpray+1","Slimebound:MassFeed","Slimebound:SlimeSlap","Slimebound:SplitLeeching+1","Slimebound:SplitLeeching+1","Slimebound:SplitAcid+1"],"relics":["SlaversCollar","WingedGreaves","War Paint","Odd Mushroom","Orichalcum","Potion Belt","Fusion Hammer","downfall:HeartBlessingGreen","Strawberry","downfall:HeartBlessingRed","Ancient Tea Set","Pen Nib","Sozu","downfall:HeartBlessingBlue","MealTicket","Letter Opener","Lantern"],"acts_visited":["Exordium","TheCity","TheBeyond"],"potions_floor_usage":[],"damage_taken":[{"damage":0.0,"enemies":"Small Slimes","floor":2.0,"turns":3.0},{"damage":9.0,"enemies":"Jaw Worm","floor":3.0,"turns":3.0},{"damage":7.0,"enemies":"Cultist","floor":5.0,"turns":3.0},{"damage":26.0,"enemies":"Lagavulin","floor":6.0,"turns":5.0},{"damage":12.0,"enemies":"Large Slime","floor":8.0,"turns":5.0},{"damage":8.0,"enemies":"3 Louse","floor":10.0,"turns":3.0},{"damage":13.0,"enemies":"The Mushroom Lair","floor":11.0,"turns":3.0},{"damage":1.0,"enemies":"downfall:FleeingMerchant","floor":12.0,"turns":4.0},{"damage":14.0,"enemies":"3 Sentries","floor":14.0,"turns":7.0},{"damage":10.0,"enemies":"Blue Slaver","floor":15.0,"turns":5.0},{"damage":13.0,"enemies":"WA_ARCHETYPE_RETAIN","floor":16.0,"turns":7.0},{"damage":13.0,"enemies":"Spheric Guardian","floor":19.0,"turns":4.0},{"damage":16.0,"enemies":"3 Cultists","floor":20.0,"turns":5.0},{"damage":19.0,"enemies":"Gremlin Leader","floor":23.0,"turns":7.0},{"damage":6.0,"enemies":"Snake Plant","floor":27.0,"turns":3.0},{"damage":9.0,"enemies":"Cultist and Chosen","floor":28.0,"turns":6.0},{"damage":19.0,"enemies":"Slavers","floor":29.0,"turns":4.0},{"damage":20.0,"enemies":"Shelled Parasite and Fungi","floor":30.0,"turns":5.0},{"damage":8.0,"enemies":"Snake Plant","floor":31.0,"turns":3.0},{"damage":3.0,"enemies":"Snecko","floor":32.0,"turns":4.0},{"damage":14.0,"enemies":"IC_MUSHROOM_ARCHETYPE","floor":33.0,"turns":7.0},{"damage":9.0,"enemies":"Orb Walker","floor":36.0,"turns":3.0},{"damage":18.0,"enemies":"3 Shapes","floor":38.0,"turns":7.0},{"damage":6.0,"enemies":"downfall:FleeingMerchant","floor":39.0,"turns":4.0},{"damage":6.0,"enemies":"Transient","floor":42.0,"turns":5.0},{"damage":43.0,"enemies":"Nemesis","floor":43.0,"turns":7.0},{"damage":30.0,"enemies":"4 Shapes","floor":44.0,"turns":3.0},{"damage":36.0,"enemies":"Spire Growth","floor":45.0,"turns":7.0},{"damage":33.0,"enemies":"Giant Head","floor":47.0,"turns":9.0},{"damage":30,"enemies":"Transient","floor":48,"turns":5},{"damage":6,"enemies":"3 Darklings","floor":49,"turns":4},{"damage":114,"enemies":"DF_ARCHETYPE_ORBS","floor":50,"turns":8}],"seed_played":"458705543236705331","potions_obtained":[{"floor":6.0,"key":"Block Potion"},{"floor":8.0,"key":"FearPotion"},{"floor":10.0,"key":"DuplicationPotion"},{"floor":11.0,"key":"Block Potion"},{"floor":14.0,"key":"Explosive Potion"},{"floor":15.0,"key":"EntropicBrew"},{"floor":23.0,"key":"SneckoOil"},{"floor":29.0,"key":"Guardian:BlockOnCardUsePotion"},{"floor":31.0,"key":"GamblersBrew"},{"floor":32.0,"key":"BlessingOfTheForge"},{"floor":33.0,"key":"LiquidBronze"}],"is_trial":false,"path_per_floor":["R","M","M","?","M","E","T","M","R","M","?","$","T","E","M","B",null,"R","M","M","?","?","E","T","R","?","M","M","E","M","M","M","B",null,"R","M","?","M","$","R","T","M","E","M","M","?","E","M","M","B"],"character_chosen":"SLIMEBOUND","items_purchased":["expansioncontent:AwakenDeath","Slimebound:SplitMire","expansioncontent:StudyTheSpire"],"campfire_rested":4,"item_purchase_floors":[12,12,39],"current_hp_per_floor":[65,65,56,56,49,23,23,15,34,30,17,24,24,10,20,15,65,65,52,58,58,58,72,72,72,72,72,69,60,40,32,72,66,72,82,82,82,68,70,82,82,79,82,58,82,82,52,30,55,0,0,0],"gold":135,"neow_bonus":"BOSS_RELIC","is_daily":false,"chose_seed":false,"campfire_upgraded":1,"win_rate":0.0,"timestamp":1611345112,"path_taken":["R","M","M","?","M","E","T","M","R","M","?","$","?","E","M","BOSS","R","M","M","?","?","E","T","R","?","M","M","E","?","M","M","BOSS","R","M","?","M","$","R","T","?","E","M","M","?","E","M","M","BOSS"],"items_purchased_type":["Card","Card","Card"],"build_version":"2020-12-22","purchased_purges":1,"victory":false,"max_hp_per_floor":[65,65,65,65,65,65,65,65,65,65,65,65,65,65,65,65,65,65,65,65,65,65,72,72,72,72,72,72,72,72,72,72,72,72,82,82,82,82,82,82,82,82,82,82,82,82,85,85,88,88,88,88],"card_choices":[{"not_picked":["Slimebound:LeechingTouch","Slimebound:SlimeBarrage"],"picked":"Slimebound:SplitBruiser","floor":2.0},{"not_picked":["Slimebound:SlimeSpikes","Slimebound:RollThrough"],"picked":"Slimebound:RainOfGoop","floor":3.0},{"not_picked":["Slimebound:LeechEnergy","Slimebound:ForwardTackle"],"picked":"Slimebound:RallyTheTroops","floor":5.0},{"not_picked":["Slimebound:RollThrough","Slimebound:FinishingTackle"],"picked":"Slimebound:Equalize","floor":6.0},{"not_picked":["Slimebound:SplitLeeching","Slimebound:PressTheAttack"],"picked":"Slimebound:MegaLick","floor":8.0},{"not_picked":["Slimebound:HauntingLick","Slimebound:SlimeSpikes"],"picked":"Slimebound:SlimeTap","floor":10.0},{"not_picked":["Slimebound:ComboTackle","Slimebound:SplitBruiser"],"picked":"Slimebound:Prepare","floor":11.0},{"not_picked":["Slimebound:Repurpose","Slimebound:SlimeSpikes"],"picked":"Slimebound:Gluttony","floor":12.0},{"not_picked":["Slimebound:BestDefense","Slimebound:Grow"],"picked":"Slimebound:ProtectTheBoss","floor":14.0},{"not_picked":["Slimebound:FormOfPuddle","Slimebound:GoopTackle"],"picked":"Slimebound:Schlurp","floor":15.0},{"not_picked":["Slimebound:MinionMaster","Slimebound:Overexert"],"picked":"Slimebound:LeechLife","floor":16.0},{"not_picked":["Slimebound:FinishingTackle","Slimebound:Schlurp"],"picked":"Slimebound:GoopSpray+1","floor":19.0},{"not_picked":["Slimebound:SlimeBarrage","Slimebound:ForwardTackle"],"picked":"Slimebound:LivingWall","floor":20.0},{"not_picked":["Slimebound:Grow","Slimebound:SplitBruiser"],"picked":"Slimebound:SplitAcid+1","floor":23.0},{"not_picked":["Slimebound:RainOfGoop","Slimebound:DisruptingSlam"],"picked":"Slimebound:RejuvenatingLick","floor":27.0},{"not_picked":["Slimebound:FormOfPuddle","Slimebound:GoopSpray"],"picked":"Slimebound:Dissolve","floor":28.0},{"not_picked":["Slimebound:Dissolve+1","Slimebound:FormOfPuddle"],"picked":"Slimebound:SlimeSlap","floor":29.0},{"not_picked":["Slimebound:SpikyOuterGoop","Slimebound:SplitMire"],"picked":"Slimebound:RejuvenatingLick","floor":30.0},{"not_picked":["Slimebound:LeechingTouch+1","Slimebound:Prepare"],"picked":"Slimebound:RejuvenatingLick+1","floor":31.0},{"not_picked":["Slimebound:GoopTackle","Slimebound:MegaLick"],"picked":"Slimebound:Chomp+1","floor":32.0},{"not_picked":["Slimebound:Overexert","Slimebound:WasteNot"],"picked":"Slimebound:OozeBath","floor":33.0},{"not_picked":["Slimebound:SlimeBarrage","Slimebound:SlimeSpikes+1"],"picked":"Slimebound:LeadByExample+1","floor":36.0},{"not_picked":["Slimebound:LivingWall","Slimebound:LeechEnergy"],"picked":"Slimebound:GoopSpray","floor":38.0},{"not_picked":["Slimebound:LevelUp","Slimebound:PressTheAttack+1"],"picked":"Slimebound:LeechLife","floor":39.0},{"not_picked":["Slimebound:Dissolve","Slimebound:LeechingTouch+1"],"picked":"Slimebound:SpikyOuterGoop+1","floor":42.0},{"not_picked":["Slimebound:Dissolve+1","Slimebound:SplitMire+1"],"picked":"Slimebound:GoopSpray+1","floor":43.0},{"not_picked":["Slimebound:SplitAcid+1","Slimebound:FormOfPuddle"],"picked":"Slimebound:GoopSpray+1","floor":44.0},{"not_picked":["Slimebound:ComboTackle+1","Slimebound:SplitMire"],"picked":"Slimebound:MassFeed","floor":45.0},{"not_picked":["Slimebound:SplitMire+1","Slimebound:SelfFormingGoo"],"picked":"Slimebound:SplitLeeching+1","floor":47.0},{"not_picked":["Slimebound:FinishingTackle","Slimebound:ItLooksTasty"],"picked":"Slimebound:SplitLeeching+1","floor":48},{"not_picked":["Slimebound:LevelUp","Slimebound:RollThrough"],"picked":"Slimebound:SplitAcid+1","floor":49}],"player_experience":48364,"relics_obtained":[{"floor":6.0,"key":"WingedGreaves"},{"floor":7.0,"key":"War Paint"},{"floor":11.0,"key":"Odd Mushroom"},{"floor":13.0,"key":"Orichalcum"},{"floor":14.0,"key":"Potion Belt"},{"floor":23.0,"key":"Strawberry"},{"floor":29.0,"key":"Pen Nib"},{"floor":41.0,"key":"MealTicket"},{"floor":43.0,"key":"Letter Opener"},{"floor":47.0,"key":"Lantern"}],"event_choices":[{"damage_healed":0.0,"max_hp_gain":0.0,"max_hp_loss":0.0,"gold_gain":0.0,"event_name":"Big Fish","player_choice":"Box","floor":4.0,"gold_loss":0.0,"damage_taken":0.0,"relics_obtained":["Boot"],"cards_obtained":["Regret"]},{"damage_healed":0.0,"max_hp_gain":0.0,"max_hp_loss":0.0,"gold_gain":0.0,"event_name":"Mushrooms","player_choice":"Fought Mushrooms","floor":11.0,"gold_loss":0.0,"damage_taken":0.0},{"cards_removed":["Slimebound:Defend_Slimebound"],"damage_healed":0.0,"max_hp_gain":0.0,"max_hp_loss":0.0,"gold_gain":0.0,"event_name":"NoteForYourself","player_choice":"Took Card","floor":37.0,"gold_loss":0.0,"damage_taken":0.0,"cards_obtained":["Defend_B"]}],"is_beta":false,"boss_relics":[{"not_picked":["Runic Dome","SacredBark"],"picked":"Fusion Hammer"},{"not_picked":["Empty Cage","Cursed Key"],"picked":"Sozu"}],"items_purged_floors":[12],"is_endless":false,"potions_floor_spawned":[6,8,10,11,14,15,23,29,31,32,33,42,43,45,47,49],"killed_by":"DF_ARCHETYPE_ORBS","ascension_level":0}}