{"host":"avjwtc49fhlk6kym","time":1611355011,"event":{"mods":["AchievementEnabler","BaseMod","Better Match","Better Note","Better Third Choice","Colored Map","Colored Powertips","Displayed Cursed Tome","Highlight Path","Minty Spire (QoL Compilation)","Permanent Neow","Quick Restart","StSLib"],"gold_per_floor":[114,134,151,226,326,326,346,380,380,380,115,115,115,129,129,230,230,241,253,5,24,24,24],"floor_reached":22,"language":"ENG","playtime":814,"items_purged":["Strike_P","Defend_P"],"score":186,"play_id":"0c90c713-73f4-4f83-a271-1f19a90206c6","local_time":"20210122173651","is_ascension_mode":false,"campfire_choices":[{"data":"BattleHymn","floor":6.0,"key":"SMITH"},{"floor":10.0,"key":"REST"},{"data":"CrushJoints","floor":15.0,"key":"SMITH"}],"circlet_count":0,"master_deck":["Defend_P","Defend_P","Defend_P","Eruption+1","Vigilance","Panache","ThirdEye","BattleHymn+1","Prostrate","ClearTheMind","BowlingBash","CrushJoints+1","Protect","MasterReality","Wish+1","Blasphemy+1","DeceiveReality+1","Swivel","Protect","Wallop"],"relics":["PureWater","Pear","Bottled Flame","Medical Kit","Astrolabe","HandDrill"],"acts_visited":["Exordium","TheCity"],"potions_floor_usage":[18,18,18,21],"damage_taken":[{"damage":3.0,"enemies":"Cultist","floor":1.0,"turns":4.0},{"damage":0.0,"enemies":"Jaw Worm","floor":2.0,"turns":2.0},{"damage":0.0,"enemies":"Small Slimes","floor":3.0,"turns":5.0},{"damage":0.0,"enemies":"Looter","floor":7.0,"turns":4.0},{"damage":30.0,"enemies":"Gremlin Nob","floor":8.0,"turns":5.0},{"damage":2.0,"enemies":"Blue Slaver","floor":14.0,"turns":5.0},{"damage":37,"enemies":"Hexaghost","floor":16,"turns":8},{"damage":28,"enemies":"3 Byrds","floor":18,"turns":6},{"damage":2,"enemies":"Chosen","floor":19,"turns":6},{"damage":10,"enemies":"Snake Plant","floor":21,"turns":4},{"damage":100012,"enemies":"Centurion and Healer","floor":22,"turns":5}],"seed_played":"2473838154815020390","potions_obtained":[{"floor":2.0,"key":"Swift Potion"},{"floor":7.0,"key":"CultistPotion"},{"floor":8.0,"key":"Swift Potion"},{"floor":16,"key":"BottledMiracle"},{"floor":18,"key":"Fruit Juice"},{"floor":19,"key":"SkillPotion"}],"is_trial":false,"path_per_floor":["M","M","M","?","?","R","M","E","T","R","$","?","?","M","R","B",null,"M","M","$","M","M"],"character_chosen":"WATCHER","items_purchased":["Medical Kit","CrushJoints","HandDrill"],"campfire_rested":1,"item_purchase_floors":[11,11,20],"current_hp_per_floor":[62,62,62,51,51,51,51,31,31,53,53,53,53,51,51,14,75,52,50,50,40,0,0],"gold":24,"neow_bonus":"RANDOM_COLORLESS_2","is_daily":false,"chose_seed":false,"campfire_upgraded":2,"win_rate":0.0,"timestamp":1611355011,"path_taken":["M","M","M","?","?","R","?","E","T","R","$","?","?","M","R","BOSS","M","M","$","M","M"],"items_purchased_type":["Relic","Card","Relic"],"build_version":"2020-12-22","purchased_purges":2,"victory":false,"max_hp_per_floor":[65,65,65,65,65,65,65,75,75,75,75,75,75,75,75,75,75,80,80,80,80,80,80],"card_choices":[{"not_picked":["Secret Technique","Chrysalis"],"picked":"Panache","floor":0.0},{"not_picked":["FlyingSleeves","Protect"],"picked":"ThirdEye","floor":1.0},{"not_picked":["JustLucky","SignatureMove"],"picked":"BattleHymn","floor":2.0},{"not_picked":["Nirvana","EmptyBody"],"picked":"Prostrate","floor":3.0},{"not_picked":["Nirvana","CarveReality"],"picked":"ClearTheMind","floor":7.0},{"not_picked":["Prostrate","Consecrate"],"picked":"BowlingBash","floor":8.0},{"not_picked":["BowlingBash","TalkToTheHand"],"picked":"Protect","floor":14.0},{"not_picked":["Scrawl","Judgement"],"picked":"MasterReality","floor":16},{"not_picked":["Protect","SashWhip"],"picked":"Swivel","floor":18},{"not_picked":["Sanctity","SashWhip"],"picked":"Protect","floor":19},{"not_picked":["BowlingBash+1","Wireheading"],"picked":"Wallop","floor":21}],"player_experience":398227,"relics_obtained":[{"floor":8.0,"key":"Pear"},{"floor":9.0,"key":"Bottled Flame"}],"event_choices":[{"damage_healed":0.0,"max_hp_gain":0.0,"max_hp_loss":0.0,"gold_gain":75.0,"event_name":"betterThird:BetterGoop","player_choice":"Gold","floor":4.0,"gold_loss":0.0,"damage_taken":11.0},{"damage_healed":0.0,"max_hp_gain":0.0,"max_hp_loss":0.0,"gold_gain":100.0,"event_name":"Golden Shrine","player_choice":"Pray","floor":5.0,"gold_loss":0.0,"damage_taken":0.0},{"damage_healed":0.0,"max_hp_gain":0.0,"max_hp_loss":0.0,"gold_gain":0.0,"event_name":"Living Wall","player_choice":"Grow","floor":12.0,"gold_loss":0.0,"damage_taken":0.0,"cards_upgraded":["Eruption"]},{"damage_healed":0.0,"max_hp_gain":0.0,"max_hp_loss":0.0,"gold_gain":0.0,"event_name":"Golden Idol","player_choice":"Ignored","floor":13.0,"gold_loss":0.0,"damage_taken":0.0}],"is_beta":false,"boss_relics":[{"not_picked":["Fusion Hammer","Sozu"],"picked":"Astrolabe"}],"items_purged_floors":[11,20],"is_endless":false,"potions_floor_spawned":[2,7,8,16,18,19],"killed_by":"Centurion and Healer","ascension_level":0}}