{"host":"0x0gr83ly0vxzjzg","time":1611279247,"event":{"mods":["BaseMod","Bestiary","Better Skull","Curses Come First","Hubris","Infinite Spire","Minty Spire (QoL Compilation)","Shop Mod","StSLib","The Cursed","The Servant 0.9.4"],"gold_per_floor":[119,67,67,67,78,104,117,117,117,129,140,140,157,168,168,265,265,280,280,280,291,291,291,291,305,305,316,336,361,361,378,378,475,475,491,511,527,527,527,527,541,541,541],"floor_reached":42,"language":"ENG","playtime":3356,"items_purged":[],"score":524,"play_id":"946605fe-5724-47b7-abbb-d1fe1a7ddda4","local_time":"20210121203407","is_ascension_mode":false,"campfire_choices":[{"data":"Heavy Blade","floor":12.0,"key":"SMITH"},{"data":"Demon Form","floor":15.0,"key":"SMITH"},{"data":"hubris:InfiniteBlow+2","floor":23.0,"key":"SMITH"},{"data":"hubris:InfiniteBlow+3","floor":30.0,"key":"SMITH"},{"data":"Entrench","floor":32.0,"key":"SMITH"},{"floor":40.0,"key":"REST"}],"circlet_count":0,"master_deck":["Defend_R","Defend_R","Defend_R","Defend_R","Bash","Body Slam","Armaments","Battle Trance","Heavy Blade+1","Anger","Metallicize","Rage","Headbutt","Iron Wave","Demon Form+1","Juggernaut","Flex","Bite","Bite","Bite","Bite","Bite","hubris:InfiniteBlow+6","hubris:Fate","Warcry","Entrench+1","Heavy Blade","Iron Wave","Dropkick","Flex+1","Flex+1","Barricade+1","CurseOfTheBell","Entrench+1","Twin Strike+1","Parasite","Barricade+1","Carnage+1"],"relics":["Black Blood","NeowsBlessing","FossilizedHelix","infinitespire:PuzzleCube","infinitespire:EmpoweringShard","Bag of Preparation","Shuriken","hubris:CuriousFeather","Frozen Egg 2","Calling Bell","Bag of Preparation","White Beast Statue","Bird Faced Urn","HandDrill"],"acts_visited":["Exordium","TheCity","TheBeyond"],"potions_floor_usage":[42],"damage_taken":[{"damage":0.0,"enemies":"Jaw Worm","floor":1.0,"turns":1.0},{"damage":0.0,"enemies":"2 Louse","floor":5.0,"turns":1.0},{"damage":0.0,"enemies":"3 Sentries","floor":6.0,"turns":1.0},{"damage":0.0,"enemies":"Small Slimes","floor":7.0,"turns":3.0},{"damage":0.0,"enemies":"3 Louse","floor":10.0,"turns":3.0},{"damage":23.0,"enemies":"Exordium Thugs","floor":11.0,"turns":4.0},{"damage":4.0,"enemies":"2 Fungi Beasts","floor":13.0,"turns":3.0},{"damage":0.0,"enemies":"3 Louse","floor":14.0,"turns":4.0},{"damage":31.0,"enemies":"Hexaghost","floor":16.0,"turns":7.0},{"damage":5.0,"enemies":"3 Byrds","floor":18.0,"turns":6.0},{"damage":0.0,"enemies":"Chosen","floor":21.0,"turns":4.0},{"damage":16.0,"enemies":"Sentry and Sphere","floor":25.0,"turns":5.0},{"damage":2.0,"enemies":"Snake Plant","floor":27.0,"turns":4.0},{"damage":14.0,"enemies":"Cultist and Chosen","floor":28.0,"turns":5.0},{"damage":33.0,"enemies":"Gremlin Leader","floor":29.0,"turns":5.0},{"damage":24.0,"enemies":"Sentry and Sphere","floor":31.0,"turns":4.0},{"damage":29.0,"enemies":"Automaton","floor":33.0,"turns":6.0},{"damage":6.0,"enemies":"Orb Walker","floor":35.0,"turns":4.0},{"damage":33.0,"enemies":"3 Darklings","floor":36.0,"turns":5.0},{"damage":28.0,"enemies":"Writhing Mass","floor":37.0,"turns":5.0},{"damage":35.0,"enemies":"Maw","floor":41.0,"turns":6.0},{"damage":52,"enemies":"Nemesis","floor":42,"turns":4}],"seed_played":"-5360695798176219788","potions_obtained":[{"floor":6.0,"key":"FearPotion"},{"floor":11.0,"key":"DuplicationPotion"},{"floor":13.0,"key":"Fire Potion"},{"floor":16.0,"key":"SpeedPotion"},{"floor":21.0,"key":"ElixirPotion"},{"floor":28.0,"key":"Energy Potion"},{"floor":29.0,"key":"BloodPotion"},{"floor":33.0,"key":"DuplicationPotion"},{"floor":35.0,"key":"Fruit Juice"},{"floor":36.0,"key":"LiquidMemories"},{"floor":37.0,"key":"ColorlessPotion"},{"floor":41.0,"key":"Swift Potion"}],"is_trial":false,"path_per_floor":["M","$","?","?","M","E","M","?","T","M","M","R","M","M","R","B",null,"M","?","AVR","M","T","R","?","M","T","M","M","E","R","M","R","B",null,"M","M","M","AVR","?","R","M","E"],"character_chosen":"IRONCLAD","items_purchased":["Armaments"],"campfire_rested":1,"item_purchase_floors":[2],"current_hp_per_floor":[80,80,73,73,79,80,80,80,80,80,63,63,65,71,71,46,80,80,56,56,56,56,56,56,56,56,56,54,41,41,47,47,40,56,56,48,38,38,38,56,43,0,0],"gold":541,"neow_bonus":"THREE_ENEMY_KILL","is_daily":false,"chose_seed":false,"campfire_upgraded":5,"win_rate":0.0,"timestamp":1611279247,"path_taken":["M","$","?","?","M","E","M","?","T","M","M","R","M","M","R","BOSS","M","?","AVR","M","?","R","?","M","T","M","M","E","R","M","R","BOSS","M","M","M","AVR","?","R","M","E"],"items_purchased_type":["Card"],"build_version":"2020-12-22","purchased_purges":0,"victory":false,"max_hp_per_floor":[80,80,80,80,80,80,80,80,80,80,80,80,80,80,80,80,80,80,56,56,56,56,56,56,56,56,56,56,56,56,56,56,56,56,56,61,61,61,61,61,61,61,61],"card_choices":[{"not_picked":["Twin Strike","Infernal Blade"],"picked":"Body Slam","floor":1.0},{"not_picked":["hubris:CleavingFinish","Shockwave"],"picked":"Wild Strike","floor":5.0},{"not_picked":["Clothesline","Shrug It Off"],"picked":"Heavy Blade","floor":6.0},{"not_picked":["Clash","Clothesline"],"picked":"Anger","floor":7.0},{"not_picked":["Perfected Strike","Dark Embrace"],"picked":"Rage","floor":10.0},{"not_picked":["Reckless Charge","Sword Boomerang"],"picked":"Headbutt","floor":11.0},{"not_picked":["True Grit","Intimidate"],"picked":"Iron Wave","floor":13.0},{"not_picked":["Perfected Strike","infinitespire:OneForAll"],"picked":"Demon Form","floor":14.0},{"not_picked":["Corruption","Immolate"],"picked":"Juggernaut","floor":16.0},{"not_picked":["Clash","Headbutt+1"],"picked":"Flex","floor":18.0},{"not_picked":["True Grit","hubris:ReadiedAction"],"picked":"Warcry","floor":21.0},{"not_picked":["Headbutt","Power Through"],"picked":"Heavy Blade","floor":25.0},{"not_picked":["Dual Wield","Clothesline"],"picked":"Iron Wave","floor":27.0},{"not_picked":["Corruption","True Grit+1"],"picked":"Dropkick","floor":28.0},{"not_picked":["hubris:ReadiedAction","Pommel Strike"],"picked":"Flex+1","floor":29.0},{"not_picked":["Heavy Blade","Sword Boomerang"],"picked":"Flex+1","floor":31.0},{"not_picked":["hubris:StunningStrike","Corruption+1"],"picked":"Barricade+1","floor":33.0},{"not_picked":["Ghostly Armor","hubris:ReadiedAction"],"picked":"Entrench+1","floor":35.0},{"not_picked":["Power Through+1","Shrug It Off+1"],"picked":"Twin Strike+1","floor":36.0},{"not_picked":["Armaments+1","Body Slam"],"picked":"Barricade+1","floor":37.0},{"not_picked":["Sword Boomerang+1","Headbutt"],"picked":"Carnage+1","floor":41.0}],"player_experience":111461,"relics_obtained":[{"floor":6.0,"key":"infinitespire:PuzzleCube"},{"floor":9.0,"key":"infinitespire:EmpoweringShard"},{"floor":22.0,"key":"Shuriken"},{"floor":26.0,"key":"hubris:CuriousFeather"},{"floor":29.0,"key":"Frozen Egg 2"},{"floor":34.0,"key":"Bag of Preparation"},{"floor":34.0,"key":"White Beast Statue"},{"floor":34.0,"key":"Bird Faced Urn"}],"event_choices":[{"damage_healed":0.0,"max_hp_gain":0.0,"max_hp_loss":0.0,"gold_gain":0.0,"event_name":"Scrap Ooze","player_choice":"Success","floor":3.0,"gold_loss":0.0,"damage_taken":7.0,"relics_obtained":["FossilizedHelix"]},{"damage_healed":0.0,"max_hp_gain":0.0,"max_hp_loss":0.0,"gold_gain":0.0,"cards_transformed":["Wild Strike"],"event_name":"Living Wall","player_choice":"Change","floor":8.0,"gold_loss":0.0,"damage_taken":0.0,"cards_obtained":["Metallicize"]},{"damage_healed":0.0,"max_hp_gain":0.0,"max_hp_loss":24.0,"gold_gain":0.0,"event_name":"Vampires","player_choice":"Became a vampire","floor":19.0,"gold_loss":0.0,"damage_taken":0.0,"cards_obtained":["Bite","Bite","Bite","Bite","Bite"]},{"damage_healed":0.0,"max_hp_gain":0.0,"max_hp_loss":0.0,"gold_gain":0.0,"event_name":"The Library","player_choice":"Read","floor":24.0,"gold_loss":0.0,"damage_taken":0.0,"cards_obtained":["Entrench"]},{"damage_healed":0.0,"max_hp_gain":0.0,"max_hp_loss":0.0,"gold_gain":0.0,"event_name":"Tomb of Lord Red Mask","player_choice":"Ignored","floor":39.0,"gold_loss":0.0,"damage_taken":0.0}],"is_beta":false,"boss_relics":[{"not_picked":["Coffee Dripper","hubris:CrackedHourglass"],"picked":"Black Blood"},{"not_picked":["SlaversCollar","Mark of Pain"],"picked":"Calling Bell"}],"items_purged_floors":[],"is_endless":false,"potions_floor_spawned":[6,11,13,16,21,28,29,33,35,36,37,41],"killed_by":"Nemesis","ascension_level":0}}