{"host":"pszcj3piwl6eu8b1","time":1611355245,"event":{"mods":["2.2 Compatiblity","Act Like it!","Aspiration","BaseMod","Better Altar","Better Match","Better Note","Better Sensory Stone","Better Skull","Better Third Choice","Better Vampires","CCEM","Downfall","Elementarium","Energized Spire","Gensokyo","GifTheSpireLib","Hallownest","Hubris","Marisa????????","Menagerie","Minty Spire (QoL Compilation)","Permanent Neow","Quarter Circle Forward PUNCH!","Quick Restart","Replay The Spire","Shop Mod","StSLib","Stuff the Spire","The Animator","The Blue Laboratory"],"gold_per_floor":[0,10,35,51,51,51,51,63,91,91,124,124,109,124,160,160,160],"floor_reached":16,"language":"ENG","playtime":815,"items_purged":[],"score":208,"play_id":"5e51c977-17c4-4c91-9e83-16254f9d50a2","local_time":"20210122144045","is_ascension_mode":true,"campfire_choices":[{"data":"animator:Strike","floor":1.0,"key":"PURGE"},{"floor":10.0,"key":"REST"}],"circlet_count":0,"master_deck":["AscendersBane","animator:Strike_Rewrite","animator:Defend_Rewrite","animator:Strike","animator:Defend","animator:YoshinoHaruhiko+1","animator:ShizuruNakatsu","animator:ShizuruNakatsu","animator:Fredrika","animator:LuciaKonohana","animator:YoshinoHaruhiko","animator:LuciaKonohana","animator:SakuyaOhtori","animator:Chibimoth","animator:Eris","animator:Midou","animator:LuciaKonohana","animator:Kagari"],"relics":["animator:LivingPicture","animator:TheMissingPiece","animator:PurgingStone","Orichalcum","Shovel"],"acts_visited":["Exordium"],"potions_floor_usage":[],"damage_taken":[{"damage":7.0,"enemies":"Small Slimes","floor":2.0,"turns":6.0},{"damage":14.0,"enemies":"2 Louse","floor":3.0,"turns":5.0},{"damage":4.0,"enemies":"Cultist","floor":4.0,"turns":4.0},{"damage":17.0,"enemies":"Exordium Thugs","floor":8.0,"turns":3.0},{"damage":8.0,"enemies":"Blue Slaver","floor":9.0,"turns":3.0},{"damage":2.0,"enemies":"Gremlin Nob","floor":11.0,"turns":3.0},{"damage":4.0,"enemies":"downfall:FleeingMerchant","floor":13.0,"turns":4.0},{"damage":6.0,"enemies":"Lots of Slimes","floor":14.0,"turns":2.0},{"damage":13.0,"enemies":"Gremlin Gang","floor":15.0,"turns":3.0},{"damage":14,"enemies":"IC_STATUS_ARCHETYPE","floor":16,"turns":2}],"seed_played":"8759224184137701742","potions_obtained":[{"floor":2.0,"key":"blueLaboratory:HorrorPotion"},{"floor":4.0,"key":"blueLaboratory:HorrorPotion"},{"floor":9.0,"key":"Dexterity Potion"},{"floor":14.0,"key":"FearPotion"}],"is_trial":false,"path_per_floor":["R","M","M","M","?","?","T","M","M","R","E","?","$","M","M","B"],"character_chosen":"THE_ANIMATOR","items_purchased":[],"campfire_rested":1,"item_purchase_floors":[],"current_hp_per_floor":[54,47,33,29,29,29,29,13,5,23,21,21,21,18,8,0,0],"gold":160,"neow_bonus":"TRANSFORM_TWO_CARDS","is_daily":false,"chose_seed":true,"campfire_upgraded":0,"win_rate":0.0,"timestamp":1611355245,"path_taken":["R","M","M","M","?","?","T","M","?","R","E","?","?","M","M","BOSS"],"items_purchased_type":[],"build_version":"2020-12-22","purchased_purges":0,"victory":false,"max_hp_per_floor":[60,60,60,60,60,60,60,61,61,61,61,61,62,62,62,62,62],"card_choices":[{"not_picked":["animator:HiiragiShinya","animator:NarberalGamma","animator:Demiurge"],"picked":"SKIP","floor":2.0},{"not_picked":["animator:Tetora","animator:Hakurou"],"picked":"animator:LuciaKonohana","floor":3.0},{"not_picked":["animator:Yoichi","animator:Serara"],"picked":"animator:YoshinoHaruhiko","floor":4.0},{"not_picked":["animator:SougenEsaka","animator:Shimako"],"picked":"animator:SakuyaOhtori","floor":8.0},{"not_picked":["animator:Vanir","animator:NarberalGamma"],"picked":"animator:Chibimoth","floor":9.0},{"not_picked":["animator:Viivi","animator:Naotsugu","animator:SakuyaOhtori"],"picked":"SKIP","floor":11.0},{"not_picked":["animator:Shuna","animator:Layla"],"picked":"animator:Midou","floor":13.0},{"not_picked":["animator:Chibimoth","animator:SakuyaOhtori"],"picked":"animator:LuciaKonohana","floor":14.0},{"not_picked":["animator:Vesta","animator:Spearman"],"picked":"animator:Kagari","floor":15.0}],"player_experience":1391481,"relics_obtained":[{"floor":7.0,"key":"Orichalcum"},{"floor":11.0,"key":"Shovel"}],"event_choices":[],"is_beta":false,"boss_relics":[],"items_purged_floors":[],"is_endless":false,"potions_floor_spawned":[2,4,9,14],"killed_by":"IC_STATUS_ARCHETYPE","ascension_level":20}}