{"host":"19tvufa8xx4wr4o1","time":1611354462,"event":{"mods":["AchievementEnabler","BaseMod","Better Sensory Stone","Better Third Choice","Highlight Path","Minty Spire (QoL Compilation)","Relic Stats","StSLib"],"gold_per_floor":[117,117,137,151,107,107,134,149,149,149,162,193,193,10,10,84,84,99,99,109,109,126,156,156,173,198,266,266,298,298,125,125,202,202,213,213,229,249,259,259,259,259,283,283,293,308,308,338,338,338],"floor_reached":51,"language":"ENG","playtime":2097,"items_purged":["Pain","Strike_G"],"score":1363,"play_id":"52d6833e-8c59-4762-a90b-602aadd90e5b","local_time":"20210122162742","is_ascension_mode":true,"campfire_choices":[{"data":"Predator","floor":6.0,"key":"SMITH"},{"floor":10.0,"key":"REST"},{"data":"Caltrops","floor":13.0,"key":"SMITH"},{"data":"1","floor":15.0,"key":"LIFT"},{"floor":28.0,"key":"REST"},{"floor":30.0,"key":"REST"},{"floor":32.0,"key":"REST"},{"data":"2","floor":40.0,"key":"LIFT"},{"data":"3","floor":47,"key":"LIFT"},{"floor":49,"key":"REST"}],"circlet_count":0,"master_deck":["AscendersBane","Strike_G+1","Strike_G+1","Defend_G","Defend_G","Defend_G","Defend_G","Defend_G","Survivor","Neutralize","Predator+1","Leg Sweep","Blade Dance","Choke","Bouncing Flask","Caltrops+1","After Image","Catalyst+1","Footwork","Terror+1","Dagger Spray+1","Footwork","Sucker Punch","Crippling Poison+1","Dodge and Roll+1","PiercingWail+1","Burst+1","Leg Sweep+1","Cloak And Dagger+1","Wraith Form v2","Doubt","Prepared+1"],"relics":["Ring of the Snake","NeowsBlessing","WarpedTongs","betterThird:SlimedRelic","Matryoshka","Centennial Puzzle","Girya","Toxic Egg 2","Membership Card","Fusion Hammer","Whetstone","Strawberry","Pen Nib","Paper Crane","Gambling Chip","Lantern","Runic Pyramid","Blood Vial","Nunchaku"],"acts_visited":["Exordium","TheCity","TheBeyond"],"potions_floor_usage":[50],"damage_taken":[{"damage":0.0,"enemies":"2 Louse","floor":1.0,"turns":1.0},{"damage":0.0,"enemies":"Cultist","floor":3.0,"turns":1.0},{"damage":0.0,"enemies":"Jaw Worm","floor":4.0,"turns":1.0},{"damage":25.0,"enemies":"3 Sentries","floor":7.0,"turns":12.0},{"damage":3.0,"enemies":"2 Fungi Beasts","floor":8.0,"turns":3.0},{"damage":3.0,"enemies":"3 Louse","floor":11.0,"turns":4.0},{"damage":16.0,"enemies":"Gremlin Nob","floor":12.0,"turns":5.0},{"damage":0.0,"enemies":"Hexaghost","floor":16.0,"turns":9.0},{"damage":1.0,"enemies":"Chosen","floor":18.0,"turns":5.0},{"damage":8.0,"enemies":"2 Thieves","floor":20.0,"turns":3.0},{"damage":21.0,"enemies":"Snake Plant","floor":22.0,"turns":4.0},{"damage":13.0,"enemies":"Book of Stabbing","floor":23.0,"turns":5.0},{"damage":11.0,"enemies":"Centurion and Healer","floor":25.0,"turns":7.0},{"damage":30.0,"enemies":"Slavers","floor":29.0,"turns":5.0},{"damage":8.0,"enemies":"Champ","floor":33.0,"turns":13.0},{"damage":0.0,"enemies":"3 Shapes","floor":35.0,"turns":6.0},{"damage":0.0,"enemies":"Orb Walker","floor":37.0,"turns":2.0},{"damage":8.0,"enemies":"Jaw Worm Horde","floor":38.0,"turns":4.0},{"damage":5.0,"enemies":"Transient","floor":39.0,"turns":5.0},{"damage":0,"enemies":"Maw","floor":45,"turns":4},{"damage":1,"enemies":"4 Shapes","floor":46,"turns":5},{"damage":9,"enemies":"Reptomancer","floor":48,"turns":6},{"damage":11,"enemies":"Donu and Deca","floor":50,"turns":15}],"seed_played":"334484886008499852","potions_obtained":[{"floor":1.0,"key":"ColorlessPotion"},{"floor":12.0,"key":"SneckoOil"},{"floor":16.0,"key":"FearPotion"},{"floor":20.0,"key":"LiquidBronze"},{"floor":29.0,"key":"Energy Potion"},{"floor":38.0,"key":"SpeedPotion"},{"floor":44,"key":"CunningPotion"}],"is_trial":false,"path_per_floor":["M","?","M","M","?","R","E","M","T","R","M","E","R","$","R","B",null,"M","?","M","?","M","E","?","M","T","T","R","E","R","$","R","B",null,"M","$","M","M","M","R","?","?","T","?","M","M","R","E","R","B",null],"character_chosen":"THE_SILENT","items_purchased":["Membership Card","Dodge and Roll+1","PiercingWail+1","Lantern"],"campfire_rested":5,"item_purchase_floors":[14,31,31,31],"current_hp_per_floor":[59,59,59,59,48,48,23,20,20,39,36,20,20,20,20,20,55,54,54,46,59,38,25,25,14,21,21,42,12,33,33,54,46,66,66,66,66,58,53,53,35,73,73,73,73,72,72,64,73,62],"gold":338,"neow_bonus":"THREE_ENEMY_KILL","is_daily":false,"chose_seed":false,"campfire_upgraded":2,"win_rate":0.0,"timestamp":1611354462,"path_taken":["M","?","M","?","?","R","E","M","T","R","M","E","R","$","R","BOSS","M","?","M","?","M","E","?","?","T","?","R","E","R","$","R","BOSS","M","$","M","M","M","R","?","?","T","?","M","M","R","E","R","BOSS"],"items_purchased_type":["Relic","Card","Card","Relic"],"build_version":"2020-12-22","purchased_purges":2,"victory":true,"max_hp_per_floor":[66,66,66,66,66,66,66,66,66,66,66,66,66,66,66,66,66,66,66,66,66,66,66,66,66,73,73,73,73,73,73,73,73,73,73,73,73,73,73,73,73,73,73,73,73,73,73,73,73,73],"relic_stats":{"Blood Vial":1,"Centennial Puzzle":[42],"Nunchaku":[2],"counters":[23,125],"Gambling Chip":[32],"Pen Nib":[10],"Whetstone":["Strike_G","Strike_G"],"obtain_stats":[{"Girya":9,"Lantern":31,"NeowsBlessing":0,"Pen Nib":26,"Whetstone":23,"Paper Crane":27,"WarpedTongs":2,"Blood Vial":43,"Centennial Puzzle":9,"Nunchaku":48,"Matryoshka":7,"betterThird:SlimedRelic":5,"Strawberry":26,"Gambling Chip":29,"Fusion Hammer":17,"Membership Card":14,"Toxic Egg 2":12,"Ring of the Snake":0,"Runic Pyramid":34},{"Girya":5,"Lantern":14,"NeowsBlessing":0,"Pen Nib":13,"Whetstone":12,"Paper Crane":13,"WarpedTongs":1,"Blood Vial":19,"Centennial Puzzle":5,"Nunchaku":22,"Matryoshka":4,"betterThird:SlimedRelic":3,"Strawberry":13,"Gambling Chip":14,"Fusion Hammer":8,"Membership Card":7,"Toxic Egg 2":7,"Ring of the Snake":0,"Runic Pyramid":15},{"Girya":18,"Lantern":65,"NeowsBlessing":0,"Pen Nib":60,"Whetstone":53,"Paper Crane":60,"WarpedTongs":1,"Blood Vial":95,"Centennial Puzzle":18,"Nunchaku":110,"Matryoshka":15,"betterThird:SlimedRelic":3,"Strawberry":60,"Gambling Chip":65,"Fusion Hammer":36,"Membership Card":27,"Toxic Egg 2":27,"Ring of the Snake":0,"Runic Pyramid":78}],"Ring of the Snake":[46],"WarpedTongs":[117]},"card_choices":[{"not_picked":["Flying Knee","Outmaneuver"],"picked":"Predator","floor":1.0},{"not_picked":["Bane","Flying Knee","Riddle With Holes"],"picked":"SKIP","floor":3.0},{"not_picked":["Backstab","Bane"],"picked":"Leg Sweep","floor":4.0},{"not_picked":["Deadly Poison","Underhanded Strike"],"picked":"Blade Dance","floor":7.0},{"not_picked":["Concentrate","Setup"],"picked":"Choke","floor":8.0},{"not_picked":["Masterful Stab","Blade Dance"],"picked":"Bouncing Flask","floor":11.0},{"not_picked":["Infinite Blades","Unload"],"picked":"Caltrops","floor":12.0},{"not_picked":["Malaise+1","Wraith Form v2"],"picked":"After Image","floor":16.0},{"not_picked":["Reflex+1","Underhanded Strike"],"picked":"Catalyst+1","floor":18.0},{"not_picked":["Quick Slash","Reflex+1"],"picked":"Footwork","floor":20.0},{"not_picked":["Tactician+1","Concentrate+1"],"picked":"Terror+1","floor":22.0},{"not_picked":["Quick Slash","Skewer"],"picked":"Dagger Spray+1","floor":23.0},{"not_picked":["Escape Plan+1","Eviscerate"],"picked":"Crippling Poison+1","floor":25.0},{"not_picked":["Bane","Sucker Punch","Unload"],"picked":"SKIP","floor":29.0},{"not_picked":["Die Die Die","Malaise+1"],"picked":"Burst+1","floor":33.0},{"not_picked":["Dagger Throw+1","Noxious Fumes"],"picked":"Leg Sweep+1","floor":35.0},{"not_picked":["Dagger Throw","Underhanded Strike","Well Laid Plans"],"picked":"SKIP","floor":37.0},{"not_picked":["Flechettes","Bane","Reflex+1"],"picked":"SKIP","floor":38.0},{"not_picked":["Quick Slash","Deflect+1"],"picked":"Cloak And Dagger+1","floor":39.0},{"not_picked":["Deadly Poison+1","Heel Hook","Skewer"],"picked":"SKIP","floor":45},{"not_picked":["Slice","Well Laid Plans"],"picked":"Prepared+1","floor":46},{"not_picked":["Skewer+1","Deflect+1","Deadly Poison+1"],"picked":"SKIP","floor":48}],"player_experience":594174,"relics_obtained":[{"floor":7.0,"key":"Matryoshka"},{"floor":9.0,"key":"Centennial Puzzle"},{"floor":9.0,"key":"Girya"},{"floor":12.0,"key":"Toxic Egg 2"},{"floor":23.0,"key":"Whetstone"},{"floor":26.0,"key":"Strawberry"},{"floor":26.0,"key":"Pen Nib"},{"floor":27.0,"key":"Paper Crane"},{"floor":29.0,"key":"Gambling Chip"},{"floor":43.0,"key":"Blood Vial"},{"floor":48,"key":"Nunchaku"}],"event_choices":[{"damage_healed":0.0,"max_hp_gain":0.0,"max_hp_loss":0.0,"gold_gain":0.0,"event_name":"Accursed Blacksmith","player_choice":"Rummage","floor":2.0,"gold_loss":0.0,"damage_taken":0.0,"relics_obtained":["WarpedTongs"],"cards_obtained":["Pain"]},{"damage_healed":0.0,"max_hp_gain":0.0,"max_hp_loss":0.0,"gold_gain":0.0,"event_name":"betterThird:BetterGoop","player_choice":"Slimed","floor":5.0,"gold_loss":44.0,"damage_taken":11.0},{"damage_healed":0.0,"max_hp_gain":0.0,"max_hp_loss":0.0,"gold_gain":0.0,"event_name":"Beggar","player_choice":"Ignored","floor":19.0,"gold_loss":0.0,"damage_taken":0.0},{"damage_healed":13.0,"max_hp_gain":0.0,"max_hp_loss":0.0,"gold_gain":0.0,"event_name":"The Library","player_choice":"Heal","floor":21.0,"gold_loss":0.0,"damage_taken":0.0},{"damage_healed":0.0,"max_hp_gain":0.0,"max_hp_loss":0.0,"gold_gain":0.0,"cards_transformed":["Strike_G","Strike_G"],"event_name":"Drug Dealer","player_choice":"Became Test Subject","floor":24.0,"gold_loss":0.0,"damage_taken":0.0,"cards_obtained":["Footwork","Sucker Punch"]},{"damage_healed":0.0,"max_hp_gain":0.0,"max_hp_loss":18.0,"gold_gain":3.0,"event_name":"betterStone:BetterStone","player_choice":"2","floor":41.0,"gold_loss":0.0,"damage_taken":0.0},{"damage_healed":38.0,"max_hp_gain":0.0,"max_hp_loss":0.0,"gold_gain":0.0,"event_name":"MindBloom","player_choice":"Heal","floor":42.0,"gold_loss":0.0,"damage_taken":0.0,"cards_obtained":["Doubt"]},{"damage_healed":0,"gold_gain":0,"player_choice":"Got Potions","damage_taken":0,"max_hp_gain":0,"max_hp_loss":0,"event_name":"Lab","floor":44,"gold_loss":0}],"is_beta":false,"boss_relics":[{"not_picked":["Black Star","Velvet Choker"],"picked":"Fusion Hammer"},{"not_picked":["HoveringKite","Philosopher\u0027s Stone"],"picked":"Runic Pyramid"}],"items_purged_floors":[14,31],"is_endless":false,"potions_floor_spawned":[1,12,16,20,29,33,35,38,39,45],"ascension_level":15}}