{"host":"sc0o2qwpf9j16a4i","time":1611274964,"event":{"mods":["AchievementEnabler","BaseMod","BetterRewards","Block Reminder","Colored Map","Colored Powertips","Custom Start","Highlight Path","Minty Spire (QoL Compilation)","Relic Stats"],"gold_per_floor":[117,130,55,68,143,143,156,181,181,212,269,234,245,245,245,322,322,335,250,62,112,125,153,153,153,153],"floor_reached":25,"language":"ENG","playtime":616,"items_purged":["Strike_R","Strike_R"],"score":658,"play_id":"2d618f4d-c44f-4359-af2b-68a6345abbde","local_time":"20210122022244","is_ascension_mode":true,"campfire_choices":[{"data":"Bash","floor":6,"key":"SMITH"},{"data":"1","floor":15,"key":"LIFT"},{"floor":24,"key":"REST"}],"circlet_count":0,"master_deck":["AscendersBane","Strike_R","Strike_R","Strike_R","Defend_R","Defend_R","Defend_R","Defend_R","Bash+1","Reaper","Anger","Hemokinesis","Headbutt","Feed","Dual Wield","Spot Weakness"],"relics":["Burning Blood","Tiny Chest","Girya","Pocketwatch","Shuriken","Gremlin Horn","SlaversCollar","Potion Belt","Strawberry"],"acts_visited":["Exordium","TheCity"],"potions_floor_usage":[4,8,16,23,23],"damage_taken":[{"damage":6,"enemies":"Cultist","floor":1,"turns":4},{"damage":7,"enemies":"Jaw Worm","floor":2,"turns":3},{"damage":14,"enemies":"Small Slimes","floor":4,"turns":3},{"damage":4,"enemies":"Looter","floor":7,"turns":4},{"damage":35,"enemies":"3 Sentries","floor":8,"turns":8},{"damage":12,"enemies":"Gremlin Nob","floor":10,"turns":3},{"damage":4,"enemies":"2 Fungi Beasts","floor":13,"turns":3},{"damage":37,"enemies":"The Guardian","floor":16,"turns":16},{"damage":2,"enemies":"Chosen","floor":18,"turns":3},{"damage":17,"enemies":"Spheric Guardian","floor":22,"turns":3},{"damage":58,"enemies":"Book of Stabbing","floor":23,"turns":5},{"damage":44,"enemies":"Snecko","floor":25,"turns":4}],"seed_played":"1649878139394296706","potions_obtained":[{"floor":2,"key":"Energy Potion"},{"floor":4,"key":"Swift Potion"},{"floor":7,"key":"Dexterity Potion"},{"floor":13,"key":"Fire Potion"},{"floor":22,"key":"Weak Potion"}],"is_trial":false,"path_per_floor":["M","M","$","M","?","R","M","E","T","E","?","?","M","T","R","B",null,"M","?","$","?","M","E","R","M"],"character_chosen":"IRONCLAD","items_purchased":["Tiny Chest","Reaper","PowerPotion","Dual Wield"],"campfire_rested":1,"item_purchase_floors":[0,0,0,20],"current_hp_per_floor":[58,57,57,55,44,44,50,33,33,27,27,45,55,55,55,33,65,72,72,72,72,61,16,41,0,0],"gold":153,"neow_bonus":"","is_daily":false,"chose_seed":false,"campfire_upgraded":1,"win_rate":0.0,"timestamp":1611274964,"path_taken":["M","M","$","M","?","R","M","E","T","E","?","?","M","?","R","BOSS","M","?","$","?","M","E","R","M"],"items_purchased_type":["Relic","Card","Potion","Card"],"build_version":"2020-12-22","purchased_purges":2,"victory":false,"max_hp_per_floor":[75,75,75,75,75,75,75,75,75,75,75,75,75,75,75,75,75,78,78,78,78,78,85,85,85,85],"relic_stats":{"Gremlin Horn":[0,0],"counters":[29,145],"Shuriken":[14],"Tiny Chest":1,"obtain_stats":[{"Potion Belt":19,"Girya":8,"Pear":7,"Gremlin Horn":14,"The Courier":11,"PreservedInsect":9,"Frozen Egg 2":9,"War Paint":8,"Ancient Tea Set":0,"Smiling Mask":3,"Burning Blood":0,"ClockworkSouvenir":4,"SlaversCollar":17,"Dream Catcher":5,"FaceOfCleric":7,"Shuriken":10,"Gambling Chip":12,"Strawberry":23,"Tiny Chest":0,"Pocketwatch":9},{"Potion Belt":26,"Girya":22,"Pear":2,"Gremlin Horn":24,"The Courier":4,"PreservedInsect":12,"Frozen Egg 2":2,"War Paint":12,"Ancient Tea Set":8,"Smiling Mask":10,"Burning Blood":0,"ClockworkSouvenir":1,"SlaversCollar":25,"Dream Catcher":1,"FaceOfCleric":11,"Shuriken":23,"Gambling Chip":15,"Strawberry":28,"Tiny Chest":17,"Pocketwatch":22},{"Potion Belt":133,"Girya":108,"Pear":10,"Gremlin Horn":114,"The Courier":18,"PreservedInsect":57,"Frozen Egg 2":10,"War Paint":57,"Ancient Tea Set":38,"Smiling Mask":46,"Burning Blood":0,"ClockworkSouvenir":6,"SlaversCollar":130,"Dream Catcher":6,"FaceOfCleric":49,"Shuriken":111,"Gambling Chip":68,"Strawberry":141,"Tiny Chest":86,"Pocketwatch":108}],"Burning Blood":156,"Pocketwatch":[75]},"card_choices":[{"not_picked":["Sword Boomerang","Clash"],"picked":"Anger","floor":1},{"not_picked":["Sword Boomerang","Thunderclap","Iron Wave"],"picked":"SKIP","floor":2},{"not_picked":["Perfected Strike","Iron Wave"],"picked":"Hemokinesis","floor":4},{"not_picked":["Dual Wield","Thunderclap"],"picked":"Headbutt","floor":7},{"not_picked":["Dual Wield","Flex","Thunderclap"],"picked":"SKIP","floor":8},{"not_picked":["Headbutt","Rage","Limit Break"],"picked":"SKIP","floor":10},{"not_picked":["Flex","Rampage","Dropkick"],"picked":"SKIP","floor":13},{"not_picked":["Double Tap","Fiend Fire"],"picked":"Feed","floor":16},{"not_picked":["Flex","Clothesline","Inflame"],"picked":"SKIP","floor":18},{"not_picked":["Thunderclap","Carnage","Twin Strike"],"picked":"SKIP","floor":22},{"not_picked":["Twin Strike","Pommel Strike"],"picked":"Spot Weakness","floor":23}],"player_experience":873521,"relics_obtained":[{"floor":8,"key":"Girya"},{"floor":9,"key":"Pocketwatch"},{"floor":10,"key":"Shuriken"},{"floor":14,"key":"Gremlin Horn"},{"floor":23,"key":"Strawberry"}],"event_choices":[{"damage_healed":0,"gold_gain":75,"player_choice":"Gather Gold","damage_taken":11,"max_hp_gain":0,"max_hp_loss":0,"event_name":"World of Goop","floor":5,"gold_loss":0},{"damage_healed":0,"gold_gain":57,"player_choice":"Gained Gold","damage_taken":0,"max_hp_gain":0,"max_hp_loss":0,"event_name":"Golden Wing","floor":11,"gold_loss":0},{"damage_healed":18,"gold_gain":0,"player_choice":"Healed","damage_taken":0,"max_hp_gain":0,"max_hp_loss":0,"event_name":"The Cleric","floor":12,"gold_loss":35},{"damage_healed":0,"gold_gain":0,"player_choice":"Obtained Relic","damage_taken":0,"relics_obtained":["Potion Belt"],"max_hp_gain":0,"max_hp_loss":0,"event_name":"Addict","floor":19,"gold_loss":85},{"damage_healed":0,"gold_gain":50,"player_choice":"Stole From Cult","damage_taken":0,"max_hp_gain":0,"max_hp_loss":0,"event_name":"Nest","floor":21,"gold_loss":0}],"is_beta":false,"boss_relics":[{"not_picked":["Tiny House","Pandora\u0027s Box"],"picked":"SlaversCollar"}],"items_purged_floors":[3,20],"is_endless":false,"potions_floor_spawned":[2,4,7,13,22],"killed_by":"Snecko","ascension_level":20}}