{"host":"oi6p1guiqfwwvxym","time":1611279867,"event":{"mods":["BaseMod","Colored Map","Minty Spire (QoL Compilation)","Relic Stats"],"gold_per_floor":[112,112,112,132,146,146,221,221,246,266,296,313,313,39,39,112,112,112,112,112,112,112,112,112,112,112],"floor_reached":25,"language":"ENG","playtime":1013,"items_purged":[],"score":420,"play_id":"600811ed-ddc2-4960-9a27-e2825b02cb10","local_time":"20210121174427","is_ascension_mode":true,"campfire_choices":[{"floor":6,"key":"REST"},{"data":"Bash","floor":8,"key":"SMITH"},{"data":"Combust","floor":15,"key":"SMITH"},{"data":"Ghostly","floor":23,"key":"SMITH"}],"circlet_count":0,"master_deck":["AscendersBane","Strike_R+1","Strike_R+1","Defend_R+1","Defend_R+1","Defend_R+1","Bash+1","Whirlwind+1","Intimidate+1","True Grit+1","Rupture","Flame Barrier","Clothesline","Combust+1","Inflame","Wild Strike","Brutality","Shrug It Off","Sword Boomerang","Ghostly+1","Ghostly","Ghostly"],"relics":["Astrolabe","Matryoshka","Kunai","Smiling Mask","Bag of Preparation","Lee\u0027s Waffle","Ectoplasm","Shuriken"],"acts_visited":["Exordium","TheCity"],"potions_floor_usage":[11,16],"damage_taken":[{"damage":1,"enemies":"Small Slimes","floor":1,"turns":4},{"damage":6,"enemies":"2 Louse","floor":4,"turns":2},{"damage":7,"enemies":"Jaw Worm","floor":5,"turns":4},{"damage":3,"enemies":"Looter","floor":10,"turns":4},{"damage":25,"enemies":"3 Sentries","floor":11,"turns":9},{"damage":0,"enemies":"2 Fungi Beasts","floor":12,"turns":3},{"damage":54,"enemies":"Hexaghost","floor":16,"turns":9},{"damage":19,"enemies":"Shell Parasite","floor":18,"turns":6},{"damage":5,"enemies":"3 Byrds","floor":20,"turns":4},{"damage":12,"enemies":"Centurion and Healer","floor":21,"turns":6},{"damage":11,"enemies":"Book of Stabbing","floor":24,"turns":5},{"damage":0,"enemies":"Shelled Parasite and Fungi","floor":25,"turns":1}],"seed_played":"4694852174216797359","potions_obtained":[{"floor":10,"key":"Weak Potion"},{"floor":11,"key":"Energy Potion"},{"floor":20,"key":"Swift Potion"},{"floor":24,"key":"Explosive Potion"}],"is_trial":false,"path_per_floor":["M","?","?","M","M","R","?","R","T","M","E","M","?","$","R","B",null,"M","?","M","M","?","R","E","M"],"character_chosen":"IRONCLAD","items_purchased":["Lee\u0027s Waffle","Inflame","Wild Strike"],"campfire_rested":1,"item_purchase_floors":[14,14,14],"current_hp_per_floor":[67,60,42,36,29,51,40,40,40,37,12,12,17,87,87,33,74,55,55,50,38,38,38,27,27,27],"gold":112,"neow_bonus":"BOSS_RELIC","is_daily":false,"chose_seed":false,"campfire_upgraded":3,"win_rate":0.0,"timestamp":1611279867,"path_taken":["M","?","?","M","M","R","?","R","T","M","E","M","?","$","R","BOSS","M","?","M","M","?","R","E","M"],"items_purchased_type":["Relic","Card","Card"],"build_version":"2020-12-22","purchased_purges":0,"victory":false,"max_hp_per_floor":[75,75,75,75,75,75,75,75,75,75,75,75,80,87,87,87,87,87,87,87,87,43,43,43,43,43],"relic_stats":{"Lee\u0027s Waffle":70,"counters":[12,57],"Shuriken":[0],"Astrolabe":["Whirlwind","Intimidate","True Grit"],"Ectoplasm":80,"Bag of Preparation":[14],"Kunai":[0],"Smiling Mask":0,"obtain_stats":[{"Lee\u0027s Waffle":14,"Matryoshka":3,"Shuriken":24,"Astrolabe":0,"Ectoplasm":17,"Bag of Preparation":11,"Kunai":9,"Smiling Mask":9,"Burning Blood":0},{"Lee\u0027s Waffle":6,"Matryoshka":1,"Shuriken":11,"Astrolabe":0,"Ectoplasm":7,"Bag of Preparation":5,"Kunai":3,"Smiling Mask":3,"Burning Blood":0},{"Lee\u0027s Waffle":26,"Matryoshka":4,"Shuriken":56,"Astrolabe":0,"Ectoplasm":35,"Bag of Preparation":23,"Kunai":10,"Smiling Mask":10,"Burning Blood":0}]},"card_choices":[{"not_picked":["Sword Boomerang","True Grit"],"picked":"Rupture","floor":1},{"not_picked":["Havoc","Clash","Armaments"],"picked":"SKIP","floor":4},{"not_picked":["Havoc","Thunderclap"],"picked":"Flame Barrier","floor":5},{"not_picked":["Dual Wield","Heavy Blade"],"picked":"Clothesline","floor":10},{"not_picked":["Burning Pact","Perfected Strike"],"picked":"Combust","floor":11},{"not_picked":["Heavy Blade","Rage","Flex"],"picked":"SKIP","floor":12},{"not_picked":["Exhume","Immolate"],"picked":"Brutality","floor":16},{"not_picked":["Perfected Strike","Clothesline+1"],"picked":"Shrug It Off","floor":18},{"not_picked":["Sever Soul","Twin Strike+1","Clash+1"],"picked":"SKIP","floor":20},{"not_picked":["Pommel Strike","Warcry"],"picked":"Sword Boomerang","floor":21},{"not_picked":["Feel No Pain","Searing Blow+1","Hemokinesis"],"picked":"SKIP","floor":24}],"player_experience":380691,"relics_obtained":[{"floor":9,"key":"Kunai"},{"floor":9,"key":"Smiling Mask"},{"floor":11,"key":"Bag of Preparation"},{"floor":24,"key":"Shuriken"}],"event_choices":[{"cards_removed":["Defend_R"],"damage_healed":0,"gold_gain":0,"player_choice":"Card Removal","damage_taken":7,"max_hp_gain":0,"max_hp_loss":0,"event_name":"Golden Wing","floor":2,"gold_loss":0},{"damage_healed":0,"gold_gain":0,"player_choice":"Success","damage_taken":18,"relics_obtained":["Matryoshka"],"max_hp_gain":0,"max_hp_loss":0,"event_name":"Scrap Ooze","floor":3,"gold_loss":0},{"damage_healed":0,"gold_gain":75,"player_choice":"Gather Gold","damage_taken":11,"max_hp_gain":0,"max_hp_loss":0,"event_name":"World of Goop","floor":7,"gold_loss":0},{"damage_healed":0,"gold_gain":0,"player_choice":"Donut","damage_taken":0,"max_hp_gain":5,"max_hp_loss":0,"event_name":"Big Fish","floor":13,"gold_loss":0},{"damage_healed":0,"gold_gain":0,"player_choice":"Simplicity","damage_taken":0,"max_hp_gain":0,"max_hp_loss":0,"event_name":"Back to Basics","floor":19,"gold_loss":0,"cards_upgraded":["Strike_R","Strike_R","Defend_R","Defend_R","Defend_R"]},{"damage_healed":0,"gold_gain":0,"player_choice":"Became a Ghost","damage_taken":0,"max_hp_gain":0,"max_hp_loss":44,"event_name":"Ghosts","floor":22,"gold_loss":0,"cards_obtained":["Ghostly","Ghostly","Ghostly"]}],"is_beta":false,"boss_relics":[{"not_picked":["Runic Dome","Empty Cage"],"picked":"Ectoplasm"}],"items_purged_floors":[],"is_endless":false,"potions_floor_spawned":[10,11,20,24],"killed_by":"Shelled Parasite and Fungi","ascension_level":18}}