{"host":"j36qkj20jqndbw01","time":1611323688,"event":{"mods":["AchievementEnabler","BaseMod","Colored Map","DeckTracker","Highlight Path","Keyboard Shortcuts","Minty Spire (QoL Compilation)","Quick Restart","Relic Stats","StSLib","SuperFastMode","everything is the same but u backflip on backflip"],"gold_per_floor":[11,11,24,42,42,73,73,87,87,108,108,123,123,143,143,143,143],"floor_reached":16,"language":"KOR","playtime":909,"items_purged":[],"score":198,"play_id":"ebf06811-1eb0-40f6-ae18-e2bfab6c79e8","local_time":"20210122225448","is_ascension_mode":true,"campfire_choices":[{"data":"Biased Cognition","floor":7,"key":"SMITH"},{"data":"Defragment","floor":11,"key":"SMITH"},{"data":"Static Discharge","floor":13,"key":"SMITH"},{"data":"Coolheaded","floor":15,"key":"SMITH"}],"circlet_count":0,"master_deck":["AscendersBane","Strike_B","Strike_B","Defend_B","Defend_B","Defend_B","Defend_B","Zap","Dualcast","Cold Snap","Static Discharge+1","White Noise","Biased Cognition+1","Defragment+1","Conserve Battery","Coolheaded+1","Undo"],"relics":["Cracked Core","CultistMask","Golden Idol","Pocketwatch","Lizard Tail"],"acts_visited":["Exordium"],"potions_floor_usage":[6,14,16],"damage_taken":[{"damage":2,"enemies":"Cultist","floor":1,"turns":4},{"damage":3,"enemies":"Small Slimes","floor":3,"turns":4},{"damage":0,"enemies":"2 Louse","floor":4,"turns":3},{"damage":45,"enemies":"Gremlin Nob","floor":6,"turns":4},{"damage":6,"enemies":"Looter","floor":8,"turns":3},{"damage":27,"enemies":"3 Louse","floor":10,"turns":3},{"damage":10,"enemies":"Exordium Thugs","floor":12,"turns":5},{"damage":2,"enemies":"Exordium Wildlife","floor":14,"turns":2},{"damage":16,"enemies":"The Guardian","floor":16,"turns":13}],"seed_played":"921992247903371546","potions_obtained":[{"floor":3,"key":"GamblersBrew"},{"floor":4,"key":"SneckoOil"},{"floor":6,"key":"DistilledChaos"},{"floor":14,"key":"PowerPotion"}],"is_trial":false,"path_per_floor":["M","?","M","M","?","E","R","M","T","M","R","M","R","M","R","B"],"character_chosen":"DEFECT","items_purchased":[],"campfire_rested":0,"item_purchase_floors":[],"current_hp_per_floor":[62,62,59,59,59,14,14,8,8,14,14,4,4,2,2,0,0],"gold":143,"neow_bonus":"REMOVE_TWO","is_daily":false,"chose_seed":false,"campfire_upgraded":4,"win_rate":0.0,"timestamp":1611323688,"path_taken":["M","?","?","M","?","E","R","M","T","M","R","M","R","M","R","BOSS"],"items_purchased_type":[],"build_version":"2020-12-22","purchased_purges":0,"victory":false,"max_hp_per_floor":[71,71,71,71,64,64,64,64,64,64,64,64,64,64,64,64,64],"relic_stats":{"Lizard Tail":32,"counters":[9,41],"Golden Idol":20,"obtain_stats":[{"Lizard Tail":9,"Golden Idol":5,"CultistMask":2,"Cracked Core":0,"Pocketwatch":6},{"Lizard Tail":5,"Golden Idol":3,"CultistMask":1,"Cracked Core":0,"Pocketwatch":4},{"Lizard Tail":18,"Golden Idol":11,"CultistMask":4,"Cracked Core":0,"Pocketwatch":15}],"Pocketwatch":[30]},"card_choices":[{"not_picked":["Hologram","Hello World"],"picked":"Cold Snap","floor":1},{"not_picked":["Rebound","Hologram"],"picked":"Static Discharge","floor":3},{"not_picked":["Gash","Skim"],"picked":"White Noise","floor":4},{"not_picked":["Beam Cell","Sweeping Beam"],"picked":"Biased Cognition","floor":6},{"not_picked":["Cold Snap","Turbo"],"picked":"Defragment","floor":8},{"not_picked":["Barrage","Steam"],"picked":"Conserve Battery","floor":10},{"not_picked":["Chaos","Stack"],"picked":"Coolheaded","floor":12},{"not_picked":["Melter","Stack"],"picked":"Undo","floor":14}],"player_experience":1744817,"relics_obtained":[{"floor":6,"key":"Pocketwatch"},{"floor":9,"key":"Lizard Tail"}],"event_choices":[{"damage_healed":0,"gold_gain":0,"player_choice":"Trade","damage_taken":0,"relics_obtained":["CultistMask"],"max_hp_gain":0,"max_hp_loss":0,"event_name":"FaceTrader","floor":2,"gold_loss":0},{"damage_healed":0,"gold_gain":0,"player_choice":"Lose Max HP","damage_taken":0,"relics_obtained":["Golden Idol"],"max_hp_gain":0,"max_hp_loss":7,"event_name":"Golden Idol","floor":5,"gold_loss":0}],"is_beta":false,"boss_relics":[],"items_purged_floors":[],"is_endless":false,"potions_floor_spawned":[3,4,6,8,14],"killed_by":"The Guardian","ascension_level":18}}