{"host":"j1eo1fqrqta44853","time":1611354531,"event":{"mods":["Act Like it!","Bartender","BaseMod","CatGirl Mod","Custom Start","Downfall","Elementarium","Gensokyo","GungeonMod","HololiveMod","Hubris","Infinite Spire","KinomotoSakuraMod(????)","Koishi","Lobotomy","LobotomyExtend","Marisa????????","Minty Spire (QoL Compilation)","Pale of the Ancients","Rare Cards Sparkle","Reimu??????","Replay The Spire","SIMod","Shedinja","StSLib","The Alterego","The Jungle","The Marked","The Mystic","The Runesmith","The Senshi","The Vixen","TheBandit","Waifu the Spire","WarShipGirlsR/????R mod","Yakumo Yukari mod"],"gold_per_floor":[116,116,129,149,164,198,198,184,184,184,31,42,71,84,84,187,187,203,203,203,203,213,213,242,242,266,277,277,290,307,307,307,407,407,424,435,435,454,454,454,454],"floor_reached":40,"language":"ENG","playtime":4429,"items_purged":[],"score":470,"play_id":"e57642fc-dfb2-485b-99d0-a3eb4e036c37","local_time":"20210122162851","is_ascension_mode":false,"campfire_choices":[{"floor":7,"key":"RECALL"},{"data":"alterego_mod:Punishment","floor":10,"key":"SMITH"},{"data":"alterego_mod:BrynhildrsRune","floor":15,"key":"SMITH"},{"data":"alterego_mod:Punishment","floor":23,"key":"SMITH"},{"data":"alterego_mod:Mirror","floor":25,"key":"SMITH"},{"floor":32,"key":"REST"}],"circlet_count":0,"master_deck":[],"relics":["alterego_mod:MasochisticConstitution","Replay:Accelerometer","theSenshi:SailorFukuRelic","Replay:Bottled Steam","DemoMod:RiddleOfLead","infinitespire:Lucky Rock","hubris:ToyBattleship","infinitespire:ShieldingShard","Replay:Ancient Bell","Replay:Wax Seal","theSenshi:SuperSailorFukuRelic","Runesmith:Locket","DemoMod:GlassGuonStoneRelic"],"acts_visited":["Exordium","TheCity","TheBeyond"],"potions_floor_usage":[6,6,12,16,29,30],"damage_taken":[{"damage":2,"enemies":"Small Slimes","floor":1,"turns":3},{"damage":9,"enemies":"Cultist","floor":3,"turns":5},{"damage":11,"enemies":"Jaw Worm","floor":4,"turns":5},{"damage":12,"enemies":"3 Louse","floor":5,"turns":5},{"damage":44,"enemies":"Gremlin Nob","floor":6,"turns":5},{"damage":12,"enemies":"Exordium Thugs","floor":8,"turns":4},{"damage":3,"enemies":"Exordium Wildlife","floor":12,"turns":4},{"damage":20,"enemies":"3 Sentries","floor":13,"turns":11},{"damage":16,"enemies":"Gremlin Gang","floor":14,"turns":6},{"damage":44,"enemies":"Slime Boss","floor":16,"turns":14},{"damage":20,"enemies":"Shell Parasite","floor":18,"turns":6},{"damage":24,"enemies":"3 Byrds","floor":22,"turns":7},{"damage":48,"enemies":"Book of Stabbing","floor":24,"turns":7},{"damage":16,"enemies":"Centurion and Healer","floor":27,"turns":6},{"damage":36,"enemies":"Snake Plant","floor":29,"turns":5},{"damage":13,"enemies":"Snecko","floor":30,"turns":8},{"damage":2,"enemies":"Champ","floor":33,"turns":11},{"damage":36,"enemies":"3 Darklings","floor":35,"turns":13},{"damage":26,"enemies":"3 Shapes","floor":36,"turns":6},{"damage":44,"enemies":"Jaw Worm Horde","floor":38,"turns":7},{"damage":0,"enemies":"Nemesis","floor":40,"turns":1}],"seed_played":"7336296887137721415","potions_obtained":[{"floor":4,"key":"PowerPotion"},{"floor":5,"key":"CultistPotion"},{"floor":8,"key":"EssenceOfSteel"},{"floor":14,"key":"Swift Potion"},{"floor":24,"key":"Swift Potion"},{"floor":29,"key":"LiquidMemories"}],"is_trial":false,"path_per_floor":["M","?","M","M","M","E","R","M","T","R","$","M","E","M","R","B",null,"M","AVR","?","?","M","R","E","R","T","M","?","M","M","?","R","B",null,"M","M","AVR","M","?","E"],"character_chosen":"The_Alterego","items_purchased":["theSenshi:SailorFukuRelic"],"campfire_rested":1,"item_purchase_floors":[11],"current_hp_per_floor":[71,71,70,67,74,38,38,34,34,34,34,39,41,42,42,50,90,78,78,78,78,88,88,50,50,50,44,44,27,50,31,61,69,102,88,79,79,45,105,105,105],"gold":454,"neow_bonus":"REMOVE_CARD","is_daily":false,"chose_seed":false,"campfire_upgraded":4,"win_rate":0.0,"timestamp":1611354531,"path_taken":["M","?","M","?","M","E","R","M","T","R","$","M","E","M","R","BOSS","M","AVR","?","?","M","R","E","R","T","M","?","M","M","?","R","BOSS","M","M","AVR","M","?","E"],"items_purchased_type":["Relic"],"build_version":"2020-12-22","purchased_purges":0,"victory":false,"max_hp_per_floor":[71,71,72,73,74,75,75,76,76,76,76,77,78,79,79,80,90,91,91,91,91,92,92,93,93,93,94,94,95,96,101,101,102,102,103,104,104,105,105,105,105],"card_choices":[{"not_picked":["alterego_mod:SuperDuperMasochism","alterego_mod:DiscoLights","alterego_mod:1TonWallop"],"picked":"SKIP","floor":1},{"not_picked":["alterego_mod:BiFurious","alterego_mod:HighServant"],"picked":"alterego_mod:Punishment","floor":3},{"not_picked":["alterego_mod:Pet","alterego_mod:Cooking"],"picked":"alterego_mod:Bounce","floor":4},{"not_picked":["alterego_mod:PurpleHair","alterego_mod:DiscoLights"],"picked":"alterego_mod:GachaTicket","floor":5},{"not_picked":["alterego_mod:DiscoLights","alterego_mod:Table"],"picked":"alterego_mod:DeftHands","floor":6},{"not_picked":["alterego_mod:MagicResistance","alterego_mod:Cooking"],"picked":"alterego_mod:Mirror","floor":8},{"not_picked":["alterego_mod:SakuraLabyrinth","alterego_mod:Clap"],"picked":"alterego_mod:Belle","floor":12},{"not_picked":["alterego_mod:Table","alterego_mod:Bloomers"],"picked":"alterego_mod:Birthday","floor":13},{"not_picked":["alterego_mod:Bloomers","alterego_mod:Cycle","alterego_mod:SuperDuperMasochism"],"picked":"SKIP","floor":14},{"not_picked":["alterego_mod:VirginLaserPalladion","alterego_mod:BrynhildrRomantia"],"picked":"alterego_mod:TrickOrTreatment","floor":16},{"not_picked":["alterego_mod:Smother","alterego_mod:HighServant"],"picked":"alterego_mod:Punishment","floor":18},{"not_picked":["alterego_mod:Cycle","alterego_mod:BustOut+1"],"picked":"alterego_mod:MagicResistance+1","floor":22},{"not_picked":["alterego_mod:DustData","alterego_mod:DestructionOfProperty+1"],"picked":"alterego_mod:Weigh","floor":24},{"not_picked":["alterego_mod:HighServant+1","alterego_mod:RocketPunch"],"picked":"alterego_mod:Bounce+1","floor":27},{"not_picked":["alterego_mod:BiFurious","alterego_mod:BeGentle+1","alterego_mod:Mirror"],"picked":"SKIP","floor":29},{"not_picked":["alterego_mod:Stockings","alterego_mod:Bloomers"],"picked":"alterego_mod:Vow","floor":30},{"not_picked":["alterego_mod:Alter","alterego_mod:RingBreak"],"picked":"alterego_mod:STier","floor":33},{"not_picked":["hubris:Despair","Normality"],"picked":"Shame","floor":34},{"not_picked":["hubris:Wrath","Parasite"],"picked":"Clumsy","floor":34},{"not_picked":["Replay:Sluggish","CurseOfTheBell"],"picked":"hubris:Lust","floor":34},{"not_picked":["alterego_mod:Punishment","alterego_mod:SakuraLabyrinth+1"],"picked":"alterego_mod:SakuraPetals+1","floor":35},{"not_picked":["alterego_mod:1TonWallop","alterego_mod:Schoolgirl"],"picked":"alterego_mod:Bounce+1","floor":36},{"not_picked":["alterego_mod:Cycle+1","alterego_mod:Maid","alterego_mod:Skirt+1"],"picked":"SKIP","floor":38}],"player_experience":1107640,"relics_obtained":[{"floor":6,"key":"Replay:Accelerometer"},{"floor":13,"key":"Replay:Bottled Steam"},{"floor":24,"key":"infinitespire:Lucky Rock"},{"floor":26,"key":"hubris:ToyBattleship"}],"event_choices":[{"damage_healed":0,"gold_gain":0,"player_choice":"2 cards matched","damage_taken":0,"max_hp_gain":0,"max_hp_loss":0,"event_name":"Match and Keep!","floor":2,"gold_loss":0,"cards_obtained":["alterego_mod:RingBreak","Trip"]},{"damage_healed":0,"gold_gain":0,"player_choice":"2 cards matched","damage_taken":0,"max_hp_gain":0,"max_hp_loss":0,"event_name":"Match and Keep!","floor":2,"gold_loss":0,"cards_obtained":["alterego_mod:RingBreak","Trip"]},{"damage_healed":0,"gold_gain":0,"player_choice":"Read","damage_taken":0,"max_hp_gain":0,"max_hp_loss":0,"event_name":"The Library","floor":21,"gold_loss":0,"cards_obtained":["alterego_mod:ChallengeComplete"]},{"damage_healed":0,"gold_gain":0,"player_choice":"Shed Blood","damage_taken":24,"max_hp_gain":5,"max_hp_loss":0,"event_name":"Forgotten Altar","floor":31,"gold_loss":0}],"is_beta":false,"boss_relics":[{"not_picked":["Fusion Hammer","Tiny House"],"picked":"DemoMod:RiddleOfLead"},{"not_picked":["Runic Pyramid","Runic Dome"],"picked":"Replay:Ancient Bell"},{"not_picked":["Dream Catcher","Cleaning_Rag"],"picked":"Replay:Wax Seal"},{"not_picked":["Mercury Hourglass","Question Card"],"picked":"theSenshi:SuperSailorFukuRelic"},{"not_picked":["DemoMod:AgedBell","DemoMod:BigBoy"],"picked":"Runesmith:Locket"}],"items_purged_floors":[],"is_endless":false,"potions_floor_spawned":[4,5,8,14,24,27,29],"killed_by":"Nemesis","ascension_level":0}}