{"host":"nnxvcju6x1qybncj","time":1611335558,"event":{"mods":["BaseMod","Block Reminder","Curses Come First","Custom Start","Dark Map","Displayed Cursed Tome","Downfall","Evolution","Jorbs\u0027s Wanderer Trilogy","Minty Spire (QoL Compilation)","Quick Restart","Relic Stats","StSLib"],"gold_per_floor":[117,117,117,135,151,151,179,191,216,251,251,281,281,315,315,387,387,398,3,0,0],"floor_reached":20,"language":"ENG","playtime":715,"items_purged":["Strike_B"],"score":450,"play_id":"b07954f2-f8a1-4e62-ab9e-1d544c8a4061","local_time":"20210122181238","is_ascension_mode":true,"campfire_choices":[{"data":"Lockon","floor":6.0,"key":"SMITH"},{"data":"Machine Learning","floor":11.0,"key":"SMITH"},{"data":"Hologram","floor":13.0,"key":"SMITH"},{"data":"Leap","floor":15.0,"key":"SMITH"}],"circlet_count":0,"master_deck":["AscendersBane","Ball Lightning","Strike_B","Strike_B","Defend_B","Defend_B","Defend_B","Defend_B","Zap+1","Dualcast","Lockon+1","Coolheaded","White Noise","Machine Learning+1","Hologram+1","Leap+1","Ball Lightning","Go for the Eyes+1","Echo Form","Glacier+1","Apotheosis","Biased Cognition","Turbo"],"relics":["Cracked Core","EVO:Axolotl","Boot","PreservedInsect","DataDisk","Dream Catcher","Molten Egg 2","Inserter","Membership Card"],"acts_visited":["Exordium","TheCity"],"potions_floor_usage":[],"damage_taken":[{"damage":1.0,"enemies":"2 Louse","floor":1.0,"turns":2.0},{"damage":0.0,"enemies":"Cultist","floor":4.0,"turns":3.0},{"damage":5.0,"enemies":"Small Slimes","floor":5.0,"turns":3.0},{"damage":6.0,"enemies":"Gremlin Nob","floor":7.0,"turns":3.0},{"damage":0.0,"enemies":"2 Fungi Beasts","floor":8.0,"turns":3.0},{"damage":4.0,"enemies":"3 Sentries","floor":10.0,"turns":4.0},{"damage":0.0,"enemies":"Gremlin Nob","floor":12.0,"turns":2.0},{"damage":6.0,"enemies":"Lagavulin","floor":14.0,"turns":3.0},{"damage":9.0,"enemies":"The Guardian","floor":16.0,"turns":7.0},{"damage":38.0,"enemies":"3 Byrds","floor":18.0,"turns":6.0},{"damage":28,"enemies":"2 Thieves","floor":20,"turns":4}],"seed_played":"-4283027573081160179","potions_obtained":[{"floor":5.0,"key":"BlessingOfTheForge"},{"floor":7.0,"key":"SkillPotion"},{"floor":8.0,"key":"SpeedPotion"},{"floor":10.0,"key":"Block Potion"},{"floor":12.0,"key":"Block Potion"}],"is_trial":false,"path_per_floor":["M","?","?","M","M","R","E","M","T","E","R","E","R","E","R","B",null,"M","$","M"],"character_chosen":"DEFECT","items_purchased":["Membership Card","Apotheosis","Biased Cognition","Turbo"],"campfire_rested":0,"item_purchase_floors":[19,19,19,19],"current_hp_per_floor":[63,68,68,68,63,63,57,57,57,53,53,53,53,47,47,38,67,29,29,1,1],"gold":0,"neow_bonus":"UPGRADE_CARD","is_daily":false,"chose_seed":false,"campfire_upgraded":4,"win_rate":0.0,"timestamp":1611335558,"path_taken":["M","?","?","M","M","R","E","?","T","E","R","E","R","E","R","BOSS","M","$","M"],"items_purchased_type":["Relic","Card","Card","Card"],"build_version":"2020-12-22","purchased_purges":1,"victory":false,"max_hp_per_floor":[71,76,76,76,76,76,76,76,76,76,76,76,76,76,76,76,76,76,76,76,76],"relic_stats":{"Dream Catcher":0,"Inserter":[5],"counters":[11,40],"PreservedInsect":83,"Boot":[22],"obtain_stats":[{"DataDisk":10,"Dream Catcher":12,"Inserter":17,"Molten Egg 2":14,"PreservedInsect":9,"EVO:Axolotl":0,"Membership Card":19,"Cracked Core":0,"Boot":7},{"DataDisk":6,"Dream Catcher":7,"Inserter":9,"Molten Egg 2":8,"PreservedInsect":5,"EVO:Axolotl":0,"Membership Card":10,"Cracked Core":0,"Boot":4},{"DataDisk":18,"Dream Catcher":20,"Inserter":30,"Molten Egg 2":23,"PreservedInsect":14,"EVO:Axolotl":0,"Membership Card":36,"Cracked Core":0,"Boot":11}]},"card_choices":[{"not_picked":["Beam Cell","Storm"],"picked":"Lockon","floor":1.0},{"not_picked":["Chill","Sweeping Beam"],"picked":"Coolheaded","floor":4.0},{"not_picked":["Turbo","Beam Cell"],"picked":"White Noise","floor":5.0},{"not_picked":["Streamline","BootSequence"],"picked":"Machine Learning","floor":7.0},{"not_picked":["Redo","Steam Power"],"picked":"Hologram","floor":8.0},{"not_picked":["Hello World","Steam"],"picked":"Leap","floor":10.0},{"not_picked":["Go for the Eyes","Rebound"],"picked":"Ball Lightning","floor":12.0},{"not_picked":["Compile Driver+1","Gash+1"],"picked":"Go for the Eyes+1","floor":14.0},{"not_picked":["Thunder Strike+1","Reboot"],"picked":"Echo Form","floor":16.0},{"not_picked":["Go for the Eyes+1","Turbo"],"picked":"Glacier+1","floor":18.0}],"player_experience":706911,"relics_obtained":[{"floor":7.0,"key":"Boot"},{"floor":9.0,"key":"PreservedInsect"},{"floor":10.0,"key":"DataDisk"},{"floor":12.0,"key":"Dream Catcher"},{"floor":14.0,"key":"Molten Egg 2"}],"event_choices":[{"damage_healed":0.0,"max_hp_gain":5.0,"max_hp_loss":0.0,"gold_gain":0.0,"event_name":"Big Fish","player_choice":"Donut","floor":2.0,"gold_loss":0.0,"damage_taken":0.0},{"damage_healed":0.0,"max_hp_gain":0.0,"max_hp_loss":0.0,"gold_gain":0.0,"event_name":"WeMeetAgain","player_choice":"Ignored","floor":3.0,"gold_loss":0.0,"damage_taken":0.0}],"is_beta":false,"boss_relics":[{"not_picked":["Sozu","Pandora\u0027s Box"],"picked":"Inserter"}],"items_purged_floors":[19],"is_endless":false,"potions_floor_spawned":[5,7,8,10,12],"killed_by":"2 Thieves","ascension_level":20}}