{"host":"sboty77psj7t2cnn","time":1611356271,"event":{"mods":["Aspiration","BaseMod","Better Match","Better Vampires","Colored Map","Conspire","Downfall","Hubris","Infinite Spire","Minty Spire (QoL Compilation)","StSLib","The Problem Sleuth"],"gold_per_floor":[99,116,127,127,138,155,209,228,228,257,57,77,77,94,109,109,109,109],"floor_reached":16,"language":"SPA","playtime":1112,"items_purged":[],"score":131,"play_id":"1afd54ca-f37f-47ed-971c-ea5f6563d3f9","local_time":"20210122165751","is_ascension_mode":false,"campfire_choices":[{"data":"champ:Taunt","floor":1,"key":"SMITH"},{"data":"champ:CheapShot","floor":11,"key":"SMITH"},{"data":"champ:Encircle","floor":13,"key":"SMITH"}],"circlet_count":0,"master_deck":["champ:Strike","champ:Strike","champ:Strike+1","champ:Defend","champ:Defend","champ:Defend","champ:Defend","champ:Execute","champ:Taunt+1","champ:AdrenalArmor","champ:FancyFootwork","champ:FlashCut","champ:Encircle+1","champ:TornadoPunch+1","champ:CheapShot+1","champ:Endure","champ:CheapShot","champ:ShieldWall"],"relics":["champ:ChampionCrown","hubris:TenFootPole","Whetstone","downfall:HeartBlessingGreen","downfall:HeartBlessingBlue"],"acts_visited":["Exordium"],"potions_floor_usage":[10,10,10,16],"damage_taken":[{"damage":16,"enemies":"Cultist","floor":2,"turns":4},{"damage":13,"enemies":"Jaw Worm","floor":3,"turns":4},{"damage":22,"enemies":"Small Slimes","floor":5,"turns":4},{"damage":15,"enemies":"3 Louse","floor":6,"turns":5},{"damage":20,"enemies":"Large Slime","floor":8,"turns":4},{"damage":41,"enemies":"Lagavulin","floor":10,"turns":4},{"damage":18,"enemies":"Red Slaver","floor":12,"turns":5},{"damage":0,"enemies":"2 Fungi Beasts","floor":14,"turns":2},{"damage":0,"enemies":"3 Louse","floor":15,"turns":2},{"damage":106,"enemies":"WA_ARCHETYPE_RETAIN","floor":16,"turns":10}],"seed_played":"8539544968516695682","potions_obtained":[{"floor":3,"key":"LiquidBronze"},{"floor":6,"key":"Weak Potion"},{"floor":8,"key":"FearPotion"},{"floor":15,"key":"champ:OpenerPotion"}],"is_trial":false,"path_per_floor":["R","M","M","?","M","M","T","M","?","E","R","M","R","M","M","B"],"character_chosen":"THE_CHAMP","items_purchased":[],"campfire_rested":0,"item_purchase_floors":[],"current_hp_per_floor":[99,93,90,90,88,88,88,88,88,67,77,69,69,69,69,0,0,0],"gold":109,"neow_bonus":"TEN_PERCENT_HP_BONUS","is_daily":false,"chose_seed":false,"campfire_upgraded":3,"win_rate":0.0,"timestamp":1611356271,"path_taken":["R","M","M","?","M","M","T","M","?","E","R","M","R","?","M","BOSS"],"items_purchased_type":[],"build_version":"2020-12-22","purchased_purges":0,"victory":false,"max_hp_per_floor":[99,99,99,99,99,99,99,99,99,99,109,109,109,109,109,109,109,109],"card_choices":[{"not_picked":["champ:PerfectedStrike","champ:ArenaPreparation"],"picked":"champ:AdrenalArmor","floor":2},{"not_picked":["champ:GutPunch","champ:Backstep"],"picked":"champ:FancyFootwork","floor":3},{"not_picked":["champ:EnGarde","champ:PerfectedStrike"],"picked":"champ:FlashCut","floor":5},{"not_picked":["champ:BerserkersShout","champ:CrownThrow"],"picked":"champ:Encircle","floor":6},{"not_picked":["champ:HeartStrike","champ:CrownThrow"],"picked":"champ:TornadoPunch","floor":8},{"not_picked":["champ:Backstep","champ:ArenaPreparation"],"picked":"champ:CheapShot","floor":10},{"not_picked":["champ:Backstep","champ:SetATrap"],"picked":"champ:Endure","floor":12},{"not_picked":["champ:DefensiveShout","champ:EnGarde"],"picked":"champ:CheapShot","floor":14},{"not_picked":["champ:PerfectedStrike","champ:BerserkersShout"],"picked":"champ:ShieldWall","floor":15}],"player_experience":351842,"relics_obtained":[{"floor":4,"key":"hubris:TenFootPole"},{"floor":10,"key":"Whetstone"}],"event_choices":[],"is_beta":false,"boss_relics":[],"items_purged_floors":[],"is_endless":false,"potions_floor_spawned":[3,6,8,15],"killed_by":"WA_ARCHETYPE_RETAIN","ascension_level":0}}