{"host":"kxs97zan5mba52e6","time":1611302264,"event":{"mods":["100% Spire Juice","A Magickal Journey","BaseMod","Better Third Choice","BetterRewards","Colored Map","Downfall","Hermit","Magitek Elite","Marisa????????","Minty Spire (QoL Compilation)","Shade Mod","StSLib","The Alterego","The Animator","The Bladedancer","The Bug Knight","The Cursed","The Death Knight","The Dragon Tamer","The Forsaken","The Judge","The Necromancer","The Runesmith","The Senshi","The Servant 0.9.4"],"gold_per_floor":[111,111,81,7,0,0,12,12,37,51,51,61,81,91,91,188,188,205,205,205,186,18,18,47,65,143,143,68,68,85,101,101,205,205,215,0,0,0,17,17,43,63,63,73,73,73,102,102,102],"floor_reached":48,"language":"ENG","playtime":3497,"items_purged":[],"score":550,"play_id":"376b80f4-3491-4fde-903d-2ad054dbbf8f","local_time":"20210122025744","is_ascension_mode":false,"campfire_choices":[{"data":"Runesmith:ChaoticBlast","floor":6,"key":"SMITH"},{"data":"Enlightenment","floor":8,"key":"SMITH"},{"floor":11,"key":"RECALL"},{"floor":15,"key":"REST"},{"data":"Runesmith:PoweredAnvil","floor":23,"key":"SMITH"},{"floor":29,"key":"REST"},{"floor":32,"key":"REST"},{"floor":40,"key":"REST"},{"floor":45,"key":"REST"}],"circlet_count":0,"master_deck":["Runesmith:Strike_RS","Runesmith:Strike_RS","Runesmith:Strike_RS","Runesmith:Defend_RS","Runesmith:Defend_RS","Runesmith:Defend_RS","Runesmith:Defend_RS","Runesmith:CraftFirestone","Runesmith:Fortify","Runesmith:ChaoticBlast+1","Runesmith:BackupBattery","Runesmith:RuneHurl","Runesmith:EnergizedChisel","Runesmith:Overpower","Runesmith:GoWithTheFlow","Runesmith:PoweredAnvil+1","Enlightenment+1","Runesmith:EnergizedChisel","Runesmith:Grindstone","Runesmith:ShiftingStrike","Runesmith:Superposition","Runesmith:GrandSlam","Runesmith:HammerTime+1","Runesmith:ChaoticBlast","Runesmith:HeatExchange","Runesmith:HammerTime","Runesmith:ChaoticBlast","Runesmith:Repurpose","Runesmith:RunicBlueprint","Runesmith:BackupBattery","Runesmith:CreatorForm","Runesmith:ChiselStab+1","Runesmith:HeatExchange+1","Runesmith:CraftProtectio+1","Runesmith:ChiselStab","Runesmith:CraftIncendium","Runesmith:ShiftingStrike+1"],"relics":["Runesmith:BrokenRuby","NeowsBlessing","betterThird:SlimedRelic","Golden_Hairpin","WingedGreaves","theForsaken:ScaryMask","Runesmith:PocketReactor","Red Mask","CaptainsWheel","theForsaken:Lifeblossom","Nunchaku","Boot"],"acts_visited":["Exordium","TheCity","TheBeyond"],"potions_floor_usage":[13,14,18,25,31,31,33,35,41,44,47],"damage_taken":[{"damage":0,"enemies":"Small Slimes","floor":1,"turns":1},{"damage":6,"enemies":"2 Louse","floor":7,"turns":2},{"damage":0,"enemies":"Jaw Worm","floor":10,"turns":1},{"damage":11,"enemies":"Exordium Thugs","floor":12,"turns":7},{"damage":3,"enemies":"Exordium Wildlife","floor":13,"turns":2},{"damage":7,"enemies":"Large Slime","floor":14,"turns":4},{"damage":24,"enemies":"Hexaghost","floor":16,"turns":11},{"damage":11,"enemies":"Spheric Guardian","floor":18,"turns":4},{"damage":5,"enemies":"2 Thieves","floor":21,"turns":4},{"damage":27,"enemies":"Gremlin Leader","floor":24,"turns":6},{"damage":8,"enemies":"Snake Plant","floor":25,"turns":4},{"damage":0,"enemies":"Chosen and Byrds","floor":30,"turns":5},{"damage":18,"enemies":"3 Cultists","floor":31,"turns":4},{"damage":21,"enemies":"Champ","floor":33,"turns":13},{"damage":22,"enemies":"3 Darklings","floor":35,"turns":4},{"damage":28,"enemies":"3 Shapes","floor":39,"turns":4},{"damage":2,"enemies":"HollowMod:StalkingDevout","floor":41,"turns":8},{"damage":19,"enemies":"Spire Growth","floor":42,"turns":6},{"damage":15,"enemies":"3 Darklings","floor":44,"turns":4},{"damage":34,"enemies":"Giant Head","floor":47,"turns":7}],"seed_played":"4056205712010404501","potions_obtained":[{"floor":1,"key":"CultistPotion"},{"floor":7,"key":"sneckomod:MuddlingPotion"},{"floor":12,"key":"PowerPotion"},{"floor":16,"key":"DeathKnight:BottledBloodEchoes"},{"floor":24,"key":"SteroidPotion"},{"floor":25,"key":"Regen Potion"},{"floor":31,"key":"DuplicationPotion"},{"floor":33,"key":"Fruit Juice"},{"floor":39,"key":"Fire Potion"},{"floor":41,"key":"bronze:BurnAndBuffPotion"},{"floor":42,"key":"DeathKnight:BottledBloodEchoes"}],"is_trial":false,"path_per_floor":["M","?","?","$","?","R","M","R","T","M","R","M","M","M","R","B",null,"M","?","?","M","$","R","E","M","T","?","?","R","M","M","R","B",null,"M","?","?","?","M","R","E","M","T","M","R","$","E","M"],"character_chosen":"RUNESMITH_CLASS","items_purchased":["Runesmith:PoweredAnvil","Runesmith:HeatExchange","Runesmith:HammerTime","Block Potion"],"campfire_rested":5,"item_purchase_floors":[4,22,22,22],"current_hp_per_floor":[70,70,59,59,65,65,59,59,59,59,59,48,45,38,60,36,76,65,65,65,60,60,60,33,25,25,11,11,35,35,29,53,32,81,64,64,64,64,36,60,58,45,45,36,60,60,32,0,0],"gold":102,"neow_bonus":"THREE_ENEMY_KILL","is_daily":false,"chose_seed":false,"campfire_upgraded":3,"win_rate":0.0,"timestamp":1611302264,"path_taken":["M","?","?","$","?","R","M","R","T","M","R","M","M","M","R","BOSS","M","?","?","M","$","R","E","?","T","?","?","R","M","M","R","BOSS","M","?","?","?","M","R","E","M","T","M","R","$","E","M"],"items_purchased_type":["Card","Card","Card","Potion"],"build_version":"2020-12-22","purchased_purges":0,"victory":false,"max_hp_per_floor":[70,70,70,70,76,76,76,76,76,76,76,76,76,76,76,76,76,76,76,76,76,76,76,76,76,76,81,81,81,81,81,81,81,81,86,86,82,82,82,82,82,82,82,82,82,82,82,82,82],"card_choices":[{"not_picked":["Runesmith:CraftVitae","Runesmith:UnstableHammer"],"picked":"Runesmith:ChaoticBlast","floor":1},{"not_picked":["Runesmith:EarthShield","Runesmith:CraftProtectio"],"picked":"Runesmith:EnergizedChisel","floor":7},{"not_picked":["Runesmith:StaticCage","Runesmith:Superposition"],"picked":"Runesmith:Grindstone","floor":10},{"not_picked":["Runesmith:ChiselStab","Runesmith:EarthShield"],"picked":"Runesmith:ShiftingStrike","floor":12},{"not_picked":["Runesmith:EnergizedChisel","Runesmith:PoweredAnvil"],"picked":"Runesmith:Superposition","floor":13},{"not_picked":["Runesmith:Prism","Runesmith:Repurpose"],"picked":"Runesmith:MakeshiftArmor","floor":14},{"not_picked":["Runesmith:Supernova","Runesmith:CraftMedicinae"],"picked":"Runesmith:GrandSlam","floor":16},{"not_picked":["Runesmith:ChiselStab","Runesmith:MakeshiftArmor"],"picked":"Runesmith:HammerTime+1","floor":18},{"not_picked":["Runesmith:CraftProtectio","Runesmith:NegativeSpace"],"picked":"Runesmith:ChaoticBlast","floor":21},{"not_picked":["Runesmith:RuneHurl+1","Runesmith:Overpower"],"picked":"Runesmith:ChaoticBlast","floor":24},{"not_picked":["Runesmith:Malloc","Runesmith:MakeshiftArmor+1"],"picked":"Runesmith:Repurpose","floor":25},{"not_picked":["Runesmith:CraftIndustria","Runesmith:StaticCage+1"],"picked":"Runesmith:RunicBlueprint","floor":30},{"not_picked":["Runesmith:ChiselStab","Runesmith:Overpower"],"picked":"Runesmith:BackupBattery","floor":31},{"not_picked":["Runesmith:GrandSlam","Runesmith:ReplicatingBarrier"],"picked":"Runesmith:CreatorForm","floor":33},{"not_picked":["Runesmith:Reinforce+1","Runesmith:HeatExchange"],"picked":"Runesmith:ChiselStab+1","floor":35},{"not_picked":["Runesmith:NegativeSpace+1","Runesmith:DoubleUp+1"],"picked":"Runesmith:HeatExchange+1","floor":39},{"not_picked":["Runesmith:Prism","Runesmith:EnergizedChisel+1"],"picked":"Runesmith:CraftProtectio+1","floor":41},{"not_picked":["Runesmith:StaticCage+1","Runesmith:CraftReservo+1"],"picked":"Runesmith:ChiselStab","floor":42},{"not_picked":["Runesmith:EarthShield+1","Runesmith:CraftProtectio+1"],"picked":"Runesmith:CraftIncendium","floor":44},{"not_picked":["Runesmith:CraftObretio+1","Runesmith:Overpower"],"picked":"Runesmith:ShiftingStrike+1","floor":47}],"player_experience":30454,"relics_obtained":[{"floor":24,"key":"WingedGreaves"},{"floor":26,"key":"theForsaken:ScaryMask"},{"floor":41,"key":"theForsaken:Lifeblossom"},{"floor":43,"key":"Nunchaku"},{"floor":47,"key":"Boot"}],"event_choices":[{"damage_healed":0,"gold_gain":0,"player_choice":"Slimed","damage_taken":11,"max_hp_gain":0,"max_hp_loss":0,"event_name":"betterThird:BetterGoop","floor":3,"gold_loss":30},{"damage_healed":0,"gold_gain":0,"player_choice":"RENOUNCE","damage_taken":7,"max_hp_gain":0,"max_hp_loss":0,"event_name":"betterThird:BetterSerpent","floor":5,"gold_loss":7,"cards_obtained":["Enlightenment"]},{"damage_healed":0,"gold_gain":0,"player_choice":"Ignored","damage_taken":0,"max_hp_gain":0,"max_hp_loss":0,"event_name":"Vampires","floor":19,"gold_loss":0},{"damage_healed":0,"gold_gain":0,"player_choice":"Serpent","damage_taken":0,"max_hp_gain":0,"max_hp_loss":0,"event_name":"BanditSerpent","floor":20,"gold_loss":0},{"damage_healed":0,"gold_gain":0,"player_choice":"Shed Blood","damage_taken":19,"max_hp_gain":5,"max_hp_loss":0,"event_name":"Forgotten Altar","floor":27,"gold_loss":0},{"cards_removed":["Runesmith:Strike_RS"],"damage_healed":0,"gold_gain":0,"player_choice":"Gave Gold","damage_taken":0,"max_hp_gain":0,"max_hp_loss":0,"event_name":"Beggar","floor":28,"gold_loss":75},{"damage_healed":0,"gold_gain":0,"player_choice":"Paid","damage_taken":0,"relics_obtained":["Red Mask"],"max_hp_gain":0,"max_hp_loss":0,"event_name":"Tomb of Lord Red Mask","floor":36,"gold_loss":215},{"damage_healed":0,"gold_gain":0,"player_choice":"Max HP","damage_taken":0,"max_hp_gain":0,"max_hp_loss":4,"event_name":"Winding Halls","floor":37,"gold_loss":0},{"cards_removed":["Runesmith:MakeshiftArmor"],"damage_healed":0,"gold_gain":0,"player_choice":"Gave Card","damage_taken":0,"relics_obtained":["CaptainsWheel"],"max_hp_gain":0,"max_hp_loss":0,"event_name":"WeMeetAgain","floor":38,"gold_loss":0}],"is_beta":false,"boss_relics":[{"not_picked":["Empty Cage","Sozu"],"picked":"Golden_Hairpin"},{"not_picked":["Runesmith:CoreCrystal","Tiny House"],"picked":"Runesmith:PocketReactor"}],"items_purged_floors":[],"is_endless":false,"potions_floor_spawned":[1,7,12,16,24,25,31,33,39,41,42],"killed_by":"4 Shapes","ascension_level":0}}