{"host":"50per11302020","time":1611297281,"event":{"mods":["AchievementEnabler","BaseMod","Colored Map","Minty Spire (QoL Compilation)","Relic Stats","StSLib"],"gold_per_floor":[118,118,17,92,92,92,117,144,144,169,69,81,81,93,93,189,189,221,246,258,270,57,83,97,129,207,207,222,322,356,368,368,470,470,485,137,137,137,137,165,165,165,191,217,217,233,233,33,33,33],"floor_reached":51,"language":"ENG","playtime":3286,"items_purged":["Regret","Strike_R","Pain"],"score":1209,"play_id":"aecd06ba-0c3d-48ec-9506-c496721e4eeb","local_time":"20210121223441","is_ascension_mode":true,"campfire_choices":[{"data":"Bash","floor":6.0,"key":"SMITH"},{"data":"Spot Weakness","floor":13.0,"key":"SMITH"},{"data":"Sword Boomerang","floor":15.0,"key":"SMITH"},{"data":"Offering","floor":27.0,"key":"SMITH"},{"data":"Shockwave","floor":32.0,"key":"SMITH"},{"floor":42.0,"key":"REST"},{"data":"Sadistic Nature","floor":45.0,"key":"SMITH"},{"data":"Double Tap","floor":49.0,"key":"SMITH"}],"circlet_count":0,"master_deck":["Defend_R+1","Defend_R","Defend_R+1","Defend_R","Bash+1","Spot Weakness+1","Clash","Sword Boomerang+1","Headbutt","Clash","Cleave","Offering+1","CurseOfTheBell","Sword Boomerang","Necronomicurse","Bite","Bite","Bite","Bite","Shockwave+1","Clothesline","Thunderclap","Clothesline","Bludgeon","Headbutt","Panache","Sadistic Nature+1","Dropkick+1","Injury","Double Tap+1"],"relics":["Burning Blood","NeowsBlessing","Self Forming Clay","War Paint","Odd Mushroom","Bag of Preparation","Lantern","Calling Bell","MawBank","Shuriken","Champion Belt","Necronomicon","Lee\u0027s Waffle","Mercury Hourglass","Bottled Lightning","Singing Bowl","Mango","Matryoshka","InkBottle","Cursed Key","PreservedInsect","Letter Opener","Toy Ornithopter","Oddly Smooth Stone","Smiling Mask","Regal Pillow","Gremlin Horn"],"acts_visited":["Exordium","TheCity","TheBeyond"],"potions_floor_usage":[50],"damage_taken":[{"damage":0.0,"enemies":"Jaw Worm","floor":1.0,"turns":1.0},{"damage":0.0,"enemies":"3 Sentries","floor":7.0,"turns":1.0},{"damage":0.0,"enemies":"The Mushroom Lair","floor":8.0,"turns":1.0},{"damage":17.0,"enemies":"Gremlin Nob","floor":10.0,"turns":4.0},{"damage":1.0,"enemies":"Small Slimes","floor":12.0,"turns":3.0},{"damage":0.0,"enemies":"2 Louse","floor":14.0,"turns":1.0},{"damage":22.0,"enemies":"The Guardian","floor":16.0,"turns":8.0},{"damage":22.0,"enemies":"Spheric Guardian","floor":18.0,"turns":4.0},{"damage":21.0,"enemies":"3 Byrds","floor":19.0,"turns":4.0},{"damage":16.0,"enemies":"Gremlin Leader","floor":23.0,"turns":5.0},{"damage":7.0,"enemies":"Centurion and Healer","floor":24.0,"turns":3.0},{"damage":12.0,"enemies":"Slavers","floor":25.0,"turns":3.0},{"damage":6.0,"enemies":"Shelled Parasite and Fungi","floor":28.0,"turns":2.0},{"damage":14.0,"enemies":"Colosseum Slavers","floor":29.0,"turns":3.0},{"damage":7.0,"enemies":"Colosseum Nobs","floor":29.0,"turns":4.0},{"damage":27.0,"enemies":"Gremlin Leader","floor":30.0,"turns":6.0},{"damage":6.0,"enemies":"Snecko","floor":31.0,"turns":2.0},{"damage":53.0,"enemies":"Collector","floor":33.0,"turns":9.0},{"damage":18.0,"enemies":"3 Darklings","floor":35.0,"turns":4.0},{"damage":6.0,"enemies":"Reptomancer","floor":40.0,"turns":2.0},{"damage":15.0,"enemies":"Giant Head","floor":44.0,"turns":5.0},{"damage":9.0,"enemies":"3 Shapes","floor":46.0,"turns":5.0},{"damage":82,"enemies":"Time Eater","floor":50,"turns":7}],"seed_played":"-5268902913149362480","potions_obtained":[{"floor":8.0,"key":"EntropicBrew"},{"floor":10.0,"key":"Energy Potion"},{"floor":19.0,"key":"BlessingOfTheForge"},{"floor":25.0,"key":"Explosive Potion"},{"floor":28.0,"key":"DistilledChaos"},{"floor":29.0,"key":"SkillPotion"},{"floor":40.0,"key":"BloodPotion"},{"floor":44.0,"key":"Explosive Potion"}],"is_trial":false,"path_per_floor":["M","?","$","?","$","R","E","?","T","E","$","M","R","M","R","B",null,"M","M","?","?","$","E","M","E","T","R","M","?","E","M","R","B",null,"M","$","?","?","?","E","$","R","T","E","R","M","T","$","R","B",null],"character_chosen":"IRONCLAD","items_purchased":["Clash","Lee\u0027s Waffle","Shockwave","PreservedInsect","Panache","Double Tap"],"campfire_rested":1,"item_purchase_floors":[3,22,22,36,36,48],"current_hp_per_floor":[78,78,78,67,67,67,73,79,79,68,68,73,73,79,79,63,76,60,45,29,29,63,61,63,63,63,63,65,76,64,68,68,35,71,67,67,67,67,61,64,64,87,87,84,84,83,83,83,83,34],"gold":33,"neow_bonus":"THREE_ENEMY_KILL","is_daily":false,"chose_seed":false,"campfire_upgraded":7,"win_rate":0.0,"timestamp":1611297281,"path_taken":["M","?","$","?","$","R","E","?","T","E","?","M","R","M","R","BOSS","M","M","?","?","$","E","M","E","T","R","M","?","E","M","R","BOSS","M","$","?","?","?","E","$","R","T","E","R","M","?","$","R","BOSS"],"items_purchased_type":["Card","Relic","Card","Relic","Card","Card"],"build_version":"2020-12-18","purchased_purges":3,"victory":true,"max_hp_per_floor":[80,80,80,80,80,80,80,80,80,80,80,80,80,80,80,80,80,80,80,80,56,63,63,63,63,63,63,65,79,81,83,83,83,83,83,83,83,83,87,87,87,87,87,89,89,91,91,91,91,91],"relic_stats":{"Lee\u0027s Waffle":34,"Regal Pillow":0,"Singing Bowl":14,"Gremlin Horn":[0,0],"counters":[23,85],"Self Forming Clay":[165],"PreservedInsect":188,"Bag of Preparation":[40],"Letter Opener":[0],"War Paint":["Defend_R","Defend_R"],"MawBank":60,"Cursed Key":2,"Smiling Mask":75,"Burning Blood":133,"Mercury Hourglass":[242],"Shuriken":[32],"Necronomicon":[25],"Champion Belt":[38],"obtain_stats":[{"Lantern":10,"Regal Pillow":47,"Singing Bowl":26,"Gremlin Horn":47,"Mango":29,"Bag of Preparation":9,"Cursed Key":34,"Smiling Mask":44,"Burning Blood":0,"Matryoshka":29,"Necronomicon":20,"InkBottle":30,"Lee\u0027s Waffle":22,"NeowsBlessing":0,"Self Forming Clay":2,"Oddly Smooth Stone":43,"PreservedInsect":36,"Letter Opener":40,"War Paint":7,"Odd Mushroom":8,"MawBank":17,"Mercury Hourglass":23,"Calling Bell":17,"Shuriken":17,"Champion Belt":17,"Bottled Lightning":25,"Toy Ornithopter":43},{"Lantern":4,"Regal Pillow":22,"Singing Bowl":12,"Gremlin Horn":22,"Mango":15,"Bag of Preparation":3,"Cursed Key":18,"Smiling Mask":21,"Burning Blood":0,"Matryoshka":15,"Necronomicon":9,"InkBottle":16,"Lee\u0027s Waffle":9,"NeowsBlessing":0,"Self Forming Clay":1,"Oddly Smooth Stone":20,"PreservedInsect":19,"Letter Opener":20,"War Paint":2,"Odd Mushroom":3,"MawBank":7,"Mercury Hourglass":10,"Calling Bell":7,"Shuriken":7,"Champion Belt":7,"Bottled Lightning":12,"Toy Ornithopter":20},{"Lantern":7,"Regal Pillow":78,"Singing Bowl":37,"Gremlin Horn":78,"Mango":45,"Bag of Preparation":3,"Cursed Key":62,"Smiling Mask":73,"Burning Blood":0,"Matryoshka":45,"Necronomicon":27,"InkBottle":51,"Lee\u0027s Waffle":27,"NeowsBlessing":0,"Self Forming Clay":1,"Oddly Smooth Stone":68,"PreservedInsect":66,"Letter Opener":68,"War Paint":2,"Odd Mushroom":3,"MawBank":19,"Mercury Hourglass":32,"Calling Bell":19,"Shuriken":19,"Champion Belt":19,"Bottled Lightning":37,"Toy Ornithopter":68}],"InkBottle":[8],"Toy Ornithopter":5},"card_choices":[{"not_picked":["Heavy Blade","Wild Strike"],"picked":"Spot Weakness","floor":1.0},{"not_picked":["Wild Strike","Anger"],"picked":"Sword Boomerang","floor":7.0},{"not_picked":["Carnage","Twin Strike"],"picked":"Headbutt","floor":8.0},{"not_picked":["Cleave","Perfected Strike"],"picked":"Clash","floor":10.0},{"not_picked":["Cleave","Rampage","Flex"],"picked":"SKIP","floor":12.0},{"not_picked":["Anger","Second Wind"],"picked":"Cleave","floor":14.0},{"not_picked":["Barricade","Demon Form"],"picked":"Offering","floor":16.0},{"not_picked":["Anger","Combust+1"],"picked":"Sword Boomerang","floor":18.0},{"not_picked":["Pommel Strike","Rupture","Armaments"],"picked":"SKIP","floor":19.0},{"not_picked":["Body Slam+1","Iron Wave","Cleave+1"],"picked":"SKIP","floor":23.0},{"not_picked":["Sword Boomerang","Combust"],"picked":"Clothesline","floor":24.0},{"not_picked":["Twin Strike+1","Anger"],"picked":"Thunderclap","floor":25.0},{"not_picked":["Fire Breathing","Warcry","Wild Strike"],"picked":"Singing Bowl","floor":28.0},{"not_picked":["Dual Wield+1","Intimidate+1"],"picked":"Clothesline","floor":29.0},{"not_picked":["Clothesline","Barricade","Intimidate+1"],"picked":"Singing Bowl","floor":30.0},{"not_picked":["Armaments+1","Iron Wave+1","Clash"],"picked":"Singing Bowl","floor":31.0},{"not_picked":["Feed","Brutality"],"picked":"Bludgeon","floor":33.0},{"not_picked":["Armaments+1","Sword Boomerang+1"],"picked":"Headbutt","floor":35.0},{"not_picked":["PanicButton","Dark Shackles"],"picked":"Sadistic Nature","floor":39.0},{"not_picked":["The Bomb","Discovery","Secret Weapon"],"picked":"Singing Bowl","floor":39.0},{"not_picked":["Transmutation","Good Instincts","Mind Blast"],"picked":"Singing Bowl","floor":39.0},{"not_picked":["Impervious","Combust+1"],"picked":"Dropkick+1","floor":40.0},{"not_picked":["Armaments","Body Slam+1","Cleave+1"],"picked":"Singing Bowl","floor":44.0},{"not_picked":["Iron Wave+1","Heavy Blade+1","Anger"],"picked":"Singing Bowl","floor":46.0}],"player_experience":310415,"relics_obtained":[{"floor":7.0,"key":"War Paint"},{"floor":8.0,"key":"Odd Mushroom"},{"floor":9.0,"key":"Bag of Preparation"},{"floor":10.0,"key":"Lantern"},{"floor":17.0,"key":"MawBank"},{"floor":17.0,"key":"Shuriken"},{"floor":17.0,"key":"Champion Belt"},{"floor":20.0,"key":"Necronomicon"},{"floor":23.0,"key":"Mercury Hourglass"},{"floor":25.0,"key":"Bottled Lightning"},{"floor":26.0,"key":"Singing Bowl"},{"floor":29.0,"key":"Mango"},{"floor":29.0,"key":"Matryoshka"},{"floor":30.0,"key":"InkBottle"},{"floor":40.0,"key":"Letter Opener"},{"floor":43.0,"key":"Toy Ornithopter"},{"floor":43.0,"key":"Oddly Smooth Stone"},{"floor":44.0,"key":"Smiling Mask"},{"floor":47.0,"key":"Regal Pillow"},{"floor":47.0,"key":"Gremlin Horn"}],"event_choices":[{"damage_healed":0.0,"max_hp_gain":0.0,"max_hp_loss":0.0,"gold_gain":0.0,"event_name":"Big Fish","player_choice":"Box","floor":2.0,"gold_loss":0.0,"damage_taken":0.0,"relics_obtained":["Self Forming Clay"],"cards_obtained":["Regret"]},{"damage_healed":0.0,"max_hp_gain":0.0,"max_hp_loss":0.0,"gold_gain":75.0,"event_name":"World of Goop","player_choice":"Gather Gold","floor":4.0,"gold_loss":0.0,"damage_taken":11.0},{"damage_healed":0.0,"max_hp_gain":0.0,"max_hp_loss":0.0,"gold_gain":0.0,"event_name":"Mushrooms","player_choice":"Fought Mushrooms","floor":8.0,"gold_loss":0.0,"damage_taken":0.0},{"damage_healed":0.0,"max_hp_gain":0.0,"max_hp_loss":0.0,"gold_gain":0.0,"event_name":"Cursed Tome","player_choice":"Obtained Book","floor":20.0,"gold_loss":0.0,"damage_taken":16.0},{"damage_healed":0.0,"max_hp_gain":0.0,"max_hp_loss":24.0,"gold_gain":0.0,"event_name":"Vampires","player_choice":"Became a vampire","floor":21.0,"gold_loss":0.0,"damage_taken":0.0,"cards_obtained":["Bite","Bite","Bite","Bite","Bite"]},{"damage_healed":0.0,"max_hp_gain":0.0,"max_hp_loss":0.0,"gold_gain":0.0,"event_name":"Colosseum","player_choice":"Fight","floor":29.0,"gold_loss":0.0,"damage_taken":0.0},{"damage_healed":0.0,"max_hp_gain":0.0,"max_hp_loss":0.0,"gold_gain":0.0,"event_name":"Colosseum","player_choice":"Fought Nobs","floor":29.0,"gold_loss":0.0,"damage_taken":0.0},{"cards_removed":["Bite"],"damage_healed":0.0,"max_hp_gain":0.0,"max_hp_loss":0.0,"gold_gain":0.0,"event_name":"Falling","player_choice":"Removed Attack","floor":37.0,"gold_loss":0.0,"damage_taken":0.0},{"damage_healed":0.0,"max_hp_gain":0.0,"max_hp_loss":0.0,"gold_gain":0.0,"event_name":"Tomb of Lord Red Mask","player_choice":"Ignored","floor":38.0,"gold_loss":0.0,"damage_taken":0.0},{"damage_healed":0.0,"max_hp_gain":0.0,"max_hp_loss":0.0,"gold_gain":0.0,"event_name":"SensoryStone","player_choice":"Memory 3","floor":39.0,"gold_loss":0.0,"damage_taken":10.0}],"is_beta":true,"boss_relics":[{"not_picked":["Fusion Hammer","SlaversCollar"],"picked":"Calling Bell"},{"not_picked":["Black Blood","Mark of Pain"],"picked":"Cursed Key"}],"items_purged_floors":[3,11,48],"is_endless":false,"potions_floor_spawned":[8,10,19,23,25,28,29,40,44],"ascension_level":9}}