{"host":"atu1skz5iq69e5lr","time":1611355600,"event":{"mods":["AchievementEnabler","Aspiration","BaseMod","Better Third Choice","Colored Map","Conspire","Evolution","Friendly Minions","Halation","Highlight Path","HololiveMod","Hubris","Infinite Spire","Keyboard Shortcuts","Lobotomy","Minty Spire (QoL Compilation)","Replay The Spire","Shop Mod","StSLib"],"gold_per_floor":[80,95,22,22,22,55,55,89,115,115,155,170,198,43,43,152,152,164,180,200,216,227,259,259,372,399,435,435,437,443,443],"floor_reached":30,"language":"ENG","playtime":1853,"items_purged":[],"score":568,"play_id":"bcdf6ad3-70a8-42cd-9dac-c0639ba02fa9","local_time":"20210122234640","is_ascension_mode":true,"campfire_choices":[{"data":"Hololive_CallAZKi","floor":7,"key":"SMITH"},{"data":"Hololive_BringToTrial","floor":10,"key":"SMITH"},{"data":"Hololive_CallAkaiHaato","floor":15,"key":"SMITH"},{"floor":24,"key":"REST"}],"circlet_count":0,"master_deck":["Hololive_Strike","Hololive_Strike","Hololive_RevenueBasedLive","Hololive_CallAZKi+1","Hololive_CallNekomataOkayu","Hololive_CallRosalyn","Hololive_CallAkaiHaato+1","Hololive_CallOzoraSubaru+1","Hololive_BringToTrial+1","Hololive_Thief","Hololive_CallNatsuiroMatsuri","HappyTeddy","Hololive_CallHoshimachiSuisei+1","Hololive_CallKiryuuCoco"],"relics":["Hololive_TheStar","EVO:Axolotl","CogitoBucket","Centennial Puzzle","hubris:SphereOfDissonance","Replay:Rubber Ducky","hubris:SlimyHat","TreeSap","infinitespire:Satchel","Strange Spoon","halation:MonkeysPaw","Replay:PocketPolymizer","aspiration:Lifesprig","Boot","infinitespire:Midas Blood"],"acts_visited":["Exordium","TheCity"],"potions_floor_usage":[12,12,13,19,23,23,30],"damage_taken":[{"damage":0,"enemies":"Jaw Worm","floor":1,"turns":3},{"damage":0,"enemies":"conspire:RoseBush","floor":2,"turns":3},{"damage":0,"enemies":"3 Sentries","floor":6,"turns":4},{"damage":0,"enemies":"Gremlin Nob","floor":8,"turns":3},{"damage":0,"enemies":"Lagavulin","floor":11,"turns":3},{"damage":0,"enemies":"2 Louse","floor":12,"turns":3},{"damage":0,"enemies":"3 Sentries","floor":13,"turns":6},{"damage":0,"enemies":"The Guardian","floor":16,"turns":4},{"damage":0,"enemies":"Spheric Guardian","floor":18,"turns":3},{"damage":0,"enemies":"Chosen","floor":19,"turns":3},{"damage":0,"enemies":"Shelled Parasite and Fungi","floor":20,"turns":4},{"damage":0,"enemies":"Cultist and Chosen","floor":21,"turns":4},{"damage":0,"enemies":"Snecko","floor":22,"turns":2},{"damage":27,"enemies":"Slavers","floor":23,"turns":5},{"damage":0,"enemies":"Gremlin Leader","floor":25,"turns":5},{"damage":0,"enemies":"Nightmare","floor":27,"turns":5},{"damage":15,"enemies":"Centurion and Healer","floor":30,"turns":2}],"seed_played":"-1819072500672781499","potions_obtained":[{"floor":6,"key":"Ancient Potion"},{"floor":11,"key":"SkillPotion"},{"floor":12,"key":"GamblersBrew"},{"floor":13,"key":"Ancient Potion"},{"floor":18,"key":"AttackPotion"},{"floor":21,"key":"SpeedPotion"},{"floor":22,"key":"Elixir"},{"floor":27,"key":"Ancient Potion"}],"is_trial":false,"path_per_floor":["M","M","$","?","?","E","R","E","T","R","E","M","E","$","R","B",null,"M","M","M","M","M","E","R","E","T","NM","?","?","M"],"character_chosen":"Hololive_HololiveCharacter","items_purchased":["Hololive_Thief","Strange Spoon"],"campfire_rested":1,"item_purchase_floors":[3,14],"current_hp_per_floor":[35,35,35,35,35,35,35,35,35,35,35,35,35,35,35,35,35,35,35,35,35,35,8,18,18,18,18,18,12,0,0],"gold":443,"neow_bonus":"","is_daily":false,"chose_seed":false,"campfire_upgraded":3,"win_rate":0.0,"timestamp":1611355600,"path_taken":["M","M","$","?","?","E","R","E","T","R","E","?","E","$","R","BOSS","M","M","M","M","M","E","R","E","T","NM","?","?","M"],"items_purchased_type":["Card","Relic"],"build_version":"2020-12-22","purchased_purges":0,"victory":false,"max_hp_per_floor":[35,35,35,35,35,35,35,35,35,35,35,35,35,35,35,35,35,35,35,35,35,35,35,35,35,35,35,35,35,35,35],"card_choices":[{"not_picked":["Murderer","ShyLook","PunishingBird"],"picked":"Singing Bowl","floor":1},{"not_picked":["Hololive_Drill","Hololive_CallSakuraMiko","Hololive_Trident","Hololive_CallAmaneKanata"],"picked":"SKIP","floor":1},{"not_picked":["Hololive_CallFriendA","Hololive_Sequa","Hololive_CallAiraniIofifteen"],"picked":"Hololive_BringToTrial","floor":2},{"not_picked":["CrumblingArmor","Murderer","Scorched"],"picked":"Singing Bowl","floor":2},{"not_picked":["BeautyBeast","RedShoes","UniverseFragment"],"picked":"Singing Bowl","floor":6},{"not_picked":["Hololive_Sequa","Hololive_StrengthChampion","Hololive_CallMoonaHoshinova","Hololive_ILoveYou"],"picked":"SKIP","floor":6},{"not_picked":["MHz","OSAHOGD","UniverseFragment"],"picked":"Singing Bowl","floor":8},{"not_picked":["Hololive_Trident","Hololive_Psychosis","Hololive_CallTokoyamiTowa","Hololive_CallMomosuzuNene"],"picked":"SKIP","floor":8},{"not_picked":["BigBird","OldLady","ShyLook"],"picked":"Singing Bowl","floor":11},{"not_picked":["Hololive_Rebound","Hololive_CallTsunomakiWatame","Hololive_Drill","Hololive_Teleport"],"picked":"SKIP","floor":11},{"not_picked":["Bloodbath","SpiderBud","OldLady"],"picked":"Singing Bowl","floor":12},{"not_picked":["Hololive_CallAkiRosenthal","Hololive_Breathe","Hololive_Sequa","Hololive_CallSakuraMiko"],"picked":"SKIP","floor":12},{"not_picked":["Hololive_CallYogiri","Hololive_StrengthChampion","Hololive_Trident","Hololive_CallSakuraMiko"],"picked":"SKIP","floor":13},{"not_picked":["Hololive_Psychosis","Hololive_HuntDinosaur","Hololive_CallOzoraSubaru"],"picked":"Hololive_CallNatsuiroMatsuri","floor":18},{"not_picked":["PunishingBird","Bloodbath"],"picked":"HappyTeddy","floor":19},{"not_picked":["Hololive_HuntDinosaur","Hololive_CocoNews+1","Hololive_CallOkamiMio+1"],"picked":"Hololive_CallHoshimachiSuisei","floor":19},{"not_picked":["Hololive_CandyCastle+1","Hololive_CocoNews","Hololive_DurableLive","Hololive_Psychosis"],"picked":"SKIP","floor":20},{"not_picked":["Hololive_OvertimeWork+1","Hololive_CocoNews","Hololive_Sequa+1","Hololive_CallMomosuzuNene"],"picked":"SKIP","floor":21},{"not_picked":["Hololive_Trident","Hololive_Psychosis+1","Hololive_Drill"],"picked":"Hololive_CallKiryuuCoco","floor":22},{"not_picked":["Hololive_CallInugamiKorone","Hololive_Spy","Hololive_CallRoboco","Hololive_CallAkaiHaato"],"picked":"SKIP","floor":23},{"not_picked":["Hololive_RevenueBasedLive","Hololive_Sequa","Hololive_StrengthChampion","Hololive_OvertimeWork+1"],"picked":"SKIP","floor":25},{"not_picked":["Hololive_RevenueBasedLive","Hololive_Sequa","Hololive_StrengthChampion","Hololive_OvertimeWork+1"],"picked":"SKIP","floor":25},{"not_picked":["Hololive_CallOkamiMio","Hololive_LuckPotion","Hololive_Breathe+1","Hololive_OvertimeWork"],"picked":"SKIP","floor":27},{"not_picked":["Hololive_CallOkamiMio","Hololive_LuckPotion","Hololive_Breathe+1","Hololive_OvertimeWork"],"picked":"SKIP","floor":27}],"player_experience":45049,"relics_obtained":[{"floor":6,"key":"Centennial Puzzle"},{"floor":8,"key":"hubris:SphereOfDissonance"},{"floor":9,"key":"Replay:Rubber Ducky"},{"floor":11,"key":"hubris:SlimyHat"},{"floor":13,"key":"infinitespire:Satchel"},{"floor":23,"key":"Replay:PocketPolymizer"},{"floor":25,"key":"aspiration:Lifesprig"},{"floor":26,"key":"Boot"},{"floor":27,"key":"infinitespire:Midas Blood"}],"event_choices":[{"damage_healed":0,"gold_gain":0,"player_choice":"","damage_taken":6,"max_hp_gain":0,"max_hp_loss":0,"event_name":"Knowing Skull","floor":29,"potions_obtained":[],"gold_loss":0,"cards_obtained":[]}],"is_beta":false,"boss_relics":[{"not_picked":["Empty Cage","ChewingGum"],"picked":"halation:MonkeysPaw"}],"items_purged_floors":[],"is_endless":false,"potions_floor_spawned":[6,11,12,13,18,21,22,27],"killed_by":"Centurion and Healer","ascension_level":2}}