{"host":"ekyl8r8j8fco3zlk","time":1611307084,"event":{"mods":["ATMod(∞¢Ë™Mod)","Act Like it!","Arknights The Spire","BaseMod","CapriCore","Decade(Õı–°√˜)","Dota2Spire","Friendly Minions","Gensokyo","Lobotomy","LobotomyExtend","Marisa£®ÏF”Í°°ƒß¿Ì…≥£©","Minty Spire (QoL Compilation)","READ ME - Guardian Mod","Rare Cards Sparkle","Reimu£®≤©¿ˆ¡È√Œ£©","StSLib","The Alterego","The Immortal","The Jungle","TheWitcher","Waifu the Spire","WarShipGirlsR/’ΩΩ¢…Ÿ≈ÆR mod","Yakumo Yukari mod","°æ“≈ŒÔø®≈∆°øREMEMod"],"gold_per_floor":[136,146,158,158,158,220,220,251,251,267,267,267,282,301,301,397,397,415,415,7,57,73,73,73,108,161,161,171,182,182,182],"floor_reached":30,"language":"ZHS","playtime":1705,"items_purged":[],"score":260,"play_id":"2705d4c1-395b-47be-a8ed-9d3e5439285e","local_time":"20210122171804","is_ascension_mode":false,"campfire_choices":[{"floor":7,"key":"REST"},{"floor":11,"key":"REST"},{"floor":15,"key":"REST"},{"data":"Yakumo_Ran_purple","floor":23,"key":"SMITH"},{"data":"ExistenceContinue_purple","floor":27,"key":"SMITH"}],"circlet_count":0,"master_deck":["AT_purpleEX","AT_purpleEX","AT_purpleEX","AT_purpleEX","Defend_purpleEX","Defend_purpleEX","Defend_purpleEX","Defend_purpleEX","Observe_purple_1","Observe_purple_2","Boundary_LightAndDark_purple","AT_Desolate","Hornet","Boundary_of_Extermination_purpleEX","Mirror_FormAndEmptin_purple","ExistenceContinue_purple+1","Monsters_DoubleDeathButterfly_purple","UniverseChoice_purple+1","ExternalForce_HighSpeedFlying_purple","CommonSense_AntiCommonSense_purple+1","Worldmountain_purple","LoveAcrossDimensions_purple+1","RealityDreamConfluencek_purple+1","Yakumo_Ran_purple+1","DarkRealmRedLine_purple","SfantasyHide_purple+1"],"relics":["Boundary_crack","Memoryfragments_purpleEX","AT_ATBox","REME_ComplimentaryCards","LetterFromLob","Frozen Egg 2","Dota2Spire:CrimsonGuard","AT_ForceNature","Dota2Spire:Bloodstone","Bag of Preparation","Ornamental Fan","MealTicket","Dream Catcher","Omamori"],"acts_visited":["Exordium","TheCity"],"potions_floor_usage":[6,8,8,16,24,30],"damage_taken":[{"damage":0,"enemies":"Cultist","floor":1,"turns":2},{"damage":13,"enemies":"2 Louse","floor":2,"turns":2},{"damage":11,"enemies":"Jaw Worm","floor":3,"turns":4},{"damage":42,"enemies":"3 Sentries","floor":6,"turns":10},{"damage":22,"enemies":"Gremlin Nob","floor":8,"turns":3},{"damage":5,"enemies":"Gremlin Gang","floor":10,"turns":5},{"damage":13,"enemies":"Blue Slaver","floor":13,"turns":4},{"damage":25,"enemies":"Exordium Thugs","floor":14,"turns":6},{"damage":6,"enemies":"Hexaghost","floor":16,"turns":7},{"damage":10,"enemies":"Chosen","floor":18,"turns":4},{"damage":14,"enemies":"Shell Parasite","floor":22,"turns":3},{"damage":4,"enemies":"Shell Parasite","floor":24,"turns":8},{"damage":14,"enemies":"Book of Stabbing","floor":25,"turns":3},{"damage":34,"enemies":"Snake Plant","floor":28,"turns":3},{"damage":25,"enemies":"3 Cultists","floor":29,"turns":5},{"damage":34,"enemies":"Gremlin Leader","floor":30,"turns":6}],"seed_played":"1046462229369990088","potions_obtained":[{"floor":1,"key":"FearPotion"},{"floor":3,"key":"REME_GoldPotion"},{"floor":6,"key":"ZuzhouPotion:ReiMu"},{"floor":13,"key":"EssenceOfSteel"},{"floor":16,"key":"SmokeBomb"},{"floor":22,"key":"GamblersBrew"},{"floor":29,"key":"BlessingOfTheForge"}],"is_trial":false,"path_per_floor":["M","M","M","?","?","E","R","E","T","M","R","M","M","M","R","B",null,"M","?","$","T","M","R","?","E","T","R","M","M","E"],"character_chosen":"Youkari","items_purchased":["Bag of Preparation","Ornamental Fan"],"campfire_rested":3,"item_purchase_floors":[20,20],"current_hp_per_floor":[70,58,50,55,55,18,40,19,19,17,39,39,29,9,31,35,75,66,66,66,66,62,62,62,70,70,70,47,25,0,0],"gold":182,"neow_bonus":"THREE_CARDS","is_daily":false,"chose_seed":false,"campfire_upgraded":2,"win_rate":0.0,"timestamp":1611307084,"path_taken":["M","M","?","?","?","E","R","E","T","M","R","M","M","?","R","BOSS","M","?","$","?","?","R","?","E","T","R","M","M","E"],"items_purchased_type":["Relic","Relic"],"build_version":"2020-12-22","purchased_purges":0,"victory":false,"max_hp_per_floor":[70,70,70,75,75,75,75,75,75,75,75,75,75,75,75,75,75,75,75,75,75,75,75,75,75,75,75,75,75,75,75],"card_choices":[{"not_picked":["WeekHit_purple","Realm_recovery_purpleEX"],"picked":"Boundary_LightAndDark_purple","floor":0},{"not_picked":["SfantasyHide_purple","Boundary_LightAndDark_purple"],"picked":"Boundary_of_Extermination_purpleEX","floor":1},{"not_picked":["Umbrella_purple","AdvanceAttack_purple"],"picked":"Mirror_FormAndEmptin_purple","floor":2},{"not_picked":["StateErode_purple","Erosivefilter_purple"],"picked":"ExistenceContinue_purple","floor":3},{"not_picked":[],"picked":"Monsters_DoubleDeathButterfly_purple","floor":5},{"not_picked":["MetroBOOM_purple","Umbrella_purple"],"picked":"UniverseChoice_purple+1","floor":6},{"not_picked":["WingOfChimera_purple","Mirror_FormAndEmptin_purple","AdvanceAttack_purple"],"picked":"SKIP","floor":8},{"not_picked":["Bait_HighSpeedFlying_purple","StateDuplicate_purple"],"picked":"ExternalForce_HighSpeedFlying_purple","floor":10},{"not_picked":["SharpContractionReality_purple","StateDuplicate_purple"],"picked":"CommonSense_AntiCommonSense_purple+1","floor":13},{"not_picked":["Boundary_LightAndDark_purple","UniverseChoice_purple+1"],"picked":"Worldmountain_purple","floor":14},{"not_picked":["ContainerChange_purple+1","WangLiang_OokamiKakushi_purple"],"picked":"LoveAcrossDimensions_purple+1","floor":16},{"not_picked":["Line_surface_state_purple","MetroBOOM_purple"],"picked":"RealityDreamConfluencek_purple+1","floor":18},{"not_picked":["Worldmountain_purple","ExistenceContinue_purple"],"picked":"DarkRealmRedLine_purple","floor":22},{"not_picked":["StateDuplicate_purple","WangLiang_OokamiKakushi_purple","DimensionStaggered_purple"],"picked":"SKIP","floor":25},{"not_picked":["DimensionStaggered_purple","StateDuplicate_purple","AdvanceAttack_purple"],"picked":"SKIP","floor":28},{"not_picked":["StateDuplicate_purple","RuptureOfTimeAndSpace_purple"],"picked":"SfantasyHide_purple+1","floor":29}],"player_experience":682366,"relics_obtained":[{"floor":1,"key":"LetterFromLob"},{"floor":6,"key":"Frozen Egg 2"},{"floor":8,"key":"Dota2Spire:CrimsonGuard"},{"floor":9,"key":"AT_ForceNature"},{"floor":21,"key":"MealTicket"},{"floor":25,"key":"Dream Catcher"},{"floor":26,"key":"Omamori"}],"event_choices":[{"damage_healed":0,"gold_gain":0,"player_choice":"1 cards matched","damage_taken":0,"max_hp_gain":0,"max_hp_loss":0,"event_name":"Match and Keep!","floor":19,"gold_loss":0,"cards_obtained":["Yakumo_Ran_purple"]}],"is_beta":false,"boss_relics":[{"not_picked":["AT_MortalBlade","REME_DemonsWealth"],"picked":"Dota2Spire:Bloodstone"}],"items_purged_floors":[],"is_endless":false,"potions_floor_spawned":[1,3,6,13,16,22,29],"killed_by":"Gremlin Leader","ascension_level":0}}