{"host":"50per11302020","time":1611302720,"event":{"mods":["AchievementEnabler","BaseMod","Colored Map","Minty Spire (QoL Compilation)","Relic Stats","StSLib"],"gold_per_floor":[18,34,34,109,133,168,168,207,231,231,255,268,47,78,78,204,267,286,300,300,399,324,324,360,398,398,398,398,423,446,5,5,131,131,155,9,22,45,63,63,102,102,102,125,125,150,191,191,191,191],"floor_reached":51,"language":"ENG","playtime":2827,"items_purged":["Strike_R","Strike_R+1"],"score":1273,"play_id":"356bcca6-e13e-4d65-9711-6eae718a4cb0","local_time":"20210122000520","is_ascension_mode":true,"campfire_choices":[{"data":"Armaments","floor":7.0,"key":"SMITH"},{"floor":10.0,"key":"REST"},{"data":"Limit Break","floor":15.0,"key":"SMITH"},{"floor":23.0,"key":"REST"},{"floor":27.0,"key":"REST"},{"floor":32.0,"key":"REST"},{"floor":40.0,"key":"REST"},{"floor":42.0,"key":"REST"},{"floor":49,"key":"REST"}],"circlet_count":0,"master_deck":["AscendersBane","Strike_R+1","Strike_R+1","Defend_R+1","Defend_R+1","Defend_R+1","Defend_R+1","Bash","Sadistic Nature","Thunderclap","Armaments+1","Dropkick+1","Ghostly Armor","Limit Break+1","Headbutt","Sadistic Nature","Thunderclap","Brutality","Dropkick","Spot Weakness","Dropkick+1","Dropkick","Headbutt+1","Spot Weakness+1","Metallicize","Offering","Evolve+1","Second Wind+1","Bloodletting","Fire Breathing","Thunderclap+1","Disarm+1","Trip","Shrug It Off","Fire Breathing+1"],"relics":["Burning Blood","Golden Idol","Strawberry","Happy Flower","Vajra","DollysMirror","Mango","Tiny House","Red Mask","Lizard Tail","Question Card","Toy Ornithopter","Cauldron","Mark of Pain","Brimstone","Nunchaku","Darkstone Periapt","Pantograph"],"acts_visited":["Exordium","TheCity","TheBeyond"],"potions_floor_usage":[46,50],"damage_taken":[{"damage":3.0,"enemies":"2 Louse","floor":1.0,"turns":3.0},{"damage":18.0,"enemies":"Jaw Worm","floor":2.0,"turns":5.0},{"damage":1.0,"enemies":"Cultist","floor":5.0,"turns":3.0},{"damage":30.0,"enemies":"Lagavulin","floor":6.0,"turns":7.0},{"damage":37.0,"enemies":"Gremlin Nob","floor":8.0,"turns":5.0},{"damage":18.0,"enemies":"Exordium Thugs","floor":11.0,"turns":6.0},{"damage":1.0,"enemies":"Looter","floor":12.0,"turns":4.0},{"damage":5.0,"enemies":"3 Sentries","floor":14.0,"turns":5.0},{"damage":2.0,"enemies":"Slime Boss","floor":16.0,"turns":6.0},{"damage":42.0,"enemies":"2 Thieves","floor":18.0,"turns":4.0},{"damage":22.0,"enemies":"Spheric Guardian","floor":19.0,"turns":5.0},{"damage":39.0,"enemies":"Masked Bandits","floor":24.0,"turns":5.0},{"damage":30.0,"enemies":"Gremlin Leader","floor":25.0,"turns":4.0},{"damage":0.0,"enemies":"Slavers","floor":28.0,"turns":1.0},{"damage":63.0,"enemies":"Chosen and Byrds","floor":29.0,"turns":7.0},{"damage":35.0,"enemies":"Snake Plant","floor":30.0,"turns":4.0},{"damage":60.0,"enemies":"Champ","floor":33.0,"turns":8.0},{"damage":15.0,"enemies":"3 Darklings","floor":35.0,"turns":4.0},{"damage":8.0,"enemies":"Orb Walker","floor":37.0,"turns":3.0},{"damage":30.0,"enemies":"4 Shapes","floor":38.0,"turns":3.0},{"damage":48.0,"enemies":"Spire Growth","floor":39.0,"turns":4.0},{"damage":38.0,"enemies":"Reptomancer","floor":41.0,"turns":4.0},{"damage":27,"enemies":"Transient","floor":44,"turns":5},{"damage":24,"enemies":"Jaw Worm Horde","floor":46,"turns":3},{"damage":6,"enemies":"Giant Head","floor":47,"turns":4},{"damage":63,"enemies":"Donu and Deca","floor":50,"turns":5}],"seed_played":"4568432925403130761","potions_obtained":[{"floor":6.0,"key":"GamblersBrew"},{"floor":8.0,"key":"SkillPotion"},{"floor":12.0,"key":"Strength Potion"},{"floor":14.0,"key":"SmokeBomb"},{"floor":16.0,"key":"BlessingOfTheForge"},{"floor":30.0,"key":"SteroidPotion"},{"floor":31.0,"key":"GamblersBrew"},{"floor":31.0,"key":"ColorlessPotion"},{"floor":31.0,"key":"Strength Potion"},{"floor":37.0,"key":"Fire Potion"},{"floor":39.0,"key":"SkillPotion"},{"floor":44,"key":"Energy Potion"},{"floor":46,"key":"GamblersBrew"}],"is_trial":false,"path_per_floor":["M","M","?","?","M","E","R","E","T","R","M","M","$","E","R","B",null,"M","M","?","?","?","R","?","E","T","R","E","M","M","$","R","B",null,"M","$","M","M","M","R","E","R","T","M","?","M","E","?","R","B",null],"character_chosen":"IRONCLAD","items_purchased":["DollysMirror","Toy Ornithopter","Cauldron","Metallicize","Brimstone"],"campfire_rested":7,"item_purchase_floors":[13,31,31,31,36],"current_hp_per_floor":[75,63,63,52,57,40,40,9,9,33,21,26,26,41,41,45,88,52,36,36,36,36,66,33,9,9,39,45,55,26,26,56,12,78,74,74,72,53,11,41,14,44,44,23,23,10,10,10,40,13],"gold":191,"neow_bonus":"RANDOM_COLORLESS_2","is_daily":false,"chose_seed":false,"campfire_upgraded":2,"win_rate":0.0,"timestamp":1611302720,"path_taken":["M","M","?","?","M","E","R","E","T","R","M","M","$","E","R","BOSS","M","M","?","?","?","R","?","E","T","R","E","M","M","$","R","BOSS","M","$","M","M","M","R","E","R","T","M","?","M","E","?","R","BOSS"],"items_purchased_type":["Relic","Relic","Relic","Card","Relic"],"build_version":"2020-12-18","purchased_purges":2,"victory":true,"max_hp_per_floor":[80,80,74,74,74,81,81,81,81,81,81,81,81,95,95,95,100,100,100,100,100,100,100,100,100,100,100,100,100,100,100,100,100,100,100,100,100,100,100,100,100,100,100,100,100,100,100,100,100,100],"relic_stats":{"Darkstone Periapt":0,"Lizard Tail":50,"Nunchaku":[4],"Happy Flower":[31],"counters":[26,117],"Golden Idol":205,"Pantograph":25,"Question Card":13,"obtain_stats":[{"Darkstone Periapt":43,"Tiny House":17,"Happy Flower":8,"Golden Idol":3,"Vajra":9,"Mango":14,"Question Card":26,"Burning Blood":0,"Cauldron":31,"Lizard Tail":25,"Nunchaku":41,"DollysMirror":13,"Brimstone":36,"Strawberry":6,"Pantograph":47,"Mark of Pain":34,"Red Mask":24,"Toy Ornithopter":31},{"Darkstone Periapt":22,"Tiny House":9,"Happy Flower":5,"Golden Idol":2,"Vajra":5,"Mango":8,"Question Card":13,"Burning Blood":0,"Cauldron":16,"Lizard Tail":13,"Nunchaku":22,"DollysMirror":7,"Brimstone":18,"Strawberry":4,"Pantograph":25,"Mark of Pain":17,"Red Mask":12,"Toy Ornithopter":16},{"Darkstone Periapt":100,"Tiny House":44,"Happy Flower":23,"Golden Idol":8,"Vajra":23,"Mango":38,"Question Card":62,"Burning Blood":0,"Cauldron":74,"Lizard Tail":62,"Nunchaku":100,"DollysMirror":33,"Brimstone":86,"Strawberry":18,"Pantograph":112,"Mark of Pain":82,"Red Mask":58,"Toy Ornithopter":74}],"Burning Blood":156,"Toy Ornithopter":35},"card_choices":[{"not_picked":["Metamorphosis","Secret Weapon"],"picked":"Sadistic Nature","floor":0.0},{"not_picked":["Sever Soul","Iron Wave"],"picked":"Thunderclap","floor":1.0},{"not_picked":["Infernal Blade","Cleave"],"picked":"Armaments","floor":2.0},{"not_picked":["Pummel","Perfected Strike"],"picked":"Dropkick","floor":5.0},{"not_picked":["Pommel Strike","Havoc"],"picked":"Ghostly Armor","floor":6.0},{"not_picked":["Iron Wave","Combust"],"picked":"Limit Break","floor":8.0},{"not_picked":["Bloodletting","Anger","Combust"],"picked":"SKIP","floor":11.0},{"not_picked":["Clash","Iron Wave"],"picked":"Headbutt","floor":12.0},{"not_picked":["Body Slam","Anger"],"picked":"Thunderclap","floor":14.0},{"not_picked":["Berserk","Impervious"],"picked":"Brutality","floor":16.0},{"not_picked":["Second Wind","Heavy Blade"],"picked":"Dropkick","floor":17.0},{"not_picked":["Battle Trance","Armaments+1"],"picked":"Spot Weakness","floor":18.0},{"not_picked":["True Grit","Anger"],"picked":"Dropkick+1","floor":19.0},{"not_picked":["Metallicize","Thunderclap"],"picked":"Dropkick","floor":24.0},{"not_picked":["Flex","Heavy Blade","Uppercut"],"picked":"SKIP","floor":25.0},{"not_picked":["Iron Wave","Sword Boomerang","Cleave"],"picked":"Headbutt+1","floor":29.0},{"not_picked":["Body Slam","Warcry","Clothesline"],"picked":"Spot Weakness+1","floor":30.0},{"not_picked":["Impervious","Double Tap","Corruption"],"picked":"Offering","floor":33.0},{"not_picked":["Heavy Blade","Clothesline+1","Headbutt"],"picked":"Evolve+1","floor":35.0},{"not_picked":["Clothesline","Heavy Blade","Perfected Strike"],"picked":"Second Wind+1","floor":37.0},{"not_picked":["Clash+1","Armaments","Clothesline+1"],"picked":"Bloodletting","floor":38.0},{"not_picked":["Power Through","Havoc","Entrench"],"picked":"Fire Breathing","floor":39.0},{"not_picked":["Blood for Blood","Cleave+1","Seeing Red"],"picked":"Thunderclap+1","floor":41.0},{"not_picked":["Inflame","Burning Pact","Warcry"],"picked":"Disarm+1","floor":44},{"not_picked":["Thinking Ahead","Secret Technique","Flash of Steel"],"picked":"Trip","floor":45},{"not_picked":["Body Slam+1","Cleave","Carnage+1"],"picked":"Shrug It Off","floor":46},{"not_picked":["Heavy Blade+1","Thunderclap","Twin Strike"],"picked":"Fire Breathing+1","floor":47}],"player_experience":315761,"relics_obtained":[{"floor":6.0,"key":"Strawberry"},{"floor":8.0,"key":"Happy Flower"},{"floor":9.0,"key":"Vajra"},{"floor":14.0,"key":"Mango"},{"floor":24.0,"key":"Red Mask"},{"floor":25.0,"key":"Lizard Tail"},{"floor":26.0,"key":"Question Card"},{"floor":41.0,"key":"Nunchaku"},{"floor":43.0,"key":"Darkstone Periapt"},{"floor":47,"key":"Pantograph"}],"event_choices":[{"damage_healed":0.0,"max_hp_gain":0.0,"max_hp_loss":6.0,"gold_gain":0.0,"event_name":"Golden Idol","player_choice":"Lose Max HP","floor":3.0,"gold_loss":0.0,"damage_taken":0.0,"relics_obtained":["Golden Idol"]},{"damage_healed":0.0,"max_hp_gain":0.0,"max_hp_loss":0.0,"gold_gain":75.0,"event_name":"World of Goop","player_choice":"Gather Gold","floor":4.0,"gold_loss":0.0,"damage_taken":11.0},{"damage_healed":0.0,"max_hp_gain":0.0,"max_hp_loss":0.0,"gold_gain":0.0,"event_name":"Back to Basics","player_choice":"Simplicity","floor":20.0,"gold_loss":0.0,"damage_taken":0.0,"cards_upgraded":["Strike_R","Strike_R","Strike_R","Strike_R","Defend_R","Defend_R","Defend_R","Defend_R"]},{"damage_healed":0.0,"max_hp_gain":0.0,"max_hp_loss":0.0,"gold_gain":99.0,"event_name":"Nest","player_choice":"Stole From Cult","floor":21.0,"gold_loss":0.0,"damage_taken":0.0},{"cards_removed":["Strike_R"],"damage_healed":0.0,"max_hp_gain":0.0,"max_hp_loss":0.0,"gold_gain":0.0,"event_name":"Beggar","player_choice":"Gave Gold","floor":22.0,"gold_loss":75.0,"damage_taken":0.0},{"damage_healed":0.0,"max_hp_gain":0.0,"max_hp_loss":0.0,"gold_gain":0.0,"event_name":"Masked Bandits","player_choice":"Fought Bandits","floor":24.0,"gold_loss":0.0,"damage_taken":0.0},{"damage_healed":0,"gold_gain":0,"player_choice":"Memory 1","damage_taken":0,"max_hp_gain":0,"max_hp_loss":0,"event_name":"SensoryStone","floor":45,"gold_loss":0},{"damage_healed":0,"gold_gain":0,"player_choice":"Ignored","damage_taken":0,"max_hp_gain":0,"max_hp_loss":0,"event_name":"Mysterious Sphere","floor":48,"gold_loss":0}],"is_beta":true,"boss_relics":[{"not_picked":["Pandora\u0027s Box","Runic Dome"],"picked":"Tiny House"},{"not_picked":["Black Blood","Velvet Choker"],"picked":"Mark of Pain"}],"items_purged_floors":[13,31],"is_endless":false,"potions_floor_spawned":[6,8,12,14,16,18,28,30,37,39,44,46],"ascension_level":10}}