{"host":"qm4rv4rkpk76sbxu","time":1611330587,"event":{"mods":["BaseMod","Bestiary","Block Reminder","DeckTracker","Filter the Spire","Keyboard Shortcuts","Minty Spire (QoL Compilation)","MonsterHotkey","Quick Restart","Random Character Button","Relic Stats","Slay-I","StSLib","Unceasing Turn Reminder","ojb\u0027s Better Paths Mod","ojb\u0027s Info Mod"],"gold_per_floor":[113,113,113,288,313,358,358,358,358],"floor_reached":8,"language":"ENG","playtime":118,"items_purged":[],"score":55,"play_id":"71158a6d-f328-4641-a7e2-b414535299c6","local_time":"20210122164947","is_ascension_mode":true,"campfire_choices":[{"data":"Vigilance","floor":7.0,"key":"SMITH"}],"circlet_count":0,"master_deck":["Strike_P","Strike_P","Strike_P","Defend_P","Defend_P","Defend_P","Eruption+1","Vigilance+1","BowlingBash+1","Doubt","FlurryOfBlows"],"relics":["PureWater","Golden Idol","Potion Belt","CeramicFish"],"acts_visited":["Exordium"],"potions_floor_usage":[],"damage_taken":[{"damage":1.0,"enemies":"Small Slimes","floor":1.0,"turns":3.0},{"damage":12.0,"enemies":"3 Sentries","floor":6.0,"turns":4.0},{"damage":29,"enemies":"Gremlin Nob","floor":8,"turns":4}],"seed_played":"7143521028679044736","potions_obtained":[{"floor":1.0,"key":"BlessingOfTheForge"}],"is_trial":false,"path_per_floor":["M","?","?","?","T","E","R","E"],"character_chosen":"WATCHER","items_purchased":[],"campfire_rested":0,"item_purchase_floors":[],"current_hp_per_floor":[50,50,37,37,37,25,25,0,0],"gold":358,"neow_bonus":"REMOVE_TWO","is_daily":false,"chose_seed":false,"campfire_upgraded":1,"win_rate":0.0,"timestamp":1611330587,"path_taken":["M","?","?","?","?","E","R","E"],"items_purchased_type":[],"build_version":"2020-12-22","purchased_purges":0,"victory":false,"max_hp_per_floor":[72,67,67,67,67,67,67,67,67],"relic_stats":{"counters":[3,11],"Golden Idol":7,"CeramicFish":9,"obtain_stats":[{"Potion Belt":5,"Golden Idol":2,"CeramicFish":6,"PureWater":0},{"Potion Belt":1,"Golden Idol":1,"CeramicFish":2,"PureWater":0},{"Potion Belt":3,"Golden Idol":3,"CeramicFish":7,"PureWater":0}]},"card_choices":[{"not_picked":["Collect","ForeignInfluence"],"picked":"BowlingBash","floor":1.0},{"not_picked":["Prostrate","BattleHymn"],"picked":"FlurryOfBlows","floor":6.0}],"player_experience":1367408,"relics_obtained":[{"floor":5.0,"key":"Potion Belt"},{"floor":6.0,"key":"CeramicFish"}],"event_choices":[{"damage_healed":0.0,"max_hp_gain":0.0,"max_hp_loss":5.0,"gold_gain":0.0,"event_name":"Golden Idol","player_choice":"Lose Max HP","floor":2.0,"gold_loss":0.0,"damage_taken":0.0,"relics_obtained":["Golden Idol"]},{"damage_healed":0.0,"max_hp_gain":0.0,"max_hp_loss":0.0,"gold_gain":0.0,"event_name":"Shining Light","player_choice":"Entered Light","floor":3.0,"gold_loss":0.0,"damage_taken":13.0,"cards_upgraded":["BowlingBash","Eruption"]},{"damage_healed":0.0,"max_hp_gain":0.0,"max_hp_loss":0.0,"gold_gain":175.0,"event_name":"Liars Game","player_choice":"AGREE","floor":4.0,"gold_loss":0.0,"damage_taken":0.0,"cards_obtained":["Doubt"]}],"is_beta":false,"boss_relics":[],"items_purged_floors":[],"is_endless":false,"potions_floor_spawned":[1],"killed_by":"Gremlin Nob","ascension_level":1}}