{"host":"fevvm7bbzuh4s1jc","time":1611336642,"event":{"mods":["BaseMod","Highlight Path","Minty Spire (QoL Compilation)","Relic Stats"],"gold_per_floor":[112,126,126,138,164,192,206,239,239,268,283,295,295,324,324,401,401,447,447,494,494,535,4,54,54,54,86,141,184,241,288,300,387,399,453,465,550,635,732,838,850,957,969,1066,710,752,831,350,350,410,470,470,470,49,78,78],"floor_reached":57,"language":"ENG","playtime":7279,"items_purged":["Defend_P","Strike_P","Strike_P","Strike_P"],"score":3143,"play_id":"c997f275-df89-425d-8fcf-cc4d58459d4b","local_time":"20210122123042","is_ascension_mode":true,"campfire_choices":[{"data":"Meditate","floor":15.0,"key":"SMITH"},{"floor":25,"key":"RECALL"},{"floor":32,"key":"REST"},{"floor":49,"key":"REST"},{"floor":53,"key":"REST"}],"circlet_count":0,"master_deck":["AscendersBane","Defend_P","Defend_P","Eruption","Vigilance","BowlingBash","FollowUp","Protect","Meditate+1","Wallop","CutThroughFate","Wallop","CutThroughFate","JustLucky","Wireheading","Wish+1","Protect+1","Sanctity+1","Prostrate+1","Scrawl+1","Apotheosis+1","SandsOfTime+1","EmptyMind+1","MentalFortress+1","Crescendo+1","Devotion","Wish+1","WaveOfTheHand+1","ThirdEye+1","Vault+1","Weave+1","Establishment","Nirvana+1","Secret Technique+1"],"relics":["HolyWater","Thread and Needle","Omamori","Bottled Lightning","Toxic Egg 2","Blood Vial","Happy Flower","Damaru","Fusion Hammer","Mercury Hourglass","MawBank","Mummified Hand","Pantograph","Du-Vu Doll","TeardropLocket","Kunai","Ginger","Lantern","Letter Opener","Strawberry","Shuriken","Blue Candle"],"acts_visited":["Exordium","TheCity","TheBeyond","TheEnding"],"potions_floor_usage":[27,38,50,56,56],"damage_taken":[{"damage":0.0,"enemies":"Small Slimes","floor":1.0,"turns":3.0},{"damage":3.0,"enemies":"Jaw Worm","floor":2.0,"turns":3.0},{"damage":0.0,"enemies":"Cultist","floor":4.0,"turns":5.0},{"damage":18.0,"enemies":"Gremlin Nob","floor":6.0,"turns":3.0},{"damage":0.0,"enemies":"2 Fungi Beasts","floor":7.0,"turns":3.0},{"damage":0.0,"enemies":"3 Sentries","floor":8.0,"turns":6.0},{"damage":28.0,"enemies":"Lagavulin","floor":10.0,"turns":11.0},{"damage":0.0,"enemies":"Large Slime","floor":11.0,"turns":4.0},{"damage":1.0,"enemies":"Red Slaver","floor":12.0,"turns":2.0},{"damage":7.0,"enemies":"Gremlin Nob","floor":14.0,"turns":3.0},{"damage":2.0,"enemies":"Hexaghost","floor":16.0,"turns":7.0},{"damage":0.0,"enemies":"Spheric Guardian","floor":18.0,"turns":3.0},{"damage":2.0,"enemies":"3 Byrds","floor":20.0,"turns":7.0},{"damage":0.0,"enemies":"Centurion and Healer","floor":22.0,"turns":7.0},{"damage":0,"enemies":"Snake Plant","floor":24,"turns":4},{"damage":3,"enemies":"Slavers","floor":27,"turns":3},{"damage":27,"enemies":"Cultist and Chosen","floor":28,"turns":7},{"damage":4,"enemies":"Book of Stabbing","floor":29,"turns":4},{"damage":0,"enemies":"Centurion and Healer","floor":30,"turns":3},{"damage":0,"enemies":"Gremlin Leader","floor":31,"turns":3},{"damage":2,"enemies":"Automaton","floor":33,"turns":6},{"damage":0,"enemies":"3 Shapes","floor":35,"turns":3},{"damage":0,"enemies":"Orb Walker","floor":37,"turns":4},{"damage":11,"enemies":"Jaw Worm Horde","floor":38,"turns":5},{"damage":0,"enemies":"Mind Bloom Boss Battle","floor":39,"turns":3},{"damage":0,"enemies":"Nemesis","floor":40,"turns":5},{"damage":38,"enemies":"Reptomancer","floor":42,"turns":5},{"damage":0,"enemies":"Giant Head","floor":44,"turns":6},{"damage":0,"enemies":"Sphere and 2 Shapes","floor":46,"turns":3},{"damage":0,"enemies":"4 Shapes","floor":47,"turns":4},{"damage":3,"enemies":"Awakened One","floor":50,"turns":12},{"damage":0,"enemies":"Donu and Deca","floor":51,"turns":7},{"damage":9,"enemies":"Shield and Spear","floor":55,"turns":5},{"damage":25,"enemies":"The Heart","floor":56,"turns":7}],"seed_played":"1341238332299185805","potions_obtained":[{"floor":4.0,"key":"Block Potion"},{"floor":6.0,"key":"Weak Potion"},{"floor":10.0,"key":"Explosive Potion"},{"floor":12.0,"key":"LiquidBronze"},{"floor":16.0,"key":"Fruit Juice"},{"floor":20.0,"key":"DistilledChaos"},{"floor":22.0,"key":"StancePotion"},{"floor":29,"key":"Fire Potion"},{"floor":40,"key":"EntropicBrew"}],"is_trial":false,"path_per_floor":["M","M","?","M","T","E","M","E","T","E","M","M","?","E","R","B",null,"M","?","M","?","M","$","M","R","T","E","M","E","M","E","R","B",null,"M","?","M","M","?","E","?","E","T","E","$","M","M","$","R","B","B",null,"R","$","E","B",null],"character_chosen":"WATCHER","items_purchased":["Apotheosis+1","Mercury Hourglass","Letter Opener","Strawberry","Secret Technique+1","Shuriken"],"campfire_rested":3,"item_purchase_floors":[23,23,45,48,48,54],"current_hp_per_floor":[43,40,62,62,62,44,44,44,44,18,20,21,14,9,9,9,53,55,55,55,55,62,62,64,64,64,63,38,36,38,40,61,71,73,73,73,73,62,73,73,73,35,35,37,37,39,41,48,72,77,80,80,80,80,71,55],"gold":78,"neow_bonus":"ONE_RARE_RELIC","is_daily":false,"chose_seed":false,"campfire_upgraded":1,"win_rate":0.0,"timestamp":1611336642,"path_taken":["M","M","?","M","?","E","M","E","T","E","?","M","?","E","R","BOSS","M","?","M","?","M","$","M","R","T","E","?","E","?","E","R","BOSS","M","?","?","?","?","E","?","E","T","E","$","M","?","$","R","BOSS","BOSS","R","$","E","BOSS"],"items_purchased_type":["Card","Relic","Relic","Relic","Card","Relic"],"build_version":"2020-12-22","purchased_purges":4,"victory":true,"max_hp_per_floor":[68,68,68,68,68,68,68,68,68,68,68,68,68,68,68,68,68,68,68,68,68,73,73,73,73,73,73,73,73,73,73,73,73,73,73,73,73,73,73,73,73,73,73,73,73,73,73,80,80,80,80,80,80,80,80,80],"relic_stats":{"Happy Flower":[44],"counters":[34,165],"Blue Candle":[0],"Ginger":[3],"Letter Opener":[263],"MawBank":216,"Mercury Hourglass":[414],"Blood Vial":34,"Mummified Hand":[88],"Shuriken":[9],"Pantograph":43,"Kunai":[38],"obtain_stats":[{"Lantern":44,"Happy Flower":10,"Blue Candle":55,"Damaru":14,"Thread and Needle":0,"Omamori":5,"TeardropLocket":40,"Ginger":43,"Letter Opener":45,"MawBank":27,"Mercury Hourglass":23,"Blood Vial":9,"Du-Vu Doll":39,"Mummified Hand":29,"Shuriken":54,"Pantograph":31,"Strawberry":48,"HolyWater":34,"Fusion Hammer":17,"Bottled Lightning":6,"Kunai":42,"PureWater":0,"Toxic Egg 2":8},{"Lantern":28,"Happy Flower":7,"Blue Candle":33,"Damaru":10,"Thread and Needle":0,"Omamori":3,"TeardropLocket":26,"Ginger":27,"Letter Opener":28,"MawBank":16,"Mercury Hourglass":14,"Blood Vial":6,"Du-Vu Doll":25,"Mummified Hand":18,"Shuriken":32,"Pantograph":20,"Strawberry":30,"HolyWater":21,"Fusion Hammer":11,"Bottled Lightning":4,"Kunai":27,"PureWater":0,"Toxic Egg 2":6},{"Lantern":128,"Happy Flower":34,"Blue Candle":158,"Damaru":43,"Thread and Needle":0,"Omamori":11,"TeardropLocket":117,"Ginger":122,"Letter Opener":128,"MawBank":74,"Mercury Hourglass":67,"Blood Vial":23,"Du-Vu Doll":112,"Mummified Hand":85,"Shuriken":153,"Pantograph":91,"Strawberry":134,"HolyWater":97,"Fusion Hammer":50,"Bottled Lightning":14,"Kunai":122,"PureWater":0,"Toxic Egg 2":23}]},"card_choices":[{"not_picked":["FlurryOfBlows","Study"],"picked":"BowlingBash","floor":1.0},{"not_picked":["WindmillStrike","Evaluate"],"picked":"FollowUp","floor":2.0},{"not_picked":["ClearTheMind","EmptyBody"],"picked":"Protect","floor":4.0},{"not_picked":["Alpha","Halt"],"picked":"Meditate","floor":6.0},{"not_picked":["ThirdEye","Evaluate"],"picked":"Wallop","floor":7.0},{"not_picked":["Evaluate+1","EmptyMind+1"],"picked":"CutThroughFate","floor":8.0},{"not_picked":["LikeWater","Protect+1"],"picked":"Wallop","floor":10.0},{"not_picked":["SashWhip","ReachHeaven"],"picked":"CutThroughFate","floor":11.0},{"not_picked":["SashWhip","WindmillStrike"],"picked":"JustLucky","floor":12.0},{"not_picked":["Study","Crescendo+1"],"picked":"Wireheading","floor":14.0},{"not_picked":["SpiritShield+1","Omniscience+1"],"picked":"Wish+1","floor":16.0},{"not_picked":["EmptyFist","Halt+1"],"picked":"Protect+1","floor":18.0},{"not_picked":["Prostrate+1","BowlingBash","JustLucky"],"picked":"SKIP","floor":20.0},{"not_picked":["BowlingBash","JustLucky"],"picked":"Prostrate+1","floor":20.0},{"not_picked":["Halt+1","JustLucky"],"picked":"Scrawl+1","floor":22.0},{"not_picked":["Crescendo+1","DeceiveReality+1"],"picked":"SandsOfTime+1","floor":24},{"not_picked":["Adaptation","EmptyBody+1","FollowUp"],"picked":"SKIP","floor":27},{"not_picked":["ThirdEye+1","WreathOfFlame+1"],"picked":"EmptyMind+1","floor":28},{"not_picked":["CrushJoints","WindmillStrike","CarveReality"],"picked":"SKIP","floor":29},{"not_picked":["BowlingBash+1","Evaluate+1"],"picked":"MentalFortress+1","floor":30},{"not_picked":["Consecrate","Halt+1"],"picked":"Crescendo+1","floor":31},{"not_picked":["ConjureBlade+1","SpiritShield+1"],"picked":"Devotion","floor":33},{"not_picked":["EmptyBody+1","SashWhip","ReachHeaven"],"picked":"SKIP","floor":35},{"not_picked":["Consecrate","FlurryOfBlows+1","Indignation+1"],"picked":"SKIP","floor":37},{"not_picked":["JustLucky","FlurryOfBlows"],"picked":"WaveOfTheHand+1","floor":38},{"not_picked":["FollowUp","Collect+1"],"picked":"ThirdEye+1","floor":39},{"not_picked":["PathToVictory+1","FlyingSleeves","Conclude+1"],"picked":"SKIP","floor":40},{"not_picked":["Prostrate+1","LikeWater"],"picked":"Weave+1","floor":42},{"not_picked":["ClearTheMind+1","Collect+1"],"picked":"Establishment","floor":44},{"not_picked":["Pray+1","EmptyFist+1","JustLucky"],"picked":"SKIP","floor":46},{"not_picked":["JustLucky","Halt+1"],"picked":"Nirvana+1","floor":47},{"not_picked":["FlyingSleeves","Evaluate+1","EmptyFist+1"],"picked":"SKIP","floor":55}],"player_experience":2717004,"relics_obtained":[{"floor":5.0,"key":"Omamori"},{"floor":6.0,"key":"Bottled Lightning"},{"floor":8.0,"key":"Toxic Egg 2"},{"floor":9.0,"key":"Blood Vial"},{"floor":10.0,"key":"Happy Flower"},{"floor":14.0,"key":"Damaru"},{"floor":27,"key":"MawBank"},{"floor":29,"key":"Mummified Hand"},{"floor":31,"key":"Pantograph"},{"floor":39,"key":"Du-Vu Doll"},{"floor":40,"key":"TeardropLocket"},{"floor":42,"key":"Kunai"},{"floor":43,"key":"Ginger"},{"floor":44,"key":"Lantern"},{"floor":55,"key":"Blue Candle"}],"event_choices":[{"damage_healed":22.0,"max_hp_gain":0.0,"max_hp_loss":0.0,"gold_gain":0.0,"event_name":"Big Fish","player_choice":"Banana","floor":3.0,"gold_loss":0.0,"damage_taken":0.0},{"cards_removed":["Defend_P"],"damage_healed":0.0,"max_hp_gain":0.0,"max_hp_loss":0.0,"gold_gain":0.0,"event_name":"Golden Wing","player_choice":"Card Removal","floor":13.0,"gold_loss":0.0,"damage_taken":7.0},{"damage_healed":0.0,"max_hp_gain":0.0,"max_hp_loss":0.0,"gold_gain":0.0,"event_name":"The Library","player_choice":"Read","floor":19.0,"gold_loss":0.0,"damage_taken":0.0,"cards_obtained":["Sanctity"]},{"damage_healed":0.0,"max_hp_gain":0.0,"max_hp_loss":0.0,"gold_gain":0.0,"event_name":"N\u0027loth","player_choice":"Ignored","floor":21.0,"gold_loss":0.0,"damage_taken":0.0},{"damage_healed":0,"gold_gain":0,"player_choice":"1 cards matched","damage_taken":0,"max_hp_gain":0,"max_hp_loss":0,"event_name":"Match and Keep!","floor":36,"gold_loss":0,"cards_obtained":["Wish"]},{"damage_healed":0,"gold_gain":0,"player_choice":"Fight","damage_taken":0,"max_hp_gain":0,"max_hp_loss":0,"event_name":"MindBloom","floor":39,"gold_loss":0},{"damage_healed":0,"gold_gain":0,"cards_transformed":["Strike_P"],"player_choice":"Transformed","damage_taken":0,"max_hp_gain":0,"max_hp_loss":0,"event_name":"Transmorgrifier","floor":41,"gold_loss":0,"cards_obtained":["Vault"]}],"is_beta":false,"boss_relics":[{"not_picked":["Velvet Choker","Black Star"],"picked":"Fusion Hammer"},{"not_picked":["Tiny House","VioletLotus"],"picked":"HolyWater"}],"items_purged_floors":[23,45,48,54],"is_endless":false,"potions_floor_spawned":[4,6,10,12,16,20,22,24,29,31,33,37,40,42,44],"ascension_level":20}}