{"host":"ssahdsoo349p0ms1","time":1611287405,"event":{"mods":["AchievementEnabler","BaseMod","Colored Powertips","Filter the Spire","Minty Spire (QoL Compilation)","StSLib"],"gold_per_floor":[111,125,139,54,54,54,79,79,79,98,98,98,109,144,144,242,242,259,259,271,285,295,295,330,340,365,365,377,377,391,408,408,512,512,524,524,449,449,449,475,475,500,500,500,369,387,387,398,398,398],"floor_reached":51,"language":"ENG","playtime":2059,"items_purged":["ConjureBlade"],"score":762,"play_id":"cd7c279e-7fb0-4f81-9dcf-346f4188f5b8","local_time":"20210121215005","is_ascension_mode":false,"campfire_choices":[{"data":"Vault","floor":6.0,"key":"SMITH"},{"data":"ClearTheMind","floor":8.0,"key":"SMITH"},{"data":"Adaptation","floor":15.0,"key":"SMITH"},{"data":"Eruption","floor":23.0,"key":"SMITH"},{"floor":27.0,"key":"REST"},{"data":"TalkToTheHand","floor":29.0,"key":"SMITH"},{"data":"Vault","floor":32.0,"key":"SMITH"},{"data":"Fasting2","floor":41.0,"key":"SMITH"},{"data":"DevaForm","floor":44.0,"key":"SMITH"},{"floor":49,"key":"REST"}],"circlet_count":0,"master_deck":["Eruption+1","Vigilance","Vault+1","DevaForm+1","Fasting2+1","ClearTheMind+1","MentalFortress","Perseverance","JustLucky","Tantrum","Halt","SignatureMove","FlyingSleeves","Adaptation+1","Vault+1","FlurryOfBlows","FearNoEvil","TalkToTheHand+1","ThirdEye+1","Tantrum+1","ThirdEye","TalkToTheHand","Apotheosis","Vengeance"],"relics":["Pandora\u0027s Box"],"acts_visited":["Exordium","TheCity","TheBeyond"],"potions_floor_usage":[50],"damage_taken":[{"damage":3.0,"enemies":"Small Slimes","floor":1.0,"turns":5.0},{"damage":4.0,"enemies":"2 Louse","floor":2.0,"turns":3.0},{"damage":0.0,"enemies":"Cultist","floor":3.0,"turns":4.0},{"damage":9.0,"enemies":"3 Sentries","floor":7.0,"turns":4.0},{"damage":7.0,"enemies":"3 Louse","floor":10.0,"turns":4.0},{"damage":0.0,"enemies":"Gremlin Gang","floor":13.0,"turns":4.0},{"damage":14.0,"enemies":"Gremlin Nob","floor":14.0,"turns":3.0},{"damage":7.0,"enemies":"Slime Boss","floor":16.0,"turns":11.0},{"damage":14.0,"enemies":"2 Thieves","floor":18.0,"turns":4.0},{"damage":10.0,"enemies":"Chosen","floor":20.0,"turns":5.0},{"damage":21.0,"enemies":"Centurion and Healer","floor":21.0,"turns":5.0},{"damage":0.0,"enemies":"Cultist and Chosen","floor":22.0,"turns":5.0},{"damage":19.0,"enemies":"Book of Stabbing","floor":24.0,"turns":4.0},{"damage":0.0,"enemies":"Snake Plant","floor":25.0,"turns":2.0},{"damage":0.0,"enemies":"Snecko","floor":28.0,"turns":3.0},{"damage":0.0,"enemies":"Centurion and Healer","floor":30.0,"turns":5.0},{"damage":0.0,"enemies":"Shelled Parasite and Fungi","floor":31.0,"turns":2.0},{"damage":3.0,"enemies":"Collector","floor":33.0,"turns":6.0},{"damage":5.0,"enemies":"3 Shapes","floor":35.0,"turns":4.0},{"damage":19.0,"enemies":"Reptomancer","floor":40.0,"turns":5.0},{"damage":5.0,"enemies":"Giant Head","floor":42.0,"turns":7.0},{"damage":6.0,"enemies":"Orb Walker","floor":46.0,"turns":3.0},{"damage":0,"enemies":"Maw","floor":48,"turns":7},{"damage":34,"enemies":"Time Eater","floor":50,"turns":7}],"seed_played":"-4782237846214158031","potions_obtained":[{"floor":3.0,"key":"BlessingOfTheForge"},{"floor":7.0,"key":"Dexterity Potion"},{"floor":10.0,"key":"SteroidPotion"},{"floor":13.0,"key":"PowerPotion"},{"floor":18.0,"key":"Fire Potion"},{"floor":28.0,"key":"Block Potion"},{"floor":30.0,"key":"DuplicationPotion"},{"floor":33.0,"key":"BottledMiracle"},{"floor":42.0,"key":"Weak Potion"}],"is_trial":false,"path_per_floor":["M","M","M","$","?","R","E","R","T","M","?","$","M","E","R","B",null,"M","?","M","M","M","R","E","M","T","R","M","R","M","M","R","B",null,"M","?","$","?","T","E","R","E","T","R","$","M","?","M","R","B",null],"character_chosen":"WATCHER","items_purchased":["Tantrum","Halt","TalkToTheHand","BottledMiracle"],"campfire_rested":2,"item_purchase_floors":[4,4,45,45],"current_hp_per_floor":[69,65,65,65,65,65,56,56,56,49,72,72,72,58,58,51,72,58,58,48,27,27,27,8,8,8,29,29,29,29,29,29,26,72,67,67,67,67,67,48,48,43,43,43,43,37,37,37,57,23],"gold":398,"neow_bonus":"BOSS_RELIC","is_daily":false,"chose_seed":false,"campfire_upgraded":8,"win_rate":0.0,"timestamp":1611287405,"path_taken":["M","M","M","$","?","R","E","R","T","M","?","$","?","E","R","BOSS","M","?","M","?","?","R","E","M","T","R","M","R","M","M","R","BOSS","M","?","$","?","?","E","R","E","T","R","?","M","?","M","R","BOSS"],"items_purchased_type":["Card","Card","Card","Potion"],"build_version":"2020-12-22","purchased_purges":1,"victory":true,"max_hp_per_floor":[72,72,72,72,72,72,72,72,72,72,72,72,72,72,72,72,72,72,72,72,72,72,72,72,72,72,72,72,72,72,72,72,72,72,72,68,68,68,68,68,68,68,68,68,68,68,68,68,68,68],"card_choices":[{"not_picked":["Crescendo","CarveReality"],"picked":"JustLucky","floor":1.0},{"not_picked":["PathToVictory","JustLucky","Wireheading"],"picked":"SKIP","floor":2.0},{"not_picked":["LikeWater","Swivel","EmptyBody"],"picked":"SKIP","floor":3.0},{"not_picked":["Pray","Prostrate"],"picked":"SignatureMove","floor":7.0},{"not_picked":["SashWhip","Study","Halt"],"picked":"SKIP","floor":10.0},{"not_picked":["Protect","CarveReality"],"picked":"FlyingSleeves","floor":13.0},{"not_picked":["PathToVictory","BattleHymn"],"picked":"Adaptation","floor":14.0},{"not_picked":["MasterReality","LessonLearned"],"picked":"Vault","floor":16.0},{"not_picked":["Evaluate","SashWhip"],"picked":"FlurryOfBlows","floor":18.0},{"not_picked":["FlyingSleeves+1","EmptyBody+1"],"picked":"FearNoEvil","floor":20.0},{"not_picked":["Indignation","PathToVictory","Collect"],"picked":"SKIP","floor":21.0},{"not_picked":["JustLucky+1","PathToVictory+1"],"picked":"TalkToTheHand","floor":22.0},{"not_picked":["FollowUp+1","CrushJoints"],"picked":"ThirdEye+1","floor":24.0},{"not_picked":["ReachHeaven+1","WaveOfTheHand+1"],"picked":"EmptyFist","floor":25.0},{"not_picked":["ThirdEye","WindmillStrike","WaveOfTheHand"],"picked":"SKIP","floor":28.0},{"not_picked":["InnerPeace","DevaForm"],"picked":"Tantrum+1","floor":30.0},{"not_picked":["WindmillStrike","CrushJoints","Consecrate+1"],"picked":"SKIP","floor":31.0},{"not_picked":["EmptyFist","BattleHymn"],"picked":"ThirdEye","floor":35.0},{"not_picked":["Perseverance","ClearTheMind","EmptyMind"],"picked":"SKIP","floor":40.0},{"not_picked":["ClearTheMind","DevaForm","DeceiveReality"],"picked":"SKIP","floor":42.0},{"not_picked":["BattleHymn","SashWhip","PathToVictory+1"],"picked":"SKIP","floor":46.0},{"not_picked":["Enlightenment","Purity"],"picked":"Apotheosis","floor":47.0},{"not_picked":["PathToVictory+1","Prostrate+1"],"picked":"Vengeance","floor":48}],"player_experience":592866,"relics_obtained":[],"event_choices":[{"damage_healed":0.0,"max_hp_gain":0.0,"max_hp_loss":0.0,"gold_gain":0.0,"event_name":"The Cleric","player_choice":"Leave","floor":5.0,"gold_loss":0.0,"damage_taken":0.0},{"cards_removed":["Swivel"],"damage_healed":23.0,"max_hp_gain":0.0,"max_hp_loss":0.0,"gold_gain":0.0,"event_name":"Bonfire Elementals","player_choice":"Offered Uncommon","floor":11.0,"gold_loss":0.0,"damage_taken":0.0},{"damage_healed":0.0,"max_hp_gain":0.0,"max_hp_loss":0.0,"gold_gain":0.0,"event_name":"WeMeetAgain","player_choice":"Ignored","floor":19.0,"gold_loss":0.0,"damage_taken":0.0},{"damage_healed":0.0,"max_hp_gain":0.0,"max_hp_loss":4.0,"gold_gain":0.0,"event_name":"Winding Halls","player_choice":"Max HP","floor":36.0,"gold_loss":0.0,"damage_taken":0.0},{"cards_removed":["EmptyFist"],"damage_healed":0.0,"max_hp_gain":0.0,"max_hp_loss":0.0,"gold_gain":0.0,"event_name":"Falling","player_choice":"Removed Attack","floor":38.0,"gold_loss":0.0,"damage_taken":0.0},{"damage_healed":0.0,"max_hp_gain":0.0,"max_hp_loss":0.0,"gold_gain":0.0,"event_name":"SensoryStone","player_choice":"Memory 1","floor":47.0,"gold_loss":0.0,"damage_taken":0.0}],"is_beta":false,"boss_relics":[{"not_picked":["Calling Bell","Runic Dome","Black Star"]},{"not_picked":["SlaversCollar","Sozu","Cursed Key"]}],"items_purged_floors":[37],"is_endless":false,"potions_floor_spawned":[3,7,10,13,16,18,28,30,33,35,42],"ascension_level":0}}