{"host":"sc0o2qwpf9j16a4i","time":1611273768,"event":{"mods":["AchievementEnabler","BaseMod","BetterRewards","Block Reminder","Colored Map","Colored Powertips","Custom Start","Highlight Path","Minty Spire (QoL Compilation)","Relic Stats"],"gold_per_floor":[116,266,341,10,10,10,45,75,75,85,116,131,143,159,159,159,159],"floor_reached":16,"language":"ENG","playtime":364,"items_purged":["Doubt"],"score":320,"play_id":"c93bcdfa-6ea5-49a7-9c2c-9af1d676e438","local_time":"20210122020248","is_ascension_mode":true,"campfire_choices":[{"data":"Bash","floor":6,"key":"SMITH"},{"floor":15,"key":"REST"}],"circlet_count":0,"master_deck":["AscendersBane","Strike_R","Strike_R","Strike_R","Strike_R","Strike_R","Defend_R","Defend_R","Defend_R","Defend_R","Bash+1","Rampage","Whirlwind","Pummel","Inflame+1","Havoc","Shrug It Off","True Grit","Clothesline","Warcry"],"relics":["Burning Blood","ClockworkSouvenir","Dream Catcher","Pear","Frozen Egg 2","The Courier"],"acts_visited":["Exordium"],"potions_floor_usage":[11,13],"damage_taken":[{"damage":10,"enemies":"Small Slimes","floor":1,"turns":6},{"damage":22,"enemies":"Gremlin Nob","floor":7,"turns":4},{"damage":4,"enemies":"2 Louse","floor":10,"turns":2},{"damage":35,"enemies":"3 Sentries","floor":11,"turns":6},{"damage":2,"enemies":"Jaw Worm","floor":12,"turns":2},{"damage":2,"enemies":"2 Fungi Beasts","floor":13,"turns":3},{"damage":14,"enemies":"Looter","floor":14,"turns":4},{"damage":40,"enemies":"The Guardian","floor":16,"turns":11}],"seed_played":"2808192703903268305","potions_obtained":[{"floor":10,"key":"AttackPotion"},{"floor":12,"key":"SpeedPotion"}],"is_trial":false,"path_per_floor":["M","?","?","$","?","R","E","?","T","M","E","M","M","M","R","B"],"character_chosen":"IRONCLAD","items_purchased":["ClockworkSouvenir","Whirlwind"],"campfire_rested":1,"item_purchase_floors":[4,4],"current_hp_per_floor":[64,64,53,53,48,48,42,42,42,44,15,19,23,15,40,0,0],"gold":159,"neow_bonus":"","is_daily":false,"chose_seed":false,"campfire_upgraded":1,"win_rate":0.0,"timestamp":1611273768,"path_taken":["M","?","?","?","?","R","E","?","T","?","E","M","M","M","R","BOSS"],"items_purchased_type":["Relic","Card"],"build_version":"2020-12-22","purchased_purges":1,"victory":false,"max_hp_per_floor":[75,75,75,75,75,75,85,85,85,85,85,85,85,85,85,85,85],"relic_stats":{"Dream Catcher":3,"counters":[8,38],"obtain_stats":[{"Dream Catcher":5,"Pear":7,"The Courier":11,"Frozen Egg 2":9,"Burning Blood":0,"ClockworkSouvenir":4},{"Dream Catcher":1,"Pear":2,"The Courier":4,"Frozen Egg 2":2,"Burning Blood":0,"ClockworkSouvenir":1},{"Dream Catcher":6,"Pear":10,"The Courier":18,"Frozen Egg 2":10,"Burning Blood":0,"ClockworkSouvenir":6}],"Burning Blood":42},"card_choices":[{"not_picked":["Havoc","Wild Strike"],"picked":"Rampage","floor":1},{"not_picked":["Searing Blow","Barricade"],"picked":"Pummel","floor":7},{"not_picked":["Iron Wave","Fire Breathing+1"],"picked":"Inflame+1","floor":10},{"not_picked":["Power Through","Clash"],"picked":"Havoc","floor":11},{"not_picked":["Second Wind","Bloodletting"],"picked":"Shrug It Off","floor":12},{"not_picked":["Searing Blow","Iron Wave"],"picked":"True Grit","floor":13},{"not_picked":["Cleave","Clash"],"picked":"Clothesline","floor":14},{"not_picked":["True Grit","Heavy Blade"],"picked":"Warcry","floor":15}],"player_experience":872712,"relics_obtained":[{"floor":7,"key":"Pear"},{"floor":9,"key":"Frozen Egg 2"},{"floor":11,"key":"The Courier"}],"event_choices":[{"damage_healed":0,"gold_gain":150,"player_choice":"AGREE","damage_taken":0,"max_hp_gain":0,"max_hp_loss":0,"event_name":"Liars Game","floor":2,"gold_loss":0,"cards_obtained":["Doubt"]},{"damage_healed":0,"gold_gain":75,"player_choice":"Gather Gold","damage_taken":11,"max_hp_gain":0,"max_hp_loss":0,"event_name":"World of Goop","floor":3,"gold_loss":0},{"damage_healed":0,"gold_gain":0,"player_choice":"Success","damage_taken":5,"relics_obtained":["Dream Catcher"],"max_hp_gain":0,"max_hp_loss":0,"event_name":"Scrap Ooze","floor":5,"gold_loss":0},{"damage_healed":0,"gold_gain":30,"player_choice":"Searched \u00271\u0027 times","damage_taken":0,"max_hp_gain":0,"max_hp_loss":0,"event_name":"Dead Adventurer","floor":8,"gold_loss":0}],"is_beta":false,"boss_relics":[],"items_purged_floors":[4],"is_endless":false,"potions_floor_spawned":[10,12],"killed_by":"The Guardian","ascension_level":20}}