{"host":"j36qkj20jqndbw01","time":1611327479,"event":{"mods":["AchievementEnabler","BaseMod","Colored Map","DeckTracker","Highlight Path","Keyboard Shortcuts","Minty Spire (QoL Compilation)","Quick Restart","Relic Stats","StSLib","SuperFastMode","everything is the same but u backflip on backflip"],"gold_per_floor":[118,135,148,148,166,196,216,216,216,216,248,267,280,44,44,121,121,131,148,166,178,197,197,227,227,227,227,241,253,253,253,253,331,331,350,401,401,413,438,438,6,6,6,6,24,24,51,51,51,51],"floor_reached":51,"language":"KOR","playtime":2286,"items_purged":["Strike_B","Decay"],"score":1492,"play_id":"3a3118b7-e32d-4b75-8aa6-06ce1832f014","local_time":"20210122235759","is_ascension_mode":true,"campfire_choices":[{"data":"Buffer","floor":8,"key":"SMITH"},{"data":"Beam Cell","floor":10,"key":"SMITH"},{"data":"Defragment","floor":15,"key":"SMITH"},{"floor":23,"key":"REST"},{"floor":27,"key":"REST"},{"data":"Seek","floor":30,"key":"SMITH"},{"data":"Defragment","floor":32,"key":"SMITH"},{"data":"Heatsinks","floor":40,"key":"SMITH"},{"data":"Defragment","floor":42,"key":"SMITH"},{"data":"Machine Learning","floor":44,"key":"SMITH"},{"data":"Coolheaded","floor":49,"key":"SMITH"}],"circlet_count":0,"master_deck":["AscendersBane","Strike_B","Defend_B","Defend_B","Defend_B","Defend_B","Zap","Dualcast","Ball Lightning","Double Energy","Beam Cell+1","Lockon","Buffer+1","FTL","Defragment+1","Compile Driver","Seek+1","Cold Snap","Echo Form","Go for the Eyes","Hologram","Machine Learning+1","Conserve Battery+1","Defragment+1","Ball Lightning","Heatsinks+1","Electrodynamics","Coolheaded+1","Glacier","Defragment+1","Parasite","Impatience"],"relics":["Cracked Core","Shuriken","HornCleat","Dead Branch","Chemical X","Cursed Key","Mummified Hand","Letter Opener","Sozu","Pocketwatch","Thread and Needle","Unceasing Top","Gambling Chip","Mercury Hourglass"],"acts_visited":["Exordium","TheCity","TheBeyond"],"potions_floor_usage":[6,11,24,24,36],"damage_taken":[{"damage":8,"enemies":"2 Louse","floor":1,"turns":3},{"damage":0,"enemies":"Cultist","floor":2,"turns":3},{"damage":7,"enemies":"Jaw Worm","floor":3,"turns":3},{"damage":14,"enemies":"Exordium Thugs","floor":5,"turns":4},{"damage":25,"enemies":"3 Sentries","floor":6,"turns":6},{"damage":10,"enemies":"3 Louse","floor":7,"turns":2},{"damage":0,"enemies":"Gremlin Nob","floor":11,"turns":4},{"damage":0,"enemies":"Blue Slaver","floor":12,"turns":2},{"damage":0,"enemies":"Exordium Wildlife","floor":13,"turns":3},{"damage":8,"enemies":"Hexaghost","floor":16,"turns":7},{"damage":12,"enemies":"2 Thieves","floor":18,"turns":4},{"damage":0,"enemies":"Spheric Guardian","floor":19,"turns":3},{"damage":23,"enemies":"Snake Plant","floor":20,"turns":4},{"damage":0,"enemies":"Snecko","floor":21,"turns":5},{"damage":27,"enemies":"Shelled Parasite and Fungi","floor":22,"turns":5},{"damage":18,"enemies":"Gremlin Leader","floor":24,"turns":5},{"damage":0,"enemies":"3 Cultists","floor":28,"turns":4},{"damage":2,"enemies":"Snake Plant","floor":29,"turns":4},{"damage":0,"enemies":"Automaton","floor":33,"turns":5},{"damage":0,"enemies":"3 Shapes","floor":35,"turns":3},{"damage":34,"enemies":"2 Orb Walkers","floor":36,"turns":4},{"damage":0,"enemies":"3 Darklings","floor":38,"turns":2},{"damage":0,"enemies":"Mind Bloom Boss Battle","floor":39,"turns":5},{"damage":13,"enemies":"Writhing Mass","floor":45,"turns":3},{"damage":4,"enemies":"Reptomancer","floor":47,"turns":3},{"damage":5,"enemies":"Donu and Deca","floor":50,"turns":6}],"seed_played":"1996056648671754918","potions_obtained":[{"floor":1,"key":"PowerPotion"},{"floor":2,"key":"EssenceOfDarkness"},{"floor":6,"key":"EssenceOfDarkness"},{"floor":13,"key":"SkillPotion"},{"floor":24,"key":"Weak Potion"}],"is_trial":false,"path_per_floor":["M","M","M","?","M","E","M","R","T","R","E","M","M","$","R","B",null,"M","M","M","M","M","R","E","?","T","R","M","M","R","?","R","B",null,"M","?","?","M","?","R","$","R","T","R","M","?","E","$","R","B",null],"character_chosen":"DEFECT","items_purchased":["Chemical X","Unceasing Top"],"campfire_rested":2,"item_purchase_floors":[14,41],"current_hp_per_floor":[63,63,56,78,64,39,29,29,29,29,29,29,29,29,29,21,64,52,52,29,29,2,25,7,7,7,30,30,28,28,28,28,28,66,66,32,64,64,64,64,64,64,64,64,51,51,47,47,47,42],"gold":51,"neow_bonus":"TEN_PERCENT_HP_BONUS","is_daily":false,"chose_seed":false,"campfire_upgraded":9,"win_rate":0.0,"timestamp":1611327479,"path_taken":["M","M","M","?","?","E","M","R","T","R","E","M","M","$","R","BOSS","M","M","M","M","M","R","E","?","T","R","M","?","R","?","R","BOSS","M","?","?","?","?","R","$","R","T","R","M","?","E","$","R","BOSS"],"items_purchased_type":["Relic","Relic"],"build_version":"2020-12-22","purchased_purges":2,"victory":true,"max_hp_per_floor":[78,78,78,78,78,78,78,78,78,78,78,78,78,78,78,78,78,78,78,78,78,78,78,78,78,78,78,78,78,78,78,78,78,78,78,78,64,64,64,64,64,64,64,64,64,64,64,64,64,64],"relic_stats":{"counters":[26,101],"Dead Branch":[69],"Letter Opener":[225],"Cursed Key":2,"Mercury Hourglass":[21],"Sozu":3,"Shuriken":[45],"Mummified Hand":[83],"Gambling Chip":[11],"Chemical X":[1],"obtain_stats":[{"Dead Branch":11,"Thread and Needle":39,"Letter Opener":26,"Cursed Key":17,"Mercury Hourglass":47,"Sozu":34,"HornCleat":9,"Shuriken":6,"Mummified Hand":24,"Gambling Chip":43,"Chemical X":14,"Cracked Core":0,"Unceasing Top":41,"Pocketwatch":36},{"Dead Branch":7,"Thread and Needle":23,"Letter Opener":16,"Cursed Key":10,"Mercury Hourglass":25,"Sozu":19,"HornCleat":6,"Shuriken":5,"Mummified Hand":16,"Gambling Chip":23,"Chemical X":9,"Cracked Core":0,"Unceasing Top":23,"Pocketwatch":21},{"Dead Branch":25,"Thread and Needle":90,"Letter Opener":63,"Cursed Key":37,"Mercury Hourglass":96,"Sozu":76,"HornCleat":21,"Shuriken":19,"Mummified Hand":63,"Gambling Chip":90,"Chemical X":30,"Cracked Core":0,"Unceasing Top":90,"Pocketwatch":83}],"Unceasing Top":[3],"Pocketwatch":[0]},"card_choices":[{"not_picked":["Skim","Consume"],"picked":"Ball Lightning","floor":1},{"not_picked":["Rebound","Sweeping Beam"],"picked":"Double Energy","floor":2},{"not_picked":["Steam","Stack"],"picked":"Beam Cell","floor":3},{"not_picked":["Melter","Stack"],"picked":"Lockon","floor":5},{"not_picked":["All For One","Loop"],"picked":"Buffer","floor":6},{"not_picked":["Rip and Tear","BootSequence"],"picked":"FTL","floor":7},{"not_picked":["Glacier","Amplify"],"picked":"Defragment","floor":11},{"not_picked":["Leap","Skim"],"picked":"Compile Driver","floor":12},{"not_picked":["Compile Driver","Steam","Redo"],"picked":"SKIP","floor":13},{"not_picked":["Buffer","Rainbow"],"picked":"Seek","floor":16},{"not_picked":["Turbo","Rebound"],"picked":"Cold Snap","floor":18},{"not_picked":["Conserve Battery","Blizzard"],"picked":"Echo Form","floor":19},{"not_picked":["Gash","Conserve Battery"],"picked":"Go for the Eyes","floor":20},{"not_picked":["Leap","Redo","Aggregate"],"picked":"SKIP","floor":21},{"not_picked":["Stack+1","Gash"],"picked":"Hologram","floor":22},{"not_picked":["Scrape","Sweeping Beam","Steam"],"picked":"SKIP","floor":24},{"not_picked":["Barrage","Beam Cell"],"picked":"Conserve Battery+1","floor":28},{"not_picked":["Cold Snap","Turbo"],"picked":"Defragment","floor":29},{"not_picked":["Machine Learning","Multi-Cast"],"picked":"Electrodynamics","floor":33},{"not_picked":["Double Energy","FTL"],"picked":"Coolheaded","floor":35},{"not_picked":["Chill","Steam"],"picked":"Glacier","floor":38},{"not_picked":["Darkness","Streamline"],"picked":"Defragment","floor":39},{"not_picked":["Aggregate","Reinforced Body","Leap"],"picked":"SKIP","floor":45},{"not_picked":["PanicButton","Swift Strike"],"picked":"Impatience","floor":46},{"not_picked":["Lockon","Hologram","Skim"],"picked":"SKIP","floor":47}],"player_experience":1744817,"relics_obtained":[{"floor":6,"key":"Shuriken"},{"floor":9,"key":"HornCleat"},{"floor":11,"key":"Dead Branch"},{"floor":24,"key":"Mummified Hand"},{"floor":26,"key":"Letter Opener"},{"floor":36,"key":"Pocketwatch"},{"floor":39,"key":"Thread and Needle"},{"floor":43,"key":"Gambling Chip"},{"floor":47,"key":"Mercury Hourglass"}],"event_choices":[{"damage_healed":22,"gold_gain":0,"player_choice":"Full Heal","damage_taken":0,"max_hp_gain":0,"max_hp_loss":0,"event_name":"Wheel of Change","floor":4,"gold_loss":0},{"damage_healed":0,"gold_gain":0,"player_choice":"1 cards matched","damage_taken":0,"max_hp_gain":0,"max_hp_loss":0,"event_name":"Match and Keep!","floor":25,"gold_loss":0,"cards_obtained":["Machine Learning"]},{"damage_healed":0,"gold_gain":0,"cards_transformed":["Strike_B","Strike_B"],"player_choice":"Became Test Subject","damage_taken":0,"max_hp_gain":0,"max_hp_loss":0,"event_name":"Drug Dealer","floor":31,"gold_loss":0,"cards_obtained":["Ball Lightning","Heatsinks"]},{"damage_healed":0,"gold_gain":0,"player_choice":"Fight","damage_taken":0,"max_hp_gain":0,"max_hp_loss":0,"event_name":"Mysterious Sphere","floor":36,"gold_loss":0},{"damage_healed":64,"gold_gain":0,"player_choice":"Heal","damage_taken":0,"max_hp_gain":0,"max_hp_loss":14,"event_name":"The Moai Head","floor":37,"gold_loss":0},{"damage_healed":0,"gold_gain":0,"player_choice":"Fight","damage_taken":0,"max_hp_gain":0,"max_hp_loss":0,"event_name":"MindBloom","floor":39,"gold_loss":0},{"damage_healed":0,"gold_gain":0,"player_choice":"Memory 1","damage_taken":0,"max_hp_gain":0,"max_hp_loss":0,"event_name":"SensoryStone","floor":46,"gold_loss":0}],"is_beta":false,"boss_relics":[{"not_picked":["Ectoplasm","Coffee Dripper"],"picked":"Cursed Key"},{"not_picked":["Velvet Choker","Snecko Eye"],"picked":"Sozu"}],"items_purged_floors":[14,41],"is_endless":false,"potions_floor_spawned":[1,2,6,13,19,20,22,24,35,36,39],"ascension_level":18}}