{"host":"e4hse1vg61zltgzv","time":1611278437,"event":{"mods":["AchievementEnabler","BaseMod","Block Reminder","Colored Map","DeckTracker","GifTheSpireLib","Minty Spire (QoL Compilation)","Rare Cards Sparkle","StSLib","SuperFastMode","The Poker Player","everything is the same but u backflip on backflip"],"gold_per_floor":[116,41,41,60,60,85,85,105,183,83,158,178,178,213,213,284,284,304,179,191,191,208,240,240,275,302,302,329,346,346,381,381,458,458,472,490,6,6,25,60,83,126,138,184,242,254,292,304,316,328,340,352,364,58,89,89],"floor_reached":57,"language":"KOR","playtime":1612,"items_purged":["Outmaneuver","Slice","Masterful Stab","Expertise","Neutralize"],"score":3883,"play_id":"e23660d5-2abb-43fd-af2e-9ef69124daae","local_time":"20210122102037","is_ascension_mode":true,"campfire_choices":[{"data":"Acrobatics","floor":7.0,"key":"SMITH"},{"data":"Malaise","floor":13.0,"key":"SMITH"},{"floor":15.0,"key":"RECALL"},{"data":"Tactician","floor":24.0,"key":"SMITH"},{"data":"Reflex","floor":32.0,"key":"SMITH"},{"data":"Well Laid Plans","floor":46.0,"key":"SMITH"},{"data":"Calculated Gamble","floor":49.0,"key":"SMITH"},{"data":"Grand Finale","floor":53.0,"key":"SMITH"}],"circlet_count":0,"master_deck":["AscendersBane","Survivor+1","Deflect","Grand Finale+1","Acrobatics+1","Escape Plan+1","Malaise+1","Doppelganger","Adrenaline","Tactician+1","Reflex+1","Adrenaline","Well Laid Plans+1","Blur","Calculated Gamble+1"],"relics":["Ring of the Snake","Pandora\u0027s Box","Tiny Chest","Bottled Lightning","Omamori","Runic Dome","War Paint","Bronze Scales","Blood Vial","Darkstone Periapt","Turnip","Lantern","SlaversCollar","Tough Bandages","MawBank","The Courier","Question Card","Juzu Bracelet","Ice Cream","Regal Pillow","TwistedFunnel","Sundial"],"acts_visited":["Exordium","TheCity","TheBeyond","TheEnding"],"potions_floor_usage":[56,56],"damage_taken":[{"damage":0.0,"enemies":"Small Slimes","floor":1.0,"turns":2.0},{"damage":0.0,"enemies":"2 Louse","floor":4.0,"turns":1.0},{"damage":0.0,"enemies":"Gremlin Nob","floor":6.0,"turns":2.0},{"damage":0.0,"enemies":"Jaw Worm","floor":8.0,"turns":1.0},{"damage":0.0,"enemies":"Looter","floor":12.0,"turns":1.0},{"damage":0.0,"enemies":"3 Sentries","floor":14.0,"turns":1.0},{"damage":0.0,"enemies":"Hexaghost","floor":16.0,"turns":3.0},{"damage":0.0,"enemies":"Shell Parasite","floor":18.0,"turns":3.0},{"damage":0.0,"enemies":"Chosen","floor":20.0,"turns":1.0},{"damage":0.0,"enemies":"Snake Plant","floor":22.0,"turns":1.0},{"damage":0.0,"enemies":"Slavers","floor":23.0,"turns":1.0},{"damage":0.0,"enemies":"Gremlin Leader","floor":25.0,"turns":2.0},{"damage":0.0,"enemies":"Slavers","floor":28.0,"turns":1.0},{"damage":0.0,"enemies":"Shelled Parasite and Fungi","floor":29.0,"turns":1.0},{"damage":0.0,"enemies":"Gremlin Leader","floor":31.0,"turns":1.0},{"damage":0.0,"enemies":"Automaton","floor":33.0,"turns":2.0},{"damage":0.0,"enemies":"Orb Walker","floor":35.0,"turns":1.0},{"damage":0.0,"enemies":"3 Shapes","floor":36.0,"turns":1.0},{"damage":0.0,"enemies":"3 Darklings","floor":39.0,"turns":1.0},{"damage":0.0,"enemies":"Nemesis","floor":40.0,"turns":1.0},{"damage":0.0,"enemies":"Writhing Mass","floor":41.0,"turns":1.0},{"damage":0.0,"enemies":"Reptomancer","floor":42.0,"turns":1.0},{"damage":0.0,"enemies":"Nemesis","floor":44.0,"turns":1.0},{"damage":0.0,"enemies":"2 Orb Walkers","floor":45.0,"turns":1.0},{"damage":0.0,"enemies":"Giant Head","floor":47.0,"turns":2.0},{"damage":0.0,"enemies":"Awakened One","floor":50.0,"turns":3.0},{"damage":0.0,"enemies":"Donu and Deca","floor":51.0,"turns":1.0},{"damage":0,"enemies":"Shield and Spear","floor":55,"turns":1},{"damage":0,"enemies":"The Heart","floor":56,"turns":4}],"seed_played":"-2839180392366636198","potions_obtained":[{"floor":0.0,"key":"Ancient Potion"},{"floor":0.0,"key":"FearPotion"},{"floor":14.0,"key":"DistilledChaos"},{"floor":23.0,"key":"GhostInAJar"},{"floor":29.0,"key":"CunningPotion"},{"floor":35.0,"key":"GamblersBrew"},{"floor":42.0,"key":"PowerPotion"}],"is_trial":false,"path_per_floor":["M","$","?","M","?","E","R","M","T","$","?","M","R","E","R","B",null,"M","$","M","?","M","E","R","E","T","?","E","M","T","E","R","B",null,"M","M","$","?","M","E","M","E","T","E","?","R","E","?","R","B","B",null,"R","$","E","B",null],"character_chosen":"THE_SILENT","items_purchased":["Tough Bandages","TwistedFunnel","Swift Potion"],"campfire_rested":0,"item_purchase_floors":[37,54,54],"current_hp_per_floor":[59,59,59,59,59,59,59,59,59,59,48,48,48,48,48,48,62,62,62,62,62,62,62,62,62,62,62,64,66,66,66,66,66,66,66,66,66,66,66,66,66,66,66,66,66,66,66,56,56,58,60,65,65,65,66,66],"gold":89,"neow_bonus":"THREE_SMALL_POTIONS","is_daily":false,"chose_seed":false,"campfire_upgraded":7,"win_rate":0.0,"timestamp":1611278437,"path_taken":["M","$","?","M","?","E","R","M","T","$","?","M","R","E","R","BOSS","M","$","M","?","M","E","R","E","T","?","E","M","?","E","R","BOSS","M","M","$","?","M","E","M","E","T","E","?","R","E","?","R","BOSS","BOSS","R","$","E","BOSS"],"items_purchased_type":["Relic","Relic","Potion"],"build_version":"2020-12-22","purchased_purges":5,"victory":true,"max_hp_per_floor":[66,66,66,66,66,66,66,66,66,66,66,66,66,66,66,66,66,66,66,66,66,66,66,66,66,66,66,66,66,66,66,66,66,66,66,66,66,66,66,66,66,66,66,66,66,66,66,66,66,66,66,66,66,66,66,66],"card_choices":[{"not_picked":["Acrobatics","Expertise"],"picked":"Masterful Stab","floor":1.0},{"not_picked":["Bane","Quick Slash","Underhanded Strike"],"picked":"SKIP","floor":4.0},{"not_picked":["Blade Dance","Flying Knee","Bane"],"picked":"SKIP","floor":6.0},{"not_picked":["Deadly Poison","PiercingWail","Flying Knee"],"picked":"SKIP","floor":8.0},{"not_picked":["Blur","Dagger Spray","Corpse Explosion"],"picked":"SKIP","floor":12.0},{"not_picked":["Dagger Spray","Outmaneuver","Heel Hook"],"picked":"SKIP","floor":14.0},{"not_picked":["Malaise","Tools of the Trade"],"picked":"Adrenaline","floor":16.0},{"not_picked":["Poisoned Stab","Prepared","Sucker Punch"],"picked":"SKIP","floor":18.0},{"not_picked":["Acrobatics","Choke","Caltrops+1"],"picked":"SKIP","floor":20.0},{"not_picked":["Sucker Punch","Slice+1"],"picked":"Tactician","floor":22.0},{"not_picked":["Infinite Blades","Expertise","Deflect"],"picked":"SKIP","floor":23.0},{"not_picked":["Bouncing Flask+1","Crippling Poison","Endless Agony"],"picked":"SKIP","floor":25.0},{"not_picked":["Concentrate","Eviscerate","Quick Slash+1"],"picked":"SKIP","floor":28.0},{"not_picked":["Cloak And Dagger","Bane+1"],"picked":"Reflex","floor":29.0},{"not_picked":["Slice","Deflect","All Out Attack"],"picked":"SKIP","floor":31.0},{"not_picked":["Corpse Explosion","Phantasmal Killer"],"picked":"Adrenaline","floor":33.0},{"not_picked":["Poisoned Stab","Dagger Spray"],"picked":"Well Laid Plans","floor":35.0},{"not_picked":["Acrobatics","Quick Slash","PiercingWail"],"picked":"SKIP","floor":36.0},{"not_picked":["Bane+1","PiercingWail+1","Catalyst"],"picked":"SKIP","floor":39.0},{"not_picked":["Heel Hook","After Image"],"picked":"Blur","floor":40.0},{"not_picked":["Poisoned Stab+1","PiercingWail+1","Quick Slash"],"picked":"SKIP","floor":41.0},{"not_picked":["Sucker Punch","Reflex","Venomology"],"picked":"SKIP","floor":42.0},{"not_picked":["Reflex+1","Catalyst+1","Blade Dance","Outmaneuver"],"picked":"SKIP","floor":44.0},{"not_picked":["Slice+1","Acrobatics","Cloak And Dagger"],"picked":"Calculated Gamble","floor":47.0},{"not_picked":["Deflect","Dagger Spray","Eviscerate","Flying Knee+1"],"picked":"SKIP","floor":55}],"player_experience":809688,"relics_obtained":[{"floor":6.0,"key":"Tiny Chest"},{"floor":9.0,"key":"Bottled Lightning"},{"floor":14.0,"key":"Omamori"},{"floor":23.0,"key":"War Paint"},{"floor":25.0,"key":"Bronze Scales"},{"floor":28.0,"key":"Darkstone Periapt"},{"floor":30.0,"key":"Turnip"},{"floor":31.0,"key":"Lantern"},{"floor":40.0,"key":"MawBank"},{"floor":42.0,"key":"The Courier"},{"floor":43.0,"key":"Question Card"},{"floor":44.0,"key":"Juzu Bracelet"},{"floor":45.0,"key":"Ice Cream"},{"floor":47.0,"key":"Regal Pillow"},{"floor":55,"key":"Sundial"}],"event_choices":[{"damage_healed":0.0,"max_hp_gain":0.0,"max_hp_loss":0.0,"gold_gain":0.0,"event_name":"Liars Game","player_choice":"Ignored","floor":3.0,"gold_loss":0.0,"damage_taken":0.0},{"damage_healed":0.0,"max_hp_gain":0.0,"max_hp_loss":0.0,"gold_gain":0.0,"event_name":"The Cleric","player_choice":"Leave","floor":5.0,"gold_loss":0.0,"damage_taken":0.0},{"damage_healed":0.0,"max_hp_gain":0.0,"max_hp_loss":0.0,"gold_gain":75.0,"event_name":"World of Goop","player_choice":"Gather Gold","floor":11.0,"gold_loss":0.0,"damage_taken":11.0},{"damage_healed":0.0,"max_hp_gain":0.0,"max_hp_loss":0.0,"gold_gain":0.0,"event_name":"Vampires","player_choice":"Ignored","floor":21.0,"gold_loss":0.0,"damage_taken":0.0},{"damage_healed":0.0,"max_hp_gain":0.0,"max_hp_loss":0.0,"gold_gain":0.0,"event_name":"The Mausoleum","player_choice":"Opened","floor":27.0,"gold_loss":0.0,"damage_taken":0.0,"relics_obtained":["Blood Vial"],"cards_obtained":["Writhe"]},{"cards_removed":["Grand Finale"],"damage_healed":0.0,"max_hp_gain":0.0,"max_hp_loss":0.0,"gold_gain":0.0,"event_name":"Falling","player_choice":"Removed Attack","floor":38.0,"gold_loss":0.0,"damage_taken":0.0},{"damage_healed":0.0,"max_hp_gain":0.0,"max_hp_loss":0.0,"gold_gain":0.0,"event_name":"Mysterious Sphere","player_choice":"Fight","floor":45.0,"gold_loss":0.0,"damage_taken":0.0},{"damage_healed":0.0,"max_hp_gain":0.0,"max_hp_loss":0.0,"gold_gain":0.0,"event_name":"SensoryStone","player_choice":"Memory 3","floor":48.0,"gold_loss":0.0,"damage_taken":10.0}],"is_beta":false,"boss_relics":[{"not_picked":["Fusion Hammer","Busted Crown"],"picked":"Runic Dome"},{"not_picked":["Snecko Eye","Astrolabe"],"picked":"SlaversCollar"}],"items_purged_floors":[2,10,19,37,54],"is_endless":false,"potions_floor_spawned":[4,14,16,22,23,29,35,36,42,44,55],"ascension_level":20}}