{"host":"g01l53quoe6lrer0","time":1611341814,"event":{"mods":["2.2 Compatiblity","AchievementEnabler","BaseMod","Colored Map","Highlight Path","Keyboard Shortcuts","Minty Spire (QoL Compilation)","Permanent Neow","StSLib","SuperFastMode","everything is the same but u backflip on backflip"],"gold_per_floor":[115,129,140,120,45,70,70,50,50,62,73,1,1,1,1,98,98,115,98,98,368,378,378,410,410,410,445,186,123,123,143,143,239,239,254,254,254,266,285,285,56,86,134,159,159,159,159,22,22,22],"floor_reached":51,"language":"KOR","playtime":1703,"items_purged":["Strike_G","Strike_G","Defend_G","Defend_G"],"score":1187,"play_id":"7f368780-cc9e-446e-ba95-bab553384341","local_time":"20210123035654","is_ascension_mode":true,"campfire_choices":[{"data":"Cloak And Dagger","floor":7.0,"key":"SMITH"},{"data":"Cloak And Dagger","floor":13.0,"key":"SMITH"},{"floor":15.0,"key":"REST"},{"floor":23.0,"key":"REST"},{"data":"Calculated Gamble","floor":25.0,"key":"SMITH"},{"data":"Catalyst","floor":30.0,"key":"SMITH"},{"data":"Deadly Poison","floor":32.0,"key":"SMITH"},{"data":"Crippling Poison","floor":40.0,"key":"SMITH"},{"data":"Blade Dance","floor":45.0,"key":"SMITH"},{"data":"Blade Dance","floor":47.0,"key":"SMITH"},{"data":"Deadly Poison","floor":49.0,"key":"SMITH"}],"circlet_count":0,"master_deck":["AscendersBane","Defend_G","Defend_G","Defend_G","Survivor","Neutralize+1","Crippling Poison+1","Cloak And Dagger+1","Backflip","Accuracy+1","Acrobatics","Tools of the Trade+1","Cloak And Dagger+1","Noxious Fumes+1","Noxious Fumes+1","Wraith Form v2+1","CurseOfTheBell","Calculated Gamble+1","Quick Slash","Wraith Form v2+1","Wraith Form v2+1","Blade Dance+1","Blade Dance+1","Catalyst+1","Envenom+1","Deadly Poison+1","After Image+1","Deadly Poison+1","Wraith Form v2+1","Wraith Form v2+1","PiercingWail","Infinite Blades+1","Caltrops+1","Deadly Poison+1"],"relics":["Ring of the Snake","FossilizedHelix","Frozen Egg 2","StrikeDummy","Calling Bell","MealTicket","Pear","StoneCalendar","Vajra","Ornamental Fan","Darkstone Periapt","Membership Card","WristBlade","DollysMirror","Centennial Puzzle","Whetstone","Regal Pillow","ClockworkSouvenir"],"acts_visited":["Exordium","TheCity","TheBeyond"],"potions_floor_usage":[50,50,50,50,50],"damage_taken":[{"damage":0.0,"enemies":"2 Louse","floor":1.0,"turns":3.0},{"damage":0.0,"enemies":"Cultist","floor":2.0,"turns":4.0},{"damage":0.0,"enemies":"Jaw Worm","floor":3.0,"turns":5.0},{"damage":0.0,"enemies":"Exordium Thugs","floor":4.0,"turns":4.0},{"damage":12.0,"enemies":"Gremlin Nob","floor":6.0,"turns":5.0},{"damage":0.0,"enemies":"2 Fungi Beasts","floor":10.0,"turns":4.0},{"damage":0.0,"enemies":"Exordium Wildlife","floor":11.0,"turns":6.0},{"damage":8.0,"enemies":"Slime Boss","floor":16.0,"turns":9.0},{"damage":2.0,"enemies":"Shell Parasite","floor":18.0,"turns":6.0},{"damage":1.0,"enemies":"2 Thieves","floor":19.0,"turns":4.0},{"damage":2.0,"enemies":"Snecko","floor":22.0,"turns":7.0},{"damage":11.0,"enemies":"Gremlin Leader","floor":24.0,"turns":7.0},{"damage":7.0,"enemies":"Slavers","floor":27.0,"turns":7.0},{"damage":6.0,"enemies":"Cultist and Chosen","floor":31.0,"turns":7.0},{"damage":19.0,"enemies":"Automaton","floor":33.0,"turns":7.0},{"damage":0.0,"enemies":"3 Shapes","floor":35.0,"turns":6.0},{"damage":14.0,"enemies":"3 Darklings","floor":38.0,"turns":6.0},{"damage":2.0,"enemies":"Transient","floor":39.0,"turns":5.0},{"damage":0.0,"enemies":"Nemesis","floor":42.0,"turns":9.0},{"damage":8.0,"enemies":"Reptomancer","floor":44.0,"turns":6.0},{"damage":13,"enemies":"Donu and Deca","floor":50,"turns":12}],"seed_played":"3284757284549664154","potions_obtained":[{"floor":2.0,"key":"Poison Potion"},{"floor":6.0,"key":"GhostInAJar"},{"floor":8.0,"key":"Ancient Potion"},{"floor":16.0,"key":"CunningPotion"},{"floor":22.0,"key":"EntropicBrew"},{"floor":38.0,"key":"SteroidPotion"},{"floor":42.0,"key":"SkillPotion"}],"is_trial":false,"path_per_floor":["M","M","M","M","$","E","R","?","T","M","M","$","R","?","R","B",null,"M","M","?","?","M","R","E","R","T","E","$","$","R","M","R","B",null,"M","?","?","M","M","R","$","E","T","E","R","?","R","$","R","B",null],"character_chosen":"THE_SILENT","items_purchased":["Noxious Fumes+1","Membership Card","Envenom+1","Deadly Poison","Wraith Form v2+1","DollysMirror","PiercingWail","Caltrops+1","ClockworkSouvenir","Deadly Poison"],"campfire_rested":2,"item_purchase_floors":[12,28,28,28,41,41,41,48,48,48],"current_hp_per_floor":[45,45,45,45,45,33,33,33,33,33,33,33,33,33,54,46,74,72,71,71,44,42,66,55,55,55,48,63,78,78,72,72,53,73,73,73,73,59,57,57,72,72,72,64,64,64,64,79,79,66],"gold":22,"neow_bonus":"ONE_RARE_RELIC","is_daily":false,"chose_seed":false,"campfire_upgraded":9,"win_rate":0.0,"timestamp":1611341814,"path_taken":["M","M","M","M","$","E","R","?","T","M","M","?","R","?","R","BOSS","M","M","?","?","?","R","E","R","T","E","?","$","R","M","R","BOSS","M","?","?","M","?","R","$","E","T","E","R","?","R","$","R","BOSS"],"items_purchased_type":["Card","Relic","Card","Card","Card","Relic","Card","Card","Relic","Card"],"build_version":"2020-12-22","purchased_purges":4,"victory":true,"max_hp_per_floor":[70,70,70,70,70,70,70,70,70,70,70,70,70,70,70,70,80,80,80,80,80,80,80,80,80,80,80,80,80,80,80,80,80,80,80,80,80,80,80,80,80,80,80,80,80,80,80,80,80,80],"card_choices":[{"not_picked":["Acrobatics","Flying Knee"],"picked":"Crippling Poison","floor":1.0},{"not_picked":["Tactician","Deflect"],"picked":"Cloak And Dagger","floor":2.0},{"not_picked":["Poisoned Stab","PiercingWail"],"picked":"Backflip","floor":3.0},{"not_picked":["Flying Knee","Sucker Punch"],"picked":"Accuracy","floor":4.0},{"not_picked":["Skewer","Underhanded Strike"],"picked":"Acrobatics","floor":6.0},{"not_picked":["PiercingWail","Bane"],"picked":"Tools of the Trade+1","floor":10.0},{"not_picked":["Poisoned Stab","Terror"],"picked":"Cloak And Dagger","floor":11.0},{"not_picked":["Grand Finale","Unload"],"picked":"Wraith Form v2+1","floor":16.0},{"not_picked":["Slice","Flying Knee"],"picked":"Calculated Gamble","floor":18.0},{"not_picked":["Eviscerate","Distraction+1"],"picked":"Quick Slash","floor":19.0},{"not_picked":["Prepared+1","Outmaneuver"],"picked":"Blade Dance","floor":22.0},{"not_picked":["Cloak And Dagger+1","Dodge and Roll+1"],"picked":"Blade Dance","floor":24.0},{"not_picked":["Storm of Steel","Acrobatics+1"],"picked":"Catalyst","floor":27.0},{"not_picked":["Backflip+1","Concentrate","Cloak And Dagger"],"picked":"SKIP","floor":31.0},{"not_picked":["A Thousand Cuts+1","Glass Knife"],"picked":"After Image+1","floor":33.0},{"not_picked":["Dagger Throw","Dagger Spray","Prepared"],"picked":"SKIP","floor":35.0},{"not_picked":["Quick Slash+1","Flying Knee+1"],"picked":"Deadly Poison+1","floor":38.0},{"not_picked":["Poisoned Stab+1","Dagger Throw","Skewer"],"picked":"SKIP","floor":39.0},{"not_picked":["Die Die Die","Deflect+1","Quick Slash+1"],"picked":"SKIP","floor":42.0},{"not_picked":["Cloak And Dagger","Slice"],"picked":"Infinite Blades+1","floor":44.0}],"player_experience":246749,"relics_obtained":[{"floor":6.0,"key":"Frozen Egg 2"},{"floor":9.0,"key":"StrikeDummy"},{"floor":17.0,"key":"MealTicket"},{"floor":17.0,"key":"Pear"},{"floor":17.0,"key":"StoneCalendar"},{"floor":24.0,"key":"Vajra"},{"floor":26.0,"key":"Ornamental Fan"},{"floor":27.0,"key":"Darkstone Periapt"},{"floor":42.0,"key":"Centennial Puzzle"},{"floor":43.0,"key":"Whetstone"},{"floor":44.0,"key":"Regal Pillow"}],"event_choices":[{"damage_healed":0.0,"max_hp_gain":0.0,"max_hp_loss":0.0,"gold_gain":0.0,"event_name":"The Woman in Blue","player_choice":"Bought 1 Potion","floor":8.0,"gold_loss":0.0,"damage_taken":0.0},{"damage_healed":0.0,"max_hp_gain":0.0,"max_hp_loss":0.0,"gold_gain":0.0,"event_name":"Match and Keep!","player_choice":"1 cards matched","floor":14.0,"gold_loss":0.0,"damage_taken":0.0,"cards_obtained":["Noxious Fumes"]},{"damage_healed":0.0,"max_hp_gain":0.0,"max_hp_loss":0.0,"gold_gain":0.0,"cards_transformed":["Strike_G","Strike_G"],"event_name":"Drug Dealer","player_choice":"Became Test Subject","floor":20.0,"gold_loss":0.0,"damage_taken":0.0,"cards_obtained":["Wraith Form v2","Wraith Form v2"]},{"damage_healed":0.0,"max_hp_gain":0.0,"max_hp_loss":0.0,"gold_gain":270.0,"event_name":"Knowing Skull","player_choice":"GOLD GOLD GOLD ","floor":21.0,"potions_obtained":[],"gold_loss":0.0,"damage_taken":27.0,"cards_obtained":[]},{"damage_healed":0.0,"max_hp_gain":0.0,"max_hp_loss":0.0,"gold_gain":0.0,"event_name":"Tomb of Lord Red Mask","player_choice":"Ignored","floor":36.0,"gold_loss":0.0,"damage_taken":0.0},{"damage_healed":0.0,"max_hp_gain":0.0,"max_hp_loss":0.0,"gold_gain":0.0,"event_name":"Upgrade Shrine","player_choice":"Upgraded","floor":37.0,"gold_loss":0.0,"damage_taken":0.0,"cards_upgraded":["Accuracy"]},{"cards_removed":["Strike_G"],"damage_healed":0.0,"max_hp_gain":0.0,"max_hp_loss":0.0,"gold_gain":0.0,"event_name":"Falling","player_choice":"Removed Attack","floor":46.0,"gold_loss":0.0,"damage_taken":0.0}],"is_beta":false,"boss_relics":[{"not_picked":["Cursed Key","Busted Crown"],"picked":"Calling Bell"},{"not_picked":["Runic Pyramid","Fusion Hammer"],"picked":"WristBlade"}],"items_purged_floors":[5,28,29,41],"is_endless":false,"potions_floor_spawned":[2,6,16,22,24,38,42,44],"ascension_level":10}}