{"host":"dx8mnueonnkh60qu","time":1611297497,"event":{"mods":["AchievementEnabler","Act Like it!","Aspiration","BaseMod","Better Silent Start","Better Third Choice","CCEM","Conspire","Defuse TimeMaze Blight","Dota2Spire","Downfall","Evolution","Hubris","Infinite Spire","Marked Mod","Minty Spire (QoL Compilation)","Quarter Circle Forward PUNCH!","Rare Cards Sparkle","Relic Stats","Robot Space Explorer","Spicy Shops","Spikes Relics","StSLib","SuperFastMode","The Blue Laboratory","The Caster"],"gold_per_floor":[99,119,130,147,167,167,194,204,221,63,63,76,76,94,112,217,217,117,136,136,136,146,146,164,30,30,43,58,58,89,108,206,256,256,269,269,284,300,314,339,246,293,343,393,393,393],"floor_reached":45,"language":"ENG","playtime":2810,"items_purged":["bronze:Strike"],"score":558,"play_id":"757df6ce-c183-451b-9e0f-4e2b1a10b322","local_time":"20210122013817","is_ascension_mode":false,"campfire_choices":[{"data":"bronze:Replicate","floor":1.0,"key":"SMITH"},{"data":"bronze:Format","floor":13.0,"key":"SMITH"},{"data":"bronze:AlphaBuild","floor":18.0,"key":"SMITH"},{"data":"bronze:HardenedForm","floor":27.0,"key":"SMITH"},{"data":"infinitespire:UltimateForm","floor":30.0,"key":"SMITH"},{"floor":35.0,"key":"RECALL"}],"circlet_count":0,"master_deck":["bronze:Strike","bronze:Strike","bronze:Strike","bronze:Defend","bronze:Defend","bronze:Defend","bronze:Defend","bronze:Replicate+1","bronze:Goto","bronze:ChildClass","bronze:DelayedSlice","bronze:WhirlingStrike","bronze:Format+1","bronze:DelayedGuard+1","bronze:FineTuning","bronze:BronzeOrb","bronze:AlphaBuild+1","bronze:CloningBeam+1","infinitespire:UltimateForm+1","infinitespire:Starlight","bronze:Shell+1","bronze:Optimize","bronze:HardenedForm+1","bronze:Frontload+1","bronze:Invalidate+1","bronze:ChosenStrike+1","bronze:Assembly","bronze:WhirlingStrike+1","bronze:FineTuning+1","bronze:Format","bronze:HardenedForm"],"relics":["bronze:BronzeCore","EVO:Axolotl","hubris:Teleporter","Membership Card","Dota2Spire:RefresherOrb","downfall:HeartBlessingBlue","Dota2Spire:Butterfly","aspiration:Lifesprig","Tiny House","Happy Flower","WizardHat","hubris:EmptyBottle"],"acts_visited":["Exordium","TheCity","TheBeyond"],"potions_floor_usage":[],"damage_taken":[{"damage":4.0,"enemies":"2 Louse","floor":2.0,"turns":3.0},{"damage":0.0,"enemies":"Small Slimes","floor":3.0,"turns":2.0},{"damage":1.0,"enemies":"Jaw Worm","floor":4.0,"turns":4.0},{"damage":0.0,"enemies":"3 Louse","floor":5.0,"turns":3.0},{"damage":4.0,"enemies":"Lots of Slimes","floor":8.0,"turns":4.0},{"damage":16.0,"enemies":"Exordium Wildlife","floor":9.0,"turns":3.0},{"damage":0.0,"enemies":"downfall:FleeingMerchant","floor":10.0,"turns":4.0},{"damage":1.0,"enemies":"2 Fungi Beasts","floor":12.0,"turns":2.0},{"damage":0.0,"enemies":"3 Louse","floor":14.0,"turns":2.0},{"damage":0.0,"enemies":"Blue Slaver","floor":15.0,"turns":2.0},{"damage":29.0,"enemies":"DF_ARCHETYPE_STREAMLINE","floor":16.0,"turns":9.0},{"damage":14.0,"enemies":"Spheric Guardian","floor":19.0,"turns":4.0},{"damage":0.0,"enemies":"Chosen","floor":22.0,"turns":5.0},{"damage":1.0,"enemies":"3 Cultists","floor":25.0,"turns":7.0},{"damage":0.0,"enemies":"downfall:FleeingMerchant","floor":26.0,"turns":4.0},{"damage":7.0,"enemies":"Snake Plant","floor":28.0,"turns":4.0},{"damage":0.0,"enemies":"Sentry and Sphere","floor":29.0,"turns":4.0},{"damage":0.0,"enemies":"Gremlin Leader","floor":31.0,"turns":7.0},{"damage":0.0,"enemies":"3 Cultists","floor":32.0,"turns":4.0},{"damage":0.0,"enemies":"IC_MUSHROOM_ARCHETYPE","floor":33.0,"turns":7.0},{"damage":3.0,"enemies":"3 Shapes","floor":36.0,"turns":3.0},{"damage":10.0,"enemies":"3 Darklings","floor":38.0,"turns":4.0},{"damage":0.0,"enemies":"Spire Growth","floor":39.0,"turns":4.0},{"damage":0.0,"enemies":"Maw","floor":40.0,"turns":7.0},{"damage":0.0,"enemies":"downfall:FleeingMerchant","floor":42.0,"turns":4.0},{"damage":24.0,"enemies":"2 Orb Walkers","floor":43.0,"turns":6.0},{"damage":1.0,"enemies":"downfall:FleeingMerchant","floor":44.0,"turns":4.0},{"damage":10.0,"enemies":"downfall:FleeingMerchant","floor":45.0,"turns":5.0}],"seed_played":"4529216248864007255","potions_obtained":[{"floor":3.0,"key":"AttackPotion"},{"floor":4.0,"key":"BlessingOfTheForge"},{"floor":5.0,"key":"FearPotion"},{"floor":8.0,"key":"bronze:CleanCodePotion"},{"floor":16.0,"key":"blueLaboratory:FruitPunch"},{"floor":28.0,"key":"blueLaboratory:FruitPunch"},{"floor":31.0,"key":"Fire Potion"},{"floor":36.0,"key":"blueLaboratory:EmptyBottle"},{"floor":39.0,"key":"Dota2Spire:HealingSalve"},{"floor":40.0,"key":"bronze:FreeFunctionsPotion"}],"is_trial":false,"path_per_floor":["R","M","M","M","M","?","T","M","M","$","?","M","R","M","M","B",null,"R","M","AVR","?","M","T","M","$","R","M","M","R","E","M","B",null,"R","M","?","M","M","M","T","$","?","$","?"],"character_chosen":"THE_AUTOMATON","items_purchased":["Membership Card","bronze:HardenedForm","bronze:Format","bronze:HardenedForm","LiquidMemories","hubris:EmptyBottle"],"campfire_rested":0,"item_purchase_floors":[10,26,42,44,44,44],"current_hp_per_floor":[77,73,73,72,72,72,72,68,52,52,52,51,51,51,51,22,77,87,73,73,73,83,83,82,87,87,80,80,80,82,82,82,94,94,91,91,81,81,93,93,96,82,91,81,81,81],"gold":393,"neow_bonus":"TEN_PERCENT_HP_BONUS","is_daily":false,"chose_seed":false,"campfire_upgraded":5,"win_rate":0.0,"timestamp":1611297497,"path_taken":["R","M","M","M","M","?","T","M","M","$","?","M","R","M","M","BOSS","R","M","AVR","?","M","T","M","$","R","M","M","R","E","M","BOSS","R","M","?","?","M","M","T","$","?","$","?"],"items_purchased_type":["Relic","Card","Card","Card","Potion","Relic"],"build_version":"2020-12-22","purchased_purges":1,"victory":false,"max_hp_per_floor":[77,77,77,77,77,77,77,77,77,77,77,77,77,77,77,77,77,87,87,87,87,87,87,87,87,87,87,87,87,89,89,89,94,94,94,94,94,94,96,96,96,96,96,96,96,96],"relic_stats":{"Happy Flower":[6],"counters":[28,121],"obtain_stats":[{"WizardHat":43,"aspiration:Lifesprig":31,"bronze:BronzeCore":0,"hubris:Teleporter":6,"Dota2Spire:Butterfly":24,"Tiny House":34,"Happy Flower":41,"downfall:HeartBlessingBlue":18,"Dota2Spire:RefresherOrb":17,"EVO:Axolotl":0,"Membership Card":10,"hubris:EmptyBottle":44},{"WizardHat":26,"aspiration:Lifesprig":18,"bronze:BronzeCore":0,"hubris:Teleporter":4,"Dota2Spire:Butterfly":13,"Tiny House":20,"Happy Flower":24,"downfall:HeartBlessingBlue":11,"Dota2Spire:RefresherOrb":11,"EVO:Axolotl":0,"Membership Card":7,"hubris:EmptyBottle":27},{"WizardHat":112,"aspiration:Lifesprig":73,"bronze:BronzeCore":0,"hubris:Teleporter":12,"Dota2Spire:Butterfly":47,"Tiny House":84,"Happy Flower":102,"downfall:HeartBlessingBlue":38,"Dota2Spire:RefresherOrb":38,"EVO:Axolotl":0,"Membership Card":23,"hubris:EmptyBottle":116}]},"card_choices":[{"not_picked":["bronze:Repulsor","bronze:Backtrace"],"picked":"bronze:ChildClass","floor":2.0},{"not_picked":["bronze:ChildClass","bronze:BronzeArmor","bronze:ForLoop"],"picked":"SKIP","floor":3.0},{"not_picked":["bronze:Frontload","bronze:BuggyMess","bronze:Turbo"],"picked":"SKIP","floor":4.0},{"not_picked":["bronze:Frontload","bronze:BuggyMess","bronze:Repulsor"],"picked":"SKIP","floor":5.0},{"not_picked":["bronze:Invalidate","bronze:FollowUp"],"picked":"bronze:DelayedSlice","floor":8.0},{"not_picked":["bronze:BugBarrage","bronze:DelayedSlice"],"picked":"bronze:WhirlingStrike","floor":9.0},{"not_picked":["bronze:Overload","bronze:BitShift"],"picked":"bronze:Format","floor":10.0},{"not_picked":["bronze:BitShift","bronze:Invalidate"],"picked":"bronze:DelayedGuard","floor":12.0},{"not_picked":["bronze:BitShift","bronze:ChildClass"],"picked":"bronze:FineTuning","floor":14.0},{"not_picked":["bronze:DelayedGuard","bronze:OilSpill"],"picked":"bronze:BronzeOrb","floor":15.0},{"not_picked":["bronze:FindAndReplace","bronze:HyperBeam"],"picked":"bronze:AlphaBuild","floor":16.0},{"not_picked":["bronze:Turbo","bronze:DelayedGuard"],"picked":"bronze:CloningBeam+1","floor":19.0},{"not_picked":["bronze:ForLoop","bronze:DelayedSlice"],"picked":"bronze:Shell+1","floor":22.0},{"not_picked":["bronze:Overload","bronze:Overheat","bronze:Boost"],"picked":"SKIP","floor":25.0},{"not_picked":["bronze:CloningBeam+1","bronze:Shield"],"picked":"bronze:Optimize","floor":26.0},{"not_picked":["bronze:MaxOutput","bronze:BitShift","bronze:OilSpill"],"picked":"SKIP","floor":28.0},{"not_picked":["bronze:Iterate","bronze:BurnOut"],"picked":"bronze:Frontload+1","floor":29.0},{"not_picked":["bronze:ForLoop+1","bronze:Philosophize"],"picked":"bronze:Invalidate+1","floor":31.0},{"not_picked":["bronze:WhirlingStrike","bronze:DelayedSlice"],"picked":"bronze:ChosenStrike+1","floor":32.0},{"not_picked":["bronze:Virus","bronze:AlphaBuild"],"picked":"bronze:Assembly","floor":33.0},{"not_picked":["bronze:FineTuning","bronze:BuggyMess"],"picked":"bronze:WhirlingStrike+1","floor":34.0},{"not_picked":["bronze:OilSpill","bronze:NullPointer+1"],"picked":"bronze:FineTuning+1","floor":36.0},{"not_picked":["bronze:Philosophize+1","bronze:WildBeam+1","bronze:FineTuning+1"],"picked":"SKIP","floor":38.0},{"not_picked":["bronze:Deprecate","bronze:Turbo","bronze:BronzeArmor"],"picked":"SKIP","floor":39.0},{"not_picked":["bronze:Backtrace","bronze:Turbo","bronze:Branch"],"picked":"SKIP","floor":40.0},{"not_picked":["bronze:Return+1","bronze:BugBarrage","bronze:ClassDefault"],"picked":"SKIP","floor":42.0},{"not_picked":["bronze:Turbo+1","bronze:CutThrough+1","bronze:DelayedGuard"],"picked":"SKIP","floor":44.0}],"player_experience":598970,"relics_obtained":[{"floor":6.0,"key":"hubris:Teleporter"},{"floor":24.0,"key":"Dota2Spire:Butterfly"},{"floor":31.0,"key":"aspiration:Lifesprig"},{"floor":41.0,"key":"Happy Flower"},{"floor":43.0,"key":"WizardHat"}],"event_choices":[{"damage_healed":0.0,"max_hp_gain":0.0,"max_hp_loss":0.0,"gold_gain":0.0,"event_name":"Mysterious Sphere","player_choice":"Fight","floor":43.0,"gold_loss":0.0,"damage_taken":0.0}],"is_beta":false,"boss_relics":[{"not_picked":["CosmicIsotope","Runic Pyramid"],"picked":"Dota2Spire:RefresherOrb"},{"not_picked":["CCEMRelics:TransientCore","conspire:SeveredTorchhead"],"picked":"Tiny House"}],"items_purged_floors":[44],"is_endless":false,"potions_floor_spawned":[3,4,5,8,12,16,25,28,31,32,36,39,40,45],"ascension_level":0}}