{"host":"2tgyrzvaa7l04o2e","time":1611332585,"event":{"mods":["BaseMod","Highlight Path","Minty Spire (QoL Compilation)","Permanent Neow","Relic Stats"],"gold_per_floor":[359,7,7,47,47,98,98,98,98],"floor_reached":8,"language":"ENG","playtime":319,"items_purged":["Defend_G"],"score":108,"play_id":"1f005fb1-e757-46bd-bffc-fde5ba8d72e3","local_time":"20210122172305","is_ascension_mode":true,"campfire_choices":[{"floor":7,"key":"REST"}],"circlet_count":0,"master_deck":["AscendersBane","Strike_G","Strike_G","Strike_G","Strike_G","Strike_G","Defend_G","Defend_G","Defend_G","Defend_G","Survivor","Neutralize","Riddle With Holes","Skewer","HandOfGreed","Backstab","Dagger Spray"],"relics":["Ring of the Snake","Torii"],"acts_visited":["Exordium"],"potions_floor_usage":[8],"damage_taken":[{"damage":3,"enemies":"Cultist","floor":1,"turns":6},{"damage":2,"enemies":"Jaw Worm","floor":4,"turns":5},{"damage":42,"enemies":"3 Sentries","floor":6,"turns":10},{"damage":6,"enemies":"Gremlin Nob","floor":8,"turns":3}],"seed_played":"-6039566600880297876","potions_obtained":[{"floor":1,"key":"SpeedPotion"},{"floor":6,"key":"ColorlessPotion"}],"is_trial":false,"path_per_floor":["M","$","?","M","?","E","R","E"],"character_chosen":"THE_SILENT","items_purchased":["Skewer","HandOfGreed"],"campfire_rested":1,"item_purchase_floors":[2,2],"current_hp_per_floor":[56,56,56,54,59,17,36,30,30],"gold":98,"neow_bonus":"TWO_FIFTY_GOLD","is_daily":false,"chose_seed":false,"campfire_upgraded":0,"win_rate":0.0,"timestamp":1611332585,"path_taken":["M","$","?","M","?","E","R","E"],"items_purchased_type":["Card","Card"],"build_version":"2020-12-22","purchased_purges":1,"victory":false,"max_hp_per_floor":[60,60,60,60,65,65,65,65,65],"relic_stats":{"Torii":0,"counters":[4,24],"obtain_stats":[{"Torii":6,"Ring of the Snake":0},{"Torii":3,"Ring of the Snake":0},{"Torii":21,"Ring of the Snake":0}],"Ring of the Snake":[8]},"card_choices":[{"not_picked":["Outmaneuver","Backflip"],"picked":"Riddle With Holes","floor":1},{"not_picked":["Bane","Sucker Punch"],"picked":"Backstab","floor":4},{"not_picked":["Prepared","Noxious Fumes"],"picked":"Dagger Spray","floor":6}],"player_experience":641304,"relics_obtained":[{"floor":6,"key":"Torii"}],"event_choices":[{"damage_healed":0,"gold_gain":0,"player_choice":"Ignored","damage_taken":0,"max_hp_gain":0,"max_hp_loss":0,"event_name":"Liars Game","floor":3,"gold_loss":0},{"damage_healed":0,"gold_gain":0,"player_choice":"Donut","damage_taken":0,"max_hp_gain":5,"max_hp_loss":0,"event_name":"Big Fish","floor":5,"gold_loss":0}],"is_beta":false,"boss_relics":[],"items_purged_floors":[2],"is_endless":false,"potions_floor_spawned":[1,6],"killed_by":"Gremlin Nob","ascension_level":20}}