{"host":"2n2g1vowfllvjtvi","time":1611327157,"event":{"mods":["AchievementEnabler","BaseMod","Custom Start","GifTheSpireLib","Keyboard Shortcuts","Minty Spire (QoL Compilation)","Quick Restart","Rare Cards Sparkle","StSLib","SuperFastMode"],"gold_per_floor":[110,124,124,139,157,157,188,188,215,249,249,283,283,315,315,415,415,434,141,153,169,189,189,189,82,82,82,102,102,114,147,147,250,250,262,278,278,333,25,25,53,64,134,134,148,148,158,26,26,26,26,26,12,43,43],"floor_reached":56,"language":"KOR","playtime":1471,"items_purged":["Strike_R","Strike_R","Strike_R","Strike_R"],"score":1620,"play_id":"6c88c7af-0af0-43b8-a424-207461c9cf23","local_time":"20210122235237","is_ascension_mode":true,"campfire_choices":[{"data":"Armaments","floor":6.0,"key":"SMITH"},{"data":"Battle Trance","floor":8.0,"key":"SMITH"},{"data":"Hemokinesis","floor":11.0,"key":"SMITH"},{"data":"Immolate","floor":15.0,"key":"SMITH"},{"floor":23.0,"key":"REST"},{"data":"Blood for Blood","floor":27.0,"key":"SMITH"},{"data":"Offering","floor":29.0,"key":"SMITH"},{"floor":32.0,"key":"REST"},{"floor":40.0,"key":"REST"},{"floor":44.0,"key":"REST"},{"floor":46.0,"key":"REST"},{"floor":49.0,"key":"RECALL"},{"floor":52.0,"key":"REST"}],"circlet_count":0,"master_deck":["Strike_R","Defend_R","Defend_R","Defend_R","Defend_R","Bash","Immolate+1","Armaments+1","Battle Trance+1","Hemokinesis+1","Offering+1","CurseOfTheBell","Evolve","Fiend Fire","Second Wind+1","Blood for Blood+1","Shrug It Off+1","Disarm"],"relics":["Burning Blood","The Courier","Happy Flower","Oddly Smooth Stone","Singing Bowl","Boot","HornCleat","Potion Belt","Calling Bell","Blood Vial","InkBottle","Bird Faced Urn","TheAbacus","Gremlin Horn","Dream Catcher","Fusion Hammer","CaptainsWheel","Membership Card","Magic Flower","Akabeko","ClockworkSouvenir","Centennial Puzzle"],"acts_visited":["Exordium","TheCity","TheBeyond","TheEnding"],"potions_floor_usage":[55,55,55,55],"damage_taken":[{"damage":1.0,"enemies":"Cultist","floor":1.0,"turns":3.0},{"damage":12.0,"enemies":"Jaw Worm","floor":2.0,"turns":3.0},{"damage":0.0,"enemies":"2 Louse","floor":4.0,"turns":1.0},{"damage":0.0,"enemies":"Exordium Wildlife","floor":5.0,"turns":1.0},{"damage":16.0,"enemies":"Gremlin Nob","floor":7.0,"turns":3.0},{"damage":12.0,"enemies":"3 Sentries","floor":10.0,"turns":3.0},{"damage":18.0,"enemies":"Gremlin Nob","floor":12.0,"turns":3.0},{"damage":15.0,"enemies":"3 Sentries","floor":14.0,"turns":5.0},{"damage":21.0,"enemies":"Slime Boss","floor":16.0,"turns":9.0},{"damage":8.0,"enemies":"Spheric Guardian","floor":18.0,"turns":3.0},{"damage":15.0,"enemies":"2 Thieves","floor":20.0,"turns":2.0},{"damage":25.0,"enemies":"Cultist and Chosen","floor":21.0,"turns":4.0},{"damage":36.0,"enemies":"Snake Plant","floor":22.0,"turns":3.0},{"damage":10.0,"enemies":"Shelled Parasite and Fungi","floor":28.0,"turns":3.0},{"damage":11.0,"enemies":"Centurion and Healer","floor":30.0,"turns":3.0},{"damage":24.0,"enemies":"Gremlin Leader","floor":31.0,"turns":3.0},{"damage":36.0,"enemies":"Collector","floor":33.0,"turns":5.0},{"damage":5.0,"enemies":"3 Shapes","floor":35.0,"turns":3.0},{"damage":10.0,"enemies":"3 Darklings","floor":36.0,"turns":3.0},{"damage":13.0,"enemies":"2 Orb Walkers","floor":38.0,"turns":4.0},{"damage":103.0,"enemies":"Giant Head","floor":41.0,"turns":8.0},{"damage":6.0,"enemies":"4 Shapes","floor":42.0,"turns":2.0},{"damage":10.0,"enemies":"Spire Growth","floor":45.0,"turns":3.0},{"damage":11.0,"enemies":"Transient","floor":47.0,"turns":5.0},{"damage":38.0,"enemies":"Awakened One","floor":50.0,"turns":14.0},{"damage":77,"enemies":"Shield and Spear","floor":54,"turns":5},{"damage":13,"enemies":"The Heart","floor":55,"turns":13}],"seed_played":"2851120026100498966","potions_obtained":[{"floor":2.0,"key":"Regen Potion"},{"floor":5.0,"key":"Swift Potion"},{"floor":14.0,"key":"Weak Potion"},{"floor":20.0,"key":"SpeedPotion"},{"floor":21.0,"key":"Explosive Potion"},{"floor":31.0,"key":"Fire Potion"},{"floor":33.0,"key":"BlessingOfTheForge"},{"floor":41.0,"key":"FairyPotion"},{"floor":42.0,"key":"Fruit Juice"},{"floor":45.0,"key":"PowerPotion"},{"floor":47.0,"key":"PowerPotion"},{"floor":54,"key":"EssenceOfSteel"}],"is_trial":false,"path_per_floor":["M","M","T","M","M","R","E","R","T","E","R","E","T","E","R","B",null,"M","$","M","M","M","R","?","$","T","R","M","R","M","E","R","B",null,"M","M","?","?","$","R","E","M","T","R","M","R","M","$","R","B",null,"R","$","E","B",null],"character_chosen":"IRONCLAD","items_purchased":["Fiend Fire","TheAbacus","Blood for Blood","Membership Card","Magic Flower","ClockworkSouvenir","Disarm"],"campfire_rested":6,"item_purchase_floors":[19,19,25,39,39,48,53],"current_hp_per_floor":[56,50,50,56,62,62,52,52,52,48,48,38,38,31,31,16,69,69,69,62,47,23,50,50,50,50,50,52,52,53,41,71,61,90,93,95,95,94,94,106,16,32,32,68,75,112,118,118,118,95,116,125,125,59,67],"gold":43,"neow_bonus":"THREE_RARE_CARDS","is_daily":false,"chose_seed":false,"campfire_upgraded":6,"win_rate":0.0,"timestamp":1611327157,"path_taken":["M","?","?","M","M","R","E","R","T","E","R","E","?","E","R","BOSS","M","$","M","M","M","R","?","$","T","R","M","R","M","E","R","BOSS","M","M","?","?","$","R","E","M","T","R","M","R","M","?","R","BOSS","R","$","E","BOSS"],"items_purchased_type":["Card","Relic","Card","Relic","Relic","Relic","Card"],"build_version":"2020-12-22","purchased_purges":4,"victory":true,"max_hp_per_floor":[80,80,80,80,80,80,80,80,80,82,82,84,84,86,86,86,86,86,86,86,88,90,90,90,90,90,90,92,92,94,96,98,100,100,100,102,102,104,104,106,108,115,115,117,119,121,123,123,123,123,123,125,125,127,127],"card_choices":[{"not_picked":["Fiend Fire","Offering"],"picked":"Immolate","floor":0.0},{"not_picked":["Thunderclap","Sword Boomerang","Rage"],"picked":"SKIP","floor":1.0},{"not_picked":["Whirlwind","Dark Embrace"],"picked":"Armaments","floor":2.0},{"not_picked":["Sword Boomerang","Flex","Shrug It Off"],"picked":"SKIP","floor":4.0},{"not_picked":["Burning Pact","Infernal Blade"],"picked":"Battle Trance","floor":5.0},{"not_picked":["Power Through","Armaments"],"picked":"Hemokinesis","floor":7.0},{"not_picked":["Thunderclap","Immolate","Disarm"],"picked":"Singing Bowl","floor":10.0},{"not_picked":["Burning Pact","Dual Wield","Sentinel"],"picked":"Singing Bowl","floor":12.0},{"not_picked":["Pummel","Headbutt","Berserk"],"picked":"Singing Bowl","floor":14.0},{"not_picked":["Feed","Exhume"],"picked":"Offering","floor":16.0},{"not_picked":["Havoc","Clothesline+1"],"picked":"Evolve","floor":18.0},{"not_picked":["Carnage","Iron Wave"],"picked":"Second Wind+1","floor":20.0},{"not_picked":["True Grit+1","Rage+1","Headbutt"],"picked":"Singing Bowl","floor":21.0},{"not_picked":["Clothesline+1","Iron Wave+1","Rampage"],"picked":"Singing Bowl","floor":22.0},{"not_picked":["Limit Break","Twin Strike+1","Armaments+1"],"picked":"Singing Bowl","floor":28.0},{"not_picked":["Dual Wield","Searing Blow","Evolve+1"],"picked":"Singing Bowl","floor":30.0},{"not_picked":["Metallicize","Carnage","Clash"],"picked":"Singing Bowl","floor":31.0},{"not_picked":["Havoc","Headbutt","Shrug It Off"],"picked":"Singing Bowl","floor":32.0},{"not_picked":["Barricade","Exhume","Demon Form"],"picked":"Singing Bowl","floor":33.0},{"not_picked":["Cleave+1","Clash+1"],"picked":"Shrug It Off+1","floor":35.0},{"not_picked":["Iron Wave","Second Wind+1","Havoc+1"],"picked":"Singing Bowl","floor":36.0},{"not_picked":["Flame Barrier","Whirlwind+1","Headbutt+1"],"picked":"Singing Bowl","floor":38.0},{"not_picked":["Anger","Dual Wield","Battle Trance"],"picked":"Singing Bowl","floor":40.0},{"not_picked":["Disarm","Hemokinesis","Inflame"],"picked":"Singing Bowl","floor":41.0},{"not_picked":["Second Wind+1","Pommel Strike","Armaments"],"picked":"Singing Bowl","floor":42.0},{"not_picked":["Armaments+1","Whirlwind+1","Iron Wave"],"picked":"Singing Bowl","floor":44.0},{"not_picked":["Reckless Charge","Brutality","Twin Strike"],"picked":"Singing Bowl","floor":45.0},{"not_picked":["Clash","Sword Boomerang+1","Anger"],"picked":"Singing Bowl","floor":46.0},{"not_picked":["Reckless Charge","Twin Strike+1","Shockwave"],"picked":"Singing Bowl","floor":47.0},{"not_picked":["Sword Boomerang+1","Havoc","Carnage+1"],"picked":"Singing Bowl","floor":52.0},{"not_picked":["Warcry","Twin Strike","Demon Form"],"picked":"Singing Bowl","floor":54}],"player_experience":224576,"relics_obtained":[{"floor":3.0,"key":"The Courier"},{"floor":7.0,"key":"Happy Flower"},{"floor":9.0,"key":"Oddly Smooth Stone"},{"floor":10.0,"key":"Singing Bowl"},{"floor":12.0,"key":"Boot"},{"floor":13.0,"key":"HornCleat"},{"floor":14.0,"key":"Potion Belt"},{"floor":17.0,"key":"Blood Vial"},{"floor":17.0,"key":"InkBottle"},{"floor":17.0,"key":"Bird Faced Urn"},{"floor":26.0,"key":"Gremlin Horn"},{"floor":31.0,"key":"Dream Catcher"},{"floor":38.0,"key":"CaptainsWheel"},{"floor":41.0,"key":"Akabeko"},{"floor":54,"key":"Centennial Puzzle"}],"event_choices":[{"damage_healed":0.0,"max_hp_gain":0.0,"max_hp_loss":0.0,"gold_gain":0.0,"event_name":"The Mausoleum","player_choice":"Ignored","floor":24.0,"gold_loss":0.0,"damage_taken":0.0},{"damage_healed":0.0,"max_hp_gain":0.0,"max_hp_loss":0.0,"gold_gain":0.0,"event_name":"Tomb of Lord Red Mask","player_choice":"Ignored","floor":37.0,"gold_loss":0.0,"damage_taken":0.0},{"damage_healed":0.0,"max_hp_gain":0.0,"max_hp_loss":0.0,"gold_gain":0.0,"event_name":"Mysterious Sphere","player_choice":"Fight","floor":38.0,"gold_loss":0.0,"damage_taken":0.0}],"is_beta":false,"boss_relics":[{"not_picked":["Runic Cube","Mark of Pain"],"picked":"Calling Bell"},{"not_picked":["Velvet Choker","Snecko Eye"],"picked":"Fusion Hammer"}],"items_purged_floors":[19,25,39,48],"is_endless":false,"potions_floor_spawned":[2,5,14,20,21,31,33,41,42,45,47,54],"ascension_level":6}}