{"host":"q0qnzbgdx8oqogg9","time":1611320447,"event":{"mods":["BaseMod","Minty Spire (QoL Compilation)","StSLib"],"gold_per_floor":[216,227,227,242,16,16,35,35,62,62,73,87,120,135,135,239,239,253,271,22,38,51,51,27,27,27,37,56,70,70,70,70,170,170,188,208,208,51,51,51,80,80,135,185,201,227,239,263,275,287],"floor_reached":51,"language":"ENG","playtime":2057,"items_purged":["Strike_B","Strike_B"],"score":868,"play_id":"e07c0ba9-5313-4d3e-8e26-fdd216e93e71","local_time":"20210122080047","is_ascension_mode":true,"campfire_choices":[{"data":"White Noise","floor":6.0,"key":"SMITH"},{"data":"Hologram","floor":8.0,"key":"SMITH"},{"data":"Consume","floor":10.0,"key":"SMITH"},{"floor":15.0,"key":"REST"},{"data":"Zap","floor":23.0,"key":"SMITH"},{"data":"Dualcast","floor":25.0,"key":"SMITH"},{"floor":30.0,"key":"REST"},{"floor":32.0,"key":"REST"},{"floor":40.0,"key":"RECALL"},{"floor":42.0,"key":"REST"},{"floor":49,"key":"REST"}],"circlet_count":0,"master_deck":["Strike_B","Strike_B","Defend_B","Defend_B","Defend_B","Zap+1","Dualcast+1","Melter","White Noise+1","Consume+1","Biased Cognition","Hologram+1","Go for the Eyes","Lockon","Genetic Algorithm","Cold Snap","Electrodynamics","Coolheaded","Turbo+1","Leap","Hologram+1","Auto Shields","Static Discharge+1","Loop","Self Repair+1","Defragment+1","Rebound+1","Seek","Cold Snap+1","Darkness"],"relics":["Cracked Core","Akabeko","Blood Vial","Inserter","Lee\u0027s Waffle","Strawberry","Fusion Hammer","Orrery","Regal Pillow","Dream Catcher","Thread and Needle","MawBank"],"acts_visited":["Exordium","TheCity","TheBeyond"],"potions_floor_usage":[46,50,50],"damage_taken":[{"damage":8.0,"enemies":"Small Slimes","floor":1.0,"turns":4.0},{"damage":6.0,"enemies":"Cultist","floor":2.0,"turns":3.0},{"damage":0.0,"enemies":"Jaw Worm","floor":4.0,"turns":3.0},{"damage":7.0,"enemies":"Looter","floor":7.0,"turns":3.0},{"damage":7.0,"enemies":"3 Louse","floor":11.0,"turns":2.0},{"damage":8.0,"enemies":"Blue Slaver","floor":12.0,"turns":3.0},{"damage":30.0,"enemies":"Gremlin Nob","floor":13.0,"turns":5.0},{"damage":4.0,"enemies":"Exordium Wildlife","floor":14.0,"turns":4.0},{"damage":5.0,"enemies":"Hexaghost","floor":16.0,"turns":14.0},{"damage":7.0,"enemies":"Chosen","floor":18.0,"turns":4.0},{"damage":23.0,"enemies":"3 Byrds","floor":19.0,"turns":3.0},{"damage":35.0,"enemies":"Snake Plant","floor":21.0,"turns":3.0},{"damage":18.0,"enemies":"Cultist and Chosen","floor":22.0,"turns":6.0},{"damage":7.0,"enemies":"3 Cultists","floor":27.0,"turns":4.0},{"damage":6.0,"enemies":"Snecko","floor":28.0,"turns":5.0},{"damage":1.0,"enemies":"Centurion and Healer","floor":29.0,"turns":7.0},{"damage":68.0,"enemies":"Collector","floor":33.0,"turns":9.0},{"damage":0.0,"enemies":"3 Shapes","floor":35.0,"turns":3.0},{"damage":16.0,"enemies":"3 Darklings","floor":36.0,"turns":5.0},{"damage":63.0,"enemies":"Reptomancer","floor":41.0,"turns":7.0},{"damage":5.0,"enemies":"Mind Bloom Boss Battle","floor":44.0,"turns":9.0},{"damage":0.0,"enemies":"Spire Growth","floor":45.0,"turns":5.0},{"damage":25,"enemies":"Nemesis","floor":46,"turns":7},{"damage":6,"enemies":"Sphere and 2 Shapes","floor":48,"turns":4},{"damage":93,"enemies":"Time Eater","floor":50,"turns":8}],"seed_played":"-702697682385552384","potions_obtained":[{"floor":1.0,"key":"SmokeBomb"},{"floor":4.0,"key":"ColorlessPotion"},{"floor":13.0,"key":"SkillPotion"},{"floor":14.0,"key":"DuplicationPotion"},{"floor":16.0,"key":"Regen Potion"},{"floor":21.0,"key":"GamblersBrew"},{"floor":29.0,"key":"Explosive Potion"},{"floor":33.0,"key":"AttackPotion"},{"floor":46,"key":"Fruit Juice"},{"floor":48,"key":"SpeedPotion"}],"is_trial":false,"path_per_floor":["M","M","?","M","$","R","M","R","T","R","M","M","E","M","R","B",null,"M","M","$","M","M","R","$","R","T","M","M","M","R","?","R","B",null,"M","M","?","$","?","R","E","R","T","?","M","E","?","M","R","B",null],"character_chosen":"DEFECT","items_purchased":["Biased Cognition","Lee\u0027s Waffle","Leap","Orrery"],"campfire_rested":5,"item_purchase_floors":[5,20,24,38],"current_hp_per_floor":[67,61,61,61,61,61,54,54,54,54,47,39,9,7,29,26,75,68,47,82,47,31,31,31,31,38,33,29,30,56,39,67,1,94,94,78,78,78,78,78,27,70,70,77,89,76,76,72,89,26],"gold":299,"neow_bonus":"HUNDRED_GOLD","is_daily":false,"chose_seed":false,"campfire_upgraded":5,"win_rate":0.0,"timestamp":1611320447,"path_taken":["M","M","?","M","$","R","M","R","T","R","M","M","E","M","R","BOSS","M","M","$","?","M","R","?","R","T","M","M","M","R","?","R","BOSS","M","M","?","$","?","R","E","R","T","?","M","E","?","M","R","BOSS"],"items_purchased_type":["Card","Relic","Card","Relic"],"build_version":"2020-12-22","purchased_purges":2,"victory":true,"max_hp_per_floor":[75,75,75,75,75,75,75,75,75,75,75,75,75,75,75,75,75,75,75,82,82,82,82,82,82,89,89,89,89,89,94,94,94,94,94,94,94,94,94,94,94,94,94,94,94,94,89,89,89,94],"card_choices":[{"not_picked":["Sweeping Beam","Scrape"],"picked":"Melter","floor":1.0},{"not_picked":["Barrage","Turbo"],"picked":"White Noise","floor":2.0},{"not_picked":["Conserve Battery","Blizzard"],"picked":"Consume","floor":4.0},{"not_picked":["Recycle","Beam Cell"],"picked":"Hologram","floor":7.0},{"not_picked":["Turbo","Redo"],"picked":"Go for the Eyes","floor":11.0},{"not_picked":["Darkness","Sweeping Beam"],"picked":"Lockon","floor":12.0},{"not_picked":["Machine Learning","Coolheaded"],"picked":"Genetic Algorithm","floor":13.0},{"not_picked":["Recycle","Ball Lightning"],"picked":"Cold Snap","floor":14.0},{"not_picked":["Biased Cognition","Rainbow"],"picked":"Electrodynamics","floor":16.0},{"not_picked":["Force Field","Static Discharge","Streamline+1"],"picked":"SKIP","floor":18.0},{"not_picked":["Turbo","Steam"],"picked":"Coolheaded","floor":19.0},{"not_picked":["Aggregate","Go for the Eyes"],"picked":"Turbo+1","floor":21.0},{"not_picked":["Fusion","Stack+1","Turbo"],"picked":"SKIP","floor":22.0},{"not_picked":["Sweeping Beam","Static Discharge"],"picked":"Hologram+1","floor":27.0},{"not_picked":["Leap","Hologram+1"],"picked":"Auto Shields","floor":28.0},{"not_picked":["Aggregate","Compile Driver"],"picked":"Static Discharge+1","floor":29.0},{"not_picked":["Leap+1","Auto Shields"],"picked":"Loop","floor":35.0},{"not_picked":["Reinforced Body","Redo"],"picked":"Self Repair+1","floor":36.0},{"not_picked":["Darkness","Conserve Battery"],"picked":"Defragment+1","floor":38.0},{"not_picked":["Turbo+1","Beam Cell"],"picked":"Rebound+1","floor":41.0},{"not_picked":["Turbo+1","Go for the Eyes+1"],"picked":"Seek","floor":45.0},{"not_picked":["Ball Lightning","Reinforced Body"],"picked":"Cold Snap+1","floor":46},{"not_picked":["Compile Driver+1","Static Discharge","Turbo"],"picked":"SKIP","floor":48},{"not_picked":["Leap+1","Redo"],"picked":"Darkness","floor":49}],"player_experience":257460,"relics_obtained":[{"floor":9.0,"key":"Akabeko"},{"floor":13.0,"key":"Blood Vial"},{"floor":26.0,"key":"Strawberry"},{"floor":41.0,"key":"Regal Pillow"},{"floor":43.0,"key":"Dream Catcher"},{"floor":44.0,"key":"Thread and Needle"},{"floor":46,"key":"MawBank"}],"event_choices":[{"damage_healed":0.0,"max_hp_gain":0.0,"max_hp_loss":0.0,"gold_gain":0.0,"event_name":"The Woman in Blue","player_choice":"Bought 0 Potions","floor":3.0,"gold_loss":0.0,"damage_taken":0.0},{"damage_healed":0.0,"max_hp_gain":5.0,"max_hp_loss":0.0,"gold_gain":0.0,"event_name":"Forgotten Altar","player_choice":"Shed Blood","floor":31.0,"gold_loss":0.0,"damage_taken":22.0},{"damage_healed":0.0,"max_hp_gain":0.0,"max_hp_loss":0.0,"gold_gain":0.0,"event_name":"Tomb of Lord Red Mask","player_choice":"Ignored","floor":37.0,"gold_loss":0.0,"damage_taken":0.0},{"cards_removed":["Defend_B"],"damage_healed":0.0,"max_hp_gain":0.0,"max_hp_loss":0.0,"gold_gain":0.0,"event_name":"Falling","player_choice":"Removed Skill","floor":39.0,"gold_loss":0.0,"damage_taken":0.0},{"damage_healed":0.0,"max_hp_gain":0.0,"max_hp_loss":0.0,"gold_gain":0.0,"event_name":"MindBloom","player_choice":"Fight","floor":44.0,"gold_loss":0.0,"damage_taken":0.0},{"damage_healed":0,"gold_gain":0,"player_choice":"Max HP","damage_taken":0,"max_hp_gain":0,"max_hp_loss":5,"event_name":"Winding Halls","floor":47,"gold_loss":0}],"is_beta":false,"boss_relics":[{"not_picked":["Snecko Eye","Runic Pyramid"],"picked":"Inserter"},{"not_picked":["Empty Cage","Black Star"],"picked":"Fusion Hammer"}],"items_purged_floors":[5,20],"is_endless":false,"potions_floor_spawned":[1,4,13,14,16,21,22,29,33,35,36,46,48],"ascension_level":4}}