{"host":"dl7h25vjpuplx29g","time":1611338525,"event":{"mods":["BaseMod","Colored Map","Minty Spire (QoL Compilation)","StSLib"],"gold_per_floor":[116,136,136,136,154,154,184,184,263,292,57,57,57,84,84,161,161,178,178,178,34,69,69,101,101,101,101,111,145,145,156,156,230,230,248,323,323,335,403,403,486,525,525,551,616,616,616,247,247,247,247,247,75,103,103],"floor_reached":56,"language":"JPN","playtime":4341,"items_purged":["Strike_P","Strike_P","Defend_P","Defend_P"],"score":2298,"play_id":"f3324da5-83dc-4aa3-abd2-60a2f97557b2","local_time":"20210123030205","is_ascension_mode":true,"campfire_choices":[{"data":"Eruption","floor":6.0,"key":"SMITH"},{"data":"Ragnarok","floor":8.0,"key":"SMITH"},{"data":"BowlingBash","floor":13.0,"key":"SMITH"},{"data":"EmptyFist","floor":15.0,"key":"SMITH"},{"data":"Swivel","floor":23.0,"key":"SMITH"},{"data":"Tantrum","floor":25.0,"key":"SMITH"},{"floor":27.0,"key":"REST"},{"data":"ThirdEye","floor":32.0,"key":"SMITH"},{"floor":40.0,"key":"RECALL"},{"data":"Wish","floor":47.0,"key":"SMITH"},{"data":"WreathOfFlame","floor":49.0,"key":"SMITH"},{"data":"Fasting2","floor":52.0,"key":"SMITH"}],"circlet_count":0,"master_deck":["AscendersBane","Strike_P+1","Defend_P+1","Defend_P+1","Eruption+1","Vigilance+1","EmptyFist+1","SashWhip","Ragnarok+1","DeusExMachina","Swivel+1","BowlingBash+1","WheelKick","Omniscience","DeceiveReality+1","Tantrum+1","EmptyBody","ClearTheMind","ThirdEye+1","Wish+1","Swivel","Omniscience","WreathOfFlame+1","Fasting2+1","Adaptation","MasterReality","InnerPeace","Wallop"],"relics":["PureWater","Strawberry","Letter Opener","MealTicket","Medical Kit","Bottled Flame","Snecko Eye","MutagenicStrength","Red Mask","War Paint","Bag of Preparation","Vajra","Ice Cream","Coffee Dripper","Dead Branch","Boot","Smiling Mask","Torii","Eternal Feather"],"acts_visited":["Exordium","TheCity","TheBeyond","TheEnding"],"potions_floor_usage":[55],"damage_taken":[{"damage":0.0,"enemies":"2 Louse","floor":1.0,"turns":2.0},{"damage":0.0,"enemies":"Small Slimes","floor":2.0,"turns":2.0},{"damage":6.0,"enemies":"Cultist","floor":5.0,"turns":3.0},{"damage":0.0,"enemies":"Gremlin Nob","floor":7.0,"turns":2.0},{"damage":0.0,"enemies":"3 Sentries","floor":10.0,"turns":3.0},{"damage":0.0,"enemies":"Lagavulin","floor":14.0,"turns":4.0},{"damage":40.0,"enemies":"Hexaghost","floor":16.0,"turns":5.0},{"damage":6.0,"enemies":"3 Byrds","floor":18.0,"turns":2.0},{"damage":0.0,"enemies":"Masked Bandits","floor":22.0,"turns":2.0},{"damage":16.0,"enemies":"Book of Stabbing","floor":24.0,"turns":2.0},{"damage":0.0,"enemies":"Shell Parasite","floor":28.0,"turns":1.0},{"damage":0.0,"enemies":"Slavers","floor":29.0,"turns":1.0},{"damage":0.0,"enemies":"Snake Plant","floor":31.0,"turns":1.0},{"damage":26.0,"enemies":"Automaton","floor":33.0,"turns":7.0},{"damage":0.0,"enemies":"3 Shapes","floor":35.0,"turns":2.0},{"damage":0.0,"enemies":"Mind Bloom Boss Battle","floor":36.0,"turns":3.0},{"damage":0.0,"enemies":"Orb Walker","floor":38.0,"turns":1.0},{"damage":0.0,"enemies":"Sphere and 2 Shapes","floor":39.0,"turns":1.0},{"damage":0.0,"enemies":"Reptomancer","floor":41.0,"turns":1.0},{"damage":5.0,"enemies":"Transient","floor":42.0,"turns":6.0},{"damage":0.0,"enemies":"Giant Head","floor":44.0,"turns":2.0},{"damage":0.0,"enemies":"Maw","floor":45.0,"turns":1.0},{"damage":7.0,"enemies":"Time Eater","floor":50.0,"turns":4.0},{"damage":0.0,"enemies":"Shield and Spear","floor":54.0,"turns":1.0},{"damage":50,"enemies":"The Heart","floor":55,"turns":7}],"seed_played":"-8875494756630685134","potions_obtained":[{"floor":1.0,"key":"Strength Potion"},{"floor":7.0,"key":"SkillPotion"},{"floor":16.0,"key":"SkillPotion"},{"floor":28.0,"key":"Ambrosia"},{"floor":35.0,"key":"Strength Potion"},{"floor":36.0,"key":"Ancient Potion"}],"is_trial":false,"path_per_floor":["M","M","?","?","M","R","E","R","T","E","$","?","R","E","R","B",null,"M","?","?","$","?","R","E","R","T","R","M","E","T","M","R","B",null,"M","?","?","M","M","R","E","M","T","E","M","?","R","$","R","B",null,"R","$","E","B",null],"character_chosen":"WATCHER","items_purchased":["Medical Kit","DeceiveReality","Torii","InnerPeace","Wallop"],"campfire_rested":1,"item_purchase_floors":[11,21,48,53,53],"current_hp_per_floor":[61,61,41,41,35,35,42,42,42,42,57,62,62,62,62,22,66,60,60,37,52,52,52,36,36,36,61,61,61,61,61,61,35,73,73,73,73,73,73,73,73,68,68,68,68,68,68,83,83,76,83,83,85,85,35],"gold":103,"neow_bonus":"UPGRADE_CARD","is_daily":false,"chose_seed":false,"campfire_upgraded":10,"win_rate":0.0,"timestamp":1611338525,"path_taken":["M","M","?","?","?","R","E","R","T","E","$","?","R","E","R","BOSS","M","?","?","$","?","R","E","R","T","R","M","E","?","M","R","BOSS","M","?","?","M","M","R","E","?","T","E","M","?","R","$","R","BOSS","R","$","E","BOSS"],"items_purchased_type":["Relic","Card","Relic","Card","Card"],"build_version":"2020-12-22","purchased_purges":4,"victory":true,"max_hp_per_floor":[68,68,68,68,68,68,75,75,75,75,75,80,80,80,80,80,80,80,80,85,85,85,85,85,85,85,85,85,85,85,85,85,85,85,85,85,85,85,85,85,85,85,85,85,85,85,85,85,85,85,85,85,85,85,85],"card_choices":[{"not_picked":["WindmillStrike","MentalFortress"],"picked":"EmptyFist","floor":1.0},{"not_picked":["PathToVictory","Collect"],"picked":"SashWhip","floor":2.0},{"not_picked":["Evaluate","Vengeance"],"picked":"DeusExMachina","floor":5.0},{"not_picked":["EmptyBody","WreathOfFlame"],"picked":"Swivel","floor":7.0},{"not_picked":["EmptyBody","PathToVictory"],"picked":"BowlingBash","floor":10.0},{"not_picked":["Study","JustLucky"],"picked":"WheelKick","floor":14.0},{"not_picked":["Blasphemy","Wish"],"picked":"Omniscience","floor":16.0},{"not_picked":["PathToVictory+1","FlurryOfBlows","Crescendo"],"picked":"SKIP","floor":18.0},{"not_picked":["Nirvana","WaveOfTheHand"],"picked":"Tantrum","floor":22.0},{"not_picked":["Fasting2","FollowUp"],"picked":"EmptyBody","floor":24.0},{"not_picked":["FlurryOfBlows","CutThroughFate+1"],"picked":"ClearTheMind","floor":28.0},{"not_picked":["Devotion","BowlingBash"],"picked":"ThirdEye","floor":29.0},{"not_picked":["Collect","JustLucky+1","EmptyFist+1"],"picked":"SKIP","floor":31.0},{"not_picked":["Collect","JustLucky+1","EmptyFist+1"],"picked":"SKIP","floor":31.0},{"not_picked":["DeusExMachina","Devotion"],"picked":"Wish","floor":33.0},{"not_picked":["Evaluate","FlyingSleeves","CrushJoints+1"],"picked":"SKIP","floor":35.0},{"not_picked":["WreathOfFlame","Perseverance"],"picked":"Swivel","floor":36.0},{"not_picked":["Collect","Crescendo","LikeWater"],"picked":"SKIP","floor":38.0},{"not_picked":["FollowUp","WheelKick"],"picked":"WreathOfFlame","floor":39.0},{"not_picked":["FlyingSleeves","ReachHeaven"],"picked":"Fasting2","floor":41.0},{"not_picked":["Perseverance","CrushJoints+1","Halt"],"picked":"SKIP","floor":42.0},{"not_picked":["Evaluate","Wallop+1"],"picked":"Adaptation","floor":44.0},{"not_picked":["ClearTheMind","WreathOfFlame"],"picked":"MasterReality","floor":45.0},{"not_picked":["BattleHymn","Halt","Tantrum"],"picked":"SKIP","floor":54.0}],"player_experience":1644293,"relics_obtained":[{"floor":7.0,"key":"Strawberry"},{"floor":9.0,"key":"Letter Opener"},{"floor":10.0,"key":"MealTicket"},{"floor":14.0,"key":"Bottled Flame"},{"floor":22.0,"key":"Red Mask"},{"floor":24.0,"key":"War Paint"},{"floor":26.0,"key":"Bag of Preparation"},{"floor":29.0,"key":"Vajra"},{"floor":30.0,"key":"Ice Cream"},{"floor":36.0,"key":"Dead Branch"},{"floor":41.0,"key":"Boot"},{"floor":44.0,"key":"Smiling Mask"},{"floor":54.0,"key":"Eternal Feather"}],"event_choices":[{"damage_healed":0.0,"max_hp_gain":0.0,"max_hp_loss":0.0,"gold_gain":0.0,"event_name":"Shining Light","player_choice":"Entered Light","floor":3.0,"gold_loss":0.0,"damage_taken":20.0,"cards_upgraded":["Strike_P","Defend_P"]},{"damage_healed":0.0,"max_hp_gain":0.0,"max_hp_loss":0.0,"gold_gain":0.0,"event_name":"Match and Keep!","player_choice":"1 cards matched","floor":4.0,"gold_loss":0.0,"damage_taken":0.0,"cards_obtained":["Ragnarok"]},{"damage_healed":0.0,"max_hp_gain":5.0,"max_hp_loss":0.0,"gold_gain":0.0,"event_name":"Big Fish","player_choice":"Donut","floor":12.0,"gold_loss":0.0,"damage_taken":0.0},{"damage_healed":0.0,"max_hp_gain":0.0,"max_hp_loss":0.0,"gold_gain":0.0,"event_name":"Drug Dealer","player_choice":"Inject Mutagens","floor":19.0,"gold_loss":0.0,"damage_taken":0.0,"relics_obtained":["MutagenicStrength"]},{"damage_healed":0.0,"max_hp_gain":5.0,"max_hp_loss":0.0,"gold_gain":0.0,"event_name":"Forgotten Altar","player_choice":"Shed Blood","floor":20.0,"gold_loss":0.0,"damage_taken":28.0},{"damage_healed":0.0,"max_hp_gain":0.0,"max_hp_loss":0.0,"gold_gain":0.0,"event_name":"Masked Bandits","player_choice":"Fought Bandits","floor":22.0,"gold_loss":0.0,"damage_taken":0.0},{"damage_healed":0.0,"max_hp_gain":0.0,"max_hp_loss":0.0,"gold_gain":0.0,"event_name":"MindBloom","player_choice":"Fight","floor":36.0,"gold_loss":0.0,"damage_taken":0.0},{"damage_healed":0.0,"max_hp_gain":0.0,"max_hp_loss":0.0,"gold_gain":0.0,"event_name":"Duplicator","player_choice":"Copied","floor":37.0,"gold_loss":0.0,"damage_taken":0.0,"cards_obtained":["Omniscience"]},{"cards_removed":["Strike_P"],"damage_healed":0.0,"max_hp_gain":0.0,"max_hp_loss":0.0,"gold_gain":0.0,"event_name":"Purifier","player_choice":"Purged","floor":46.0,"gold_loss":0.0,"damage_taken":0.0}],"is_beta":false,"boss_relics":[{"not_picked":["Sozu","Fusion Hammer"],"picked":"Snecko Eye"},{"not_picked":["Tiny House","Black Star"],"picked":"Coffee Dripper"}],"items_purged_floors":[11,21,48,53],"is_endless":false,"potions_floor_spawned":[1,7,16,28,29,31,35,36],"ascension_level":17}}