{"host":"qik6c64y69p9jmph","time":1611359906,"event":{"mods":["AchievementEnabler","BaseMod","Highlight Path","Minty Spire (QoL Compilation)","Quick Restart","StSLib","Synergy Search"],"gold_per_floor":[115,134,134,146,146,146,177,177,177,197,197,197,197,222,222,348,348,362,362,362,362],"floor_reached":20,"language":"ENG","playtime":797,"items_purged":[],"score":215,"play_id":"15da6733-da9d-424f-9ce9-4f0f3c7da78e","local_time":"20210122185826","is_ascension_mode":true,"campfire_choices":[{"data":"PathToVictory","floor":6,"key":"SMITH"},{"floor":8,"key":"REST"},{"floor":11,"key":"REST"},{"floor":13,"key":"REST"},{"data":"Eruption","floor":15,"key":"SMITH"}],"circlet_count":0,"master_deck":["Strike_P","Strike_P","Strike_P","Strike_P","Defend_P","Defend_P","Defend_P","Defend_P","Eruption+1","Vigilance","PathToVictory+1","CutThroughFate","Perseverance","LikeWater+1","ClearTheMind","Wireheading+1","Ragnarok"],"relics":["PureWater","Golden Idol","Frozen Egg 2","Pen Nib","Busted Crown","Blood Vial"],"acts_visited":["Exordium","TheCity"],"potions_floor_usage":[7,10,18,20],"damage_taken":[{"damage":2,"enemies":"Jaw Worm","floor":1,"turns":4},{"damage":0,"enemies":"2 Louse","floor":2,"turns":2},{"damage":0,"enemies":"Small Slimes","floor":4,"turns":2},{"damage":33,"enemies":"Lagavulin","floor":7,"turns":6},{"damage":40,"enemies":"Gremlin Gang","floor":10,"turns":5},{"damage":4,"enemies":"3 Louse","floor":14,"turns":3},{"damage":33,"enemies":"Slime Boss","floor":16,"turns":6},{"damage":34,"enemies":"2 Thieves","floor":18,"turns":3},{"damage":28,"enemies":"3 Byrds","floor":20,"turns":3}],"seed_played":"7829166985659068340","potions_obtained":[{"floor":2,"key":"FearPotion"},{"floor":10,"key":"Fruit Juice"},{"floor":16,"key":"BlessingOfTheForge"},{"floor":18,"key":"SkillPotion"}],"is_trial":false,"path_per_floor":["M","M","?","M","?","R","E","R","T","M","R","?","R","M","R","B",null,"M","?","M"],"character_chosen":"WATCHER","items_purchased":[],"campfire_rested":3,"item_purchase_floors":[],"current_hp_per_floor":[70,70,70,70,67,67,34,54,54,19,40,40,61,57,57,24,60,26,26,0,0],"gold":362,"neow_bonus":"THREE_CARDS","is_daily":false,"chose_seed":false,"campfire_upgraded":2,"win_rate":0.0,"timestamp":1611359906,"path_taken":["M","M","?","M","?","R","E","R","T","M","R","?","R","?","R","BOSS","M","?","M"],"items_purchased_type":[],"build_version":"2020-12-22","purchased_purges":0,"victory":false,"max_hp_per_floor":[72,72,72,72,67,67,67,67,67,72,72,72,72,72,72,72,72,72,72,72,72],"card_choices":[{"not_picked":["FollowUp","Sanctity"],"picked":"PathToVictory","floor":0},{"not_picked":["WaveOfTheHand","FollowUp"],"picked":"CutThroughFate","floor":1},{"not_picked":["ThirdEye","Consecrate"],"picked":"Perseverance","floor":2},{"not_picked":["Consecrate","SignatureMove","Protect"],"picked":"SKIP","floor":4},{"not_picked":["CrushJoints","Protect"],"picked":"LikeWater+1","floor":7},{"not_picked":["WheelKick","Vengeance"],"picked":"ClearTheMind","floor":10},{"not_picked":["BowlingBash","ClearTheMind"],"picked":"Wireheading+1","floor":14},{"not_picked":["DeusExMachina","Establishment+1"],"picked":"Ragnarok","floor":16},{"not_picked":["SandsOfTime"],"picked":"SKIP","floor":18}],"player_experience":534488,"relics_obtained":[{"floor":7,"key":"Frozen Egg 2"},{"floor":9,"key":"Pen Nib"}],"event_choices":[{"damage_healed":0,"gold_gain":0,"player_choice":"Leave","damage_taken":0,"max_hp_gain":0,"max_hp_loss":0,"event_name":"The Cleric","floor":3,"gold_loss":0},{"damage_healed":0,"gold_gain":0,"player_choice":"Lose Max HP","damage_taken":0,"relics_obtained":["Golden Idol"],"max_hp_gain":0,"max_hp_loss":5,"event_name":"Golden Idol","floor":5,"gold_loss":0},{"damage_healed":0,"gold_gain":0,"player_choice":"Bought 0 Potions","damage_taken":0,"max_hp_gain":0,"max_hp_loss":0,"event_name":"The Woman in Blue","floor":12,"gold_loss":0},{"damage_healed":0,"gold_gain":0,"player_choice":"Opened","damage_taken":0,"relics_obtained":["Blood Vial"],"max_hp_gain":0,"max_hp_loss":0,"event_name":"The Mausoleum","floor":19,"gold_loss":0}],"is_beta":false,"boss_relics":[{"not_picked":["Coffee Dripper","Ectoplasm"],"picked":"Busted Crown"}],"items_purged_floors":[],"is_endless":false,"potions_floor_spawned":[2,10,16,18],"killed_by":"3 Byrds","ascension_level":5}}