{"host":"fa35vd3kig5td25x","time":1611337687,"event":{"mods":["BaseMod","Colored Powertips","Minty Spire (QoL Compilation)","Relic Stats","Slay the Relics Exporter"],"gold_per_floor":[115,129,129,32,32,32,45,78,160,160,185,185,198,213,213,287,287,301,327,344,259,274,300,300,328,351,386,386,400,410,421,421,493,493,503,317,330,348,365,394,394,425,425,437,452,470,470,487,487,487,487,487,487,125,153,153],"floor_reached":57,"language":"ENG","playtime":3159,"items_purged":["Flying Knee+1","All Out Attack+1"],"score":3126,"play_id":"89a8f654-d941-4af9-9f1a-9448c30a4842","local_time":"20210122184807","is_ascension_mode":true,"campfire_choices":[{"data":"Blade Dance","floor":6,"key":"SMITH"},{"data":"Neutralize","floor":10,"key":"SMITH"},{"data":"Deadly Poison","floor":15,"key":"SMITH"},{"floor":24,"key":"REST"},{"data":"Accuracy","floor":28,"key":"SMITH"},{"data":"Survivor","floor":32,"key":"SMITH"},{"floor":41,"key":"RECALL"},{"data":"Dagger Throw","floor":47,"key":"SMITH"},{"floor":49,"key":"REST"},{"floor":53,"key":"REST"}],"circlet_count":0,"master_deck":["AscendersBane","Survivor+1","Neutralize+1","Cloak And Dagger+1","Deadly Poison+1","Blade Dance+1","Accuracy+1","Dagger Throw+1","Catalyst+1","Prepared+1","Blade Dance+1","Venomology+1","Heel Hook+1","Bane+1","Slice+1","Leg Sweep+1","Deflect+1","Doppelganger+1","Backstab+1","Blade Dance+1","PiercingWail+1","Escape Plan+1","Backflip+1","Backflip+1","Malaise+1","Deflect+1","Footwork+1","Infinite Blades+1","Acrobatics+1","Phantasmal Killer+1","Dash+1","Calculated Gamble+1","Expertise+1","Catalyst+1","Choke+1","Burst+1","PiercingWail+1","Backflip+1","Noxious Fumes+1","Well Laid Plans+1"],"relics":["WristBlade","Bag of Preparation","Molten Egg 2","Toxic Egg 2","Pandora\u0027s Box","Red Mask","FossilizedHelix","Frozen Egg 2","Vajra","Regal Pillow","Pantograph","Philosopher\u0027s Stone","Singing Bowl","Bronze Scales","OrangePellets","Anchor"],"acts_visited":["Exordium","TheCity","TheBeyond","TheEnding"],"potions_floor_usage":[8,11,19,19,22,27,33,33,38,40,55,56],"damage_taken":[{"damage":6,"enemies":"Cultist","floor":1,"turns":5},{"damage":7,"enemies":"Jaw Worm","floor":2,"turns":4},{"damage":3,"enemies":"2 Louse","floor":7,"turns":3},{"damage":3,"enemies":"Gremlin Nob","floor":8,"turns":3},{"damage":2,"enemies":"3 Sentries","floor":11,"turns":6},{"damage":7,"enemies":"Large Slime","floor":13,"turns":4},{"damage":1,"enemies":"2 Fungi Beasts","floor":14,"turns":3},{"damage":9,"enemies":"Hexaghost","floor":16,"turns":6},{"damage":8,"enemies":"Shell Parasite","floor":18,"turns":2},{"damage":0,"enemies":"Masked Bandits","floor":19,"turns":2},{"damage":8,"enemies":"2 Thieves","floor":20,"turns":2},{"damage":0,"enemies":"Cultist and Chosen","floor":22,"turns":3},{"damage":0,"enemies":"Gremlin Leader","floor":23,"turns":3},{"damage":0,"enemies":"Slavers","floor":25,"turns":4},{"damage":0,"enemies":"Gremlin Leader","floor":27,"turns":3},{"damage":0,"enemies":"Snake Plant","floor":29,"turns":3},{"damage":0,"enemies":"Sentry and Sphere","floor":30,"turns":4},{"damage":0,"enemies":"Chosen and Byrds","floor":31,"turns":3},{"damage":0,"enemies":"Champ","floor":33,"turns":8},{"damage":0,"enemies":"3 Shapes","floor":35,"turns":3},{"damage":0,"enemies":"3 Darklings","floor":37,"turns":4},{"damage":0,"enemies":"Jaw Worm Horde","floor":38,"turns":3},{"damage":0,"enemies":"Maw","floor":39,"turns":4},{"damage":12,"enemies":"Reptomancer","floor":40,"turns":3},{"damage":0,"enemies":"Nemesis","floor":42,"turns":3},{"damage":10,"enemies":"Sphere and 2 Shapes","floor":44,"turns":5},{"damage":0,"enemies":"3 Darklings","floor":45,"turns":4},{"damage":0,"enemies":"Jaw Worm Horde","floor":46,"turns":4},{"damage":0,"enemies":"4 Shapes","floor":48,"turns":4},{"damage":12,"enemies":"Awakened One","floor":50,"turns":10},{"damage":35,"enemies":"Donu and Deca","floor":51,"turns":6},{"damage":4,"enemies":"Shield and Spear","floor":55,"turns":8},{"damage":33,"enemies":"The Heart","floor":56,"turns":8}],"seed_played":"7400029807413945591","potions_obtained":[{"floor":2,"key":"SteroidPotion"},{"floor":7,"key":"Dexterity Potion"},{"floor":11,"key":"PowerPotion"},{"floor":14,"key":"Explosive Potion"},{"floor":22,"key":"CunningPotion"},{"floor":31,"key":"SpeedPotion"},{"floor":33,"key":"Fire Potion"},{"floor":40,"key":"GamblersBrew"}],"is_trial":false,"path_per_floor":["M","M","?","$","?","R","M","E","T","R","E","?","M","M","R","B",null,"M","?","M","?","M","E","R","E","T","E","R","M","M","M","R","B",null,"M","$","M","M","M","E","R","E","T","M","M","M","R","M","R","B","B",null,"R","$","E","B",null],"character_chosen":"THE_SILENT","items_purchased":["Blade Dance","Accuracy","Calculated Gamble+1","Expertise+1","OrangePellets","Backflip+1","Noxious Fumes+1"],"campfire_rested":3,"item_purchase_floors":[4,4,36,36,54,54,54],"current_hp_per_floor":[53,46,46,46,51,51,48,45,45,45,43,43,36,35,35,26,60,52,52,44,44,44,44,65,65,65,65,65,65,65,65,65,71,71,71,71,71,71,71,61,61,61,61,51,51,53,53,55,77,65,42,68,77,77,73,44],"gold":153,"neow_bonus":"BOSS_RELIC","is_daily":false,"chose_seed":false,"campfire_upgraded":6,"win_rate":0.0,"timestamp":1611337687,"path_taken":["M","M","?","?","?","R","M","E","T","R","E","?","M","M","R","BOSS","M","?","M","?","M","E","R","E","T","E","R","M","M","M","R","BOSS","M","$","M","M","M","E","R","E","T","M","M","M","R","M","R","BOSS","BOSS","R","$","E","BOSS"],"items_purchased_type":["Card","Card","Card","Card","Relic","Card","Card"],"build_version":"2020-12-22","purchased_purges":2,"victory":true,"max_hp_per_floor":[66,66,66,66,71,71,71,71,71,71,71,71,71,71,71,71,71,71,71,71,71,71,71,71,71,71,71,71,71,71,71,71,71,71,71,71,71,71,71,73,73,73,73,73,73,75,75,77,77,77,77,77,77,77,77,77],"relic_stats":{"OrangePellets":[3],"Regal Pillow":0,"Singing Bowl":6,"counters":[33,140],"Pantograph":22,"Bronze Scales":[225],"Pandora\u0027s Box":["Heel Hook","Bane","Slice","Leg Sweep","Deflect","Doppelganger","Backstab","Blade Dance","Flying Knee","All Out Attack"],"Bag of Preparation":[58],"obtain_stats":[{"Regal Pillow":26,"Singing Bowl":40,"Vajra":25,"Bag of Preparation":8,"Frozen Egg 2":23,"OrangePellets":54,"Anchor":55,"WristBlade":0,"Pantograph":27,"Bronze Scales":42,"Molten Egg 2":9,"Pandora\u0027s Box":17,"Philosopher\u0027s Stone":34,"Red Mask":19,"Toxic Egg 2":11,"FossilizedHelix":21,"Ring of the Snake":0},{"Regal Pillow":14,"Singing Bowl":24,"Vajra":14,"Bag of Preparation":4,"Frozen Egg 2":13,"OrangePellets":31,"Anchor":32,"WristBlade":0,"Pantograph":15,"Bronze Scales":25,"Molten Egg 2":4,"Pandora\u0027s Box":8,"Philosopher\u0027s Stone":19,"Red Mask":10,"Toxic Egg 2":5,"FossilizedHelix":11,"Ring of the Snake":0},{"Regal Pillow":50,"Singing Bowl":88,"Vajra":50,"Bag of Preparation":15,"Frozen Egg 2":46,"OrangePellets":124,"Anchor":132,"WristBlade":0,"Pantograph":53,"Bronze Scales":91,"Molten Egg 2":15,"Pandora\u0027s Box":34,"Philosopher\u0027s Stone":71,"Red Mask":38,"Toxic Egg 2":21,"FossilizedHelix":40,"Ring of the Snake":0}]},"card_choices":[{"not_picked":["Distraction","Outmaneuver"],"picked":"Cloak And Dagger","floor":1},{"not_picked":["Well Laid Plans","Bane"],"picked":"Deadly Poison","floor":2},{"not_picked":["PiercingWail","Underhanded Strike"],"picked":"Dagger Throw","floor":7},{"not_picked":["Dagger Spray","Dagger Throw","Reflex"],"picked":"SKIP","floor":8},{"not_picked":["Die Die Die+1","PiercingWail+1"],"picked":"Catalyst+1","floor":11},{"not_picked":["Poisoned Stab+1","Outmaneuver+1"],"picked":"Prepared+1","floor":13},{"not_picked":["Cloak And Dagger+1","Sucker Punch+1"],"picked":"Blade Dance+1","floor":14},{"not_picked":["Die Die Die+1","A Thousand Cuts"],"picked":"Venomology+1","floor":16},{"not_picked":["Escape Plan+1","Flying Knee+1"],"picked":"PiercingWail+1","floor":18},{"not_picked":["Poisoned Stab+1","Flying Knee+1"],"picked":"Escape Plan+1","floor":19},{"not_picked":["Prepared+1","Backstab+1"],"picked":"Backflip+1","floor":20},{"not_picked":["Prepared+1","Dagger Throw+1"],"picked":"Backflip+1","floor":22},{"not_picked":["Blade Dance+1","Flying Knee+1"],"picked":"Malaise+1","floor":23},{"not_picked":["Dagger Spray+1","Quick Slash+1"],"picked":"Deflect+1","floor":25},{"not_picked":["Leg Sweep+1","Endless Agony+1","Flying Knee+1"],"picked":"SKIP","floor":27},{"not_picked":["Prepared+1","Outmaneuver+1"],"picked":"Footwork+1","floor":29},{"not_picked":["Dagger Throw+1","Underhanded Strike+1"],"picked":"Infinite Blades+1","floor":30},{"not_picked":["Outmaneuver+1","Dagger Spray+1"],"picked":"Acrobatics+1","floor":31},{"not_picked":["Die Die Die+1","Night Terror+1"],"picked":"Phantasmal Killer+1","floor":33},{"not_picked":["Bane+1","Outmaneuver+1"],"picked":"Dash+1","floor":35},{"not_picked":["Deflect+1","Flying Knee+1","Underhanded Strike+1"],"picked":"SKIP","floor":37},{"not_picked":["Deflect+1","Flying Knee+1","Underhanded Strike+1"],"picked":"SKIP","floor":37},{"not_picked":["Noxious Fumes+1","Flying Knee+1","Tactician+1"],"picked":"SKIP","floor":38},{"not_picked":["Accuracy+1","Dagger Spray+1"],"picked":"Catalyst+1","floor":39},{"not_picked":["Bouncing Flask+1","Caltrops+1","Concentrate+1"],"picked":"Singing Bowl","floor":40},{"not_picked":["Deadly Poison+1","Sucker Punch+1"],"picked":"Choke+1","floor":42},{"not_picked":["Flying Knee+1","Deadly Poison+1"],"picked":"Burst+1","floor":44},{"not_picked":["Prepared+1","Leg Sweep+1"],"picked":"PiercingWail+1","floor":45},{"not_picked":["Poisoned Stab+1","Prepared+1","Tactician+1"],"picked":"Singing Bowl","floor":46},{"not_picked":["Quick Slash+1","Backstab+1","Calculated Gamble+1"],"picked":"Singing Bowl","floor":48},{"not_picked":["Deflect+1","Accuracy+1"],"picked":"Well Laid Plans+1","floor":55}],"player_experience":2977541,"relics_obtained":[{"floor":8,"key":"Bag of Preparation"},{"floor":9,"key":"Molten Egg 2"},{"floor":11,"key":"Toxic Egg 2"},{"floor":19,"key":"Red Mask"},{"floor":23,"key":"Frozen Egg 2"},{"floor":25,"key":"Vajra"},{"floor":26,"key":"Regal Pillow"},{"floor":27,"key":"Pantograph"},{"floor":40,"key":"Singing Bowl"},{"floor":42,"key":"Bronze Scales"},{"floor":55,"key":"Anchor"}],"event_choices":[{"damage_healed":0,"gold_gain":0,"player_choice":"Grow","damage_taken":0,"max_hp_gain":0,"max_hp_loss":0,"event_name":"Living Wall","floor":3,"gold_loss":0,"cards_upgraded":["Cloak And Dagger"]},{"damage_healed":0,"gold_gain":0,"player_choice":"Donut","damage_taken":0,"max_hp_gain":5,"max_hp_loss":0,"event_name":"Big Fish","floor":5,"gold_loss":0},{"damage_healed":0,"gold_gain":0,"player_choice":"Ignored","damage_taken":0,"max_hp_gain":0,"max_hp_loss":0,"event_name":"Liars Game","floor":12,"gold_loss":0},{"damage_healed":0,"gold_gain":0,"player_choice":"Fought Bandits","damage_taken":0,"max_hp_gain":0,"max_hp_loss":0,"event_name":"Masked Bandits","floor":19,"gold_loss":0},{"damage_healed":0,"gold_gain":0,"player_choice":"Obtained Relic","damage_taken":0,"relics_obtained":["FossilizedHelix"],"max_hp_gain":0,"max_hp_loss":0,"event_name":"Addict","floor":21,"gold_loss":85}],"is_beta":false,"boss_relics":[{"not_picked":["Velvet Choker","Ectoplasm"],"picked":"Pandora\u0027s Box"},{"not_picked":["Empty Cage","Tiny House"],"picked":"Philosopher\u0027s Stone"}],"items_purged_floors":[36,54],"is_endless":false,"potions_floor_spawned":[2,7,11,14,16,22,23,27,31,33,35,38,40,42,46],"ascension_level":20}}