{"host":"sw6p9u0oh417cx03","time":1611328590,"event":{"mods":["AchievementEnabler","Act Like it!","BaseMod","CapriCore","DeckTracker","Highlight Path","Minty Spire (QoL Compilation)","Quick Restart","StSLib"],"gold_per_floor":[116,14,32,32,47,82,112,124,124,124,124,156,156,12,12,85,85,98,20,33,33,83,109,124,124,124,124,151,170,200,210,210,210,210],"floor_reached":33,"language":"ZHS","playtime":1064,"items_purged":["Strike_R"],"score":522,"play_id":"acea1ca2-3c10-4193-a6e0-20f977d8abd8","local_time":"20210122231630","is_ascension_mode":true,"campfire_choices":[{"data":"Immolate","floor":11.0,"key":"SMITH"},{"floor":15.0,"key":"RECALL"},{"data":"Second Wind","floor":25.0,"key":"SMITH"},{"data":"Berserk","floor":27.0,"key":"SMITH"},{"data":"Burning Pact","floor":32.0,"key":"SMITH"}],"circlet_count":0,"master_deck":["AscendersBane","Defend_R","Defend_R","Defend_R","Defend_R","Bash","True Grit+1","Immolate+1","Shockwave+1","Pommel Strike","Limit Break","Second Wind+1","Body Slam+1","Feed","Berserk+1","Burning Pact+1"],"relics":["Burning Blood","Pocketwatch","Art of War","War Paint","Bottled Lightning","Lee\u0027s Waffle","Empty Cage","FossilizedHelix","Mummified Hand","Oddly Smooth Stone","Red Mask"],"acts_visited":["Exordium","TheCity"],"potions_floor_usage":[33],"damage_taken":[{"damage":12.0,"enemies":"Jaw Worm","floor":1.0,"turns":3.0},{"damage":9.0,"enemies":"Cultist","floor":3.0,"turns":4.0},{"damage":12.0,"enemies":"Small Slimes","floor":5.0,"turns":4.0},{"damage":57.0,"enemies":"Lagavulin","floor":6.0,"turns":8.0},{"damage":7.0,"enemies":"2 Fungi Beasts","floor":8.0,"turns":2.0},{"damage":26.0,"enemies":"Gremlin Nob","floor":12.0,"turns":4.0},{"damage":32.0,"enemies":"The Guardian","floor":16.0,"turns":8.0},{"damage":6.0,"enemies":"Shell Parasite","floor":18.0,"turns":4.0},{"damage":0.0,"enemies":"Chosen","floor":20.0,"turns":3.0},{"damage":0.0,"enemies":"Gremlin Leader","floor":23.0,"turns":4.0},{"damage":4.0,"enemies":"Shelled Parasite and Fungi","floor":24.0,"turns":3.0},{"damage":12.0,"enemies":"Snake Plant","floor":29.0,"turns":3.0},{"damage":0.0,"enemies":"Masked Bandits","floor":30.0,"turns":3.0},{"damage":0.0,"enemies":"Centurion and Healer","floor":31.0,"turns":3.0},{"damage":95,"enemies":"Champ","floor":33,"turns":14}],"seed_played":"1313932490043835751","potions_obtained":[{"floor":6.0,"key":"Energy Potion"},{"floor":16.0,"key":"BlessingOfTheForge"},{"floor":23.0,"key":"Dexterity Potion"}],"is_trial":false,"path_per_floor":["M","$","M","?","M","E","?","M","T","?","R","E","?","$","R","B",null,"M","$","M","?","?","E","M","R","T","R","T","M","?","M","R","B"],"character_chosen":"IRONCLAD","items_purchased":["True Grit","Lee\u0027s Waffle","Second Wind"],"campfire_rested":0,"item_purchase_floors":[2,14,19],"current_hp_per_floor":[62,62,59,68,62,11,11,10,10,32,32,12,12,75,75,49,69,69,69,75,75,75,75,75,75,75,75,75,69,78,78,78,0,0],"gold":210,"neow_bonus":"ONE_RARE_RELIC","is_daily":false,"chose_seed":false,"campfire_upgraded":4,"win_rate":0.0,"timestamp":1611328590,"path_taken":["M","$","M","?","?","E","?","M","T","?","R","E","?","$","R","BOSS","M","$","?","?","?","E","?","R","T","R","?","M","?","?","R","BOSS"],"items_purchased_type":["Card","Relic","Card"],"build_version":"2020-12-22","purchased_purges":1,"victory":false,"max_hp_per_floor":[68,68,68,68,68,68,68,68,68,68,68,68,68,75,75,75,75,75,75,75,75,75,75,75,75,75,75,75,75,78,78,78,78,78],"card_choices":[{"not_picked":["Headbutt","Searing Blow","Anger"],"picked":"SKIP","floor":1.0},{"not_picked":["Havoc","Fire Breathing","Headbutt"],"picked":"SKIP","floor":3.0},{"not_picked":["Clothesline","Warcry"],"picked":"Twin Strike","floor":5.0},{"not_picked":["Double Tap","Disarm"],"picked":"Immolate","floor":6.0},{"not_picked":["True Grit","Uppercut"],"picked":"Shockwave","floor":8.0},{"not_picked":["Anger","Thunderclap"],"picked":"Pommel Strike","floor":12.0},{"not_picked":["Brutality","Corruption"],"picked":"Limit Break","floor":16.0},{"not_picked":["Reckless Charge","Sword Boomerang+1","Disarm"],"picked":"SKIP","floor":18.0},{"not_picked":["Twin Strike","Blood for Blood"],"picked":"Body Slam+1","floor":20.0},{"not_picked":["Dual Wield","Demon Form","Iron Wave"],"picked":"SKIP","floor":23.0},{"not_picked":["True Grit+1","Clothesline","Sword Boomerang+1"],"picked":"SKIP","floor":24.0},{"not_picked":["True Grit+1","Clothesline","Sword Boomerang+1"],"picked":"SKIP","floor":24.0},{"not_picked":["Evolve","Rage","Iron Wave+1"],"picked":"SKIP","floor":29.0},{"not_picked":["Wild Strike","Pommel Strike"],"picked":"Burning Pact","floor":30.0},{"not_picked":["Burning Pact","Intimidate","Rampage"],"picked":"SKIP","floor":31.0}],"player_experience":321254,"relics_obtained":[{"floor":6.0,"key":"Art of War"},{"floor":9.0,"key":"War Paint"},{"floor":12.0,"key":"Bottled Lightning"},{"floor":23.0,"key":"FossilizedHelix"},{"floor":26.0,"key":"Mummified Hand"},{"floor":28.0,"key":"Oddly Smooth Stone"},{"floor":30.0,"key":"Red Mask"}],"event_choices":[{"damage_healed":9.0,"max_hp_gain":0.0,"max_hp_loss":0.0,"gold_gain":0.0,"event_name":"Wheel of Change","player_choice":"Full Heal","floor":4.0,"gold_loss":0.0,"damage_taken":0.0},{"damage_healed":0.0,"max_hp_gain":0.0,"max_hp_loss":0.0,"gold_gain":30.0,"event_name":"Dead Adventurer","player_choice":"Searched \u00271\u0027 times","floor":7.0,"gold_loss":0.0,"damage_taken":0.0},{"damage_healed":22.0,"max_hp_gain":0.0,"max_hp_loss":0.0,"gold_gain":0.0,"event_name":"Big Fish","player_choice":"Banana","floor":10.0,"gold_loss":0.0,"damage_taken":0.0},{"cards_removed":["Strike_R"],"damage_healed":0.0,"max_hp_gain":0.0,"max_hp_loss":0.0,"gold_gain":0.0,"event_name":"Purifier","player_choice":"Purged","floor":13.0,"gold_loss":0.0,"damage_taken":0.0},{"damage_healed":0.0,"max_hp_gain":0.0,"max_hp_loss":0.0,"gold_gain":0.0,"cards_transformed":["Twin Strike","Strike_R"],"event_name":"Drug Dealer","player_choice":"Became Test Subject","floor":21.0,"gold_loss":0.0,"damage_taken":0.0,"cards_obtained":["Feed","Berserk"]},{"damage_healed":0.0,"max_hp_gain":0.0,"max_hp_loss":0.0,"gold_gain":50.0,"event_name":"Golden Shrine","player_choice":"Pray","floor":22.0,"gold_loss":0.0,"damage_taken":0.0},{"damage_healed":0.0,"max_hp_gain":0.0,"max_hp_loss":0.0,"gold_gain":0.0,"event_name":"Masked Bandits","player_choice":"Fought Bandits","floor":30.0,"gold_loss":0.0,"damage_taken":0.0}],"is_beta":false,"boss_relics":[{"not_picked":["Black Star","Black Blood"],"picked":"Empty Cage"}],"items_purged_floors":[2],"is_endless":false,"potions_floor_spawned":[6,16,23,29,30,31],"killed_by":"Champ","ascension_level":15}}