{"host":"qekv59dthhdg54sz","time":1611295637,"event":{"mods":["AchievementEnabler","BaseMod","Colored Map","DeckTracker","KOR Keyword Fix","Minty Spire (QoL Compilation)","Rare Cards Sparkle","StSLib","SuperFastMode"],"gold_per_floor":[119,119,133,144,69,69,69,84,84,84,103,103,114,124,124,199,199,209,225,15,15,15,15],"floor_reached":22,"language":"KOR","playtime":380,"items_purged":[],"score":376,"play_id":"6c105c7c-bee9-41c6-8ef1-aeee7ba4216b","local_time":"20210122150717","is_ascension_mode":true,"campfire_choices":[{"data":"Eruption","floor":6.0,"key":"SMITH"},{"data":"Adaptation","floor":10.0,"key":"SMITH"},{"data":"Study","floor":12.0,"key":"SMITH"},{"floor":15.0,"key":"REST"}],"circlet_count":0,"master_deck":["AscendersBane","Strike_P","Strike_P","Strike_P","Defend_P","Defend_P","Defend_P","Eruption+1","Vigilance","Study+1","WindmillStrike","Evaluate","Adaptation+1","CrushJoints","Judgement","FearNoEvil","MentalFortress","Master of Strategy"],"relics":["Black Star","StrikeDummy","VioletLotus"],"acts_visited":["Exordium","TheCity"],"potions_floor_usage":[19],"damage_taken":[{"damage":0.0,"enemies":"2 Louse","floor":1.0,"turns":4.0},{"damage":4.0,"enemies":"Cultist","floor":3.0,"turns":5.0},{"damage":1.0,"enemies":"Jaw Worm","floor":4.0,"turns":3.0},{"damage":0.0,"enemies":"3 Sentries","floor":7.0,"turns":1.0},{"damage":22.0,"enemies":"2 Fungi Beasts","floor":8.0,"turns":4.0},{"damage":19.0,"enemies":"Lots of Slimes","floor":11.0,"turns":4.0},{"damage":0.0,"enemies":"3 Louse","floor":13.0,"turns":1.0},{"damage":0.0,"enemies":"Looter","floor":14.0,"turns":1.0},{"damage":15.0,"enemies":"The Guardian","floor":16.0,"turns":10.0},{"damage":36.0,"enemies":"Shell Parasite","floor":18.0,"turns":4.0},{"damage":17,"enemies":"2 Thieves","floor":19,"turns":3},{"damage":1,"enemies":"Centurion and Healer","floor":22,"turns":2}],"seed_played":"497043574301672169","potions_obtained":[{"floor":4.0,"key":"SmokeBomb"},{"floor":11.0,"key":"SteroidPotion"},{"floor":14.0,"key":"Weak Potion"},{"floor":16.0,"key":"SpeedPotion"},{"floor":19,"key":"LiquidBronze"}],"is_trial":false,"path_per_floor":["M","?","M","M","$","R","E","M","T","R","M","R","M","M","R","B",null,"M","M","$","?","M"],"character_chosen":"WATCHER","items_purchased":["Adaptation","Master of Strategy"],"campfire_rested":1,"item_purchase_floors":[5,20],"current_hp_per_floor":[61,61,57,56,56,56,56,34,34,34,15,15,15,15,35,20,56,20,3,3,3,2,2],"gold":15,"neow_bonus":"BOSS_RELIC","is_daily":false,"chose_seed":false,"campfire_upgraded":3,"win_rate":0.0,"timestamp":1611295637,"path_taken":["M","?","M","M","?","R","E","M","T","R","M","R","M","?","R","BOSS","M","M","$","?","?"],"items_purchased_type":["Card","Card"],"build_version":"2020-12-22","purchased_purges":0,"victory":false,"max_hp_per_floor":[68,68,68,68,68,68,68,68,68,68,68,68,68,68,68,68,68,68,68,68,68,68,68],"card_choices":[{"not_picked":["ThirdEye","SignatureMove"],"picked":"Study","floor":1.0},{"not_picked":["PathToVictory","FollowUp"],"picked":"Evaluate","floor":3.0},{"not_picked":["PathToVictory","Crescendo","EmptyBody"],"picked":"SKIP","floor":4.0},{"not_picked":["Fasting2","ThirdEye"],"picked":"CrushJoints","floor":8.0},{"not_picked":["Protect","Collect"],"picked":"Judgement","floor":11.0},{"not_picked":["LikeWater","Pray","FlyingSleeves"],"picked":"SKIP","floor":13.0},{"not_picked":["LikeWater","Protect"],"picked":"FearNoEvil","floor":14.0},{"not_picked":["Wallop","ClearTheMind"],"picked":"MentalFortress","floor":18.0},{"not_picked":["CutThroughFate","BowlingBash","CrushJoints+1"],"picked":"SKIP","floor":19}],"player_experience":803096,"relics_obtained":[{"floor":9.0,"key":"StrikeDummy"}],"event_choices":[{"damage_healed":0.0,"max_hp_gain":0.0,"max_hp_loss":0.0,"gold_gain":0.0,"cards_transformed":["Defend_P"],"event_name":"Transmorgrifier","player_choice":"Transformed","floor":2.0,"gold_loss":0.0,"damage_taken":0.0,"cards_obtained":["WindmillStrike"]},{"cards_removed":["Strike_P"],"damage_healed":0,"gold_gain":0,"player_choice":"Purged","damage_taken":0,"max_hp_gain":0,"max_hp_loss":0,"event_name":"Purifier","floor":21,"gold_loss":0}],"is_beta":false,"boss_relics":[{"not_picked":["Fusion Hammer","Tiny House"],"picked":"VioletLotus"}],"items_purged_floors":[],"is_endless":false,"potions_floor_spawned":[4,11,14,16,19],"killed_by":"Centurion and Healer","ascension_level":20}}