{"host":"h1qktzcccqnez8tx","time":1611319654,"event":{"mods":["BaseMod","Block Reminder","Colored Map","Colored Powertips","Curses Come First","Highlight Path","Infinite Spire","Minty Spire (QoL Compilation)","Permanent Neow","Quick Restart","Replay The Spire","StSLib","The Jungle"],"gold_per_floor":[115,129,78,78,93,93,127,88,112,146,164,164,164,179,179,283,283,293,261,261,275,475,475,475],"floor_reached":23,"language":"ENG","playtime":1122,"items_purged":["infinitespire:Pacifist"],"score":231,"play_id":"4cd56732-c1c9-4d56-be10-95e788a05986","local_time":"20210122134734","is_ascension_mode":true,"campfire_choices":[{"data":"Streamline","floor":6,"key":"SMITH"},{"floor":15,"key":"REST"}],"circlet_count":0,"master_deck":["Defend_B","Defend_B","Defend_B","Defend_B","Zap","Dualcast","Stack","Chill","Streamline+1","Hologram","Capacitor","White Noise+1","Rebound","Reinforced Body","Streamline","Streamline","Conserve Battery","Skim","Go for the Eyes"],"relics":["Cracked Core","ReplayTheSpireMod:CursedCoin","Bag of Marbles","Juzu Bracelet","Anchor","Ring of Chaos"],"acts_visited":["Exordium","TheCity"],"potions_floor_usage":[10,16],"damage_taken":[{"damage":4,"enemies":"2 Louse","floor":1,"turns":4},{"damage":12,"enemies":"infinitespire:Voidling","floor":2,"turns":3},{"damage":0,"enemies":"Small Slimes","floor":5,"turns":5},{"damage":15,"enemies":"Lagavulin","floor":7,"turns":4},{"damage":16,"enemies":"3 Sentries","floor":10,"turns":7},{"damage":0,"enemies":"2 Fungi Beasts","floor":11,"turns":2},{"damage":0,"enemies":"Red Slaver","floor":14,"turns":2},{"damage":10,"enemies":"Slime Boss","floor":16,"turns":9},{"damage":35,"enemies":"3 Byrds","floor":18,"turns":8},{"damage":12,"enemies":"2 Thieves","floor":19,"turns":5},{"damage":19,"enemies":"Snecko","floor":21,"turns":5},{"damage":36,"enemies":"Slavers","floor":23,"turns":4}],"seed_played":"3313124694563073046","potions_obtained":[{"floor":2,"key":"Block Potion"},{"floor":5,"key":"Elixir"},{"floor":7,"key":"Weak Potion"},{"floor":10,"key":"FocusPotion"},{"floor":21,"key":"Swift Potion"}],"is_trial":false,"path_per_floor":["M","M","$","?","M","R","E","$","T","E","M","?","?","M","R","B",null,"M","M","?","M","?","E"],"character_chosen":"DEFECT","items_purchased":["Capacitor","ReplayTheSpireMod:CursedCoin","White Noise","Streamline"],"campfire_rested":1,"item_purchase_floors":[3,3,3,8],"current_hp_per_floor":[64,57,57,57,57,57,42,42,42,26,26,26,19,19,39,29,68,33,21,68,49,49,13,13],"gold":475,"neow_bonus":"TRANSFORM_TWO_CARDS","is_daily":false,"chose_seed":false,"campfire_upgraded":1,"win_rate":0.0,"timestamp":1611319654,"path_taken":["M","M","$","?","M","R","E","$","T","E","M","?","?","M","R","BOSS","M","M","?","M","?","E"],"items_purchased_type":["Card","Relic","Card","Card"],"build_version":"2020-12-22","purchased_purges":1,"victory":false,"max_hp_per_floor":[68,68,68,68,68,68,68,68,68,68,68,68,68,68,68,68,68,68,68,68,68,68,68,68],"card_choices":[{"not_picked":["Auto Shields","BasicCrystalCard"],"picked":"Streamline","floor":1},{"not_picked":["Doom and Gloom","Beam Cell"],"picked":"Hologram","floor":2},{"not_picked":["Leap","Beam Cell"],"picked":"Reinforced Body","floor":5},{"not_picked":["ReplayGash","Glacier","Redo"],"picked":"SKIP","floor":7},{"not_picked":["FIFO Queue","Loop"],"picked":"Conserve Battery","floor":10},{"not_picked":["Lockon","Darkness","ReplaySort"],"picked":"SKIP","floor":11},{"not_picked":["Hologram","Glacier"],"picked":"Skim","floor":14},{"not_picked":["Cold Snap","Turbo"],"picked":"Go for the Eyes","floor":18},{"not_picked":["Ball Lightning","Coolheaded","ReplaySort+1"],"picked":"SKIP","floor":19},{"not_picked":["Blizzard","Redo+1","Barrage"],"picked":"SKIP","floor":21}],"player_experience":86708,"relics_obtained":[{"floor":7,"key":"Bag of Marbles"},{"floor":9,"key":"Juzu Bracelet"},{"floor":10,"key":"Anchor"}],"event_choices":[{"damage_healed":0,"gold_gain":0,"cards_transformed":["Strike_B"],"player_choice":"Transformed","damage_taken":0,"max_hp_gain":0,"max_hp_loss":0,"event_name":"Transmorgrifier","floor":4,"gold_loss":0,"cards_obtained":["Rebound"]},{"cards_removed":["Strike_B"],"damage_healed":0,"gold_gain":0,"player_choice":"Card Removal","damage_taken":7,"max_hp_gain":0,"max_hp_loss":0,"event_name":"Golden Wing","floor":13,"gold_loss":0},{"cards_removed":["Capacitor"],"damage_healed":47,"gold_gain":0,"player_choice":"Offered Uncommon","damage_taken":0,"max_hp_gain":0,"max_hp_loss":0,"event_name":"Bonfire Elementals","floor":20,"gold_loss":0},{"damage_healed":0,"gold_gain":200,"player_choice":"Gold","damage_taken":0,"max_hp_gain":0,"max_hp_loss":0,"event_name":"Wheel of Change","floor":22,"gold_loss":0}],"is_beta":false,"boss_relics":[{"not_picked":["Kintsugi","Inserter"],"picked":"Ring of Chaos"}],"items_purged_floors":[3],"is_endless":false,"potions_floor_spawned":[2,5,7,10,21],"killed_by":"Slavers","ascension_level":3}}