{"host":"s41rn2jhghpwfrvz","time":1611343892,"event":{"mods":["BaseMod","Minty Spire (QoL Compilation)","Quick Restart","Relic Stats","SuperFastMode"],"gold_per_floor":[117,192,205,216,232,232,257,257,281,298,65,85,85,112,124,215,227,258,7,27,27,44,70,70,98,146,175,175,207,221,232,232,307,307,326,338,338,350,368,401,220,245,245,245,275,309,328,346,346,346,346,346,346,40,69,69],"floor_reached":57,"language":"ENG","playtime":3066,"items_purged":["Evaluate","SashWhip","Static Discharge"],"score":3728,"play_id":"5c02def7-1e1e-485f-8ccc-989edd62e5e0","local_time":"20210122213132","daily_mods":["SealedDeck","Diverse","DeadlyEvents"],"is_ascension_mode":true,"campfire_choices":[{"data":"Bouncing Flask","floor":6,"key":"SMITH"},{"data":"Escape Plan","floor":8,"key":"SMITH"},{"data":"Backflip","floor":15,"key":"SMITH"},{"data":"Escape Plan","floor":24,"key":"SMITH"},{"data":"Blur","floor":28,"key":"SMITH"},{"floor":32,"key":"RECALL"},{"floor":44,"key":"REST"},{"floor":49,"key":"REST"},{"floor":53,"key":"REST"}],"circlet_count":0,"master_deck":["AscendersBane","InnerPeace","Bouncing Flask+1","Escape Plan+1","Escape Plan+1","Blur+1","Chill","Backflip+1","TalkToTheHand","Parasite","Evolve+1"],"relics":["Burning Blood","Centennial Puzzle","Pen Nib","Lee\u0027s Waffle","MawBank","Runic Pyramid","ClockworkSouvenir","Art of War","Pocketwatch","Bag of Marbles","TungstenRod","Fusion Hammer","HornCleat","Ice Cream","The Courier","InkBottle","PreservedInsect","Medical Kit","Oddly Smooth Stone","Sundial"],"acts_visited":["Exordium","TheCity","TheBeyond","TheEnding"],"potions_floor_usage":[29,29,51,56],"damage_taken":[{"damage":0,"enemies":"Small Slimes","floor":1,"turns":5},{"damage":2,"enemies":"2 Louse","floor":3,"turns":3},{"damage":0,"enemies":"Cultist","floor":4,"turns":3},{"damage":27,"enemies":"Exordium Wildlife","floor":5,"turns":8},{"damage":47,"enemies":"Gremlin Nob","floor":7,"turns":4},{"damage":0,"enemies":"Looter","floor":10,"turns":5},{"damage":0,"enemies":"Red Slaver","floor":12,"turns":5},{"damage":0,"enemies":"Lagavulin","floor":14,"turns":7},{"damage":75,"enemies":"Hexaghost","floor":16,"turns":11},{"damage":0,"enemies":"3 Byrds","floor":18,"turns":7},{"damage":0,"enemies":"Shell Parasite","floor":20,"turns":5},{"damage":0,"enemies":"Snake Plant","floor":22,"turns":5},{"damage":0,"enemies":"Book of Stabbing","floor":23,"turns":6},{"damage":0,"enemies":"Gremlin Leader","floor":25,"turns":8},{"damage":0,"enemies":"Book of Stabbing","floor":27,"turns":6},{"damage":0,"enemies":"Slavers","floor":29,"turns":6},{"damage":0,"enemies":"Chosen and Byrds","floor":30,"turns":6},{"damage":0,"enemies":"Centurion and Healer","floor":31,"turns":7},{"damage":0,"enemies":"Automaton","floor":33,"turns":11},{"damage":0,"enemies":"3 Shapes","floor":35,"turns":5},{"damage":0,"enemies":"3 Darklings","floor":36,"turns":5},{"damage":0,"enemies":"Jaw Worm Horde","floor":38,"turns":5},{"damage":0,"enemies":"4 Shapes","floor":39,"turns":6},{"damage":8,"enemies":"Reptomancer","floor":40,"turns":9},{"damage":2,"enemies":"Giant Head","floor":42,"turns":8},{"damage":55,"enemies":"Nemesis","floor":45,"turns":9},{"damage":0,"enemies":"Giant Head","floor":46,"turns":8},{"damage":0,"enemies":"3 Darklings","floor":47,"turns":5},{"damage":5,"enemies":"Writhing Mass","floor":48,"turns":5},{"damage":0,"enemies":"Awakened One","floor":50,"turns":17},{"damage":0,"enemies":"Time Eater","floor":51,"turns":13},{"damage":2,"enemies":"Shield and Spear","floor":55,"turns":6},{"damage":0,"enemies":"The Heart","floor":56,"turns":6}],"seed_played":"6184825171829136664","potions_obtained":[{"floor":1,"key":"ElixirPotion"},{"floor":5,"key":"Swift Potion"},{"floor":18,"key":"PowerPotion"},{"floor":30,"key":"BloodPotion"},{"floor":31,"key":"Fire Potion"}],"is_trial":true,"path_per_floor":["M","?","M","M","M","R","E","R","T","M","$","M","?","E","R","B",null,"M","$","M","$","M","E","R","E","T","E","R","E","M","M","R","B",null,"M","M","?","M","M","E","$","E","T","R","E","E","M","M","R","B","B",null,"R","$","E","B",null],"character_chosen":"IRONCLAD","items_purchased":["Lee\u0027s Waffle","ClockworkSouvenir","Dexterity Potion","Medical Kit","Oddly Smooth Stone","Dexterity Potion"],"campfire_rested":3,"item_purchase_floors":[11,19,41,54,54,54],"current_hp_per_floor":[74,63,67,73,52,52,11,11,11,17,82,82,82,82,82,13,65,71,71,77,77,82,82,82,82,82,82,82,82,82,82,82,82,82,82,82,73,79,82,80,80,82,82,82,33,39,45,46,70,76,82,82,82,82,82,82],"gold":69,"neow_bonus":"","is_daily":false,"chose_seed":false,"campfire_upgraded":5,"win_rate":0.0,"timestamp":1611343892,"path_taken":["M","?","M","M","M","R","E","R","T","M","$","M","?","E","R","BOSS","M","$","?","?","M","E","R","E","T","E","R","E","M","M","R","BOSS","M","M","?","?","M","E","?","E","T","R","?","E","M","M","R","BOSS","BOSS","R","$","E","BOSS"],"items_purchased_type":["Relic","Relic","Potion","Relic","Relic","Potion"],"build_version":"2020-12-22","purchased_purges":3,"victory":true,"max_hp_per_floor":[75,75,75,75,75,75,75,75,75,75,82,82,82,82,82,82,82,82,82,82,82,82,82,82,82,82,82,82,82,82,82,82,82,82,82,82,82,82,82,82,82,82,82,82,82,82,82,82,82,82,82,82,82,82,82,82],"relic_stats":{"Lee\u0027s Waffle":65,"counters":[33,225],"Pen Nib":[2],"PreservedInsect":77,"MawBank":60,"Medical Kit":[8],"Burning Blood":116,"Centennial Puzzle":[18],"Sundial":[58],"Art of War":[113],"obtain_stats":[{"Ice Cream":42,"Lee\u0027s Waffle":11,"Oddly Smooth Stone":54,"Pen Nib":9,"The Courier":43,"PreservedInsect":46,"MawBank":14,"Medical Kit":54,"Burning Blood":0,"ClockworkSouvenir":19,"Centennial Puzzle":7,"HornCleat":40,"Sundial":55,"Fusion Hammer":34,"Art of War":23,"Bag of Marbles":27,"TungstenRod":29,"InkBottle":45,"Runic Pyramid":17,"Pocketwatch":25},{"Ice Cream":25,"Lee\u0027s Waffle":6,"Oddly Smooth Stone":31,"Pen Nib":5,"The Courier":25,"PreservedInsect":27,"MawBank":8,"Medical Kit":31,"Burning Blood":0,"ClockworkSouvenir":10,"Centennial Puzzle":5,"HornCleat":24,"Sundial":32,"Fusion Hammer":19,"Art of War":13,"Bag of Marbles":15,"TungstenRod":16,"InkBottle":26,"Runic Pyramid":9,"Pocketwatch":14},{"Ice Cream":156,"Lee\u0027s Waffle":28,"Oddly Smooth Stone":213,"Pen Nib":23,"The Courier":156,"PreservedInsect":173,"MawBank":40,"Medical Kit":213,"Burning Blood":0,"ClockworkSouvenir":58,"Centennial Puzzle":23,"HornCleat":148,"Sundial":219,"Fusion Hammer":118,"Art of War":74,"Bag of Marbles":88,"TungstenRod":94,"InkBottle":165,"Runic Pyramid":51,"Pocketwatch":82}],"TungstenRod":16,"InkBottle":[28],"Pocketwatch":[7]},"card_choices":[{"not_picked":["Pommel Strike","Reflex","Twin Strike"],"picked":"SKIP","floor":1},{"not_picked":["Auto Shields","Dodge and Roll","Heel Hook"],"picked":"SKIP","floor":3},{"not_picked":["ReachHeaven","Spot Weakness","Clothesline"],"picked":"SKIP","floor":4},{"not_picked":["Stack","Riddle With Holes","CutThroughFate"],"picked":"SKIP","floor":5},{"not_picked":["Carnage","Underhanded Strike","Tactician"],"picked":"SKIP","floor":7},{"not_picked":["Sanctity","Crescendo","Flying Knee"],"picked":"SKIP","floor":10},{"not_picked":["WheelKick","Chaos","Underhanded Strike"],"picked":"SKIP","floor":12},{"not_picked":["Malaise","Seek","Meditate"],"picked":"SKIP","floor":14},{"not_picked":["Bouncing Flask","Go for the Eyes","Beam Cell"],"picked":"SKIP","floor":18},{"not_picked":["PiercingWail","Flame Barrier","Defragment"],"picked":"SKIP","floor":20},{"not_picked":["Wild Strike","Prepared","Beam Cell"],"picked":"SKIP","floor":22},{"not_picked":["Shrug It Off","Rebound","Consecrate+1"],"picked":"SKIP","floor":23},{"not_picked":["Shrug It Off","Rebound","Consecrate+1"],"picked":"SKIP","floor":23},{"not_picked":["Sever Soul","Nirvana","Sunder"],"picked":"SKIP","floor":25},{"not_picked":["All Out Attack+1","Study","Power Through"],"picked":"SKIP","floor":27},{"not_picked":["Footwork","Dual Wield","LessonLearned"],"picked":"SKIP","floor":29},{"not_picked":["Sweeping Beam","Warcry","SashWhip"],"picked":"SKIP","floor":30},{"not_picked":["Outmaneuver","Shrug It Off","Quick Slash"],"picked":"SKIP","floor":31},{"not_picked":["Beam Cell+1","Clash","JustLucky"],"picked":"SKIP","floor":35},{"not_picked":["Fusion","Loop+1","Stack+1"],"picked":"SKIP","floor":36},{"not_picked":["Distraction","FlurryOfBlows","Iron Wave"],"picked":"SKIP","floor":38},{"not_picked":["PiercingWail","Bane","Burning Pact"],"picked":"SKIP","floor":39},{"not_picked":["BowlingBash","WheelKick","Warcry+1"],"picked":"SKIP","floor":40},{"not_picked":["Sentinel+1","Perseverance+1","Fire Breathing"],"picked":"SKIP","floor":42},{"not_picked":["FlyingSleeves","Wild Strike","SpiritShield"],"picked":"SKIP","floor":45},{"not_picked":["Poisoned Stab","Sword Boomerang","Dagger Throw+1"],"picked":"SKIP","floor":46},{"not_picked":["JustLucky","Melter","Wireheading"],"picked":"SKIP","floor":47},{"not_picked":["Bouncing Flask","Armaments"],"picked":"Evolve+1","floor":48},{"not_picked":["Consume","Skewer+1","Envenom"],"picked":"SKIP","floor":55}],"player_experience":1825274,"relics_obtained":[{"floor":7,"key":"Centennial Puzzle"},{"floor":9,"key":"Pen Nib"},{"floor":14,"key":"MawBank"},{"floor":23,"key":"Art of War"},{"floor":25,"key":"Pocketwatch"},{"floor":27,"key":"Bag of Marbles"},{"floor":29,"key":"TungstenRod"},{"floor":40,"key":"HornCleat"},{"floor":42,"key":"Ice Cream"},{"floor":43,"key":"The Courier"},{"floor":45,"key":"InkBottle"},{"floor":46,"key":"PreservedInsect"},{"floor":55,"key":"Sundial"}],"event_choices":[{"damage_healed":0,"gold_gain":75,"player_choice":"Gather Gold","damage_taken":11,"max_hp_gain":0,"max_hp_loss":0,"event_name":"World of Goop","floor":2,"gold_loss":0},{"damage_healed":0,"gold_gain":0,"player_choice":"1 cards matched","damage_taken":0,"max_hp_gain":0,"max_hp_loss":0,"event_name":"Match and Keep!","floor":13,"gold_loss":0,"cards_obtained":["SashWhip"]},{"damage_healed":0,"gold_gain":0,"player_choice":"Memory 3","damage_taken":10,"max_hp_gain":0,"max_hp_loss":0,"event_name":"SensoryStone","floor":37,"gold_loss":0}],"is_beta":false,"boss_relics":[{"not_picked":["Ectoplasm","Snecko Eye"],"picked":"Runic Pyramid"},{"not_picked":["Tiny House","SlaversCollar"],"picked":"Fusion Hammer"}],"items_purged_floors":[11,19,41],"is_endless":false,"potions_floor_spawned":[1,5,12,18,20,25,27,30,31,38,45,48],"ascension_level":20}}