{"host":"uv5ws9rdk87e8i5k","time":1611283254,"event":{"mods":["AchievementEnabler","BaseMod","Colored Map","Minty Spire (QoL Compilation)","StSLib","SuperFastMode"],"gold_per_floor":[10,21,31,43,43,73,83,83,83,110,110,133,145,187,199,211,211],"floor_reached":16,"language":"ENG","playtime":25324,"items_purged":[],"score":153,"play_id":"1bb28f48-b3fe-47d9-90ac-28b22eb3542b","local_time":"20210121204054","is_ascension_mode":true,"campfire_choices":[{"data":"Adrenaline","floor":8.0,"key":"SMITH"},{"data":"Bouncing Flask","floor":13,"key":"SMITH"},{"data":"Crippling Poison","floor":15,"key":"SMITH"}],"circlet_count":0,"master_deck":["Strike_G","Strike_G","Strike_G","Strike_G","Defend_G","Defend_G","Defend_G","Defend_G","Survivor","Neutralize","Dash","Tools of the Trade","Crippling Poison+1","Bane","Backflip","Bouncing Flask+1","Adrenaline+1","Poisoned Stab"],"relics":["Ring of the Snake","Mango","Tiny Chest","Vajra","MawBank","White Beast Statue"],"acts_visited":["Exordium"],"potions_floor_usage":[14,16],"damage_taken":[{"damage":3.0,"enemies":"Jaw Worm","floor":1.0,"turns":4.0},{"damage":0.0,"enemies":"Cultist","floor":2.0,"turns":4.0},{"damage":4.0,"enemies":"Small Slimes","floor":3.0,"turns":3.0},{"damage":2.0,"enemies":"Exordium Wildlife","floor":4.0,"turns":5.0},{"damage":9.0,"enemies":"3 Sentries","floor":6.0,"turns":9.0},{"damage":12.0,"enemies":"3 Louse","floor":7.0,"turns":3.0},{"damage":7,"enemies":"Lagavulin","floor":10,"turns":6},{"damage":0,"enemies":"2 Fungi Beasts","floor":12,"turns":3},{"damage":2,"enemies":"3 Sentries","floor":14,"turns":7},{"damage":24,"enemies":"Slime Boss","floor":16,"turns":7}],"seed_played":"487791266955806451","potions_obtained":[{"floor":3.0,"key":"Poison Potion"},{"floor":4.0,"key":"Fire Potion"},{"floor":7.0,"key":"Fire Potion"},{"floor":14,"key":"SteroidPotion"}],"is_trial":false,"path_per_floor":["M","M","M","M","?","E","M","R","T","E","T","M","R","E","R","B"],"character_chosen":"THE_SILENT","items_purchased":[],"campfire_rested":0,"item_purchase_floors":[],"current_hp_per_floor":[67,67,63,61,61,66,54,54,54,47,47,47,47,45,45,21,21],"gold":211,"neow_bonus":"TRANSFORM_TWO_CARDS","is_daily":false,"chose_seed":false,"campfire_upgraded":3,"win_rate":0.0,"timestamp":1611283254,"path_taken":["M","M","M","M","?","E","?","R","T","E","?","M","R","E","R","BOSS"],"items_purchased_type":[],"build_version":"2020-12-22","purchased_purges":0,"victory":false,"max_hp_per_floor":[70,70,70,70,70,84,84,84,84,84,84,84,84,84,84,84,84],"card_choices":[{"not_picked":["Outmaneuver","Dodge and Roll"],"picked":"Crippling Poison","floor":1.0},{"not_picked":["Outmaneuver","Blur"],"picked":"Bane","floor":2.0},{"not_picked":["Terror","Underhanded Strike"],"picked":"Backflip","floor":3.0},{"not_picked":["Flying Knee","Deadly Poison"],"picked":"Bouncing Flask","floor":4.0},{"not_picked":["Quick Slash","Underhanded Strike","Cloak And Dagger"],"picked":"SKIP","floor":6.0},{"not_picked":["Quick Slash","PiercingWail"],"picked":"Adrenaline","floor":7.0},{"not_picked":["Dash","Masterful Stab","Eviscerate"],"picked":"SKIP","floor":10},{"not_picked":["Acrobatics","Slice"],"picked":"Poisoned Stab","floor":12},{"not_picked":["Flying Knee","Dagger Spray","Flechettes"],"picked":"SKIP","floor":14}],"player_experience":135598,"relics_obtained":[{"floor":6.0,"key":"Mango"},{"floor":9.0,"key":"Tiny Chest"},{"floor":10,"key":"Vajra"},{"floor":11,"key":"MawBank"},{"floor":14,"key":"White Beast Statue"}],"event_choices":[{"damage_healed":0.0,"max_hp_gain":0.0,"max_hp_loss":0.0,"gold_gain":0.0,"event_name":"Match and Keep!","player_choice":"0 cards matched","floor":5.0,"gold_loss":0.0,"damage_taken":0.0,"cards_obtained":[]}],"is_beta":false,"boss_relics":[],"items_purged_floors":[],"is_endless":false,"potions_floor_spawned":[3,4,7,14],"killed_by":"Slime Boss","ascension_level":5}}