{"host":"3jpwrwmmgyabjceh","time":1611343652,"event":{"mods":["AchievementEnabler","BaseMod","Colored Map","Colored Powertips","Highlight Path","Minty Spire (QoL Compilation)","Quick Restart","Relic Stats","StSLib","SuperFastMode"],"gold_per_floor":[113,129,144,155,105,105,136,136,159,186,215,215,250,276,276,386,386,410,34,66,66,93,130,150,50,50,50,50],"floor_reached":27,"language":"ENG","playtime":937,"items_purged":["Strike_B","Strike_B"],"score":338,"play_id":"48aaa23e-3007-4087-834f-bb86eae4c2f5","local_time":"20210122222732","is_ascension_mode":true,"campfire_choices":[{"floor":6,"key":"RECALL"},{"floor":12,"key":"REST"},{"floor":15,"key":"REST"}],"circlet_count":0,"master_deck":["Strike_B","Defend_B","Defend_B","Defend_B","Defend_B","Zap","Dualcast","Conserve Battery","Melter","Go for the Eyes","Cold Snap","Reboot","Beam Cell","Streamline","Barrage","Glacier","Echo Form","Cold Snap","Capacitor","Consume","Defragment","Cold Snap"],"relics":["Fusion Hammer","Lantern","CeramicFish","Boot","Philosopher\u0027s Stone","Mercury Hourglass","Red Mask","Tiny Chest","Bag of Marbles"],"acts_visited":["Exordium","TheCity"],"potions_floor_usage":[13,16,20],"damage_taken":[{"damage":4,"enemies":"Small Slimes","floor":1,"turns":4},{"damage":1,"enemies":"2 Louse","floor":2,"turns":2},{"damage":2,"enemies":"Jaw Worm","floor":3,"turns":3},{"damage":8,"enemies":"Lots of Slimes","floor":4,"turns":6},{"damage":14,"enemies":"3 Sentries","floor":7,"turns":7},{"damage":8,"enemies":"2 Fungi Beasts","floor":10,"turns":3},{"damage":5,"enemies":"Gremlin Gang","floor":11,"turns":4},{"damage":0,"enemies":"Lagavulin","floor":13,"turns":2},{"damage":0,"enemies":"Red Slaver","floor":14,"turns":2},{"damage":51,"enemies":"Hexaghost","floor":16,"turns":10},{"damage":14,"enemies":"Shell Parasite","floor":18,"turns":3},{"damage":9,"enemies":"Masked Bandits","floor":20,"turns":6},{"damage":0,"enemies":"Spheric Guardian","floor":22,"turns":3},{"damage":24,"enemies":"Gremlin Leader","floor":23,"turns":10},{"damage":13,"enemies":"Centurion and Healer","floor":24,"turns":8},{"damage":4,"enemies":"Snecko","floor":27,"turns":2}],"seed_played":"4949772996054995060","potions_obtained":[{"floor":4,"key":"FearPotion"},{"floor":7,"key":"AttackPotion"},{"floor":10,"key":"AttackPotion"},{"floor":16,"key":"SkillPotion"},{"floor":23,"key":"Dexterity Potion"}],"is_trial":false,"path_per_floor":["M","M","M","M","?","R","E","?","T","M","M","R","E","M","R","B",null,"M","$","?","T","M","E","M","$","T","M"],"character_chosen":"DEFECT","items_purchased":["Capacitor","Mercury Hourglass"],"campfire_rested":2,"item_purchase_floors":[19,19],"current_hp_per_floor":[71,70,68,60,60,60,46,71,71,63,58,75,75,75,75,24,62,48,48,39,39,39,15,2,2,2,0,0],"gold":50,"neow_bonus":"BOSS_RELIC","is_daily":false,"chose_seed":false,"campfire_upgraded":0,"win_rate":0.0,"timestamp":1611343652,"path_taken":["M","M","M","M","?","R","E","?","T","M","M","R","E","M","R","BOSS","M","$","?","?","?","E","M","?","T","M"],"items_purchased_type":["Card","Relic"],"build_version":"2020-12-22","purchased_purges":2,"victory":false,"max_hp_per_floor":[75,75,75,75,75,75,75,75,75,75,75,75,75,75,75,75,75,75,75,75,75,75,75,75,75,75,75,75],"relic_stats":{"counters":[16,74],"CeramicFish":90,"Tiny Chest":0,"Boot":[64],"obtain_stats":[{"Lantern":7,"CeramicFish":9,"Philosopher\u0027s Stone":17,"Tiny Chest":23,"Fusion Hammer":0,"Red Mask":20,"Bag of Marbles":26,"Cracked Core":0,"Boot":13,"Mercury Hourglass":19},{"Lantern":5,"CeramicFish":5,"Philosopher\u0027s Stone":10,"Tiny Chest":14,"Fusion Hammer":0,"Red Mask":12,"Bag of Marbles":15,"Cracked Core":0,"Boot":8,"Mercury Hourglass":11},{"Lantern":22,"CeramicFish":22,"Philosopher\u0027s Stone":43,"Tiny Chest":64,"Fusion Hammer":0,"Red Mask":51,"Bag of Marbles":72,"Cracked Core":0,"Boot":31,"Mercury Hourglass":46}],"Mercury Hourglass":[113]},"card_choices":[{"not_picked":["Steam","Force Field"],"picked":"Conserve Battery","floor":1},{"not_picked":["Redo","Chill"],"picked":"Melter","floor":2},{"not_picked":["Hologram","Rebound"],"picked":"Go for the Eyes","floor":3},{"not_picked":["Redo","Go for the Eyes"],"picked":"Cold Snap","floor":4},{"not_picked":["Steam","Steam Power"],"picked":"Reboot","floor":7},{"not_picked":["Steam","Aggregate"],"picked":"Beam Cell","floor":10},{"not_picked":["Conserve Battery","Steam Power"],"picked":"Streamline","floor":11},{"not_picked":["Rip and Tear","Steam"],"picked":"Barrage","floor":13},{"not_picked":["Conserve Battery","BootSequence"],"picked":"Glacier","floor":14},{"not_picked":["Fission","Biased Cognition"],"picked":"Echo Form","floor":16},{"not_picked":["Barrage","Hologram+1"],"picked":"Cold Snap","floor":18},{"not_picked":["Redo+1","Sweeping Beam"],"picked":"Consume","floor":22},{"not_picked":["Leap","Coolheaded"],"picked":"Defragment","floor":23},{"not_picked":["Stack","Sweeping Beam"],"picked":"Cold Snap","floor":24}],"player_experience":253001,"relics_obtained":[{"floor":7,"key":"Lantern"},{"floor":9,"key":"CeramicFish"},{"floor":13,"key":"Boot"},{"floor":20,"key":"Red Mask"},{"floor":23,"key":"Tiny Chest"},{"floor":26,"key":"Bag of Marbles"}],"event_choices":[{"cards_removed":["Strike_B"],"damage_healed":0,"gold_gain":0,"player_choice":"Card Removal","damage_taken":0,"max_hp_gain":0,"max_hp_loss":0,"event_name":"The Cleric","floor":5,"gold_loss":50},{"damage_healed":25,"gold_gain":0,"player_choice":"Banana","damage_taken":0,"max_hp_gain":0,"max_hp_loss":0,"event_name":"Big Fish","floor":8,"gold_loss":0},{"damage_healed":0,"gold_gain":0,"player_choice":"Fought Bandits","damage_taken":0,"max_hp_gain":0,"max_hp_loss":0,"event_name":"Masked Bandits","floor":20,"gold_loss":0}],"is_beta":false,"boss_relics":[{"not_picked":["Tiny House","Runic Dome"],"picked":"Philosopher\u0027s Stone"}],"items_purged_floors":[19,25],"is_endless":false,"potions_floor_spawned":[4,7,10,16,23],"killed_by":"Snecko","ascension_level":5}}