{"host":"roto7j7840a50pxh","time":1611300085,"event":{"mods":["Act Like it!","BaseMod","Better Altar","Better Note","Better Sensory Stone","Better Skull","Better Third Choice","BetterRewards","Colored Map","Colored Powertips","Downfall","Hermit","Highlight Path","Hubris","Infinite Spire","Minty Spire (QoL Compilation)","Robot Space Explorer","Shade Mod","Spicy Shops","StSLib","The Cursed","The Dragon Tamer","The Hierophant","The Necromancer","The Runesmith","The Servant 0.9.4","TheVacant"],"gold_per_floor":[118,130,105,122,137,137,137],"floor_reached":6,"language":"ENG","playtime":762,"items_purged":["Shame"],"score":44,"play_id":"e7b96f98-85fb-4240-96d4-056719c9c7f0","local_time":"20210122022125","is_ascension_mode":true,"campfire_choices":[],"circlet_count":0,"master_deck":["RobotSpaceExplorer:Strike","RobotSpaceExplorer:Strike","RobotSpaceExplorer:Strike","RobotSpaceExplorer:Strike","RobotSpaceExplorer:Defend","RobotSpaceExplorer:Defend","RobotSpaceExplorer:Defend","RobotSpaceExplorer:Defend","RobotSpaceExplorer:Scan","RobotSpaceExplorer:MiniLasers","RobotSpaceExplorer:Discharger","RobotSpaceExplorer:ScrapToss","RobotSpaceExplorer:Multitool","RobotSpaceExplorer:ScrapShield","RobotSpaceExplorer:ShockKick","RobotSpaceExplorer:MetalStrike","RobotSpaceExplorer:Pulsar","RobotSpaceExplorer:Blitz","RobotSpaceExplorer:Reload","RobotSpaceExplorer:SurgingShield","RobotSpaceExplorer:SlimeMissile","RobotSpaceExplorer:SlimeMissile","RobotSpaceExplorer:PowerGlove","RobotSpaceExplorer:MiniLasers","RobotSpaceExplorer:GlueShot","RobotSpaceExplorer:Probe","RobotSpaceExplorer:ImprovisedAttack","RobotSpaceExplorer:GearShield","RobotSpaceExplorer:JunkDive"],"relics":["RobotSpaceExplorer:RoboCore","Orrery","RobotSpaceExplorer:SlideRule","DollysMirror"],"acts_visited":["Exordium"],"potions_floor_usage":[],"damage_taken":[{"damage":0.0,"enemies":"Cultist","floor":1.0,"turns":3.0},{"damage":0.0,"enemies":"Small Slimes","floor":2.0,"turns":2.0},{"damage":2.0,"enemies":"infinitespire:Voidling","floor":4.0,"turns":4.0},{"damage":0.0,"enemies":"Exordium Wildlife","floor":5.0,"turns":3.0},{"damage":35,"enemies":"Gremlin Nob","floor":6,"turns":4}],"seed_played":"7589272885627053584","potions_obtained":[{"floor":2.0,"key":"bronze:BurnAndBuffPotion"}],"is_trial":false,"path_per_floor":["M","M","$","M","M","E"],"character_chosen":"RobotSpaceExplorer","items_purchased":["Orrery","RobotSpaceExplorer:MetalStrike","RobotSpaceExplorer:Pulsar","RobotSpaceExplorer:SlideRule","RobotSpaceExplorer:Blitz","RobotSpaceExplorer:Reload","RobotSpaceExplorer:SurgingShield","RobotSpaceExplorer:SlimeMissile","RobotSpaceExplorer:SlimeMissile","RobotSpaceExplorer:PowerGlove","DollysMirror","RobotSpaceExplorer:ImprovisedAttack"],"campfire_rested":0,"item_purchase_floors":[0,0,0,0,0,0,0,0,0,0,0,3],"current_hp_per_floor":[33,33,33,31,31,0,0],"gold":137,"neow_bonus":"","is_daily":false,"chose_seed":false,"campfire_upgraded":0,"win_rate":0.0,"timestamp":1611300085,"path_taken":["M","M","?","M","M","E"],"items_purchased_type":["Relic","Card","Card","Relic","Card","Card","Card","Card","Card","Card","Relic","Card"],"build_version":"2020-12-22","purchased_purges":1,"victory":false,"max_hp_per_floor":[75,75,75,75,75,75,75],"card_choices":[{"not_picked":["RobotSpaceExplorer:ShockKick","RobotSpaceExplorer:MiniDrones"],"picked":"RobotSpaceExplorer:Discharger","floor":0.0},{"not_picked":["RobotSpaceExplorer:GearShield","RobotSpaceExplorer:Counterblock"],"picked":"RobotSpaceExplorer:ScrapToss","floor":0.0},{"not_picked":["RobotSpaceExplorer:Ammunition","RobotSpaceExplorer:MakeshiftVolley"],"picked":"RobotSpaceExplorer:Multitool","floor":0.0},{"not_picked":["RobotSpaceExplorer:SurgingShield","RobotSpaceExplorer:Counterblock"],"picked":"RobotSpaceExplorer:ScrapShield","floor":0.0},{"not_picked":["RobotSpaceExplorer:ToxicBomb","RobotSpaceExplorer:LaserBurst"],"picked":"RobotSpaceExplorer:ShockKick","floor":0.0},{"not_picked":["RobotSpaceExplorer:FrostMissile","RobotSpaceExplorer:DualCore"],"picked":"RobotSpaceExplorer:GlueShot","floor":1.0},{"not_picked":["RobotSpaceExplorer:MakeshiftVolley","RobotSpaceExplorer:SwiftStep"],"picked":"RobotSpaceExplorer:Probe","floor":2.0},{"not_picked":["RobotSpaceExplorer:JunkDive","RobotSpaceExplorer:Calculate"],"picked":"RobotSpaceExplorer:GearShield","floor":4.0},{"not_picked":["RobotSpaceExplorer:Smokescreen","RobotSpaceExplorer:RigExplosive"],"picked":"RobotSpaceExplorer:JunkDive","floor":5.0}],"player_experience":1590382,"relics_obtained":[],"event_choices":[],"is_beta":false,"boss_relics":[],"items_purged_floors":[0],"is_endless":false,"potions_floor_spawned":[2],"killed_by":"Gremlin Nob","ascension_level":3}}