{"host":"r10yh36zs2k9z1sa","time":1611321101,"event":{"mods":["AchievementEnabler","Act Like it!","Aspiration","Astrologer","BaseMod","Colored Map","Conspire","Decade(¤ý¤p©ú)","Gensokyo","Hermit","Highlight Path","KinomotoSakuraMod(¤ì¤§¥»?)","Koishi","KomeijiMod","Marisa¡]Ãú«B¡@Å]²z¨F¡^","Minty Spire (QoL Compilation)","Permanent Neow","Quick Restart","Reimu¡]³Õ???¡^","Remilia¡]Á¢¦Ì²ú?¡^","StSLib","SuperFastMode","The Administrix","The Animator","The Bug Knight","The Cursed","The Gatherer","The Marked","The Mystic","The Saiyan","The Senshi","The Servant 0.9.4","Youmu¡]»î¾z§¯?¡^","Yuri Mod","Yuyuko"],"gold_per_floor":[112,12,57,57,100,100,152,152,152],"floor_reached":8,"language":"ZHS","playtime":329,"items_purged":[],"score":77,"play_id":"e42aa3d8-eb43-4652-a88b-2d937cd5e240","local_time":"20210122211141","is_ascension_mode":true,"campfire_choices":[{"floor":6,"key":"REST"}],"circlet_count":0,"master_deck":["AscendersBane","Strike_S","Strike_S","Strike_S","Strike_S","Defend_S","Defend_S","Defend_S","Defend_S","KidneyShot","Exchange","FastForward","conspire:SpireCoStock","conspire:SpireCoStock","SurpressingFire+1","ShatteredReality","SpecialFormula"],"relics":["Uniform","Calipers"],"acts_visited":["Exordium"],"potions_floor_usage":[7,8],"damage_taken":[{"damage":2,"enemies":"2 Louse","floor":1,"turns":4},{"damage":10,"enemies":"Small Slimes","floor":3,"turns":7},{"damage":17,"enemies":"Cultist","floor":5,"turns":7},{"damage":17,"enemies":"Exordium Thugs","floor":7,"turns":7},{"damage":0,"enemies":"Gremlin Nob","floor":8,"turns":2}],"seed_played":"4681578163776673274","potions_obtained":[{"floor":3,"key":"Block Potion"},{"floor":7,"key":"Strength Potion"}],"is_trial":false,"path_per_floor":["M","?","M","?","M","R","M","E"],"character_chosen":"THE_SERVANT","items_purchased":[],"campfire_rested":1,"item_purchase_floors":[],"current_hp_per_floor":[42,42,32,32,15,34,17,17,17],"gold":152,"neow_bonus":"ONE_RARE_RELIC","is_daily":false,"chose_seed":false,"campfire_upgraded":0,"win_rate":0.0,"timestamp":1611321101,"path_taken":["M","?","M","?","M","R","M","E"],"items_purchased_type":[],"build_version":"2020-12-22","purchased_purges":0,"victory":false,"max_hp_per_floor":[65,65,65,65,65,65,65,65,65],"card_choices":[{"not_picked":["Potential","ShatteredReality"],"picked":"FastForward","floor":1},{"not_picked":["Unruled","Hightail"],"picked":"SurpressingFire","floor":3},{"not_picked":["Rearm","Revamp"],"picked":"ShatteredReality","floor":5},{"not_picked":["RealityMarble","Gouge"],"picked":"SpecialFormula","floor":7}],"player_experience":293011,"relics_obtained":[],"event_choices":[{"damage_healed":0,"gold_gain":0,"player_choice":"Invest 2","damage_taken":0,"max_hp_gain":0,"max_hp_loss":0,"event_name":"conspire:Investor","floor":2,"gold_loss":0},{"damage_healed":0,"gold_gain":0,"player_choice":"Forge","damage_taken":0,"max_hp_gain":0,"max_hp_loss":0,"event_name":"Accursed Blacksmith","floor":4,"gold_loss":0,"cards_upgraded":["SurpressingFire"]}],"is_beta":false,"boss_relics":[],"items_purged_floors":[],"is_endless":false,"potions_floor_spawned":[3,7],"killed_by":"Gremlin Nob","ascension_level":12}}