{"host":"qekv59dthhdg54sz","time":1611344570,"event":{"mods":["AchievementEnabler","BaseMod","Colored Map","DeckTracker","KOR Keyword Fix","Minty Spire (QoL Compilation)","Rare Cards Sparkle","StSLib","SuperFastMode"],"gold_per_floor":[109,125,9,27,27,27,47,47,47,23,56,71,71,98,98,177,177,193,193,19,39,39,39,39,39],"floor_reached":24,"language":"KOR","playtime":511,"items_purged":["Strike_G","Strike_G"],"score":458,"play_id":"90c5cf5f-ff07-408e-9925-9d71b61f2205","local_time":"20210123044250","is_ascension_mode":true,"campfire_choices":[{"data":"Acrobatics","floor":6.0,"key":"SMITH"},{"data":"Finisher","floor":8.0,"key":"SMITH"},{"data":"Cloak And Dagger","floor":15.0,"key":"SMITH"},{"data":"Calculated Gamble","floor":23.0,"key":"SMITH"}],"circlet_count":0,"master_deck":["AscendersBane","Strike_G","Strike_G","Defend_G","Defend_G","Defend_G","Defend_G","Survivor","Neutralize","Die Die Die","Acrobatics+1","Blade Dance","Finisher+1","Backflip","Cloak And Dagger+1","Dagger Spray","Dagger Throw","Burst","Calculated Gamble+1"],"relics":["Ring of the Snake","Ninja Scroll","Pantograph","Sundial","Question Card","Empty Cage"],"acts_visited":["Exordium","TheCity"],"potions_floor_usage":[24],"damage_taken":[{"damage":1.0,"enemies":"Cultist","floor":1.0,"turns":4.0},{"damage":2.0,"enemies":"Jaw Worm","floor":2.0,"turns":5.0},{"damage":0.0,"enemies":"Small Slimes","floor":4.0,"turns":2.0},{"damage":0.0,"enemies":"2 Fungi Beasts","floor":7.0,"turns":2.0},{"damage":0.0,"enemies":"Gremlin Nob","floor":11.0,"turns":2.0},{"damage":3.0,"enemies":"Exordium Thugs","floor":12.0,"turns":3.0},{"damage":2.0,"enemies":"3 Sentries","floor":14.0,"turns":4.0},{"damage":42.0,"enemies":"Slime Boss","floor":16.0,"turns":9.0},{"damage":0.0,"enemies":"Shell Parasite","floor":18.0,"turns":1.0},{"damage":0.0,"enemies":"Chosen","floor":21.0,"turns":3.0},{"damage":26,"enemies":"Gremlin Leader","floor":24,"turns":6}],"seed_played":"-6225646419339407923","potions_obtained":[{"floor":2.0,"key":"Swift Potion"},{"floor":7.0,"key":"Block Potion"},{"floor":11.0,"key":"Energy Potion"},{"floor":21.0,"key":"PowerPotion"}],"is_trial":false,"path_per_floor":["M","M","$","M","?","R","M","R","T","$","E","M","$","E","R","B",null,"M","?","$","M","$","R","E"],"character_chosen":"THE_SILENT","items_purchased":["Finisher","Dagger Spray","Calculated Gamble"],"campfire_rested":0,"item_purchase_floors":[3,10,20],"current_hp_per_floor":[58,56,56,56,56,56,56,56,56,56,56,53,53,51,51,18,50,50,50,50,50,50,50,24,24],"gold":39,"neow_bonus":"THREE_RARE_CARDS","is_daily":false,"chose_seed":false,"campfire_upgraded":4,"win_rate":0.0,"timestamp":1611344570,"path_taken":["M","?","$","M","?","R","?","R","T","$","E","M","$","E","R","BOSS","M","?","$","M","$","R","E"],"items_purchased_type":["Card","Card","Card"],"build_version":"2020-12-22","purchased_purges":2,"victory":false,"max_hp_per_floor":[60,60,60,60,60,60,60,60,60,60,60,60,60,60,60,60,60,60,60,60,60,60,60,60,60],"card_choices":[{"not_picked":["Unload","Storm of Steel"],"picked":"Die Die Die","floor":0.0},{"not_picked":["Quick Slash","Prepared"],"picked":"Acrobatics","floor":1.0},{"not_picked":["PiercingWail","Dodge and Roll"],"picked":"Blade Dance","floor":2.0},{"not_picked":["Noxious Fumes","Deadly Poison"],"picked":"Backflip","floor":4.0},{"not_picked":["Blur","Dodge and Roll"],"picked":"Cloak And Dagger","floor":7.0},{"not_picked":["Bullet Time","Predator","Backflip"],"picked":"SKIP","floor":11.0},{"not_picked":["Quick Slash","Dodge and Roll"],"picked":"Dagger Throw","floor":12.0},{"not_picked":["Terror","Slice","Dodge and Roll"],"picked":"SKIP","floor":14.0},{"not_picked":["Unload","Corpse Explosion","Envenom"],"picked":"Burst","floor":16.0},{"not_picked":["Predator","Catalyst","Deadly Poison","Underhanded Strike+1"],"picked":"SKIP","floor":18.0},{"not_picked":["Bane","Backflip","Dodge and Roll","Blade Dance+1"],"picked":"SKIP","floor":21.0}],"player_experience":807341,"relics_obtained":[{"floor":9.0,"key":"Pantograph"},{"floor":11.0,"key":"Sundial"},{"floor":14.0,"key":"Question Card"}],"event_choices":[{"damage_healed":0.0,"max_hp_gain":0.0,"max_hp_loss":0.0,"gold_gain":0.0,"event_name":"WeMeetAgain","player_choice":"Gave Potion","floor":5.0,"gold_loss":0.0,"damage_taken":0.0,"relics_obtained":["Ninja Scroll"]},{"damage_healed":0.0,"max_hp_gain":0.0,"max_hp_loss":0.0,"gold_gain":0.0,"event_name":"Vampires","player_choice":"Ignored","floor":19.0,"gold_loss":0.0,"damage_taken":0.0}],"is_beta":false,"boss_relics":[{"not_picked":["Black Star","Coffee Dripper"],"picked":"Empty Cage"}],"items_purged_floors":[3,20],"is_endless":false,"potions_floor_spawned":[2,7,11,12,21],"killed_by":"Gremlin Leader","ascension_level":20}}