{"host":"rl5ku05escnl5kxo","time":1611297726,"event":{"mods":["Act Like it!","BaseMod","Hallownest","Minty Spire (QoL Compilation)","StSLib","The Bug Knight"],"gold_per_floor":[214,214,228,35,35,64,64,79,79,79,96,96,108,119,119,217,267,283,283,52,63,162,87,87,99,153,253,273,152,152,172,172,172,172],"floor_reached":33,"language":"ENG","playtime":1738,"items_purged":["Writhe"],"score":272,"play_id":"9640c4aa-290d-4085-a1f8-279c43ef5dc6","local_time":"20210121224206","is_ascension_mode":false,"campfire_choices":[{"data":"HollowMod:DesolateDive","floor":7,"key":"SMITH"},{"data":"HollowMod:GoodIntentions","floor":10,"key":"SMITH"},{"data":"HollowMod:FocusHealStart","floor":12,"key":"SMITH"},{"data":"HollowMod:SlysStrikes","floor":15,"key":"SMITH"},{"data":"HollowMod:ZotesMagnificence","floor":24,"key":"SMITH"},{"data":"HollowMod:SoulVessel","floor":30,"key":"SMITH"},{"floor":32,"key":"REST"}],"circlet_count":0,"master_deck":["HollowMod:NailStrikeStart","HollowMod:NailStrikeStart+1","HollowMod:NailStrikeStart+1","HollowMod:QuickDashStart","HollowMod:QuickDashStart","HollowMod:QuickDashStart","HollowMod:QuickDashStart+1","HollowMod:FocusHealStart+1","HollowMod:PogoStrike","HollowMod:GoodIntentions+1","HollowMod:HowlingWraiths","HollowMod:DesolateDive+1","HollowMod:SoulVessel+1","HollowMod:MonomonsArchive","HollowMod:SlysStrikes+1","HollowMod:ZotesMagnificence+1","HollowMod:DashSlash","HollowMod:SiblingsShadow+1","HollowMod:GoodIntentions","HollowMod:SoulShaman+1","HollowMod:SoulStrike+1","HollowMod:CornifersMapStart"],"relics":["HollowMod:VesselMask","HollowMod:JonisBlessing","Hallownest:DreamNailRelic","Mercury Hourglass","Bottled Lightning","Tiny House","Peace Pipe","Bag of Marbles","Happy Flower","Pocketwatch","The Courier","Omamori"],"acts_visited":["Exordium","TheCity"],"potions_floor_usage":[14,27,27,27,33],"damage_taken":[{"damage":8,"enemies":"Hallownest:monsterHuskGuard","floor":1,"turns":4},{"damage":0,"enemies":"Hallownest:monsterHuskWarrior","floor":3,"turns":3},{"damage":0,"enemies":"Hallownest:eliteVengeflyKing","floor":6,"turns":6},{"damage":0,"enemies":"Hallownest:2_Baldur","floor":8,"turns":2},{"damage":0,"enemies":"Hallownest:1_Ooma_and_2_Uuma","floor":11,"turns":7},{"damage":0,"enemies":"Hallownest:Guard_and_Warrior","floor":13,"turns":5},{"damage":0,"enemies":"Hallownest:monsterFoolEater","floor":14,"turns":3},{"damage":13,"enemies":"Hallownest:BossBrokenVessel","floor":16,"turns":9},{"damage":0,"enemies":"Spheric Guardian","floor":18,"turns":3},{"damage":3,"enemies":"Shell Parasite","floor":21,"turns":4},{"damage":2,"enemies":"Centurion and Healer","floor":25,"turns":7},{"damage":3,"enemies":"Colosseum Slavers","floor":27,"turns":3},{"damage":0,"enemies":"Colosseum Nobs","floor":27,"turns":5},{"damage":0,"enemies":"Shelled Parasite and Fungi","floor":28,"turns":4},{"damage":11,"enemies":"Chosen and Byrds","floor":31,"turns":5},{"damage":90,"enemies":"Champ","floor":33,"turns":12}],"seed_played":"-8693104654275969004","potions_obtained":[{"floor":6,"key":"SneckoOil"},{"floor":11,"key":"ColorlessPotion"},{"floor":13,"key":"Explosive Potion"},{"floor":14,"key":"EssenceOfSteel"},{"floor":17,"key":"Energy Potion"},{"floor":27,"key":"SpeedPotion"}],"is_trial":false,"path_per_floor":["M","?","M","$","?","E","R","M","T","R","M","R","M","M","R","B",null,"M","?","$","M","?","?","R","M","T","?","M","$","R","M","R","B"],"character_chosen":"THE_BUGKNIGHT","items_purchased":["HollowMod:JonisBlessing","HollowMod:DesolateDive","Bag of Marbles","Omamori"],"campfire_rested":1,"item_purchase_floors":[4,4,20,29],"current_hp_per_floor":[67,67,73,73,73,73,73,73,73,73,73,73,73,73,73,60,80,80,80,80,77,77,77,77,75,75,72,72,72,72,61,80,0,0],"gold":172,"neow_bonus":"HUNDRED_GOLD","is_daily":false,"chose_seed":false,"campfire_upgraded":6,"win_rate":0.0,"timestamp":1611297726,"path_taken":["M","?","M","$","?","E","R","M","T","R","M","R","M","M","R","BOSS","M","?","$","M","?","?","R","M","T","?","M","?","R","M","R","BOSS"],"items_purchased_type":["Relic","Card","Relic","Relic"],"build_version":"2020-12-22","purchased_purges":1,"victory":false,"max_hp_per_floor":[75,75,75,75,75,75,75,75,75,75,75,75,75,75,75,75,80,80,80,80,80,80,80,80,80,80,80,80,80,80,80,80,80,80],"card_choices":[{"not_picked":["HollowMod:TaintedHusks","HollowMod:CloakDash"],"picked":"HollowMod:GoodIntentions","floor":1},{"not_picked":["HollowMod:CloakDash","HollowMod:ShadowDash"],"picked":"HollowMod:HowlingWraiths","floor":3},{"not_picked":["HollowMod:PureNailStrike","HollowMod:SiblingsSouls"],"picked":"HollowMod:SoulVessel","floor":6},{"not_picked":["HollowMod:DungDefenderAura","HollowMod:ShadowDash"],"picked":"HollowMod:MonomonsArchive","floor":8},{"not_picked":["HollowMod:HeavyBlow","HollowMod:LuriensSpire","HollowMod:DashSlash"],"picked":"SKIP","floor":11},{"not_picked":["HollowMod:DreamGate","HollowMod:VengefulVoid","HollowMod:ChannelNail"],"picked":"SKIP","floor":13},{"not_picked":["HollowMod:SoulShaman","HollowMod:FallenFury"],"picked":"HollowMod:SlysStrikes","floor":14},{"not_picked":["HollowMod:Weaversong","HollowMod:WhiteLadysBlessing"],"picked":"HollowMod:ZotesMagnificence","floor":16},{"not_picked":["HollowMod:InfectedAttack","HollowMod:BlackTendrils"],"picked":"HollowMod:DashSlash","floor":17},{"not_picked":["HollowMod:WraithStrike","HollowMod:DoubleDash"],"picked":"HollowMod:SiblingsShadow+1","floor":18},{"not_picked":["HollowMod:MawleksShell+1","HollowMod:TaintedHusks"],"picked":"HollowMod:GoodIntentions","floor":21},{"not_picked":["HollowMod:DashSlash","HollowMod:RecoilStrike+1","HollowMod:TaintedHusks"],"picked":"SKIP","floor":25},{"not_picked":["HollowMod:Grubsong","HollowMod:HuntersJournal"],"picked":"HollowMod:SoulShaman+1","floor":27},{"not_picked":["HollowMod:LuriensSpire","HollowMod:DescendingDark"],"picked":"HollowMod:SoulStrike+1","floor":28},{"not_picked":["HollowMod:SiblingsSouls","HollowMod:SharpenedNail"],"picked":"HollowMod:CornifersMapStart","floor":31}],"player_experience":514890,"relics_obtained":[{"floor":6,"key":"Mercury Hourglass"},{"floor":9,"key":"Bottled Lightning"},{"floor":26,"key":"Happy Flower"},{"floor":27,"key":"Pocketwatch"},{"floor":27,"key":"The Courier"}],"event_choices":[{"damage_healed":0,"gold_gain":0,"player_choice":"Opened","damage_taken":0,"relics_obtained":["Peace Pipe"],"max_hp_gain":0,"max_hp_loss":0,"event_name":"The Mausoleum","floor":19,"gold_loss":0,"cards_obtained":["Writhe"]},{"damage_healed":0,"gold_gain":99,"player_choice":"Stole From Cult","damage_taken":0,"max_hp_gain":0,"max_hp_loss":0,"event_name":"Nest","floor":22,"gold_loss":0},{"cards_removed":["HollowMod:NailStrikeStart"],"damage_healed":0,"gold_gain":0,"player_choice":"Gave Gold","damage_taken":0,"max_hp_gain":0,"max_hp_loss":0,"event_name":"Beggar","floor":23,"gold_loss":75},{"damage_healed":0,"gold_gain":0,"player_choice":"Fight","damage_taken":0,"max_hp_gain":0,"max_hp_loss":0,"event_name":"Colosseum","floor":27,"gold_loss":0},{"damage_healed":0,"gold_gain":0,"player_choice":"Fought Nobs","damage_taken":0,"max_hp_gain":0,"max_hp_loss":0,"event_name":"Colosseum","floor":27,"gold_loss":0}],"is_beta":false,"boss_relics":[{"not_picked":["Runic Dome","Fusion Hammer"],"picked":"Tiny House"}],"items_purged_floors":[20],"is_endless":false,"potions_floor_spawned":[6,11,13,14,21,27,27],"killed_by":"Champ","ascension_level":0}}