{"host":"03a85bwj0a5skoit","time":1611299246,"event":{"mods":["BaseMod","Block Reminder","Minty Spire (QoL Compilation)","Relic Stats","StSLib"],"gold_per_floor":[115,125,142,153,47,47,75,95,168,168,168,168,199,209,209,209,209],"floor_reached":16,"language":"ENG","playtime":441,"items_purged":[],"score":224,"play_id":"b434b522-14d5-4ff4-a956-9adc7bb4495f","local_time":"20210122173726","is_ascension_mode":true,"campfire_choices":[{"data":"Crippling Poison","floor":6,"key":"SMITH"},{"floor":10,"key":"REST"},{"floor":15,"key":"REST"}],"circlet_count":0,"master_deck":["AscendersBane","Strike_G","Strike_G","Strike_G","Strike_G","Strike_G","Defend_G","Defend_G","Defend_G","Defend_G","Defend_G","Survivor","Neutralize","Blade Dance","Crippling Poison+1","Bane","Predator","Noxious Fumes","Blade Dance","Blade Dance","Footwork","Dodge and Roll"],"relics":["Philosopher\u0027s Stone","The Courier","InkBottle","Bottled Tornado","Torii","Blood Vial"],"acts_visited":["Exordium"],"potions_floor_usage":[7,13],"damage_taken":[{"damage":4,"enemies":"Cultist","floor":1,"turns":4},{"damage":0,"enemies":"Small Slimes","floor":2,"turns":3},{"damage":0,"enemies":"2 Louse","floor":3,"turns":2},{"damage":14,"enemies":"Blue Slaver","floor":4,"turns":4},{"damage":31,"enemies":"Gremlin Nob","floor":7,"turns":4},{"damage":6,"enemies":"3 Louse","floor":8,"turns":3},{"damage":18,"enemies":"3 Sentries","floor":13,"turns":5},{"damage":1,"enemies":"Exordium Wildlife","floor":14,"turns":3},{"damage":28,"enemies":"Hexaghost","floor":16,"turns":9}],"seed_played":"-6310909826943289577","potions_obtained":[{"floor":3,"key":"PowerPotion"},{"floor":7,"key":"DuplicationPotion"}],"is_trial":false,"path_per_floor":["M","M","M","M","$","R","E","M","T","R","T","?","E","M","R","B"],"character_chosen":"THE_SILENT","items_purchased":["Noxious Fumes","Blade Dance"],"campfire_rested":2,"item_purchase_floors":[5,5],"current_hp_per_floor":[55,55,55,41,41,41,10,4,4,23,23,23,5,6,25,0,0],"gold":209,"neow_bonus":"BOSS_RELIC","is_daily":false,"chose_seed":false,"campfire_upgraded":1,"win_rate":0.0,"timestamp":1611299246,"path_taken":["M","M","M","M","$","R","E","M","T","R","?","?","E","?","R","BOSS"],"items_purchased_type":["Card","Card"],"build_version":"2020-12-22","purchased_purges":0,"victory":false,"max_hp_per_floor":[66,66,66,66,66,66,66,66,66,66,66,66,66,66,66,66,66],"relic_stats":{"Blood Vial":4,"Torii":15,"counters":[9,37],"obtain_stats":[{"Blood Vial":13,"Torii":12,"Philosopher\u0027s Stone":0,"The Courier":7,"Bottled Tornado":11,"InkBottle":9,"Ring of the Snake":0},{"Blood Vial":7,"Torii":6,"Philosopher\u0027s Stone":0,"The Courier":5,"Bottled Tornado":6,"InkBottle":6,"Ring of the Snake":0},{"Blood Vial":25,"Torii":20,"Philosopher\u0027s Stone":0,"The Courier":17,"Bottled Tornado":20,"InkBottle":20,"Ring of the Snake":0}],"InkBottle":[9]},"card_choices":[{"not_picked":["Leg Sweep","Slice"],"picked":"Blade Dance","floor":1},{"not_picked":["Dagger Spray","Concentrate"],"picked":"Crippling Poison","floor":2},{"not_picked":["Backstab","Cloak And Dagger"],"picked":"Bane","floor":3},{"not_picked":["Tactician","Flechettes"],"picked":"Predator","floor":4},{"not_picked":["Flying Knee","Outmaneuver"],"picked":"Escape Plan","floor":7},{"not_picked":["All Out Attack","Deflect"],"picked":"Blade Dance","floor":8},{"not_picked":["Leg Sweep","Dagger Throw"],"picked":"Footwork","floor":13},{"not_picked":["Cloak And Dagger","Sucker Punch"],"picked":"Dodge and Roll","floor":14}],"player_experience":2350358,"relics_obtained":[{"floor":7,"key":"The Courier"},{"floor":9,"key":"InkBottle"},{"floor":11,"key":"Bottled Tornado"},{"floor":13,"key":"Blood Vial"}],"event_choices":[{"cards_removed":["Escape Plan"],"damage_healed":0,"gold_gain":0,"player_choice":"Gave Card","damage_taken":0,"relics_obtained":["Torii"],"max_hp_gain":0,"max_hp_loss":0,"event_name":"WeMeetAgain","floor":12,"gold_loss":0}],"is_beta":false,"boss_relics":[],"items_purged_floors":[],"is_endless":false,"potions_floor_spawned":[3,7],"killed_by":"Hexaghost","ascension_level":20}}