{"host":"kxs97zan5mba52e6","time":1611279084,"event":{"mods":["100% Spire Juice","A Magickal Journey","BaseMod","Better Third Choice","BetterRewards","Colored Map","Downfall","Hermit","Magitek Elite","Marisa????????","Minty Spire (QoL Compilation)","Shade Mod","StSLib","The Alterego","The Animator","The Bladedancer","The Bug Knight","The Cursed","The Death Knight","The Dragon Tamer","The Forsaken","The Judge","The Necromancer","The Runesmith","The Senshi","The Servant 0.9.4"],"gold_per_floor":[117,135,14,14,31,41,41,41,41],"floor_reached":8,"language":"ENG","playtime":1979,"items_purged":[],"score":48,"play_id":"69578fb6-679a-48d0-9cd1-b6542ab6aa15","local_time":"20210121203124","is_ascension_mode":false,"campfire_choices":[{"data":"Magicka:PreciseFingerCard","floor":7,"key":"SMITH"}],"circlet_count":0,"master_deck":["Magicka:NullifyCard","Magicka:ThunderstrikeCard","Magicka:PreciseFingerCard","Magicka:PreciseFingerCard","Magicka:PreciseFingerCard","Magicka:PreciseFingerCard+1","Magicka:PreciseFingerCard","Magicka:TheFistCard","Magicka:DefaultBladeCard","Magicka:SisterhoodCard","Magicka:SlipperyColdCard","Magicka:ExoticBladeCard","Magicka:TenFingersCard","Magicka:NullifyCard","Magicka:SteamSaleCard","Magicka:HasteCard"],"relics":["Magicka:WizardStaff","NeowsBlessing"],"acts_visited":["Exordium"],"potions_floor_usage":[],"damage_taken":[{"damage":0,"enemies":"Cultist","floor":1,"turns":1},{"damage":0,"enemies":"Small Slimes","floor":2,"turns":1},{"damage":0,"enemies":"Jaw Worm","floor":5,"turns":1},{"damage":6,"enemies":"2 Fungi Beasts","floor":6,"turns":3},{"damage":42,"enemies":"Gremlin Nob","floor":8,"turns":3}],"seed_played":"-8481838873372484428","potions_obtained":[{"floor":2,"key":"LiquidBronze"},{"floor":5,"key":"Weak Potion"}],"is_trial":false,"path_per_floor":["M","M","$","?","M","M","R","E"],"character_chosen":"MAGICKA_WIZARD","items_purchased":["Magicka:ExoticBladeCard","Magicka:TenFingersCard"],"campfire_rested":0,"item_purchase_floors":[3,3],"current_hp_per_floor":[40,40,40,40,40,34,34,0,0],"gold":41,"neow_bonus":"THREE_ENEMY_KILL","is_daily":false,"chose_seed":false,"campfire_upgraded":1,"win_rate":0.0,"timestamp":1611279084,"path_taken":["M","M","?","?","?","M","R","E"],"items_purchased_type":["Card","Card"],"build_version":"2020-12-22","purchased_purges":0,"victory":false,"max_hp_per_floor":[40,40,40,40,40,40,40,40,40],"card_choices":[{"not_picked":["Magicka:CleaverCard","Magicka:SlipperyFireCard"],"picked":"Magicka:SisterhoodCard","floor":1},{"not_picked":["Magicka:WalkBackwardsCard","Magicka:FastColdCard"],"picked":"Magicka:SlipperyColdCard","floor":2},{"not_picked":["Magicka:WinterCrusherCard","Magicka:SlipperyDeathCard"],"picked":"Magicka:SteamSaleCard","floor":5},{"not_picked":["Magicka:SlipperyLifeCard","Magicka:FastStoneCard"],"picked":"Magicka:HasteCard","floor":6}],"player_experience":28475,"relics_obtained":[],"event_choices":[{"damage_healed":0,"gold_gain":0,"cards_transformed":["Magicka:DefaultBladeCard"],"player_choice":"Transformed","damage_taken":0,"max_hp_gain":0,"max_hp_loss":0,"event_name":"Transmorgrifier","floor":4,"gold_loss":0,"cards_obtained":["Magicka:NullifyCard"]}],"is_beta":false,"boss_relics":[],"items_purged_floors":[],"is_endless":false,"potions_floor_spawned":[2,5],"killed_by":"Gremlin Nob","ascension_level":0}}