{"host":"lsq35p0sdkx2xifo","time":1611297096,"event":{"mods":["AchievementEnabler","BaseMod","Highlight Path","Minty Spire (QoL Compilation)","StSLib","The Senshi"],"gold_per_floor":[113,127,21,21,33,68,68,98,173,199,209,209,8,8,8,138,138,158,158,174,195,220,220,238,274,301,301,400,400,400,414,414,543,543,559,574,598,203,203,203,247,247,247,290,290,304,304,320,320,320,320],"floor_reached":50,"language":"ENG","playtime":3979,"items_purged":["theSenshi:NeptunesGrace"],"score":673,"play_id":"5db94038-659c-4a08-9362-92c94a2081a0","local_time":"20210121223136","is_ascension_mode":true,"campfire_choices":[{"floor":7.0,"key":"REST"},{"data":"theSenshi:EncouragingSpeech","floor":12.0,"key":"SMITH"},{"data":"theSenshi:MoonPower","floor":15.0,"key":"SMITH"},{"data":"theSenshi:MoonCrystalPowerMakeUp","floor":23,"key":"SMITH"},{"data":"theSenshi:MoonPrincessHalation","floor":27,"key":"SMITH"},{"data":"theSenshi:MoonPower","floor":30,"key":"SMITH"},{"data":"theSenshi:MoonCosmicPowerMakeUp","floor":32,"key":"SMITH"},{"floor":40,"key":"RECALL"},{"floor":42,"key":"REST"},{"floor":45,"key":"REST"},{"floor":47,"key":"REST"},{"data":"theSenshi:SailorKick","floor":49,"key":"PURGE"}],"circlet_count":0,"master_deck":["theSenshi:SailorKick","theSenshi:SailorKick","theSenshi:SailorKick","theSenshi:SailorBlock","theSenshi:SailorBlock","theSenshi:SailorBlock","theSenshi:SailorBlock+1","theSenshi:RoseThrow","theSenshi:MoonPrismPowerMakeUp+1","theSenshi:RainbowMoonHeartAche","theSenshi:SailorJupiterAssists","theSenshi:MoonCosmicPowerMakeUp+1","theSenshi:MoonPunch","theSenshi:MoonCrystalPowerMakeUp+1","theSenshi:SailorMarsAssists","theSenshi:YouCanTalk","theSenshi:TallSilhouette","theSenshi:EncouragingSpeech+1","theSenshi:MoonPower+1","theSenshi:MoonPrincessHalation+1","theSenshi:JupitersPower","theSenshi:MoonPower+1","theSenshi:SailorVenusAssists+1","theSenshi:SailorJupiterAssists","theSenshi:MoonPunch+1","theSenshi:MoonPrincessHalation+1","theSenshi:EncouragingSpeech+1","theSenshi:CrisisMakeUp+1","theSenshi:KlutzyLuck+1","theSenshi:MoonsReflection+1","theSenshi:GatheringStrength+1","theSenshi:JupitersPower","theSenshi:NeptunesGrace+1","theSenshi:SailorCosmosAssists","theSenshi:EncouragingSpeech+1","theSenshi:MoonPower+1","theSenshi:SailorSaturnAssists","theSenshi:MoonKick+1"],"relics":["theSenshi:TransformationBroochRelic","Prayer Wheel","FossilizedHelix","theSenshi:EternalTiareRelic","Eternal Feather","Peace Pipe","Vajra","Golden Idol","theSenshi:EternalSailorFukuRelic","Toy Ornithopter","Lantern","MutagenicStrength","Fusion Hammer","Strawberry","Gremlin Horn","War Paint"],"acts_visited":["Exordium","TheCity","TheBeyond"],"potions_floor_usage":[22,25,25,33,37,50,50],"damage_taken":[{"damage":1.0,"enemies":"Cultist","floor":1.0,"turns":4.0},{"damage":0.0,"enemies":"Small Slimes","floor":2.0,"turns":6.0},{"damage":8.0,"enemies":"2 Louse","floor":5.0,"turns":2.0},{"damage":51.0,"enemies":"Lagavulin","floor":6.0,"turns":8.0},{"damage":8.0,"enemies":"Gremlin Nob","floor":8.0,"turns":4.0},{"damage":15.0,"enemies":"3 Sentries","floor":10.0,"turns":7.0},{"damage":0.0,"enemies":"Looter","floor":11.0,"turns":3.0},{"damage":25.0,"enemies":"Hexaghost","floor":16.0,"turns":8.0},{"damage":0.0,"enemies":"Spheric Guardian","floor":18.0,"turns":3.0},{"damage":0.0,"enemies":"Chosen","floor":20.0,"turns":4.0},{"damage":19,"enemies":"Centurion and Healer","floor":21,"turns":6},{"damage":0,"enemies":"Snecko","floor":22,"turns":4},{"damage":4,"enemies":"Chosen and Byrds","floor":24,"turns":5},{"damage":31,"enemies":"Book of Stabbing","floor":25,"turns":3},{"damage":34,"enemies":"3 Cultists","floor":31,"turns":5},{"damage":68,"enemies":"Collector","floor":33,"turns":10},{"damage":21,"enemies":"3 Darklings","floor":35,"turns":6},{"damage":0,"enemies":"3 Shapes","floor":36,"turns":5},{"damage":32,"enemies":"Writhing Mass","floor":37,"turns":5},{"damage":33,"enemies":"Nemesis","floor":41,"turns":7},{"damage":90,"enemies":"Giant Head","floor":44,"turns":8},{"damage":22,"enemies":"Sphere and 2 Shapes","floor":46,"turns":6},{"damage":20,"enemies":"3 Darklings","floor":48,"turns":6},{"damage":111,"enemies":"Awakened One","floor":50,"turns":7}],"seed_played":"1103057257463419557","potions_obtained":[{"floor":1.0,"key":"Regen Potion"},{"floor":6.0,"key":"Ancient Potion"},{"floor":10.0,"key":"SneckoOil"},{"floor":21,"key":"SkillPotion"},{"floor":22,"key":"LiquidBronze"},{"floor":24,"key":"Regen Potion"},{"floor":25,"key":"SpeedPotion"},{"floor":36,"key":"DistilledChaos"},{"floor":37,"key":"SteroidPotion"}],"is_trial":false,"path_per_floor":["M","M","$","T","M","E","R","E","T","E","M","R","$","?","R","B",null,"M","?","M","M","M","R","M","E","T","R","?","?","R","M","R","B",null,"M","M","M","$","?","R","E","R","T","E","R","M","R","M","R","B"],"character_chosen":"THE_SENSHI","items_purchased":["theSenshi:MoonCosmicPowerMakeUp","theSenshi:MoonPunch","Vajra","theSenshi:MoonPrincessHalation","Strawberry","FairyPotion","LiquidBronze"],"campfire_rested":4,"item_purchase_floors":[3,3,13,13,38,38,38],"current_hp_per_floor":[74,74,74,74,66,30,52,44,44,29,29,41,41,41,53,28,69,69,69,69,50,50,68,64,38,38,56,56,56,69,35,53,17,69,48,48,21,28,28,49,16,59,59,22,65,43,76,56,76,0,0],"gold":320,"neow_bonus":"UPGRADE_CARD","is_daily":false,"chose_seed":false,"campfire_upgraded":6,"win_rate":0.0,"timestamp":1611297096,"path_taken":["M","M","$","?","M","E","R","E","T","E","M","R","$","?","R","BOSS","M","?","M","M","M","R","M","E","T","R","?","?","R","M","R","BOSS","M","M","M","$","?","R","E","R","T","E","R","M","R","M","R","BOSS"],"items_purchased_type":["Card","Card","Relic","Card","Relic","Potion","Potion"],"build_version":"2020-12-22","purchased_purges":1,"victory":false,"max_hp_per_floor":[75,75,75,75,75,75,75,75,75,75,75,75,75,69,69,69,69,69,69,69,69,69,69,69,69,69,69,69,69,69,69,69,69,69,69,69,69,76,76,76,76,76,76,76,76,76,76,76,76,76,76],"card_choices":[{"not_picked":["theSenshi:EncouragingSpeech","theSenshi:Sidestep"],"picked":"theSenshi:RainbowMoonHeartAche","floor":1.0},{"not_picked":["theSenshi:TallSilhouette","theSenshi:EncouragingSpeech"],"picked":"theSenshi:SailorJupiterAssists","floor":2.0},{"not_picked":["theSenshi:SailorStarFighterAssists","theSenshi:CrisisMakeUp"],"picked":"theSenshi:MoonCrystalPowerMakeUp","floor":5.0},{"not_picked":["theSenshi:CrisisMakeUp","theSenshi:LunasBite"],"picked":"theSenshi:SailorMarsAssists","floor":5.0},{"not_picked":["theSenshi:HesSoDreamy","theSenshi:StudyParty"],"picked":"theSenshi:NeptunesGrace","floor":6.0},{"not_picked":["theSenshi:OdangoHead","theSenshi:LunasBite"],"picked":"theSenshi:YouCanTalk","floor":8.0},{"not_picked":["theSenshi:VenusGlamour","theSenshi:GatheringStrength"],"picked":"theSenshi:TallSilhouette","floor":10.0},{"not_picked":["theSenshi:YouCanTalk","theSenshi:VenusGlamour"],"picked":"theSenshi:EncouragingSpeech","floor":11.0},{"not_picked":["theSenshi:SailorMarsAssists","theSenshi:MoonlightKnight"],"picked":"theSenshi:MoonPower","floor":11.0},{"not_picked":["theSenshi:InTheNameOfTheMoon","theSenshi:IWillPunishYou"],"picked":"theSenshi:JupitersPower","floor":16.0},{"not_picked":["theSenshi:LunasBite","theSenshi:MoonPunch"],"picked":"theSenshi:MoonPower","floor":18.0},{"not_picked":["theSenshi:MoonPrincessHalation","theSenshi:MoonsReflection"],"picked":"theSenshi:SailorVenusAssists+1","floor":18.0},{"not_picked":["theSenshi:InTheNameOfTheMoon","theSenshi:SailorPlanetPower+1"],"picked":"theSenshi:SailorJupiterAssists","floor":20},{"not_picked":["theSenshi:Sidestep+1","theSenshi:SailorNeptuneAssists"],"picked":"theSenshi:MoonPunch+1","floor":20},{"not_picked":["theSenshi:UranusStrength","theSenshi:SailorV"],"picked":"theSenshi:MoonPrincessHalation+1","floor":21},{"not_picked":["theSenshi:SailorMarsAssists","theSenshi:LateForSchool+1","theSenshi:SailorPlanetPower+1"],"picked":"SKIP","floor":21},{"not_picked":["theSenshi:MoonCrisisMakeUp","theSenshi:VenusGlamour"],"picked":"theSenshi:EncouragingSpeech+1","floor":22},{"not_picked":["theSenshi:MoonsReflection","theSenshi:SteeledNerves"],"picked":"theSenshi:CrisisMakeUp+1","floor":22},{"not_picked":["theSenshi:RainbowMoonHeartAche","theSenshi:MoonTiaraMagic"],"picked":"theSenshi:KlutzyLuck+1","floor":24},{"not_picked":["theSenshi:SailorVenusAssists+1","theSenshi:SailorChibiMoonAssists"],"picked":"theSenshi:MoonsReflection","floor":24},{"not_picked":["theSenshi:SailorChibiMoonAssists","theSenshi:SchoolBag+1","theSenshi:GatheringStrength"],"picked":"SKIP","floor":25},{"not_picked":["theSenshi:MoonsReflection","theSenshi:VenusGlamour+1"],"picked":"theSenshi:GatheringStrength+1","floor":31},{"not_picked":["theSenshi:LunaSensingAllies","theSenshi:Sidestep","theSenshi:EncouragingSpeech"],"picked":"SKIP","floor":31},{"not_picked":["theSenshi:SailorPlutoAssists","theSenshi:LunaSensingAllies"],"picked":"theSenshi:JupitersPower","floor":33},{"not_picked":["theSenshi:SailorChibiMoonAssists+1","theSenshi:LunasBite"],"picked":"theSenshi:NeptunesGrace+1","floor":35},{"not_picked":["theSenshi:SupersonicWaves+1","theSenshi:SailorChibiMoonAssists+1","theSenshi:UranusStrength"],"picked":"SKIP","floor":35},{"not_picked":["theSenshi:SailorNeptuneAssists","theSenshi:LateForSchool+1"],"picked":"theSenshi:SailorCosmosAssists","floor":36},{"not_picked":["theSenshi:LunasBite+1","theSenshi:MoonKick","theSenshi:MoonCrystalPowerMakeUp+1"],"picked":"SKIP","floor":36},{"not_picked":["theSenshi:MoonTiaraMagic","theSenshi:SailorStarFighterAssists+1"],"picked":"theSenshi:EncouragingSpeech+1","floor":37},{"not_picked":["theSenshi:LateForSchool+1","theSenshi:MercurysCunning","theSenshi:EncouragingSpeech"],"picked":"SKIP","floor":37},{"not_picked":["theSenshi:SailorChibiMoonAssists+1","theSenshi:MoonKick+1"],"picked":"theSenshi:MoonPower+1","floor":41},{"not_picked":["theSenshi:OdangoHead+1","theSenshi:MoonTiaraMagic","theSenshi:SailorStarMakerAssists"],"picked":"SKIP","floor":44},{"not_picked":["theSenshi:MoonKick+1","theSenshi:YouCanTalk+1"],"picked":"theSenshi:SailorSaturnAssists","floor":46},{"not_picked":["theSenshi:LunasBite","theSenshi:MoonCrystalPowerMakeUp+1","theSenshi:CrisisMakeUp"],"picked":"SKIP","floor":46},{"not_picked":["theSenshi:MoonlightKnight","theSenshi:MoonsReflection"],"picked":"theSenshi:MoonKick+1","floor":48},{"not_picked":["theSenshi:MoonCrisisMakeUp","theSenshi:SailorJupiterAssists+1","theSenshi:Overload+1"],"picked":"SKIP","floor":48}],"player_experience":1356977,"relics_obtained":[{"floor":4.0,"key":"Prayer Wheel"},{"floor":6.0,"key":"FossilizedHelix"},{"floor":8.0,"key":"theSenshi:EternalTiareRelic"},{"floor":9.0,"key":"Eternal Feather"},{"floor":10.0,"key":"Peace Pipe"},{"floor":25,"key":"Toy Ornithopter"},{"floor":26,"key":"Lantern"},{"floor":41,"key":"Gremlin Horn"},{"floor":44,"key":"War Paint"}],"event_choices":[{"damage_healed":0.0,"max_hp_gain":0.0,"max_hp_loss":6.0,"gold_gain":0.0,"event_name":"Golden Idol","player_choice":"Lose Max HP","floor":14.0,"gold_loss":0.0,"damage_taken":0.0,"relics_obtained":["Golden Idol"]},{"damage_healed":0.0,"max_hp_gain":0.0,"max_hp_loss":0.0,"gold_gain":0.0,"event_name":"Vampires","player_choice":"Ignored","floor":19.0,"gold_loss":0.0,"damage_taken":0.0},{"damage_healed":0,"gold_gain":99,"player_choice":"Stole From Cult","damage_taken":0,"max_hp_gain":0,"max_hp_loss":0,"event_name":"Nest","floor":28,"gold_loss":0},{"damage_healed":0,"gold_gain":0,"player_choice":"Inject Mutagens","damage_taken":0,"relics_obtained":["MutagenicStrength"],"max_hp_gain":0,"max_hp_loss":0,"event_name":"Drug Dealer","floor":29,"gold_loss":0},{"damage_healed":0,"gold_gain":0,"player_choice":"Ignored","damage_taken":0,"max_hp_gain":0,"max_hp_loss":0,"event_name":"Tomb of Lord Red Mask","floor":39,"gold_loss":0}],"is_beta":false,"boss_relics":[{"not_picked":["Philosopher\u0027s Stone","Velvet Choker"],"picked":"theSenshi:EternalSailorFukuRelic"},{"not_picked":["Pandora\u0027s Box","Empty Cage"],"picked":"Fusion Hammer"}],"items_purged_floors":[38],"is_endless":false,"potions_floor_spawned":[1,6,10,21,22,24,25,36,37],"killed_by":"Awakened One","ascension_level":4}}