{"host":"08z5bj28eube4vug","time":1611297918,"event":{"mods":["2.2 Compatiblity","Abigail Mod","Act Like it!","BaseMod","Beaked The Cultist","Bestiary","Friendly Minions","Gensokyo","GungeonMod","Hallownest","Kiyohime????","Koishi","Lobotomy","Marisa????????","Minty Spire (QoL Compilation)","Prisma Mod","Remilia??????","Replay The Spire","StSLib","Td1madao Mod","The Alterego","The Bug Knight","The Jungle","The Sage","The Senshi","The Servant 0.9.4","Waifu the Spire","WarShipGirlsR/????R mod","Yuri Mod"],"gold_per_floor":[213,16,31,48,48,48,48,48,48,78,78,107,107,125,125,224,224,236,248,69,80,20,20,51,63,125,169,181,213,253,283,295,411,423,452,464,492,139,156,156,176,176,202,236,236,89,89,117,117,117],"floor_reached":51,"language":"ENG","playtime":3234,"items_purged":[],"score":1274,"play_id":"646d7081-e0d7-4978-87d9-462e4ee00175","local_time":"20210122094518","is_ascension_mode":true,"campfire_choices":[{"data":"PrismaMod:ChloeMordred","floor":6,"key":"SMITH"},{"data":"PrismaMod:ChloeCheapAttack","floor":8,"key":"SMITH"},{"data":"PrismaMod:ChloeCheapAttackTwo","floor":11,"key":"SMITH"},{"data":"PrismaMod:ChloeCaladbolg","floor":15,"key":"SMITH"},{"data":"PrismaMod:ChloeRitsuka","floor":23,"key":"SMITH"},{"data":"PrismaMod:ChloeCaladbolg","floor":25,"key":"SMITH"},{"data":"PrismaMod:ChloeDemonicTutor","floor":28,"key":"SMITH"},{"data":"PrismaMod:ChloeRitsuka","floor":32,"key":"SMITH"},{"data":"PrismaMod:ChloeRhongomyniad","floor":40,"key":"SMITH"},{"data":"PrismaMod:ChloeRitsuka","floor":42,"key":"SMITH"},{"data":"PrismaMod:ChloeCarnivalAttack","floor":47,"key":"SMITH"}],"circlet_count":0,"master_deck":["PrismaMod:ChloeCommonAttack","PrismaMod:ChloeCommonAttack","PrismaMod:ChloeCommonAttack","PrismaMod:ChloeCommonAttack","PrismaMod:ChloeCommonAttack","PrismaMod:ChloeCommonDefend","PrismaMod:ChloeCommonDefend","PrismaMod:ChloeCommonDefend","PrismaMod:ChloeCommonDefend","PrismaMod:ChloeCommonDefend","PrismaMod:ChloeCheapAttack+1","PrismaMod:ChloeCheapDefend","PrismaMod:ChloeCheapAttackTwo+1","PrismaMod:ChloeMordred+1","PrismaMod:ChloeCaladbolg+1","PrismaMod:ChloeCarnivalAttack+1","PrismaMod:ChloeUncommonDefend+1","PrismaMod:ChloeCaladbolg+1","PrismaMod:ChloeRitsuka+1","PrismaMod:ChloeDemonicTutor+1","PrismaMod:ChloeExcalibur+1","PrismaMod:ChloeRitsuka+1","PrismaMod:ChloeCarnivalAttack+1","PrismaMod:ChloeRhongomyniad+1","PrismaMod:ChloeUncommonDefend+1","PrismaMod:ChloeRitsuka+1","PrismaMod:ChloeMordred+1","PrismaMod:ChloeGaeBolg+1"],"relics":["PrismaMod:PrismaTraceOn","Pen Nib","DemoMod:Metronome","Mercury Hourglass","Replay:Baseball","Replay:Grab Bag","beaked:SacredNecklace","ChewingGum","Black Star","Chemical X","MawBank","White Beast Statue","Happy Flower","DemoMod:MonsterBlood","Smiling Mask","DemoMod:PinkGuonStone","DemoMod:WhiteGuonStone","SlaversCollar","DemoMod:MeatBun","Bag of Marbles","Ancient Tea Set","PreservedInsect","Divine Protection","DollysMirror","Simple Rune","Molten Egg 2"],"acts_visited":["Exordium","TheCity","TheBeyond"],"potions_floor_usage":[3,10,16,24,30,30,31,33,33,35,50,50,50],"damage_taken":[{"damage":0,"enemies":"Jaw Worm","floor":1,"turns":4},{"damage":0,"enemies":"Small Slimes","floor":3,"turns":3},{"damage":6,"enemies":"Cultist","floor":4,"turns":3},{"damage":28,"enemies":"Gremlin Nob","floor":10,"turns":4},{"damage":0,"enemies":"HollowMod:MossKnight","floor":12,"turns":4},{"damage":8,"enemies":"Large Slime","floor":14,"turns":5},{"damage":3,"enemies":"The Guardian","floor":16,"turns":6},{"damage":5,"enemies":"Chosen","floor":18,"turns":3},{"damage":5,"enemies":"2 Thieves","floor":19,"turns":3},{"damage":14,"enemies":"Chosen and Byrds","floor":21,"turns":6},{"damage":12,"enemies":"Replay:Snechameleon","floor":24,"turns":5},{"damage":1,"enemies":"HollowMod:Nosk","floor":27,"turns":5},{"damage":0,"enemies":"Cultist and Chosen","floor":29,"turns":3},{"damage":0,"enemies":"Slavers","floor":30,"turns":2},{"damage":4,"enemies":"Snecko","floor":31,"turns":3},{"damage":9,"enemies":"Champ","floor":33,"turns":6},{"damage":20,"enemies":"3 Darklings","floor":35,"turns":3},{"damage":0,"enemies":"Orb Walker","floor":37,"turns":2},{"damage":0,"enemies":"Jaw Worm Horde","floor":39,"turns":1},{"damage":6,"enemies":"Maw","floor":41,"turns":6},{"damage":0,"enemies":"Nemesis","floor":44,"turns":5},{"damage":10,"enemies":"R_Hoarder","floor":48,"turns":4},{"damage":12,"enemies":"Donu and Deca","floor":50,"turns":6}],"seed_played":"-7753516159273386209","potions_obtained":[{"floor":3,"key":"FearPotion"},{"floor":4,"key":"Swift Potion"},{"floor":10,"key":"Elixir"},{"floor":14,"key":"Explosive Potion"},{"floor":16,"key":"PowerPotion"},{"floor":21,"key":"Swift Potion"},{"floor":24,"key":"LifebloodPotion"},{"floor":27,"key":"Adrenaline Potion"},{"floor":29,"key":"SkillPotion"},{"floor":30,"key":"ColorlessPotion"},{"floor":31,"key":"SmokeBomb"},{"floor":33,"key":"ColorlessPotion"},{"floor":35,"key":"Fire Potion"},{"floor":41,"key":"Swift Potion"},{"floor":44,"key":"LiquidBronze"}],"is_trial":false,"path_per_floor":["M","$","M","M","?","R","?","R","T","E","R","E","?","M","R","B",null,"M","M","$","M","?","R","E","R","T","E","R","M","E","M","R","B",null,"M","?","M","$","M","R","M","R","T","E","?","$","R","E","R","B",null],"character_chosen":"CHLOE","items_purchased":["Pen Nib","Fire Potion","PrismaMod:ChloeCaladbolg","Chemical X","DemoMod:MeatBun","Bag of Marbles","PrismaMod:ChloeRitsuka","DollysMirror"],"campfire_rested":0,"item_purchase_floors":[2,2,20,20,38,38,38,46],"current_hp_per_floor":[68,68,68,62,67,67,67,67,67,42,42,42,42,34,34,31,70,65,60,60,46,46,46,34,34,34,40,40,40,47,43,43,34,81,61,61,61,75,75,75,69,69,69,69,69,69,69,59,88,76],"gold":117,"neow_bonus":"HUNDRED_GOLD","is_daily":false,"chose_seed":false,"campfire_upgraded":11,"win_rate":0.0,"timestamp":1611297918,"path_taken":["M","$","M","M","?","R","?","R","T","E","R","E","?","M","R","BOSS","M","M","$","M","?","R","E","R","T","E","R","M","E","M","R","BOSS","M","?","M","?","M","R","M","R","T","E","?","$","R","E","R","BOSS"],"items_purchased_type":["Relic","Potion","Card","Relic","Relic","Relic","Card","Relic"],"build_version":"2020-12-22","purchased_purges":0,"victory":true,"max_hp_per_floor":[75,75,75,75,80,80,80,80,80,83,83,83,83,83,83,83,83,83,83,83,83,83,83,83,83,83,90,90,90,97,97,97,97,97,97,97,97,97,97,97,97,97,97,97,97,97,97,97,97,97],"card_choices":[{"not_picked":["PrismaMod:ChloeDiscardRecovery","PrismaMod:ChloeCheapAttack"],"picked":"PrismaMod:ChloeCheapAttackTwo","floor":1},{"not_picked":["PrismaMod:ChloeChristmas","PrismaMod:ChloeCheapAttackTwo"],"picked":"PrismaMod:ChloeMordred","floor":3},{"not_picked":["PrismaMod:ChloeExhaustOne","PrismaMod:ChloeCheapAttackTwo","PrismaMod:ChloeCheapDefendTwo"],"picked":"SKIP","floor":4},{"not_picked":["PrismaMod:ChloeDiscardRecovery","PrismaMod:ChloeCommonAOEAttack","PrismaMod:ChloeCheapAttack"],"picked":"SKIP","floor":10},{"not_picked":["PrismaMod:ChloeCheapAttackTwo","PrismaMod:ChloeUncommonDefend","PrismaMod:ChloeReshuffleDiscard"],"picked":"SKIP","floor":12},{"not_picked":["PrismaMod:ChloeCheapDefend","PrismaMod:ChloeExhaustOne"],"picked":"PrismaMod:ChloeCaladbolg","floor":14},{"not_picked":["PrismaMod:ChloeAnyRareTrace","PrismaMod:ChloeCarnivalAOEAttack"],"picked":"PrismaMod:ChloeCarnivalAttack","floor":16},{"not_picked":["PrismaMod:ChloeMaid","PrismaMod:ChloeExhaustOne"],"picked":"PrismaMod:ChloeUncommonDefend+1","floor":18},{"not_picked":["PrismaMod:ChloeExhaustTwo","PrismaMod:ChloeCheapDefend","PrismaMod:ChloeCheapAttackTwo"],"picked":"SKIP","floor":19},{"not_picked":["PrismaMod:ChloeDiscardRecovery+1","PrismaMod:ChloeCheapDefendTwo"],"picked":"PrismaMod:ChloeRitsuka","floor":21},{"not_picked":["PrismaMod:ChloeAnyUncommonTrace","PrismaMod:ChloeChristmas+1"],"picked":"PrismaMod:ChloeDemonicTutor","floor":24},{"not_picked":["PrismaMod:ChloeDiscardRecovery","PrismaMod:ChloeExhaustTwo","PrismaMod:ChloeCheapAttack+1"],"picked":"SKIP","floor":27},{"not_picked":["PrismaMod:ChloeUncommonDefend","PrismaMod:ChloeUncommonAOEAttack"],"picked":"PrismaMod:ChloeExcalibur+1","floor":29},{"not_picked":["PrismaMod:ChloeCheapDefend","PrismaMod:ChloeEyeOfTheEuryale"],"picked":"PrismaMod:ChloeRitsuka","floor":30},{"not_picked":["PrismaMod:ChloeExhaustOne","PrismaMod:ChloeCommonAOEAttack","PrismaMod:ChloeCheapDefend"],"picked":"SKIP","floor":31},{"not_picked":["PrismaMod:ChloeAnyUncommonTrace","PrismaMod:ChloeAnyAttackTrace"],"picked":"PrismaMod:ChloeCarnivalAttack","floor":33},{"not_picked":["PrismaMod:ChloeCheapAttack","PrismaMod:ChloeCheapDefendTwo","PrismaMod:ChloeCommonAOEAttack+1"],"picked":"SKIP","floor":35},{"not_picked":["PrismaMod:ChloeDiscardRecovery","PrismaMod:ChloeChristmas"],"picked":"PrismaMod:ChloeUncommonDefend+1","floor":37},{"not_picked":["PrismaMod:ChloeBetterTracePools+1","PrismaMod:ChloeCheapAttackTwo","PrismaMod:ChloeCheapAttack+1"],"picked":"SKIP","floor":39},{"not_picked":["PrismaMod:ChloeCheapDefend","PrismaMod:ChloeExhaustOne","PrismaMod:ChloeCheapAttackTwo"],"picked":"SKIP","floor":41},{"not_picked":["PrismaMod:ChloeCheapDefend","PrismaMod:ChloeUncommonDefend","PrismaMod:ChloeUncommonAOEAttack+1"],"picked":"SKIP","floor":44},{"not_picked":["PrismaMod:ChloeEyeOfTheEuryale+1","PrismaMod:ChloeMordred+1"],"picked":"PrismaMod:ChloeGaeBolg+1","floor":48}],"player_experience":828395,"relics_obtained":[{"floor":9,"key":"DemoMod:Metronome"},{"floor":10,"key":"Mercury Hourglass"},{"floor":12,"key":"Replay:Baseball"},{"floor":24,"key":"MawBank"},{"floor":24,"key":"White Beast Statue"},{"floor":26,"key":"Happy Flower"},{"floor":27,"key":"DemoMod:MonsterBlood"},{"floor":27,"key":"Smiling Mask"},{"floor":30,"key":"DemoMod:PinkGuonStone"},{"floor":30,"key":"DemoMod:WhiteGuonStone"},{"floor":43,"key":"Ancient Tea Set"},{"floor":44,"key":"PreservedInsect"},{"floor":44,"key":"Divine Protection"},{"floor":48,"key":"Simple Rune"},{"floor":48,"key":"Molten Egg 2"}],"event_choices":[{"damage_healed":0,"gold_gain":0,"player_choice":"Donut","damage_taken":0,"max_hp_gain":5,"max_hp_loss":0,"event_name":"Big Fish","floor":5,"gold_loss":0},{"damage_healed":0,"gold_gain":0,"player_choice":"Ignored","damage_taken":0,"max_hp_gain":0,"max_hp_loss":0,"event_name":"Liars Game","floor":7,"gold_loss":0},{"damage_healed":0,"gold_gain":0,"player_choice":"1 cards matched","damage_taken":0,"max_hp_gain":0,"max_hp_loss":0,"event_name":"Match and Keep!","floor":36,"gold_loss":0,"cards_obtained":["PrismaMod:ChloeRhongomyniad"]},{"damage_healed":0,"gold_gain":0,"player_choice":"Memory 1","damage_taken":0,"max_hp_gain":0,"max_hp_loss":0,"event_name":"SensoryStone","floor":45,"gold_loss":0}],"is_beta":false,"boss_relics":[{"not_picked":["PrismaMod:PrismaTraceOnUpgrade","beaked:MawFillet"],"picked":"Replay:Grab Bag"},{"not_picked":["Sozu","Replay:Bronze Core"],"picked":"beaked:SacredNecklace"},{"not_picked":["ReplayTheSpireMod:DimensionalGlitch","ReplayTheSpireMod:Onyx Gauntlets"],"picked":"ChewingGum"},{"not_picked":["Astrolabe","Replay:Drink Me"],"picked":"Black Star"},{"not_picked":["Velvet Choker","theSenshi:MoonKaleidoScopeRelic"],"picked":"SlaversCollar"}],"items_purged_floors":[],"is_endless":false,"potions_floor_spawned":[3,4,10,14,16,21,24,27,29,30,31,33,35,37,39,41,44,48],"ascension_level":8}}