{"host":"hfxp6ue4pvwo3fit","time":1611276186,"event":{"mods":["AchievementEnabler","BaseMod","Colored Map","Colored Powertips","Highlight Path","Minty Spire (QoL Compilation)","Relic Stats","StSLib","SuperFastMode"],"gold_per_floor":[116,133,17,17,33,33,66,66,90,1,1,14,39,39,39,137,137,153,153,24,24,24,24],"floor_reached":22,"language":"ENG","playtime":464,"items_purged":["Regret","Strike_B"],"score":364,"play_id":"8cf16d54-6c02-42ed-8464-afc16ebafc36","local_time":"20210121184306","is_ascension_mode":true,"campfire_choices":[{"data":"Loop","floor":6,"key":"SMITH"},{"floor":8,"key":"REST"},{"data":"Defragment","floor":15,"key":"SMITH"}],"circlet_count":0,"master_deck":["AscendersBane","Strike_B","Strike_B","Defend_B","Defend_B","Defend_B","Defend_B","Zap","Dualcast","Metamorphosis","Streamline","Compile Driver","Loop+1","Ball Lightning","Defragment+1","White Noise","Fission","Conserve Battery","Coolheaded","Glacier"],"relics":["Cracked Core","DataDisk","Vajra","Golden Idol","Coffee Dripper"],"acts_visited":["Exordium","TheCity"],"potions_floor_usage":[16],"damage_taken":[{"damage":1,"enemies":"Cultist","floor":1,"turns":3},{"damage":3,"enemies":"2 Louse","floor":2,"turns":2},{"damage":2,"enemies":"Jaw Worm","floor":5,"turns":3},{"damage":32,"enemies":"Gremlin Nob","floor":7,"turns":4},{"damage":3,"enemies":"3 Louse","floor":12,"turns":3},{"damage":11,"enemies":"Blue Slaver","floor":13,"turns":3},{"damage":5,"enemies":"Slime Boss","floor":16,"turns":6},{"damage":19,"enemies":"Spheric Guardian","floor":18,"turns":4},{"damage":36,"enemies":"3 Byrds","floor":22,"turns":3}],"seed_played":"4370086779277846875","potions_obtained":[{"floor":7,"key":"DistilledChaos"},{"floor":16,"key":"PotionOfCapacity"}],"is_trial":false,"path_per_floor":["M","M","$","?","M","R","E","R","T","$","?","M","M","$","R","B",null,"M","?","$","?","M"],"character_chosen":"DEFECT","items_purchased":["Loop","Defragment","Coolheaded"],"campfire_rested":1,"item_purchase_floors":[3,10,20],"current_hp_per_floor":[63,60,60,53,51,51,19,40,40,40,40,37,26,26,26,21,53,34,28,28,28,0,0],"gold":24,"neow_bonus":"RANDOM_COLORLESS_2","is_daily":false,"chose_seed":false,"campfire_upgraded":2,"win_rate":0.0,"timestamp":1611276186,"path_taken":["M","M","?","?","M","R","E","R","T","?","?","M","?","?","R","BOSS","M","?","?","?","M"],"items_purchased_type":["Card","Card","Card"],"build_version":"2020-12-22","purchased_purges":2,"victory":false,"max_hp_per_floor":[71,71,71,71,71,71,71,71,71,71,64,64,64,64,64,64,64,64,64,64,64,64,64],"relic_stats":{"counters":[9,29],"Golden Idol":31,"obtain_stats":[{"DataDisk":7,"Golden Idol":11,"Vajra":9,"Coffee Dripper":17,"Cracked Core":0},{"DataDisk":4,"Golden Idol":4,"Vajra":4,"Coffee Dripper":7,"Cracked Core":0},{"DataDisk":12,"Golden Idol":12,"Vajra":12,"Coffee Dripper":22,"Cracked Core":0}]},"card_choices":[{"not_picked":["Thinking Ahead","Secret Weapon"],"picked":"Metamorphosis","floor":0},{"not_picked":["Force Field","Double Energy"],"picked":"Streamline","floor":1},{"not_picked":["Skim","Coolheaded"],"picked":"Compile Driver","floor":2},{"not_picked":["Steam","Gash"],"picked":"Ball Lightning","floor":5},{"not_picked":["Barrage","Redo","Static Discharge"],"picked":"SKIP","floor":7},{"not_picked":["Turbo","Storm","Compile Driver"],"picked":"SKIP","floor":12},{"not_picked":["Coolheaded","Go for the Eyes"],"picked":"White Noise","floor":13},{"not_picked":["Machine Learning","Thunder Strike"],"picked":"Fission","floor":16},{"not_picked":["Rebound","Aggregate"],"picked":"Conserve Battery","floor":18}],"player_experience":508159,"relics_obtained":[{"floor":7,"key":"DataDisk"},{"floor":9,"key":"Vajra"}],"event_choices":[{"cards_removed":["Strike_B"],"damage_healed":0,"gold_gain":0,"player_choice":"Card Removal","damage_taken":7,"max_hp_gain":0,"max_hp_loss":0,"event_name":"Golden Wing","floor":4,"gold_loss":0},{"damage_healed":0,"gold_gain":0,"player_choice":"Lose Max HP","damage_taken":0,"relics_obtained":["Golden Idol"],"max_hp_gain":0,"max_hp_loss":7,"event_name":"Golden Idol","floor":11,"gold_loss":0},{"damage_healed":0,"gold_gain":0,"player_choice":"","damage_taken":6,"max_hp_gain":0,"max_hp_loss":0,"event_name":"Knowing Skull","floor":19,"potions_obtained":[],"gold_loss":0,"cards_obtained":[]},{"damage_healed":0,"gold_gain":0,"player_choice":"Read","damage_taken":0,"max_hp_gain":0,"max_hp_loss":0,"event_name":"The Library","floor":21,"gold_loss":0,"cards_obtained":["Glacier"]}],"is_beta":false,"boss_relics":[{"not_picked":["Astrolabe","Ectoplasm"],"picked":"Coffee Dripper"}],"items_purged_floors":[3,20],"is_endless":false,"potions_floor_spawned":[7,16],"killed_by":"3 Byrds","ascension_level":20}}