{"host":"qm4rv4rkpk76sbxu","time":1611343513,"event":{"mods":["BaseMod","Bestiary","Block Reminder","DeckTracker","Filter the Spire","Keyboard Shortcuts","Minty Spire (QoL Compilation)","MonsterHotkey","Quick Restart","Random Character Button","Relic Stats","Slay-I","StSLib","Unceasing Turn Reminder","ojb\u0027s Better Paths Mod","ojb\u0027s Info Mod"],"gold_per_floor":[117,134,309,309,323,323,351,351,427,377,397,397,424,30,30,128,128,148,160,175,186,186,212,212,212,284,310,321,355,355,365,365,468,468,487,487,487,501,291,321,338,351,351,385,385,385,385,20,20,20,20,20,20,46,46,46],"floor_reached":55,"language":"ENG","playtime":1340,"items_purged":["Strike_R","Strike_R"],"score":907,"play_id":"b3c2b383-8c2c-4404-a38b-2e45c73936cc","local_time":"20210122202513","is_ascension_mode":true,"campfire_choices":[{"data":"Hemokinesis","floor":6.0,"key":"SMITH"},{"data":"Heavy Blade","floor":8.0,"key":"SMITH"},{"data":"Spot Weakness","floor":12.0,"key":"SMITH"},{"data":"Feed","floor":15.0,"key":"SMITH"},{"floor":25.0,"key":"REST"},{"floor":32.0,"key":"RECALL"},{"floor":47.0,"key":"REST"},{"floor":49.0,"key":"REST"},{"floor":52.0,"key":"REST"}],"circlet_count":0,"master_deck":["Strike_R","Strike_R","Strike_R","Defend_R","Defend_R+1","Defend_R","Defend_R","Bash","Clumsy","Hemokinesis+1","Armaments+1","Spot Weakness+1","Heavy Blade+1","Feed+1","Corruption+1","Carnage+1","True Grit+1","Twin Strike+1","Spot Weakness+1","Necronomicurse","Fiend Fire","Pommel Strike+1","Flame Barrier+1","Heavy Blade+1","Feel No Pain+1","Offering","Exhume+1","True Grit+1","Heavy Blade+1","Battle Trance+1","Fiend Fire","Rupture+1","Rupture+1"],"relics":["Burning Blood","Bird Faced Urn","Vajra","Matryoshka","Frozen Egg 2","Brimstone","Kunai","Philosopher\u0027s Stone","Necronomicon","Ice Cream","Red Skull","Ornamental Fan","InkBottle","Singing Bowl","Fusion Hammer","Bag of Marbles","War Paint","Darkstone Periapt","Spirit Poop","Happy Flower","Thread and Needle"],"acts_visited":["Exordium","TheCity","TheBeyond","TheEnding"],"potions_floor_usage":[55],"damage_taken":[{"damage":9.0,"enemies":"Small Slimes","floor":1.0,"turns":5.0},{"damage":8.0,"enemies":"Jaw Worm","floor":2.0,"turns":3.0},{"damage":2.0,"enemies":"Cultist","floor":5.0,"turns":2.0},{"damage":37.0,"enemies":"Lagavulin","floor":7.0,"turns":7.0},{"damage":12.0,"enemies":"Looter","floor":11.0,"turns":2.0},{"damage":14.0,"enemies":"3 Sentries","floor":13.0,"turns":5.0},{"damage":18.0,"enemies":"The Guardian","floor":16.0,"turns":5.0},{"damage":20.0,"enemies":"Shell Parasite","floor":18.0,"turns":3.0},{"damage":39.0,"enemies":"3 Byrds","floor":19.0,"turns":4.0},{"damage":12.0,"enemies":"Snecko","floor":20.0,"turns":4.0},{"damage":14.0,"enemies":"Chosen and Byrds","floor":21.0,"turns":4.0},{"damage":26.0,"enemies":"Gremlin Leader","floor":23.0,"turns":4.0},{"damage":0.0,"enemies":"Book of Stabbing","floor":27.0,"turns":1.0},{"damage":2.0,"enemies":"Sentry and Sphere","floor":28.0,"turns":3.0},{"damage":8.0,"enemies":"Gremlin Leader","floor":29.0,"turns":2.0},{"damage":11.0,"enemies":"Snake Plant","floor":31.0,"turns":3.0},{"damage":32.0,"enemies":"Automaton","floor":33.0,"turns":4.0},{"damage":7.0,"enemies":"Orb Walker","floor":35.0,"turns":2.0},{"damage":57.0,"enemies":"3 Shapes","floor":38.0,"turns":6.0},{"damage":52.0,"enemies":"Nemesis","floor":40.0,"turns":3.0},{"damage":12.0,"enemies":"Maw","floor":41.0,"turns":5.0},{"damage":6.0,"enemies":"Jaw Worm Horde","floor":42.0,"turns":4.0},{"damage":20.0,"enemies":"Reptomancer","floor":44.0,"turns":4.0},{"damage":66.0,"enemies":"Awakened One","floor":50.0,"turns":5.0},{"damage":41.0,"enemies":"Shield and Spear","floor":54.0,"turns":4.0},{"damage":147,"enemies":"The Heart","floor":55,"turns":3}],"seed_played":"3511819646347420770","potions_obtained":[{"floor":5.0,"key":"Regen Potion"},{"floor":7.0,"key":"LiquidBronze"},{"floor":11.0,"key":"Block Potion"},{"floor":13.0,"key":"BloodPotion"},{"floor":18.0,"key":"CultistPotion"},{"floor":21.0,"key":"Fruit Juice"},{"floor":27.0,"key":"Fire Potion"},{"floor":28.0,"key":"Strength Potion"},{"floor":31.0,"key":"AttackPotion"},{"floor":38.0,"key":"Regen Potion"}],"is_trial":false,"path_per_floor":["M","M","?","?","M","R","E","R","T","?","M","R","E","$","R","B",null,"M","M","M","M","?","E","?","R","T","E","M","E","?","M","R","B",null,"M","?","?","M","$","E","M","M","T","E","?","?","R","$","R","B",null,"R","$","E","B"],"character_chosen":"IRONCLAD","items_purchased":["Brimstone","Kunai","Exhume","Rupture+1","Happy Flower","SteroidPotion"],"campfire_rested":4,"item_purchase_floors":[14,14,39,48,48,48],"current_hp_per_floor":[77,75,75,75,79,79,48,48,48,48,42,42,34,34,34,22,80,70,55,51,49,33,15,9,36,36,47,57,55,55,81,81,59,107,112,108,108,67,67,23,25,31,31,33,139,139,139,139,139,89,143,143,143,112,0,0],"gold":46,"neow_bonus":"ONE_RARE_RELIC","is_daily":false,"chose_seed":false,"campfire_upgraded":4,"win_rate":0.0,"timestamp":1611343513,"path_taken":["M","M","?","?","M","R","E","R","T","?","M","R","E","?","R","BOSS","M","?","M","M","?","E","?","R","T","E","?","E","?","M","R","BOSS","M","?","?","M","?","E","M","?","T","E","?","?","R","$","R","BOSS","R","$","E","BOSS"],"items_purchased_type":["Relic","Relic","Card","Card","Relic","Potion"],"build_version":"2020-12-22","purchased_purges":2,"victory":false,"max_hp_per_floor":[80,80,80,80,80,80,80,80,80,80,80,80,80,80,80,80,80,84,88,88,92,92,92,92,92,92,97,101,101,101,107,107,107,107,113,119,119,125,125,125,129,133,133,133,139,139,139,139,139,143,143,143,143,143,143,143],"relic_stats":{"Darkstone Periapt":6,"Singing Bowl":12,"Happy Flower":[4],"counters":[26,97],"Ornamental Fan":[72],"Bird Faced Urn":[46],"Necronomicon":[31],"Kunai":[23],"War Paint":["Defend_R","Exhume"],"obtain_stats":[{"Ice Cream":23,"Darkstone Periapt":44,"Singing Bowl":29,"Happy Flower":48,"Vajra":7,"Spirit Poop":46,"Thread and Needle":54,"Frozen Egg 2":13,"War Paint":43,"Burning Blood":0,"Matryoshka":9,"Brimstone":14,"Ornamental Fan":26,"Bird Faced Urn":0,"Philosopher\u0027s Stone":17,"Fusion Hammer":34,"Necronomicon":22,"Bag of Marbles":40,"Kunai":14,"Red Skull":26,"InkBottle":27},{"Ice Cream":12,"Darkstone Periapt":23,"Singing Bowl":15,"Happy Flower":23,"Vajra":4,"Spirit Poop":23,"Thread and Needle":25,"Frozen Egg 2":6,"War Paint":22,"Burning Blood":0,"Matryoshka":4,"Brimstone":6,"Ornamental Fan":12,"Bird Faced Urn":0,"Philosopher\u0027s Stone":7,"Fusion Hammer":17,"Necronomicon":11,"Bag of Marbles":20,"Kunai":6,"Red Skull":12,"InkBottle":13},{"Ice Cream":48,"Darkstone Periapt":85,"Singing Bowl":54,"Happy Flower":85,"Vajra":17,"Spirit Poop":85,"Thread and Needle":94,"Frozen Egg 2":24,"War Paint":81,"Burning Blood":0,"Matryoshka":17,"Brimstone":24,"Ornamental Fan":48,"Bird Faced Urn":0,"Philosopher\u0027s Stone":29,"Fusion Hammer":61,"Necronomicon":44,"Bag of Marbles":72,"Kunai":24,"Red Skull":48,"InkBottle":49}],"Burning Blood":150,"InkBottle":[19]},"card_choices":[{"not_picked":["Warcry","True Grit"],"picked":"Hemokinesis","floor":1.0},{"not_picked":["Thunderclap","Twin Strike"],"picked":"Armaments","floor":2.0},{"not_picked":["Sword Boomerang","Dark Embrace"],"picked":"Spot Weakness","floor":5.0},{"not_picked":["Pommel Strike","Sword Boomerang"],"picked":"Heavy Blade","floor":7.0},{"not_picked":["Blood for Blood","Havoc","Warcry"],"picked":"SKIP","floor":11.0},{"not_picked":["Hemokinesis","Feel No Pain+1"],"picked":"Feed","floor":13.0},{"not_picked":["Immolate","Demon Form+1"],"picked":"Corruption+1","floor":16.0},{"not_picked":["Perfected Strike","Havoc"],"picked":"Carnage+1","floor":18.0},{"not_picked":["Rampage+1","Heavy Blade"],"picked":"True Grit+1","floor":19.0},{"not_picked":["Wild Strike","Clash"],"picked":"Twin Strike+1","floor":20.0},{"not_picked":["Cleave","Iron Wave"],"picked":"Spot Weakness+1","floor":21.0},{"not_picked":["Carnage+1","Heavy Blade"],"picked":"Fiend Fire","floor":23.0},{"not_picked":["Evolve+1","True Grit+1"],"picked":"Pommel Strike+1","floor":27.0},{"not_picked":["Combust+1","Power Through"],"picked":"Flame Barrier+1","floor":28.0},{"not_picked":["Rampage+1","Entrench"],"picked":"Heavy Blade+1","floor":29.0},{"not_picked":["Clothesline","Headbutt","Hemokinesis"],"picked":"Singing Bowl","floor":31.0},{"not_picked":["Double Tap","Fiend Fire"],"picked":"Offering","floor":33.0},{"not_picked":["Feel No Pain+1","Clothesline+1","Sword Boomerang"],"picked":"Singing Bowl","floor":35.0},{"not_picked":["Thinking Ahead","Good Instincts","Mayhem+1"],"picked":"Singing Bowl","floor":36.0},{"not_picked":["Blind","Trip","Good Instincts"],"picked":"Singing Bowl","floor":36.0},{"not_picked":["Madness","Transmutation","Metamorphosis"],"picked":"Singing Bowl","floor":36.0},{"not_picked":["Iron Wave+1","Evolve+1","Headbutt+1"],"picked":"Singing Bowl","floor":38.0},{"not_picked":["Heavy Blade","Fire Breathing+1"],"picked":"True Grit+1","floor":40.0},{"not_picked":["Ghostly Armor","Clash"],"picked":"Heavy Blade+1","floor":41.0},{"not_picked":["Rupture+1","Whirlwind"],"picked":"Battle Trance+1","floor":42.0},{"not_picked":["Thunderclap+1","Flex+1"],"picked":"Fiend Fire","floor":44.0},{"not_picked":["Uppercut","Wild Strike+1"],"picked":"Rupture+1","floor":54.0}],"player_experience":1378443,"relics_obtained":[{"floor":7.0,"key":"Vajra"},{"floor":9.0,"key":"Matryoshka"},{"floor":13.0,"key":"Frozen Egg 2"},{"floor":22.0,"key":"Necronomicon"},{"floor":23.0,"key":"Ice Cream"},{"floor":26.0,"key":"Red Skull"},{"floor":26.0,"key":"Ornamental Fan"},{"floor":27.0,"key":"InkBottle"},{"floor":29.0,"key":"Singing Bowl"},{"floor":40.0,"key":"Bag of Marbles"},{"floor":43.0,"key":"War Paint"},{"floor":44.0,"key":"Darkstone Periapt"},{"floor":54.0,"key":"Thread and Needle"}],"event_choices":[{"damage_healed":0.0,"max_hp_gain":0.0,"max_hp_loss":0.0,"gold_gain":175.0,"event_name":"Liars Game","player_choice":"AGREE","floor":3.0,"gold_loss":0.0,"damage_taken":0.0,"cards_obtained":["Doubt"]},{"damage_healed":0.0,"max_hp_gain":0.0,"max_hp_loss":0.0,"gold_gain":0.0,"event_name":"Living Wall","player_choice":"Grow","floor":4.0,"gold_loss":0.0,"damage_taken":0.0,"cards_upgraded":["Armaments"]},{"cards_removed":["Doubt"],"damage_healed":0.0,"max_hp_gain":0.0,"max_hp_loss":0.0,"gold_gain":0.0,"event_name":"The Cleric","player_choice":"Card Removal","floor":10.0,"gold_loss":50.0,"damage_taken":0.0},{"damage_healed":0.0,"max_hp_gain":0.0,"max_hp_loss":0.0,"gold_gain":0.0,"event_name":"Cursed Tome","player_choice":"Obtained Book","floor":22.0,"gold_loss":0.0,"damage_taken":16.0},{"damage_healed":0.0,"max_hp_gain":0.0,"max_hp_loss":0.0,"gold_gain":0.0,"event_name":"Knowing Skull","player_choice":"","floor":24.0,"potions_obtained":[],"gold_loss":0.0,"damage_taken":6.0,"cards_obtained":[]},{"damage_healed":0.0,"max_hp_gain":0.0,"max_hp_loss":0.0,"gold_gain":0.0,"event_name":"The Library","player_choice":"Read","floor":30.0,"gold_loss":0.0,"damage_taken":0.0,"cards_obtained":["Feel No Pain"]},{"damage_healed":0.0,"max_hp_gain":0.0,"max_hp_loss":0.0,"gold_gain":0.0,"event_name":"SensoryStone","player_choice":"Memory 3","floor":36.0,"gold_loss":0.0,"damage_taken":10.0},{"damage_healed":0.0,"max_hp_gain":0.0,"max_hp_loss":0.0,"gold_gain":0.0,"event_name":"Tomb of Lord Red Mask","player_choice":"Ignored","floor":37.0,"gold_loss":0.0,"damage_taken":0.0},{"damage_healed":100.0,"max_hp_gain":0.0,"max_hp_loss":0.0,"gold_gain":0.0,"event_name":"MindBloom","player_choice":"Heal","floor":45.0,"gold_loss":0.0,"damage_taken":0.0,"cards_obtained":["Doubt"]},{"cards_removed":["Doubt"],"damage_healed":0.0,"max_hp_gain":0.0,"max_hp_loss":0.0,"gold_gain":0.0,"event_name":"Bonfire Elementals","player_choice":"Offered Curse","floor":46.0,"gold_loss":0.0,"damage_taken":0.0,"relics_obtained":["Spirit Poop"]}],"is_beta":false,"boss_relics":[{"not_picked":["SacredBark","Velvet Choker"],"picked":"Philosopher\u0027s Stone"},{"not_picked":["Astrolabe","Black Star"],"picked":"Fusion Hammer"}],"items_purged_floors":[39,48],"is_endless":false,"potions_floor_spawned":[5,7,11,13,18,21,27,28,31,38],"killed_by":"The Heart","ascension_level":1}}