{"host":"n7qae4nmj9vc7syj","time":1611273857,"event":{"mods":["Act Like it!","BaseMod","Better Third Choice","BetterRewards","Colored Map","Colored Powertips","Custom Start","Googly Eyes","Highlight Path","Minty Spire (QoL Compilation)","Quick Restart","StSLib","SuperFastMode","Transform Curses"],"gold_per_floor":[118,118,133,146,146,181,356,356,356],"floor_reached":8,"language":"ENG","playtime":206,"items_purged":["Strike_R"],"score":81,"play_id":"3ac4c21d-cea9-4ec3-8955-f93db778c8ec","local_time":"20210121220417","is_ascension_mode":true,"campfire_choices":[],"circlet_count":0,"master_deck":["Strike_R","Strike_R","Strike_R","Defend_R","Defend_R","Defend_R","Defend_R","Bash","Whirlwind","Flex","Cleave","Sword Boomerang","Flex","Doubt"],"relics":["Burning Blood","Toy Ornithopter","Anchor"],"acts_visited":[],"potions_floor_usage":[6],"damage_taken":[{"damage":10,"enemies":"Small Slimes","floor":1,"turns":3},{"damage":1,"enemies":"Cultist","floor":3,"turns":3},{"damage":9,"enemies":"2 Louse","floor":4,"turns":3},{"damage":30,"enemies":"Gremlin Nob","floor":6,"turns":4},{"damage":20,"enemies":"3 Sentries","floor":8,"turns":2}],"seed_played":"-8926143801317370484","potions_obtained":[{"floor":1,"key":"AttackPotion"},{"floor":6,"key":"Weak Potion"}],"is_trial":false,"path_per_floor":["M","?","M","M","?","E","?","E"],"character_chosen":"IRONCLAD","items_purchased":["Whirlwind","Flex"],"campfire_rested":0,"item_purchase_floors":[0,0],"current_hp_per_floor":[54,36,41,38,31,12,12,0,0],"gold":356,"neow_bonus":"","is_daily":false,"chose_seed":false,"campfire_upgraded":0,"win_rate":0.0,"timestamp":1611273857,"path_taken":["M","?","M","M","?","E","?","E"],"items_purchased_type":["Card","Card"],"build_version":"2020-12-22","purchased_purges":1,"victory":false,"max_hp_per_floor":[80,80,80,80,80,80,80,80,80],"card_choices":[{"not_picked":["Rage","Burning Pact"],"picked":"Cleave","floor":1},{"not_picked":["Armaments","Cleave"],"picked":"Sword Boomerang","floor":3},{"not_picked":["Wild Strike","Thunderclap"],"picked":"Flex","floor":4},{"not_picked":["Headbutt","Sentinel","Blood for Blood"],"picked":"SKIP","floor":6}],"player_experience":184337,"relics_obtained":[{"floor":6,"key":"Anchor"}],"event_choices":[{"damage_healed":0,"gold_gain":0,"player_choice":"Relic ","damage_taken":18,"max_hp_gain":0,"max_hp_loss":0,"event_name":"betterThird:BetterScrap","floor":2,"gold_loss":0,"cards_obtained":["Lockon"]},{"cards_removed":["Strike_R"],"damage_healed":0,"gold_gain":0,"player_choice":"Card Removal","damage_taken":7,"max_hp_gain":0,"max_hp_loss":0,"event_name":"Golden Wing","floor":5,"gold_loss":0},{"damage_healed":0,"gold_gain":175,"player_choice":"AGREE","damage_taken":181,"max_hp_gain":0,"max_hp_loss":0,"event_name":"betterThird:BetterSerpent","floor":7,"gold_loss":0}],"is_beta":false,"boss_relics":[],"items_purged_floors":[0],"is_endless":false,"potions_floor_spawned":[1,6],"killed_by":"3 Sentries","ascension_level":9}}