{"host":"kpyoctgc7jne3jiy","time":1611337795,"event":{"mods":["AchievementEnabler","BaseMod","Minty Spire (QoL Compilation)","Relic Stats","Slay-I"],"gold_per_floor":[116,133,16,36,36,36,69,69,137,152,163,163,163,113,113,217,217,232,157,169,181,30,30,30,30],"floor_reached":24,"language":"ENG","playtime":987,"items_purged":[],"score":295,"play_id":"e96959d3-9fca-451c-a261-e13cf1f4e90f","local_time":"20210122184955","is_ascension_mode":true,"campfire_choices":[{"data":"Ball Lightning","floor":6.0,"key":"SMITH"},{"data":"Zap","floor":8.0,"key":"SMITH"},{"floor":13.0,"key":"REST"},{"data":"Sunder","floor":15.0,"key":"SMITH"},{"data":"Fission","floor":23,"key":"SMITH"}],"circlet_count":0,"master_deck":["Strike_B","Strike_B","Defend_B","Defend_B","Defend_B","Defend_B","Zap+1","Dualcast","Undo","Ball Lightning+1","Genetic Algorithm","Melter","Sunder+1","Conserve Battery","Fission+1","Fusion+1","Chill+1","Defragment","BootSequence"],"relics":["SacredBark","Vajra","Singing Bowl","Pen Nib","Philosopher\u0027s Stone"],"acts_visited":["Exordium","TheCity"],"potions_floor_usage":[16,16,20],"damage_taken":[{"damage":0.0,"enemies":"Cultist","floor":1.0,"turns":3.0},{"damage":0.0,"enemies":"Small Slimes","floor":2.0,"turns":3.0},{"damage":5.0,"enemies":"2 Louse","floor":4.0,"turns":3.0},{"damage":32.0,"enemies":"3 Sentries","floor":7.0,"turns":11.0},{"damage":0.0,"enemies":"2 Fungi Beasts","floor":10.0,"turns":3.0},{"damage":0.0,"enemies":"Looter","floor":11.0,"turns":3.0},{"damage":0,"enemies":"Slime Boss","floor":16,"turns":4},{"damage":21,"enemies":"2 Thieves","floor":18,"turns":4},{"damage":20,"enemies":"3 Byrds","floor":20,"turns":5},{"damage":11,"enemies":"Centurion and Healer","floor":21,"turns":7},{"damage":36,"enemies":"Gremlin Leader","floor":24,"turns":5}],"seed_played":"3546182830527662743","potions_obtained":[{"floor":1.0,"key":"SteroidPotion"},{"floor":2.0,"key":"BlessingOfTheForge"},{"floor":11.0,"key":"Energy Potion"},{"floor":20,"key":"PotionOfCapacity"}],"is_trial":false,"path_per_floor":["M","M","$","M","?","R","E","R","T","M","M","?","R","?","R","B",null,"M","?","M","M","$","R","E"],"character_chosen":"DEFECT","items_purchased":["Genetic Algorithm","Melter","Defragment","BootSequence"],"campfire_rested":1,"item_purchase_floors":[3,3,22,22],"current_hp_per_floor":[75,75,75,70,75,75,43,43,43,43,45,20,44,44,44,44,82,61,61,41,32,32,32,0,0],"gold":30,"neow_bonus":"BOSS_RELIC","is_daily":false,"chose_seed":false,"campfire_upgraded":4,"win_rate":0.0,"timestamp":1611337795,"path_taken":["M","M","$","M","?","R","E","R","T","M","M","?","R","?","R","BOSS","M","?","M","M","$","R","E"],"items_purchased_type":["Card","Card","Card","Card"],"build_version":"2020-12-22","purchased_purges":0,"victory":false,"max_hp_per_floor":[75,75,75,75,80,80,80,80,80,80,82,82,82,82,82,82,82,82,82,82,84,84,84,84,84],"relic_stats":{"Singing Bowl":4,"counters":[11,51],"Pen Nib":[4],"obtain_stats":[{"Singing Bowl":9,"SacredBark":0,"Vajra":7,"Philosopher\u0027s Stone":17,"Pen Nib":12,"Cracked Core":0},{"Singing Bowl":4,"SacredBark":0,"Vajra":4,"Philosopher\u0027s Stone":7,"Pen Nib":6,"Cracked Core":0},{"Singing Bowl":20,"SacredBark":0,"Vajra":20,"Philosopher\u0027s Stone":30,"Pen Nib":26,"Cracked Core":0}]},"card_choices":[{"not_picked":["Double Energy","Beam Cell"],"picked":"Undo","floor":1.0},{"not_picked":["White Noise","Melter"],"picked":"Ball Lightning","floor":2.0},{"not_picked":["Sweeping Beam","Reprogram","Rebound"],"picked":"SKIP","floor":4.0},{"not_picked":["Storm","Redo"],"picked":"Sunder","floor":7.0},{"not_picked":["Darkness","Lockon"],"picked":"Conserve Battery","floor":10.0},{"not_picked":["Rebound","Hologram","Compile Driver"],"picked":"Singing Bowl","floor":11.0},{"not_picked":["All For One","Reboot"],"picked":"Fission","floor":16},{"not_picked":["Genetic Algorithm","Scrape"],"picked":"Fusion+1","floor":18},{"not_picked":["Barrage","Leap"],"picked":"Chill+1","floor":20},{"not_picked":["Sweeping Beam","Gash","Ball Lightning"],"picked":"Singing Bowl","floor":21}],"player_experience":307618,"relics_obtained":[{"floor":7.0,"key":"Vajra"},{"floor":9.0,"key":"Singing Bowl"}],"event_choices":[{"damage_healed":0.0,"max_hp_gain":5.0,"max_hp_loss":0.0,"gold_gain":0.0,"event_name":"Big Fish","player_choice":"Donut","floor":5.0,"gold_loss":0.0,"damage_taken":0.0},{"damage_healed":0.0,"max_hp_gain":0.0,"max_hp_loss":0.0,"gold_gain":0.0,"event_name":"Scrap Ooze","player_choice":"Success","floor":12.0,"gold_loss":0.0,"damage_taken":25.0,"relics_obtained":["Pen Nib"]},{"cards_removed":["Strike_B"],"damage_healed":0.0,"max_hp_gain":0.0,"max_hp_loss":0.0,"gold_gain":0.0,"event_name":"The Cleric","player_choice":"Card Removal","floor":14.0,"gold_loss":50.0,"damage_taken":0.0},{"cards_removed":["Strike_B"],"damage_healed":0,"gold_gain":0,"player_choice":"Gave Gold","damage_taken":0,"max_hp_gain":0,"max_hp_loss":0,"event_name":"Beggar","floor":19,"gold_loss":75}],"is_beta":false,"boss_relics":[{"not_picked":["Tiny House","Runic Dome"],"picked":"Philosopher\u0027s Stone"}],"items_purged_floors":[],"is_endless":false,"potions_floor_spawned":[1,2,11,20],"killed_by":"Gremlin Leader","ascension_level":4}}