{"host":"hwrdjx5eod2cxh09","time":1611324840,"event":{"mods":["AchievementEnabler","BaseMod","Bestiary","Minty Spire (QoL Compilation)","Relic Stats"],"gold_per_floor":[114,129,144,64,79,79,109,109,109,124,139,154,154,169,169,269,269,239,164,179,29,128,158,158,173,173,173,188,203,218,233,233,333,333,348,348,363,378,428,428,458,458,508,532,547,37,37,52,52,52],"floor_reached":51,"language":"ENG","playtime":2613,"items_purged":["Parasite"],"score":732,"play_id":"a0674b28-59e8-4a6f-a047-b640b3254f4c","local_time":"20210122231400","daily_mods":["Heirloom","Uncertain Future","Night Terrors"],"is_ascension_mode":false,"campfire_choices":[{"data":"Neutralize","floor":6,"key":"SMITH"},{"data":"Noxious Fumes","floor":8,"key":"SMITH"},{"data":"Catalyst","floor":15,"key":"SMITH"},{"data":"Tactician","floor":24,"key":"SMITH"},{"data":"Leg Sweep","floor":32,"key":"SMITH"},{"data":"Calculated Gamble","floor":40,"key":"SMITH"},{"data":"Secret Technique","floor":47,"key":"SMITH"},{"floor":49,"key":"REST"}],"circlet_count":0,"master_deck":["Strike_G","Strike_G","Strike_G","Strike_G","Defend_G","Defend_G","Defend_G","Defend_G","Defend_G","Survivor","Neutralize+1","Deadly Poison","Noxious Fumes+1","Catalyst+1","Tactician+1","Calculated Gamble+1","Backstab","Acrobatics","Blur","Adrenaline","Deflect","Acrobatics+1","Dodge and Roll+1","After Image+1","All Out Attack+1","Outmaneuver+1","Leg Sweep+1","Corpse Explosion","Escape Plan+1","Adrenaline","Crippling Poison+1","Secret Technique+1","Catalyst+1","Backflip"],"relics":["Ring of the Snake","Pocketwatch","StrikeDummy","Frozen Egg 2","SlaversCollar","Membership Card","The Courier","Meat on the Bone","Ornamental Fan","Sozu","Regal Pillow","Akabeko","CeramicFish","Ancient Tea Set","TheAbacus","Strawberry","Paper Crane","Bag of Preparation","Tingsha"],"acts_visited":["Exordium","TheCity","TheBeyond"],"potions_floor_usage":[23,23,25,30,30,33],"damage_taken":[{"damage":1,"enemies":"Cultist","floor":1,"turns":4},{"damage":0,"enemies":"Small Slimes","floor":2,"turns":3},{"damage":1,"enemies":"Jaw Worm","floor":3,"turns":4},{"damage":8,"enemies":"3 Louse","floor":5,"turns":4},{"damage":11,"enemies":"3 Sentries","floor":7,"turns":8},{"damage":2,"enemies":"Blue Slaver","floor":10,"turns":4},{"damage":20,"enemies":"Exordium Thugs","floor":11,"turns":5},{"damage":0,"enemies":"3 Louse","floor":12,"turns":3},{"damage":0,"enemies":"Exordium Wildlife","floor":14,"turns":3},{"damage":21,"enemies":"The Guardian","floor":16,"turns":8},{"damage":23,"enemies":"2 Thieves","floor":18,"turns":5},{"damage":2,"enemies":"Chosen","floor":20,"turns":4},{"damage":20,"enemies":"Slavers","floor":23,"turns":7},{"damage":3,"enemies":"Snecko","floor":25,"turns":4},{"damage":4,"enemies":"Shelled Parasite and Fungi","floor":28,"turns":7},{"damage":6,"enemies":"Centurion and Healer","floor":29,"turns":8},{"damage":0,"enemies":"3 Cultists","floor":30,"turns":5},{"damage":0,"enemies":"Snecko","floor":31,"turns":5},{"damage":31,"enemies":"Champ","floor":33,"turns":12},{"damage":6,"enemies":"3 Darklings","floor":35,"turns":4},{"damage":0,"enemies":"3 Shapes","floor":37,"turns":5},{"damage":4,"enemies":"Writhing Mass","floor":38,"turns":7},{"damage":21,"enemies":"Nemesis","floor":41,"turns":9},{"damage":14,"enemies":"Maw","floor":44,"turns":9},{"damage":0,"enemies":"Jaw Worm Horde","floor":45,"turns":3},{"damage":0,"enemies":"4 Shapes","floor":48,"turns":4},{"damage":4,"enemies":"Donu and Deca","floor":50,"turns":6}],"seed_played":"8945501730091475425","potions_obtained":[{"floor":1,"key":"Regen Potion"},{"floor":11,"key":"Weak Potion"},{"floor":12,"key":"Regen Potion"},{"floor":14,"key":"Dexterity Potion"},{"floor":23,"key":"Swift Potion"},{"floor":25,"key":"Block Potion"},{"floor":28,"key":"CunningPotion"}],"is_trial":false,"path_per_floor":["M","M","M","$","M","R","E","R","T","M","M","M","?","M","R","B",null,"M","?","M","$","?","E","R","M","T","T","M","M","M","M","R","B",null,"M","?","M","M","T","R","E","?","T","M","M","$","R","M","R","B",null],"character_chosen":"THE_SILENT","items_purchased":["Tactician","Membership Card","Ancient Tea Set","TheAbacus","Strawberry","Paper Crane","Backflip","Bag of Preparation","Tingsha"],"campfire_rested":1,"item_purchase_floors":[4,21,46,46,46,46,46,46,46],"current_hp_per_floor":[69,69,68,68,60,60,49,49,49,47,27,27,44,44,44,23,70,47,47,45,45,45,40,40,37,37,37,45,39,39,39,39,29,70,64,64,64,60,60,60,39,39,39,37,37,44,44,44,65,61],"gold":52,"neow_bonus":"","is_daily":true,"chose_seed":false,"campfire_upgraded":7,"win_rate":0.0,"timestamp":1611324840,"path_taken":["M","M","M","$","M","R","E","R","T","?","?","M","?","M","R","BOSS","M","?","M","$","?","E","R","M","T","?","M","M","M","M","R","BOSS","M","?","M","M","?","R","E","?","T","M","M","$","R","M","R","BOSS"],"items_purchased_type":["Card","Relic","Relic","Relic","Relic","Relic","Card","Relic","Relic"],"build_version":"2020-12-22","purchased_purges":1,"victory":true,"max_hp_per_floor":[70,70,70,70,70,70,70,70,70,70,70,70,70,70,70,70,70,70,70,70,70,70,70,70,70,70,70,70,70,70,70,70,70,70,70,66,66,66,66,66,66,66,66,66,66,70,70,70,65,65],"relic_stats":{"Sozu":2,"Regal Pillow":0,"TheAbacus":[6],"counters":[27,150],"Ornamental Fan":[48],"CeramicFish":18,"Tingsha":[9],"Bag of Preparation":[4],"obtain_stats":[{"Regal Pillow":39,"CeramicFish":43,"Tingsha":46,"The Courier":23,"Bag of Preparation":46,"Frozen Egg 2":9,"Paper Crane":46,"Ancient Tea Set":46,"Akabeko":41,"Sozu":34,"SlaversCollar":17,"TheAbacus":46,"Ornamental Fan":27,"Strawberry":46,"Membership Card":21,"StrikeDummy":7,"Ring of the Snake":0,"Pocketwatch":0,"Meat on the Bone":26},{"Regal Pillow":22,"CeramicFish":23,"Tingsha":25,"The Courier":13,"Bag of Preparation":25,"Frozen Egg 2":5,"Paper Crane":25,"Ancient Tea Set":25,"Akabeko":23,"Sozu":19,"SlaversCollar":10,"TheAbacus":25,"Ornamental Fan":14,"Strawberry":25,"Membership Card":12,"StrikeDummy":5,"Ring of the Snake":0,"Pocketwatch":0,"Meat on the Bone":14},{"Regal Pillow":119,"CeramicFish":128,"Tingsha":140,"The Courier":62,"Bag of Preparation":140,"Frozen Egg 2":23,"Paper Crane":140,"Ancient Tea Set":140,"Akabeko":128,"Sozu":103,"SlaversCollar":46,"TheAbacus":140,"Ornamental Fan":66,"Strawberry":140,"Membership Card":55,"StrikeDummy":23,"Ring of the Snake":0,"Pocketwatch":0,"Meat on the Bone":66}],"Ring of the Snake":[54],"Pocketwatch":[123],"Meat on the Bone":36},"card_choices":[{"not_picked":["Terror","Quick Slash"],"picked":"Deadly Poison","floor":1},{"not_picked":["Expertise","Deflect"],"picked":"Noxious Fumes","floor":2},{"not_picked":["Expertise","Predator"],"picked":"Catalyst","floor":3},{"not_picked":["Poisoned Stab","Predator"],"picked":"Calculated Gamble","floor":5},{"not_picked":["Flying Knee","Flechettes"],"picked":"Backstab","floor":7},{"not_picked":["Outmaneuver","Quick Slash","Flying Knee"],"picked":"SKIP","floor":10},{"not_picked":["PiercingWail","Bane","Cloak And Dagger"],"picked":"SKIP","floor":11},{"not_picked":["Storm of Steel","Dagger Spray"],"picked":"Acrobatics","floor":12},{"not_picked":["Dodge and Roll","Dagger Throw"],"picked":"Blur","floor":14},{"not_picked":["Burst","Malaise"],"picked":"Adrenaline","floor":16},{"not_picked":["Well Laid Plans+1","Bane"],"picked":"Deflect","floor":18},{"not_picked":["PiercingWail","Dagger Throw"],"picked":"Acrobatics+1","floor":20},{"not_picked":["Well Laid Plans+1","Flying Knee+1"],"picked":"Dodge and Roll+1","floor":23},{"not_picked":["Deadly Poison+1","Outmaneuver"],"picked":"After Image+1","floor":25},{"not_picked":["Reflex","Cloak And Dagger"],"picked":"All Out Attack+1","floor":28},{"not_picked":["Underhanded Strike","Dagger Throw","Bane"],"picked":"SKIP","floor":29},{"not_picked":["Underhanded Strike","Storm of Steel"],"picked":"Outmaneuver+1","floor":30},{"not_picked":["Deadly Poison","Acrobatics+1"],"picked":"Leg Sweep","floor":31},{"not_picked":["A Thousand Cuts+1","After Image+1"],"picked":"Corpse Explosion","floor":33},{"not_picked":["Dodge and Roll+1","Outmaneuver+1"],"picked":"Escape Plan+1","floor":35},{"not_picked":["Slice+1","Dash"],"picked":"Adrenaline","floor":37},{"not_picked":["Underhanded Strike+1","Flying Knee","Dagger Throw"],"picked":"SKIP","floor":38},{"not_picked":["Flying Knee+1","Dagger Throw+1"],"picked":"Crippling Poison+1","floor":41},{"not_picked":["Chrysalis","PanicButton"],"picked":"Secret Technique","floor":42},{"not_picked":["Dagger Throw","Poisoned Stab"],"picked":"Catalyst+1","floor":44},{"not_picked":["Dash+1","Underhanded Strike+1","Blade Dance+1"],"picked":"SKIP","floor":45},{"not_picked":["Reflex","Blur","Quick Slash"],"picked":"SKIP","floor":48}],"player_experience":239285,"relics_obtained":[{"floor":7,"key":"StrikeDummy"},{"floor":9,"key":"Frozen Egg 2"},{"floor":23,"key":"The Courier"},{"floor":26,"key":"Meat on the Bone"},{"floor":27,"key":"Ornamental Fan"},{"floor":39,"key":"Regal Pillow"},{"floor":41,"key":"Akabeko"},{"floor":43,"key":"CeramicFish"}],"event_choices":[{"damage_healed":17,"gold_gain":0,"player_choice":"Healed and dodged fight","damage_taken":0,"max_hp_gain":0,"max_hp_loss":0,"event_name":"Mushrooms","floor":13,"gold_loss":0,"cards_obtained":["Parasite"]},{"cards_removed":["Strike_G"],"damage_healed":0,"gold_gain":0,"player_choice":"Gave Gold","damage_taken":0,"max_hp_gain":0,"max_hp_loss":0,"event_name":"Beggar","floor":19,"gold_loss":75},{"damage_healed":0,"gold_gain":99,"player_choice":"Stole From Cult","damage_taken":0,"max_hp_gain":0,"max_hp_loss":0,"event_name":"Nest","floor":22,"gold_loss":0},{"damage_healed":0,"gold_gain":0,"player_choice":"Max HP","damage_taken":0,"max_hp_gain":0,"max_hp_loss":4,"event_name":"Winding Halls","floor":36,"gold_loss":0},{"damage_healed":0,"gold_gain":0,"player_choice":"Memory 1","damage_taken":0,"max_hp_gain":0,"max_hp_loss":0,"event_name":"SensoryStone","floor":42,"gold_loss":0}],"is_beta":false,"boss_relics":[{"not_picked":["Empty Cage","Astrolabe"],"picked":"SlaversCollar"},{"not_picked":["Black Star","Coffee Dripper"],"picked":"Sozu"}],"items_purged_floors":[46],"is_endless":false,"potions_floor_spawned":[1,11,12,14,23,25,28,44,48],"ascension_level":0}}