{"host":"gvmmh8a4dbuurnvz","time":1611319297,"event":{"mods":["AchievementEnabler","Aspiration","BaseMod","Better Vampires","BetterRewards","Colored Powertips","Highlight Path","Minty Spire (QoL Compilation)","MostiFishMod","Spicy Shops","StSLib","¡¾ÒÅÎï¿¨ÅÆ¡¿REMEMod"],"gold_per_floor":[120,149,161,61,61,95,95,95,95,113,140,153,153,190,190,264,264,291,291,291,291,309,347,13,35,35,35,85,85,115,129,129,219,219,233,76,0,16,36,36,74,74,74,74,83,83,103,139,139,158,158,158,33,72,89],"floor_reached":56,"language":"ZHS","playtime":2021,"items_purged":["Bash","Strike_R","Defend_R"],"score":3105,"play_id":"57fe5f8f-87ad-49bf-a336-9b324e1a6ef8","local_time":"20210122204137","is_ascension_mode":true,"campfire_choices":[{"data":"Body Slam","floor":7.0,"key":"SMITH"},{"data":"MostiFishMod:KingOfFree","floor":13.0,"key":"SMITH"},{"floor":15.0,"key":"RECALL"},{"data":"Shrug It Off","floor":27.0,"key":"SMITH"},{"data":"DevaForm","floor":32.0,"key":"SMITH"},{"floor":40.0,"key":"DIG"},{"floor":42.0,"key":"DIG"},{"floor":46.0,"key":"DIG"},{"data":"Defend_R","floor":49.0,"key":"SMITH"},{"floor":52.0,"key":"DIG"}],"circlet_count":0,"master_deck":["AscendersBane","Strike_R+1","Strike_R+1","Defend_R+1","DevaForm+1","MostiFishMod:KingOfFree+1","Body Slam+1","Shrug It Off+1","REME_Flogging+1","REME_Cut+1"],"relics":["Burning Blood","REME_ComplimentaryCards","DaveBox","Frozen Egg 2","ArrowTower","CeramicFish","aspiration:AnachronicSnailShell","BionicSphere","Singing Bowl","Shovel","Lantern","Medical Kit","Question Card","SynthV:TestCard","Pen Nib","Whetstone","aspiration:FrozenJewel","Omamori","Empty Cage","Enchiridion","DaCapo","SentryEyes","Shuriken","aspiration:SeaSaltIceCream","Burning Blood","JellyFishMachine","BrkXgEgg","Red Mask","Regal Pillow","TungstenRod","aspiration:Lifesprig","HornCleat","Potion Belt","Gremlin Horn","Calipers"],"acts_visited":["Exordium","TheCity","TheBeyond","TheEnding"],"potions_floor_usage":[55],"damage_taken":[{"damage":0.0,"enemies":"Small Slimes","floor":1.0,"turns":3.0},{"damage":0.0,"enemies":"2 Louse","floor":2.0,"turns":3.0},{"damage":0.0,"enemies":"Jaw Worm","floor":3.0,"turns":3.0},{"damage":2.0,"enemies":"Gremlin Nob","floor":6.0,"turns":4.0},{"damage":0.0,"enemies":"Gremlin Gang","floor":10.0,"turns":3.0},{"damage":0.0,"enemies":"3 Sentries","floor":11.0,"turns":4.0},{"damage":0.0,"enemies":"2 Fungi Beasts","floor":12.0,"turns":3.0},{"damage":0.0,"enemies":"Gremlin Nob","floor":14.0,"turns":3.0},{"damage":0.0,"enemies":"The Guardian","floor":16.0,"turns":5.0},{"damage":0.0,"enemies":"Spheric Guardian","floor":18.0,"turns":3.0},{"damage":0.0,"enemies":"Shell Parasite","floor":22.0,"turns":2.0},{"damage":0.0,"enemies":"Gremlin Leader","floor":23.0,"turns":3.0},{"damage":0.0,"enemies":"Snecko","floor":25.0,"turns":2.0},{"damage":0.0,"enemies":"Slavers","floor":30.0,"turns":2.0},{"damage":0.0,"enemies":"Snake Plant","floor":31.0,"turns":2.0},{"damage":0.0,"enemies":"Champ","floor":33.0,"turns":3.0},{"damage":0.0,"enemies":"3 Shapes","floor":35.0,"turns":2.0},{"damage":0.0,"enemies":"Orb Walker","floor":38.0,"turns":2.0},{"damage":0.0,"enemies":"Maw","floor":39.0,"turns":4.0},{"damage":0.0,"enemies":"Giant Head","floor":41.0,"turns":3.0},{"damage":0.0,"enemies":"Jaw Worm Horde","floor":47.0,"turns":2.0},{"damage":0.0,"enemies":"Reptomancer","floor":48.0,"turns":3.0},{"damage":8.0,"enemies":"Awakened One","floor":50.0,"turns":5.0},{"damage":12,"enemies":"Shield and Spear","floor":54,"turns":3},{"damage":17,"enemies":"The Heart","floor":55,"turns":6}],"seed_played":"4863091516512115277","potions_obtained":[{"floor":1.0,"key":"BloodPotion"},{"floor":2.0,"key":"Weak Potion"},{"floor":6.0,"key":"Block Potion"},{"floor":14.0,"key":"Swift Potion"},{"floor":30.0,"key":"PowerPotion"},{"floor":35.0,"key":"Fire Potion"},{"floor":41.0,"key":"DistilledChaos"},{"floor":54,"key":"Strength Potion"}],"is_trial":false,"path_per_floor":["M","M","M","$","?","E","R","?","T","M","E","M","R","E","R","B",null,"M","?","?","?","M","E","$","M","T","R","?","$","E","M","R","B",null,"M","$","?","M","M","R","E","R","T","?","?","R","M","E","R","B",null,"R","$","E","B",null],"character_chosen":"IRONCLAD","items_purchased":["Frozen Egg 2","ArrowTower","CeramicFish","MostiFishMod:KingOfFree","aspiration:AnachronicSnailShell","Singing Bowl","Shovel","Lantern","Medical Kit","Question Card","SentryEyes","BrkXgEgg"],"campfire_rested":0,"item_purchase_floors":[0,0,0,0,0,0,0,0,0,0,24,36],"current_hp_per_floor":[77,77,79,79,74,81,81,81,81,83,85,87,87,89,89,91,91,91,91,70,70,79,90,90,97,97,97,97,97,99,101,101,103,103,105,105,105,107,109,109,111,111,111,105,105,105,105,107,107,107,107,107,107,109,109],"gold":89,"neow_bonus":"","is_daily":false,"chose_seed":false,"campfire_upgraded":5,"win_rate":0.0,"timestamp":1611319297,"path_taken":["M","M","M","$","?","E","R","?","T","?","E","?","R","E","R","BOSS","M","?","?","?","M","E","$","M","T","R","?","$","E","M","R","BOSS","M","$","?","M","M","R","E","R","T","?","?","R","M","E","R","BOSS","R","$","E","BOSS"],"items_purchased_type":["Relic","Relic","Relic","Card","Relic","Relic","Relic","Relic","Relic","Relic","Relic","Relic"],"build_version":"2020-12-22","purchased_purges":3,"victory":true,"max_hp_per_floor":[77,77,79,79,79,81,81,81,81,83,85,87,87,89,89,91,91,91,91,91,91,93,95,95,97,97,97,97,97,99,101,101,103,103,105,105,105,107,109,109,111,111,111,105,105,105,105,107,107,107,107,107,107,109,109],"card_choices":[{"not_picked":["Clash","Twin Strike","Pommel Strike","Thunderclap"],"picked":"Singing Bowl","floor":1.0},{"not_picked":["True Grit","Inflame+1","Shockwave","Anger","Intimidate"],"picked":"Body Slam","floor":2.0},{"not_picked":["Intimidate","MostiFishMod:FireWorks","Sword Boomerang","Anger","Clash","Iron Wave"],"picked":"Singing Bowl","floor":3.0},{"not_picked":["Sever Soul","Iron Wave","Clothesline","Battle Trance","Heavy Blade","Cleave"],"picked":"Singing Bowl","floor":6.0},{"not_picked":["Havoc","REME_FearOfPain+1","Twin Strike","Spot Weakness","Anger","Uppercut"],"picked":"Singing Bowl","floor":10.0},{"not_picked":["Flex","MostiFishMod:#F4004","Whirlwind","Second Wind","Entrench","Cleave"],"picked":"Singing Bowl","floor":11.0},{"not_picked":["Heavy Blade","REME_Scribble","Body Slam","Clash","Rupture+1","Sword Boomerang"],"picked":"Singing Bowl","floor":12.0},{"not_picked":["Perfected Strike","Blood for Blood","Berserk+1","Inflame+1","Headbutt","Iron Wave"],"picked":"Singing Bowl","floor":14.0},{"not_picked":["Bludgeon","Immolate","MostiFishMod:Chiaki","Fiend Fire","MostiFishMod:NewArrival","MostiFishMod:KnuckleDown"],"picked":"Singing Bowl","floor":16.0},{"not_picked":["Sword Boomerang","Headbutt","Anger","Pommel Strike","Second Wind"],"picked":"Shrug It Off","floor":18.0},{"not_picked":["Burning Pact","Power Through","Heavy Blade","Thunderclap","Hemokinesis+1","Headbutt+1"],"picked":"Singing Bowl","floor":22.0},{"not_picked":["MostiFishMod:KnuckleDown","Thunderclap","Clash","Pummel","Body Slam","Wild Strike"],"picked":"Singing Bowl","floor":23.0},{"not_picked":["Clothesline","Perfected Strike+1","Dark Embrace+1","Blood for Blood","Shrug It Off","Sword Boomerang"],"picked":"Singing Bowl","floor":25.0},{"not_picked":["Spot Weakness","Iron Wave","Perfected Strike+1","Warcry","Heavy Blade","Headbutt"],"picked":"Singing Bowl","floor":30.0},{"not_picked":["Shrug It Off","Feel No Pain+1","Second Wind","MostiFishMod:UltimateDefense","Power Through","Heavy Blade"],"picked":"Singing Bowl","floor":31.0},{"not_picked":["Feed","MostiFishMod:RainCloud","MostiFishMod:CullingBlade","Brutality+1","Reaper","MostiFishMod:FlyOverUtopia"],"picked":"Singing Bowl","floor":33.0},{"not_picked":["Wild Strike","Clash","Heavy Blade","Thunderclap","Twin Strike","Shrug It Off"],"picked":"Singing Bowl","floor":35.0},{"not_picked":["Warcry","Headbutt","Bloodletting","Whirlwind","Dropkick","Wild Strike"],"picked":"Singing Bowl","floor":38.0},{"not_picked":["Armaments+1","Sever Soul","Thunderclap","Cleave","Sword Boomerang+1","Flex"],"picked":"Singing Bowl","floor":39.0},{"not_picked":["Warcry","Impervious+1","Battle Trance+1","Sentinel","Headbutt+1","Twin Strike"],"picked":"Singing Bowl","floor":41.0},{"not_picked":["PanicButton","REME_TwoStrings","Discovery","Dark Shackles","Violence+1"],"picked":"REME_Flogging+1","floor":45.0},{"not_picked":["Clash+1","Burning Pact+1","Iron Wave","Twin Strike+1","Headbutt+1"],"picked":"REME_Cut+1","floor":47.0},{"not_picked":["MostiFishMod:FlyOverUtopia+1","Warcry","Dark Embrace+1","Armaments","Clash","Twin Strike"],"picked":"Singing Bowl","floor":48.0},{"not_picked":["Pommel Strike","Clash","Heavy Blade+1","Cleave","Evolve+1","Perfected Strike"],"picked":"Singing Bowl","floor":54}],"player_experience":289902,"relics_obtained":[{"floor":1.0,"key":"SynthV:TestCard"},{"floor":6.0,"key":"Whetstone"},{"floor":9.0,"key":"aspiration:FrozenJewel"},{"floor":14.0,"key":"Omamori"},{"floor":20.0,"key":"Enchiridion"},{"floor":23.0,"key":"DaCapo"},{"floor":26.0,"key":"Shuriken"},{"floor":30.0,"key":"aspiration:SeaSaltIceCream"},{"floor":40.0,"key":"Regal Pillow"},{"floor":41.0,"key":"TungstenRod"},{"floor":42.0,"key":"aspiration:Lifesprig"},{"floor":46.0,"key":"HornCleat"},{"floor":48.0,"key":"Potion Belt"},{"floor":52.0,"key":"Gremlin Horn"},{"floor":54,"key":"Calipers"}],"event_choices":[{"damage_healed":0.0,"max_hp_gain":0.0,"max_hp_loss":0.0,"gold_gain":0.0,"event_name":"Scrap Ooze","player_choice":"Success","floor":5.0,"gold_loss":0.0,"damage_taken":5.0,"relics_obtained":["Pen Nib"]},{"cards_removed":["Strike_R"],"damage_healed":0.0,"max_hp_gain":0.0,"max_hp_loss":0.0,"gold_gain":0.0,"event_name":"Living Wall","player_choice":"Forget","floor":8.0,"gold_loss":0.0,"damage_taken":0.0},{"damage_healed":0.0,"max_hp_gain":0.0,"max_hp_loss":0.0,"gold_gain":0.0,"event_name":"Ghosts","player_choice":"Ignored","floor":19.0,"gold_loss":0.0,"damage_taken":0.0},{"damage_healed":0.0,"max_hp_gain":0.0,"max_hp_loss":0.0,"gold_gain":0.0,"event_name":"Cursed Tome","player_choice":"Obtained Book","floor":20.0,"gold_loss":0.0,"damage_taken":21.0},{"cards_removed":["Defend_R"],"damage_healed":0.0,"max_hp_gain":0.0,"max_hp_loss":0.0,"gold_gain":0.0,"event_name":"Back to Basics","player_choice":"Elegance","floor":21.0,"gold_loss":0.0,"damage_taken":0.0},{"damage_healed":0.0,"max_hp_gain":0.0,"max_hp_loss":0.0,"gold_gain":50.0,"event_name":"Nest","player_choice":"Stole From Cult","floor":28.0,"gold_loss":0.0,"damage_taken":0.0},{"damage_healed":0.0,"max_hp_gain":0.0,"max_hp_loss":0.0,"gold_gain":0.0,"event_name":"Tomb of Lord Red Mask","player_choice":"Paid","floor":37.0,"gold_loss":76.0,"damage_taken":0.0,"relics_obtained":["Red Mask"]},{"damage_healed":0.0,"max_hp_gain":0.0,"max_hp_loss":6.0,"gold_gain":0.0,"event_name":"Winding Halls","player_choice":"Max HP","floor":44.0,"gold_loss":0.0,"damage_taken":0.0},{"damage_healed":0.0,"max_hp_gain":0.0,"max_hp_loss":0.0,"gold_gain":0.0,"event_name":"SensoryStone","player_choice":"Memory 1","floor":45.0,"gold_loss":0.0,"damage_taken":0.0}],"is_beta":false,"boss_relics":[{"not_picked":["Black Blood","Ectoplasm"],"picked":"Empty Cage"},{"not_picked":["Pandora\u0027s Box","RhineFirstAidKit"],"picked":"JellyFishMachine"}],"items_purged_floors":[0,4,53],"is_endless":false,"potions_floor_spawned":[1,2,6,14,16,25,30,31,35,38,41,54],"ascension_level":16}}