{"host":"ewfe3cr33ktd9xzj","time":1611308948,"event":{"mods":["AchievementEnabler","Arknights The Spire","BaseMod","Colored Map","Custom Start","DeckTracker","Minty Spire (QoL Compilation)","Permanent Neow","Quick Restart","Rare Cards Sparkle","StSLib","everything is the same but u backflip on backflip"],"gold_per_floor":[113,63,73,91,102,127,145,176,228,240,240,240,87,120,120,223,223,234,234,56,74,85,85,99,99,99,99,199,233,233,259,259,362,362,372,387,172,188,238,273,273,273,273,293,293,305,69,88,88,88],"floor_reached":51,"language":"KOR","playtime":1768,"items_purged":["ats:Strike S","Writhe","ats:Defend","ats:Magnetic Hammer"],"score":796,"play_id":"b0c49b9f-fb10-4be4-afa7-4529aebc5276","local_time":"20210122184908","is_ascension_mode":true,"campfire_choices":[{"data":"ats:Soul Rend","floor":12.0,"key":"SMITH"},{"data":"ats:Blood Oath","floor":15.0,"key":"SMITH"},{"data":"ats:Serious Mode","floor":23.0,"key":"SMITH"},{"data":"ats:Shadow Assault","floor":25.0,"key":"SMITH"},{"data":"ats:Demon Strength","floor":27.0,"key":"SMITH"},{"data":"1","floor":32.0,"key":"LIFT"},{"data":"ats:Disruption Kick","floor":41,"key":"SMITH"},{"data":"ats:Shadow Assault","floor":45,"key":"SMITH"},{"data":"ats:Dogmatic Field","floor":49,"key":"SMITH"}],"circlet_count":0,"master_deck":["ats:Strike G","ats:Armor Crushing Shot","ats:Defend+1","ats:Emotion Absorption+1","ats:Blood Oath+1","ats:Cat Scratch","ats:Soul Rend+1","ats:Demon Strength+1","ats:Shadow Assault+1","ats:Nebulous Foxfire+1","ats:Roar Of Ursus+1","ats:Serious Mode+1","ats:Disruption Kick+1","ats:LN2 Cannon+1","ats:Dogmatic Field+1","Enlightenment+1","ats:Red Shift","ats:Shadow Assault+1","ats:Shell Defense+1","ats:Soul Absorption+1"],"relics":["Coffee Dripper","ats:Originium","WingedGreaves","Lantern","Oddly Smooth Stone","Mercury Hourglass","War Paint","Astrolabe","Pen Nib","StrikeDummy","Girya","Toxic Egg 2","Blood Vial","Bottled Tornado","Runic Pyramid","Mango","ats:Industrial Water Cannon","Akabeko","The Courier","Lee\u0027s Waffle"],"acts_visited":["Exordium","TheCity","TheBeyond"],"potions_floor_usage":[44,50,50],"damage_taken":[{"damage":1.0,"enemies":"2 Louse","floor":1.0,"turns":3.0},{"damage":6.0,"enemies":"Jaw Worm","floor":3.0,"turns":4.0},{"damage":0.0,"enemies":"Small Slimes","floor":4.0,"turns":3.0},{"damage":5.0,"enemies":"2 Fungi Beasts","floor":5.0,"turns":3.0},{"damage":30.0,"enemies":"3 Sentries","floor":6.0,"turns":9.0},{"damage":4.0,"enemies":"Large Slime","floor":7.0,"turns":6.0},{"damage":5.0,"enemies":"Gremlin Nob","floor":8.0,"turns":4.0},{"damage":2.0,"enemies":"3 Louse","floor":10.0,"turns":3.0},{"damage":10.0,"enemies":"3 Sentries","floor":14.0,"turns":4.0},{"damage":20.0,"enemies":"The Guardian","floor":16.0,"turns":11.0},{"damage":2.0,"enemies":"Spheric Guardian","floor":18.0,"turns":3.0},{"damage":15.0,"enemies":"Shell Parasite","floor":21.0,"turns":5.0},{"damage":19.0,"enemies":"Cultist and Chosen","floor":22.0,"turns":4.0},{"damage":11.0,"enemies":"Sentry and Sphere","floor":24.0,"turns":4.0},{"damage":11.0,"enemies":"Colosseum Slavers","floor":28.0,"turns":2.0},{"damage":7.0,"enemies":"Colosseum Nobs","floor":28.0,"turns":3.0},{"damage":22.0,"enemies":"Book of Stabbing","floor":29.0,"turns":4.0},{"damage":39.0,"enemies":"Slavers","floor":31.0,"turns":3.0},{"damage":28.0,"enemies":"Champ","floor":33.0,"turns":6.0},{"damage":25.0,"enemies":"3 Shapes","floor":35.0,"turns":2.0},{"damage":31.0,"enemies":"Orb Walker","floor":36.0,"turns":4.0},{"damage":16.0,"enemies":"Spire Growth","floor":38.0,"turns":3.0},{"damage":41.0,"enemies":"Mind Bloom Boss Battle","floor":39.0,"turns":5.0},{"damage":88,"enemies":"Nemesis","floor":40,"turns":5},{"damage":0,"enemies":"Jaw Worm Horde","floor":44,"turns":1},{"damage":0,"enemies":"3 Darklings","floor":46,"turns":1},{"damage":30,"enemies":"Sphere and 2 Shapes","floor":48,"turns":4},{"damage":49,"enemies":"Time Eater","floor":50,"turns":5}],"seed_played":"4489437477448495050","potions_obtained":[{"floor":1.0,"key":"ats:Top Emergency Sanity Potion"},{"floor":4.0,"key":"SmokeBomb"},{"floor":7.0,"key":"Weak Potion"},{"floor":10.0,"key":"SteroidPotion"},{"floor":16.0,"key":"Block Potion"},{"floor":29.0,"key":"Strength Potion"},{"floor":33.0,"key":"ats:Emergency Sanity Potion"},{"floor":36.0,"key":"DistilledChaos"},{"floor":46,"key":"ats:Top Emergency Sanity Potion"}],"is_trial":false,"path_per_floor":["M","?","M","M","M","E","M","E","T","M","?","R","$","E","R","B",null,"M","?","$","M","M","R","M","R","T","R","?","E","?","E","R","B",null,"M","M","$","M","?","E","R","?","T","M","R","M","$","M","R","B",null],"character_chosen":"DOCTOR_CLASS","items_purchased":["ats:Demon Strength","ats:Serious Mode","Enlightenment+1","Lee\u0027s Waffle"],"campfire_rested":0,"item_purchase_floors":[13,20,37,47],"current_hp_per_floor":[71,71,69,72,70,46,45,43,43,48,41,41,41,35,35,58,72,70,70,70,72,55,55,67,67,67,67,55,52,52,29,29,27,72,59,51,51,55,67,14,14,14,14,33,33,45,93,80,80,59],"gold":88,"neow_bonus":"BOSS_RELIC","is_daily":false,"chose_seed":false,"campfire_upgraded":8,"win_rate":0.0,"timestamp":1611308948,"path_taken":["M","?","M","M","M","E","M","E","T","M","?","R","$","E","R","BOSS","M","?","$","M","M","R","M","R","T","R","?","E","?","E","R","BOSS","M","M","$","M","?","E","R","?","T","M","R","M","$","?","R","BOSS"],"items_purchased_type":["Card","Card","Card","Relic"],"build_version":"2020-12-22","purchased_purges":4,"victory":true,"max_hp_per_floor":[72,72,72,72,72,72,72,72,72,72,72,72,72,72,72,72,72,72,72,72,72,72,72,72,72,72,72,72,72,72,72,72,72,72,72,72,72,72,86,86,86,86,86,86,86,86,93,93,93,93],"card_choices":[{"not_picked":["ats:Shadow Raid","ats:Directed Diagnosis"],"picked":"ats:Blood Oath","floor":1.0},{"not_picked":["ats:Automatic Cover","ats:Assault Order","ats:Burning Ground"],"picked":"SKIP","floor":3.0},{"not_picked":["ats:Powerful Strike","ats:Flexible Camouflage"],"picked":"ats:Magnetic Hammer","floor":4.0},{"not_picked":["ats:Thermite Blade","ats:Explosion Area Strengthen"],"picked":"ats:Cat Scratch","floor":5.0},{"not_picked":["ats:Very Hot Blade","ats:Part Time Job","ats:Durian"],"picked":"SKIP","floor":6.0},{"not_picked":["ats:Soul Absorption","ats:Hammer On","ats:Overload"],"picked":"SKIP","floor":7.0},{"not_picked":["ats:Sword Rain","ats:Poison Spread"],"picked":"ats:Soul Rend","floor":8.0},{"not_picked":["ats:Leaping Hammer","ats:Flexible Camouflage","ats:Cat Scratch"],"picked":"SKIP","floor":10.0},{"not_picked":["ats:Counter Healing Mode","ats:Sword Rain","ats:Cat Scratch"],"picked":"SKIP","floor":14.0},{"not_picked":["ats:Fractured Body","ats:Nebulous Foxfire"],"picked":"ats:Shadow Assault","floor":16.0},{"not_picked":["ats:Neurotoxin+1","ats:Sashimi Platter","ats:Very Hot Blade"],"picked":"SKIP","floor":18.0},{"not_picked":["ats:Apocalypse","ats:Curse Doll","ats:Counter Healing Mode"],"picked":"SKIP","floor":21.0},{"not_picked":["ats:Apocalypse","ats:Curse Doll","ats:Counter Healing Mode"],"picked":"SKIP","floor":21.0},{"not_picked":["ats:Leaping Hammer+1","ats:Closed Bolt Burst Fire","ats:Ignite"],"picked":"SKIP","floor":22.0},{"not_picked":["ats:Sunburst","ats:Leaping Hammer","ats:Collapsing Strike"],"picked":"SKIP","floor":24.0},{"not_picked":["ats:Curse Doll+1","ats:Spore Proliferation+1"],"picked":"ats:Disruption Kick","floor":28.0},{"not_picked":["ats:Sunburst","ats:Ignite"],"picked":"ats:LN2 Cannon+1","floor":29.0},{"not_picked":["ats:Curse Doll+1","ats:Poison Spread","ats:Leaping Hammer"],"picked":"SKIP","floor":31.0},{"not_picked":["ats:Soul Rend","ats:Calcification+1"],"picked":"ats:Dogmatic Field","floor":33.0},{"not_picked":["ats:Shadow Raid+1","ats:Hammer On","ats:Cat Scratch"],"picked":"SKIP","floor":35.0},{"not_picked":["ats:Encircling Forest+1","ats:Curse Doll+1","ats:Childhood Dance+1"],"picked":"SKIP","floor":36.0},{"not_picked":["ats:Blood Oath+1","ats:Rapid Magazine+1"],"picked":"ats:Red Shift","floor":38.0},{"not_picked":["ats:Flexible Camouflage+1","ats:Composite Medical Shells+1"],"picked":"ats:Shadow Assault","floor":39},{"not_picked":["ats:Assault Order+1","ats:Poison Spread","ats:Leaping Hammer+1"],"picked":"SKIP","floor":40},{"not_picked":["ats:Neurotoxin","ats:Assault Order+1"],"picked":"ats:Shell Defense+1","floor":44},{"not_picked":["ats:Soul Absorption+1","ats:Assault Order+1","ats:Magnetic Hammer+1"],"picked":"SKIP","floor":46},{"not_picked":["ats:Assault Order+1","ats:Magnetic Hammer+1"],"picked":"ats:Soul Absorption+1","floor":46},{"not_picked":["ats:Serious Mode+1","ats:Burning Ground","ats:Shell Defense+1"],"picked":"SKIP","floor":48}],"player_experience":62495,"relics_obtained":[{"floor":6.0,"key":"ats:Originium"},{"floor":6.0,"key":"WingedGreaves"},{"floor":8.0,"key":"ats:Originium"},{"floor":8.0,"key":"Lantern"},{"floor":9.0,"key":"Oddly Smooth Stone"},{"floor":14.0,"key":"ats:Originium"},{"floor":14.0,"key":"War Paint"},{"floor":26.0,"key":"StrikeDummy"},{"floor":28.0,"key":"Girya"},{"floor":28.0,"key":"Toxic Egg 2"},{"floor":29.0,"key":"ats:Originium"},{"floor":29.0,"key":"Blood Vial"},{"floor":31.0,"key":"Bottled Tornado"},{"floor":39,"key":"Mango"},{"floor":40,"key":"ats:Industrial Water Cannon"},{"floor":43,"key":"The Courier"}],"event_choices":[{"cards_removed":["ats:Strike C"],"damage_healed":0.0,"max_hp_gain":0.0,"max_hp_loss":0.0,"gold_gain":0.0,"event_name":"The Cleric","player_choice":"Card Removal","floor":2.0,"gold_loss":50.0,"damage_taken":0.0},{"damage_healed":0.0,"max_hp_gain":0.0,"max_hp_loss":0.0,"gold_gain":0.0,"event_name":"Scrap Ooze","player_choice":"Success","floor":11.0,"gold_loss":0.0,"damage_taken":7.0,"relics_obtained":["Mercury Hourglass"]},{"damage_healed":0.0,"max_hp_gain":0.0,"max_hp_loss":0.0,"gold_gain":0.0,"event_name":"The Mausoleum","player_choice":"Opened","floor":19.0,"gold_loss":0.0,"damage_taken":0.0,"relics_obtained":["Pen Nib"],"cards_obtained":["Writhe"]},{"damage_healed":0.0,"max_hp_gain":0.0,"max_hp_loss":0.0,"gold_gain":0.0,"event_name":"Colosseum","player_choice":"Fight","floor":28.0,"gold_loss":0.0,"damage_taken":0.0},{"damage_healed":0.0,"max_hp_gain":0.0,"max_hp_loss":0.0,"gold_gain":0.0,"event_name":"Colosseum","player_choice":"Fought Nobs","floor":28.0,"gold_loss":0.0,"damage_taken":0.0},{"damage_healed":0.0,"max_hp_gain":0.0,"max_hp_loss":0.0,"gold_gain":0.0,"event_name":"Ghosts","player_choice":"Ignored","floor":30.0,"gold_loss":0.0,"damage_taken":0.0},{"damage_healed":0.0,"max_hp_gain":0.0,"max_hp_loss":0.0,"gold_gain":0.0,"event_name":"MindBloom","player_choice":"Fight","floor":39.0,"gold_loss":0.0,"damage_taken":0.0},{"cards_removed":["ats:Echo Reverb"],"damage_healed":0,"gold_gain":0,"player_choice":"Gave Card","damage_taken":0,"relics_obtained":["Akabeko"],"max_hp_gain":0,"max_hp_loss":0,"event_name":"WeMeetAgain","floor":42,"gold_loss":0}],"is_beta":false,"boss_relics":[{"not_picked":["Velvet Choker","Fusion Hammer"],"picked":"Astrolabe"},{"not_picked":["Runic Dome","Empty Cage"],"picked":"Runic Pyramid"}],"items_purged_floors":[13,20,37,47],"is_endless":false,"potions_floor_spawned":[1,4,7,10,16,18,28,29,31,33,36,38,46],"ascension_level":1}}