{"host":"6eswuwtz6j8isipc","time":1611353629,"event":{"mods":["BaseMod","Better Third Choice","BetterRewards","Colored Map","Conspire","Hubris","Infinite Spire","Minty Spire (QoL Compilation)","Replay The Spire","Spicy Shops","StSLib","The Animator","The Bug Knight"],"gold_per_floor":[117,117,117,45,86,111,111,111,111],"floor_reached":8,"language":"ENG","playtime":467,"items_purged":[],"score":127,"play_id":"74850547-6030-44d8-be55-cd425f3cfe0e","local_time":"20210122171349","is_ascension_mode":false,"campfire_choices":[{"data":"animator:Laby","floor":7,"key":"SMITH"}],"circlet_count":0,"master_deck":["conspire:GhostlyStrike","conspire:GhostlyDefend","conspire:GhostlyStrike","conspire:GhostlyStrike","conspire:GhostlyStrike","conspire:GhostlyDefend","conspire:GhostlyDefend","conspire:GhostlyDefend","animator:Kazuma","animator:Aqua","animator:PandorasActor+1","animator:CowGirl","animator:Laby+1"],"relics":["animator:LivingPicture","animator:TheMissingPiece","animator:PurgingStone","NeowsBlessing","Frozen Eye","Gremlin Food","InkBottle"],"acts_visited":["Exordium"],"potions_floor_usage":[8],"damage_taken":[{"damage":0,"enemies":"2 Louse","floor":1,"turns":1},{"damage":0,"enemies":"conspire:MimicChest","floor":5,"turns":1},{"damage":0,"enemies":"3 Sentries","floor":6,"turns":2},{"damage":78,"enemies":"Gremlin Nob","floor":8,"turns":7}],"seed_played":"6931608572396197678","potions_obtained":[{"floor":5,"key":"FearPotion"}],"is_trial":false,"path_per_floor":["M","?","?","$","?","E","R","E"],"character_chosen":"THE_ANIMATOR","items_purchased":["Frozen Eye"],"campfire_rested":0,"item_purchase_floors":[4],"current_hp_per_floor":[66,66,66,66,66,66,66,0,0],"gold":111,"neow_bonus":"THREE_ENEMY_KILL","is_daily":false,"chose_seed":false,"campfire_upgraded":1,"win_rate":0.0,"timestamp":1611353629,"path_taken":["M","?","?","$","?","E","R","E"],"items_purchased_type":["Relic"],"build_version":"2020-12-22","purchased_purges":0,"victory":false,"max_hp_per_floor":[66,66,66,66,66,66,66,66,66],"card_choices":[{"not_picked":["animator:MaesHughes","animator:Souei"],"picked":"animator:PandorasActor","floor":1},{"not_picked":["animator:KrulTepes","animator:Kaijin"],"picked":"animator:CowGirl","floor":5},{"not_picked":["animator:KrulTepes","animator:Shigure"],"picked":"animator:Laby","floor":6}],"player_experience":1313755,"relics_obtained":[{"floor":5,"key":"Gremlin Food"},{"floor":6,"key":"InkBottle"}],"event_choices":[{"damage_healed":0,"gold_gain":0,"player_choice":"Agree","damage_taken":0,"max_hp_gain":0,"max_hp_loss":0,"event_name":"conspire:LoneGhost","floor":3,"gold_loss":0}],"is_beta":false,"boss_relics":[],"items_purged_floors":[],"is_endless":false,"potions_floor_spawned":[5],"killed_by":"Gremlin Nob","ascension_level":0}}