{"host":"jkv7p1g4a08kh4zt","time":1611346733,"event":{"mods":["BaseMod","Downfall","Minty Spire (QoL Compilation)","StSLib"],"gold_per_floor":[99,115,133,133,80,160,160,1,176,194,94,111,141,141,152,152,152,152],"floor_reached":16,"language":"ENG","playtime":879,"items_purged":[],"score":100,"play_id":"d255b6a5-009e-4c93-bfdb-a911b9178b5f","local_time":"20210122201853","is_ascension_mode":false,"campfire_choices":[{"floor":1,"key":"RECALL"},{"data":"Guardian:TwinSlam","floor":11,"key":"SMITH"}],"circlet_count":0,"master_deck":["Guardian:Strike_Guardian","Guardian:Strike_Guardian","Guardian:Strike_Guardian","Guardian:Strike_Guardian","Guardian:Defend_Guardian","Guardian:Defend_Guardian","Guardian:Defend_Guardian","Guardian:Defend_Guardian","Guardian:CurlUp","Guardian:TwinSlam+1","Guardian:Reroute","Guardian:Emergency","Guardian:Repulse","Guardian:Gem_Red","Guardian:ConstructionForm","Guardian:Gem_Yellow"],"relics":["Guardian:ModeShifter","Matryoshka","Bottled Flame","HornCleat","downfall:HeartBlessingRed","Peace Pipe"],"acts_visited":["Exordium"],"potions_floor_usage":[],"damage_taken":[{"damage":1,"enemies":"Cultist","floor":2,"turns":4},{"damage":1,"enemies":"2 Louse","floor":3,"turns":2},{"damage":0,"enemies":"downfall:FleeingMerchant","floor":5,"turns":4},{"damage":1,"enemies":"downfall:FleeingMerchant","floor":8,"turns":4},{"damage":11,"enemies":"Jaw Worm","floor":10,"turns":3},{"damage":12,"enemies":"3 Louse","floor":12,"turns":4},{"damage":14,"enemies":"Gremlin Nob","floor":13,"turns":5},{"damage":0,"enemies":"2 Fungi Beasts","floor":15,"turns":3},{"damage":50,"enemies":"IC_STATUS_ARCHETYPE","floor":16,"turns":10}],"seed_played":"-5392561385589720266","potions_obtained":[{"floor":3,"key":"EntropicBrew"},{"floor":4,"key":"bronze:BurnAndBuffPotion"},{"floor":4,"key":"Guardian:AcceleratePotion"}],"is_trial":false,"path_per_floor":["R","M","M","?","$","T","T","$","?","M","R","M","E","?","M","B"],"character_chosen":"GUARDIAN","items_purchased":["Guardian:Repulse","Guardian:Gem_Orange"],"campfire_rested":0,"item_purchase_floors":[5,8],"current_hp_per_floor":[88,87,86,86,86,86,86,85,85,74,74,62,48,48,48,0,0,0],"gold":152,"neow_bonus":"TEN_PERCENT_HP_BONUS","is_daily":false,"chose_seed":false,"campfire_upgraded":1,"win_rate":0.0,"timestamp":1611346733,"path_taken":["R","M","?","?","$","?","T","?","?","M","R","M","E","?","M","BOSS"],"items_purchased_type":["Card","Card"],"build_version":"2020-12-22","purchased_purges":0,"victory":false,"max_hp_per_floor":[88,88,88,88,88,88,88,88,88,88,88,88,88,88,88,88,88,88],"card_choices":[{"not_picked":["Guardian:Recover","Guardian:Incinerate"],"picked":"Guardian:Reroute","floor":2},{"not_picked":["Guardian:Gem_Purple","Guardian:Planning"],"picked":"Guardian:Emergency","floor":3},{"not_picked":["Guardian:CrystalBeam","Guardian:PolyBeam"],"picked":"Guardian:Gem_Fragmented","floor":5},{"not_picked":["Guardian:Recover","Guardian:Incinerate"],"picked":"Guardian:Gem_White","floor":8},{"not_picked":["Guardian:PrismaticBarrier","Guardian:FloatingOrbs","Guardian:Preprogram"],"picked":"SKIP","floor":10},{"not_picked":["Guardian:ShieldCharger","Guardian:Incinerate"],"picked":"Guardian:Gem_Red","floor":12},{"not_picked":["Guardian:Planning","Guardian:PrimingBeam"],"picked":"Guardian:ConstructionForm","floor":13},{"not_picked":["Guardian:Recover","Guardian:Gem_Fragmented"],"picked":"Guardian:Gem_Yellow","floor":15}],"player_experience":40260,"relics_obtained":[{"floor":6,"key":"Matryoshka"},{"floor":7,"key":"Bottled Flame"},{"floor":7,"key":"HornCleat"},{"floor":13,"key":"Peace Pipe"}],"event_choices":[{"damage_healed":0,"gold_gain":0,"player_choice":"Got Potions","damage_taken":0,"max_hp_gain":0,"max_hp_loss":0,"event_name":"Lab","floor":4,"gold_loss":0}],"is_beta":false,"boss_relics":[],"items_purged_floors":[],"is_endless":false,"potions_floor_spawned":[3,10,12,13,15],"killed_by":"IC_STATUS_ARCHETYPE","ascension_level":0}}