{"host":"kh6fvhxn285ncg0o","time":1611314440,"event":{"mods":["Act Like it!","BaseMod","Colored Map","Friendly Minions","Keyboard Shortcuts","Minty Spire (QoL Compilation)","Quick Restart","Relic Stats","StSLib","SuperFastMode"],"gold_per_floor":[12,12,22,34,52,52,83,99,99,110,140,154,181,231,231,310,310,325,250,250,4,16,49,63,63,63,94,194,212,231,258,258,331,331,342,354,160,170,184,204,230,230,230,230,244,269,280,314,314,314,314,314,314,60,87,87],"floor_reached":57,"language":"KOR","playtime":2618,"items_purged":["Strike_R","Strike_R"],"score":2856,"play_id":"263349d0-8590-435d-b4ea-84f68d3de465","local_time":"20210122202040","is_ascension_mode":true,"campfire_choices":[{"data":"Twin Strike","floor":6,"key":"SMITH"},{"floor":15,"key":"REST"},{"data":"Demon Form","floor":32,"key":"SMITH"},{"data":"Evolve","floor":44,"key":"SMITH"},{"floor":49,"key":"RECALL"},{"data":"Juggernaut","floor":53,"key":"SMITH"}],"circlet_count":0,"master_deck":["AscendersBane","Defend_R","Defend_R","Defend_R","Defend_R+1","Bash","Twin Strike+1","Shockwave+1","Reaper","Feel No Pain","Hemokinesis","Flame Barrier+1","Demon Form+1","Shrug It Off+1","Battle Trance+1","Evolve+1","Reaper","Reckless Charge","Necronomicurse","Second Wind+1","Brutality","Warcry+1","True Grit+1","Flash of Steel","Seeing Red+1","Seeing Red+1","Juggernaut+1","Battle Trance+1","Magnetism"],"relics":["Burning Blood","Self Forming Clay","Toxic Egg 2","White Beast Statue","HornCleat","Coffee Dripper","TheAbacus","War Paint","Necronomicon","Matryoshka","Letter Opener","TungstenRod","Gremlin Horn","Boot","SlaversCollar","Question Card","Bottled Lightning","Kunai","Mango","Red Skull"],"acts_visited":["Exordium","TheCity","TheBeyond","TheEnding"],"potions_floor_usage":[7,8,13,16,18,23,27,30,31,48,50,55,56],"damage_taken":[{"damage":6,"enemies":"Cultist","floor":1,"turns":3},{"damage":11,"enemies":"Jaw Worm","floor":3,"turns":5},{"damage":3,"enemies":"2 Louse","floor":4,"turns":4},{"damage":11,"enemies":"Exordium Wildlife","floor":5,"turns":3},{"damage":18,"enemies":"Gremlin Nob","floor":7,"turns":4},{"damage":5,"enemies":"Gremlin Gang","floor":8,"turns":4},{"damage":6,"enemies":"2 Fungi Beasts","floor":10,"turns":4},{"damage":41,"enemies":"Lagavulin","floor":11,"turns":7},{"damage":4,"enemies":"Blue Slaver","floor":12,"turns":5},{"damage":27,"enemies":"Gremlin Nob","floor":13,"turns":4},{"damage":47,"enemies":"The Guardian","floor":16,"turns":12},{"damage":12,"enemies":"2 Thieves","floor":18,"turns":4},{"damage":9,"enemies":"3 Byrds","floor":22,"turns":4},{"damage":2,"enemies":"Gremlin Leader","floor":23,"turns":6},{"damage":11,"enemies":"Snake Plant","floor":24,"turns":5},{"damage":33,"enemies":"Slavers","floor":27,"turns":6},{"damage":18,"enemies":"Colosseum Slavers","floor":28,"turns":4},{"damage":15,"enemies":"Colosseum Nobs","floor":28,"turns":5},{"damage":2,"enemies":"Snecko","floor":29,"turns":5},{"damage":17,"enemies":"Sentry and Sphere","floor":30,"turns":6},{"damage":13,"enemies":"Gremlin Leader","floor":31,"turns":8},{"damage":42,"enemies":"Champ","floor":33,"turns":12},{"damage":11,"enemies":"Orb Walker","floor":35,"turns":4},{"damage":11,"enemies":"3 Shapes","floor":36,"turns":4},{"damage":30,"enemies":"Jaw Worm Horde","floor":38,"turns":5},{"damage":12,"enemies":"Sphere and 2 Shapes","floor":39,"turns":7},{"damage":55,"enemies":"Transient","floor":40,"turns":6},{"damage":24,"enemies":"Giant Head","floor":41,"turns":7},{"damage":7,"enemies":"Spire Growth","floor":45,"turns":4},{"damage":7,"enemies":"Nemesis","floor":46,"turns":7},{"damage":9,"enemies":"Maw","floor":47,"turns":7},{"damage":20,"enemies":"Reptomancer","floor":48,"turns":4},{"damage":27,"enemies":"Donu and Deca","floor":50,"turns":7},{"damage":34,"enemies":"Time Eater","floor":51,"turns":8},{"damage":65,"enemies":"Shield and Spear","floor":55,"turns":6},{"damage":71,"enemies":"The Heart","floor":56,"turns":8}],"seed_played":"983284535644025934","potions_obtained":[{"floor":4,"key":"Ancient Potion"},{"floor":5,"key":"Fire Potion"},{"floor":11,"key":"SkillPotion"},{"floor":12,"key":"PowerPotion"},{"floor":13,"key":"FearPotion"},{"floor":16,"key":"SkillPotion"},{"floor":18,"key":"PowerPotion"},{"floor":22,"key":"Energy Potion"},{"floor":24,"key":"Weak Potion"},{"floor":27,"key":"BlessingOfTheForge"},{"floor":28,"key":"EssenceOfSteel"},{"floor":30,"key":"Energy Potion"},{"floor":31,"key":"Energy Potion"},{"floor":36,"key":"SpeedPotion"},{"floor":38,"key":"AttackPotion"},{"floor":39,"key":"Dexterity Potion"},{"floor":41,"key":"DistilledChaos"},{"floor":46,"key":"Strength Potion"},{"floor":48,"key":"FairyPotion"},{"floor":55,"key":"Ancient Potion"}],"is_trial":false,"path_per_floor":["M","$","M","M","M","R","E","M","T","M","E","M","E","?","R","B",null,"M","$","?","$","M","E","M","?","T","E","?","M","M","E","R","B",null,"M","M","$","M","M","M","E","?","T","R","M","E","M","E","R","B","B",null,"R","$","E","B",null],"character_chosen":"IRONCLAD","items_purchased":["TheAbacus","Battle Trance+1","Flash of Steel","Magnetism","Dexterity Potion"],"campfire_rested":1,"item_purchase_floors":[21,21,37,54,54],"current_hp_per_floor":[68,68,63,66,61,61,49,62,62,70,41,46,29,29,51,16,60,61,61,61,61,64,75,75,54,54,73,75,75,75,70,70,75,75,75,75,75,75,75,75,75,75,75,75,75,75,75,89,89,89,89,89,89,89,54,79],"gold":87,"neow_bonus":"REMOVE_TWO","is_daily":false,"chose_seed":false,"campfire_upgraded":4,"win_rate":0.0,"timestamp":1611314440,"path_taken":["M","?","M","M","M","R","E","M","T","M","E","M","E","?","R","BOSS","M","?","?","$","M","E","M","?","T","E","?","M","M","E","R","BOSS","M","M","$","M","M","M","E","?","T","R","M","E","?","E","R","BOSS","BOSS","R","$","E","BOSS"],"items_purchased_type":["Relic","Card","Card","Card","Potion"],"build_version":"2020-12-22","purchased_purges":2,"victory":true,"max_hp_per_floor":[75,75,75,75,75,75,75,75,75,75,75,75,75,75,75,75,75,75,75,75,75,75,75,75,75,75,75,75,75,75,75,75,75,75,75,75,75,75,75,75,75,75,75,75,75,75,75,89,89,89,89,89,89,89,89,89],"relic_stats":{"Gremlin Horn":[16,19],"counters":[36,204],"Self Forming Clay":[396],"Letter Opener":[200],"War Paint":["Defend_R","Shockwave"],"Boot":[46],"Question Card":5,"Burning Blood":121,"TheAbacus":[306],"Necronomicon":[63],"Kunai":[17],"obtain_stats":[{"Gremlin Horn":28,"Self Forming Clay":7,"Mango":48,"Letter Opener":27,"War Paint":23,"Boot":31,"Question Card":41,"Burning Blood":0,"White Beast Statue":11,"SlaversCollar":34,"HornCleat":13,"TheAbacus":21,"Matryoshka":26,"Coffee Dripper":17,"Necronomicon":25,"Bottled Lightning":43,"Kunai":46,"Toxic Egg 2":9,"TungstenRod":28,"Red Skull":55},{"Gremlin Horn":18,"Self Forming Clay":5,"Mango":32,"Letter Opener":16,"War Paint":14,"Boot":21,"Question Card":28,"Burning Blood":0,"White Beast Statue":8,"SlaversCollar":22,"HornCleat":10,"TheAbacus":12,"Matryoshka":15,"Coffee Dripper":11,"Necronomicon":15,"Bottled Lightning":28,"Kunai":30,"Toxic Egg 2":6,"TungstenRod":18,"Red Skull":35},{"Gremlin Horn":89,"Self Forming Clay":19,"Mango":175,"Letter Opener":80,"War Paint":69,"Boot":108,"Question Card":153,"Burning Blood":0,"White Beast Statue":34,"SlaversCollar":120,"HornCleat":43,"TheAbacus":59,"Matryoshka":74,"Coffee Dripper":55,"Necronomicon":74,"Bottled Lightning":153,"Kunai":164,"Toxic Egg 2":23,"TungstenRod":89,"Red Skull":196}],"TungstenRod":151},"card_choices":[{"not_picked":["Thunderclap","Armaments"],"picked":"Twin Strike","floor":1},{"not_picked":["Thunderclap","Reckless Charge"],"picked":"Shockwave","floor":4},{"not_picked":["Armaments","Heavy Blade"],"picked":"Reaper","floor":7},{"not_picked":["Sword Boomerang","Burning Pact"],"picked":"Feel No Pain","floor":8},{"not_picked":["Rampage","Heavy Blade","Searing Blow"],"picked":"SKIP","floor":10},{"not_picked":["Sword Boomerang","Havoc+1"],"picked":"Hemokinesis","floor":11},{"not_picked":["Reckless Charge","Shockwave+1","Havoc+1"],"picked":"SKIP","floor":12},{"not_picked":["Warcry+1","Clothesline"],"picked":"Flame Barrier+1","floor":13},{"not_picked":["Bludgeon","Exhume+1"],"picked":"Demon Form","floor":16},{"not_picked":["Flex+1","Iron Wave"],"picked":"Shrug It Off+1","floor":18},{"not_picked":["Shrug It Off+1","Clash"],"picked":"Evolve","floor":22},{"not_picked":["Shockwave+1","Blood for Blood"],"picked":"Reaper","floor":23},{"not_picked":["Clothesline","Thunderclap"],"picked":"Reckless Charge","floor":24},{"not_picked":["Wild Strike","Anger","Flex+1"],"picked":"SKIP","floor":27},{"not_picked":["Heavy Blade","Hemokinesis"],"picked":"Second Wind+1","floor":28},{"not_picked":["Rupture","Spot Weakness+1","Shockwave+1"],"picked":"SKIP","floor":29},{"not_picked":["Wild Strike","Headbutt","Metallicize"],"picked":"SKIP","floor":30},{"not_picked":["Wild Strike","Shrug It Off+1","Sword Boomerang"],"picked":"SKIP","floor":31},{"not_picked":["Exhume+1","Feed"],"picked":"Brutality","floor":33},{"not_picked":["Uppercut","Anger"],"picked":"Warcry+1","floor":35},{"not_picked":["Ghostly Armor+1","Shrug It Off+1"],"picked":"True Grit+1","floor":36},{"not_picked":["Sever Soul+1","Cleave","Twin Strike+1"],"picked":"SKIP","floor":38},{"not_picked":["Armaments+1","Headbutt","Rupture+1"],"picked":"SKIP","floor":39},{"not_picked":["Twin Strike","Feed"],"picked":"Seeing Red+1","floor":40},{"not_picked":["Perfected Strike","Flex+1","Shrug It Off+1"],"picked":"SKIP","floor":41},{"not_picked":["Shrug It Off+1","Flame Barrier+1","Sword Boomerang"],"picked":"Seeing Red+1","floor":45},{"not_picked":["Pummel+1","Entrench+1","True Grit+1"],"picked":"Juggernaut","floor":46},{"not_picked":["Clash+1","True Grit+1","Spot Weakness+1","Infernal Blade+1"],"picked":"SKIP","floor":47},{"not_picked":["Armaments+1","Rampage","Disarm+1"],"picked":"Battle Trance+1","floor":48},{"not_picked":["Body Slam","Entrench+1","Heavy Blade","Demon Form"],"picked":"SKIP","floor":55}],"player_experience":3491043,"relics_obtained":[{"floor":7,"key":"Self Forming Clay"},{"floor":9,"key":"Toxic Egg 2"},{"floor":11,"key":"White Beast Statue"},{"floor":13,"key":"HornCleat"},{"floor":23,"key":"War Paint"},{"floor":25,"key":"Necronomicon"},{"floor":26,"key":"Matryoshka"},{"floor":27,"key":"Letter Opener"},{"floor":28,"key":"TungstenRod"},{"floor":28,"key":"Gremlin Horn"},{"floor":31,"key":"Boot"},{"floor":41,"key":"Question Card"},{"floor":43,"key":"Bottled Lightning"},{"floor":46,"key":"Kunai"},{"floor":48,"key":"Mango"},{"floor":55,"key":"Red Skull"}],"event_choices":[{"damage_healed":0,"gold_gain":50,"player_choice":"Pray","damage_taken":0,"max_hp_gain":0,"max_hp_loss":0,"event_name":"Golden Shrine","floor":14,"gold_loss":0},{"cards_removed":["Strike_R"],"damage_healed":0,"gold_gain":0,"player_choice":"Elegance","damage_taken":0,"max_hp_gain":0,"max_hp_loss":0,"event_name":"Back to Basics","floor":20,"gold_loss":0},{"damage_healed":0,"gold_gain":0,"player_choice":"Obtained Book","damage_taken":21,"max_hp_gain":0,"max_hp_loss":0,"event_name":"Cursed Tome","floor":25,"gold_loss":0},{"damage_healed":0,"gold_gain":0,"player_choice":"Fight","damage_taken":0,"max_hp_gain":0,"max_hp_loss":0,"event_name":"Colosseum","floor":28,"gold_loss":0},{"damage_healed":0,"gold_gain":0,"player_choice":"Fought Nobs","damage_taken":0,"max_hp_gain":0,"max_hp_loss":0,"event_name":"Colosseum","floor":28,"gold_loss":0},{"damage_healed":0,"gold_gain":0,"player_choice":"Ignored","damage_taken":0,"max_hp_gain":0,"max_hp_loss":0,"event_name":"SecretPortal","floor":42,"gold_loss":0}],"is_beta":false,"boss_relics":[{"not_picked":["Philosopher\u0027s Stone","Busted Crown"],"picked":"Coffee Dripper"},{"not_picked":["SacredBark","Astrolabe"],"picked":"SlaversCollar"}],"items_purged_floors":[19,37],"is_endless":false,"potions_floor_spawned":[4,5,11,12,13,16,18,22,23,24,27,28,28,29,30,31,33,35,36,38,39,40,41,45,46,47,48,55],"ascension_level":20}}