{"host":"2tgyrzvaa7l04o2e","time":1611332218,"event":{"mods":["BaseMod","Highlight Path","Minty Spire (QoL Compilation)","Permanent Neow","Relic Stats"],"gold_per_floor":[18,18,42,62,62,62,100,100,100,100,131,131,56,77,77,200,200,216,239,257,257,257,292,292,292,292],"floor_reached":25,"language":"ENG","playtime":877,"items_purged":["Strike_R"],"score":355,"play_id":"4727b6a1-0940-444c-8879-f9b07ae74231","local_time":"20210122171658","is_ascension_mode":true,"campfire_choices":[{"data":"Pommel Strike","floor":6,"key":"SMITH"},{"floor":8,"key":"REST"},{"floor":10,"key":"RECALL"},{"data":"Impervious","floor":12,"key":"SMITH"},{"data":"Infernal Blade","floor":15,"key":"SMITH"},{"data":"Searing Blow+1","floor":24,"key":"SMITH"}],"circlet_count":0,"master_deck":["AscendersBane","Defend_R","Defend_R","Defend_R","Defend_R","Bash+1","Immolate+1","Pommel Strike+1","Ghostly Armor","Impervious+1","Infernal Blade+1","Fiend Fire","Rampage+1","Hemokinesis+1","Searing Blow+2","Battle Trance","Offering"],"relics":["Burning Blood","Golden Idol","Kunai","Anchor","Shuriken","Astrolabe","White Beast Statue"],"acts_visited":["Exordium","TheCity"],"potions_floor_usage":[11,23],"damage_taken":[{"damage":8,"enemies":"2 Louse","floor":1,"turns":3},{"damage":2,"enemies":"Small Slimes","floor":3,"turns":3},{"damage":7,"enemies":"Jaw Worm","floor":4,"turns":3},{"damage":18,"enemies":"Gremlin Nob","floor":7,"turns":4},{"damage":2,"enemies":"3 Sentries","floor":11,"turns":4},{"damage":0,"enemies":"Large Slime","floor":14,"turns":2},{"damage":16,"enemies":"Slime Boss","floor":16,"turns":10},{"damage":0,"enemies":"Spheric Guardian","floor":18,"turns":3},{"damage":6,"enemies":"Shell Parasite","floor":19,"turns":2},{"damage":26,"enemies":"Centurion and Healer","floor":20,"turns":8},{"damage":26,"enemies":"Slavers","floor":23,"turns":7},{"damage":45,"enemies":"Gremlin Leader","floor":25,"turns":4}],"seed_played":"-2708729165076425119","potions_obtained":[{"floor":1,"key":"SpeedPotion"},{"floor":4,"key":"Fire Potion"},{"floor":14,"key":"SpeedPotion"}],"is_trial":false,"path_per_floor":["M","?","M","M","?","R","E","R","T","R","E","R","$","M","R","B",null,"M","M","M","?","?","E","R","E"],"character_chosen":"IRONCLAD","items_purchased":[],"campfire_rested":1,"item_purchase_floors":[],"current_hp_per_floor":[70,50,54,53,37,37,25,49,49,49,53,53,53,59,59,49,72,78,78,58,58,58,38,38,0,0],"gold":292,"neow_bonus":"THREE_RARE_CARDS","is_daily":false,"chose_seed":false,"campfire_upgraded":4,"win_rate":0.0,"timestamp":1611332218,"path_taken":["M","?","M","M","?","R","E","R","T","R","E","R","$","M","R","BOSS","M","M","M","?","?","E","R","E"],"items_purchased_type":[],"build_version":"2020-12-22","purchased_purges":1,"victory":false,"max_hp_per_floor":[80,80,80,80,80,80,80,80,80,80,80,80,80,80,80,80,80,80,80,80,80,80,80,80,80,80],"relic_stats":{"counters":[12,53],"Golden Idol":71,"Shuriken":[6],"Astrolabe":["Rampage","Hemokinesis","Searing Blow"],"Kunai":[7],"obtain_stats":[{"Anchor":9,"Golden Idol":2,"Shuriken":11,"Astrolabe":17,"Kunai":7,"Burning Blood":0,"White Beast Statue":23},{"Anchor":4,"Golden Idol":1,"Shuriken":5,"Astrolabe":7,"Kunai":4,"Burning Blood":0,"White Beast Statue":11},{"Anchor":13,"Golden Idol":3,"Shuriken":17,"Astrolabe":29,"Kunai":13,"Burning Blood":0,"White Beast Statue":49}],"Burning Blood":66},"card_choices":[{"not_picked":["Bludgeon","Demon Form"],"picked":"Immolate","floor":0},{"not_picked":["Infernal Blade","Flex","Second Wind"],"picked":"SKIP","floor":1},{"not_picked":["Flex","Intimidate"],"picked":"Pommel Strike","floor":3},{"not_picked":["Twin Strike","Flex","Metallicize"],"picked":"SKIP","floor":4},{"not_picked":["Whirlwind","Immolate"],"picked":"Ghostly Armor","floor":7},{"not_picked":["Second Wind","Feel No Pain"],"picked":"Impervious","floor":11},{"not_picked":["Flex","Twin Strike"],"picked":"Infernal Blade","floor":14},{"not_picked":["Demon Form","Juggernaut"],"picked":"Fiend Fire","floor":16},{"not_picked":["Pommel Strike","Carnage+1"],"picked":"Battle Trance","floor":18},{"not_picked":["Iron Wave","Whirlwind","Combust"],"picked":"SKIP","floor":19},{"not_picked":["Headbutt","Rampage","Pommel Strike"],"picked":"SKIP","floor":20},{"not_picked":["True Grit+1","Ghostly Armor"],"picked":"Offering","floor":23}],"player_experience":640427,"relics_obtained":[{"floor":7,"key":"Kunai"},{"floor":9,"key":"Anchor"},{"floor":11,"key":"Shuriken"},{"floor":23,"key":"White Beast Statue"}],"event_choices":[{"damage_healed":0,"gold_gain":0,"player_choice":"Take Damage","damage_taken":20,"relics_obtained":["Golden Idol"],"max_hp_gain":0,"max_hp_loss":0,"event_name":"Golden Idol","floor":2,"gold_loss":0},{"damage_healed":0,"gold_gain":0,"player_choice":"Entered Light","damage_taken":16,"max_hp_gain":0,"max_hp_loss":0,"event_name":"Shining Light","floor":5,"gold_loss":0,"cards_upgraded":["Bash","Immolate"]},{"cards_removed":["Strike_R"],"damage_healed":0,"gold_gain":0,"player_choice":"Elegance","damage_taken":0,"max_hp_gain":0,"max_hp_loss":0,"event_name":"Back to Basics","floor":21,"gold_loss":0},{"damage_healed":0,"gold_gain":0,"player_choice":"Ignored","damage_taken":0,"max_hp_gain":0,"max_hp_loss":0,"event_name":"Ghosts","floor":22,"gold_loss":0}],"is_beta":false,"boss_relics":[{"not_picked":["Runic Cube","Black Star"],"picked":"Astrolabe"}],"items_purged_floors":[13],"is_endless":false,"potions_floor_spawned":[1,4,14,16,19],"killed_by":"Gremlin Leader","ascension_level":11}}