{"host":"nolo0osttpwefhwj","time":1611333071,"event":{"mods":["AchievementEnabler","BaseMod","Bestiary","Colored Powertips","Minty Spire (QoL Compilation)","Permanent Neow","Quick Restart","Relic Stats"],"gold_per_floor":[13,13,29,29,29,29,72,72,72,96,96,96,112,155,155,283,283,308,323,323,323,36,70,70,410,481,520,520,520,541,559,559,680,680,698,698,711,681,38,38,59,59,59,59,77,77,98,139,139,139,139,139,19,63,63],"floor_reached":56,"language":"ENG","playtime":3370,"items_purged":[],"score":2051,"play_id":"9dc6d8f7-9f31-47a0-9197-e23078cb8377","local_time":"20210122173111","is_ascension_mode":true,"campfire_choices":[{"data":"Neutralize","floor":6.0,"key":"SMITH"},{"data":"Wraith Form v2","floor":8.0,"key":"SMITH"},{"floor":11.0,"key":"REST"},{"floor":15.0,"key":"REST"},{"data":"Noxious Fumes","floor":24.0,"key":"SMITH"},{"data":"Wraith Form v2","floor":28.0,"key":"SMITH"},{"data":"Well Laid Plans","floor":32.0,"key":"SMITH"},{"floor":40,"key":"RECALL"},{"data":"Corpse Explosion","floor":46,"key":"SMITH"},{"data":"Acrobatics","floor":49,"key":"SMITH"},{"floor":52,"key":"REST"}],"circlet_count":0,"master_deck":["AscendersBane","Strike_G+1","Strike_G+1","Strike_G+1","Strike_G+1","Defend_G+1","Defend_G+1","Defend_G+1","Defend_G+1","Defend_G+1","Survivor+1","Neutralize+1","Footwork+1","Deflect+1","Wraith Form v2+1","Infinite Blades+1","Deflect+1","Wraith Form v2+1","Terror+1","Escape Plan+1","Noxious Fumes+1","Escape Plan+1","Infinite Blades+1","Calculated Gamble+1","Wraith Form v2+1","Well Laid Plans+1","Envenom+1","Escape Plan+1","Prepared+1","Bouncing Flask+1","Corpse Explosion+1","Acrobatics+1","Wraith Form v2+1"],"relics":["Ring of the Snake","Golden Idol","Snake Skull","Kunai","The Courier","Blood Vial","Black Star","MutagenicStrength","Lantern","TwistedFunnel","Mummified Hand","Omamori","Matryoshka","Old Coin","Bag of Marbles","Potion Belt","Pear","Cursed Key","OrangePellets","HornCleat","Mango","War Paint","Singing Bowl","Mark of the Bloom","Bronze Scales","Ninja Scroll","DollysMirror","Gremlin Horn","White Beast Statue"],"acts_visited":["Exordium","TheCity","TheBeyond","TheEnding"],"potions_floor_usage":[38,38,55],"damage_taken":[{"damage":0.0,"enemies":"Jaw Worm","floor":1.0,"turns":4.0},{"damage":0.0,"enemies":"2 Louse","floor":3.0,"turns":4.0},{"damage":48.0,"enemies":"Gremlin Nob","floor":7.0,"turns":6.0},{"damage":0.0,"enemies":"Cultist","floor":10.0,"turns":5.0},{"damage":0.0,"enemies":"Blue Slaver","floor":13.0,"turns":6.0},{"damage":3.0,"enemies":"3 Sentries","floor":14.0,"turns":10.0},{"damage":30.0,"enemies":"Slime Boss","floor":16.0,"turns":25.0},{"damage":15.0,"enemies":"Shell Parasite","floor":18.0,"turns":15.0},{"damage":1.0,"enemies":"Chosen","floor":19.0,"turns":8.0},{"damage":0.0,"enemies":"Gremlin Leader","floor":23.0,"turns":8.0},{"damage":10.0,"enemies":"Book of Stabbing","floor":25.0,"turns":5.0},{"damage":2.0,"enemies":"Slavers","floor":27.0,"turns":5.0},{"damage":2.0,"enemies":"Shelled Parasite and Fungi","floor":30.0,"turns":5.0},{"damage":0.0,"enemies":"Snake Plant","floor":31.0,"turns":4.0},{"damage":28.0,"enemies":"Champ","floor":33.0,"turns":15.0},{"damage":0.0,"enemies":"3 Darklings","floor":35.0,"turns":5.0},{"damage":3.0,"enemies":"Orb Walker","floor":37.0,"turns":3.0},{"damage":10,"enemies":"3 Darklings","floor":41,"turns":4},{"damage":0,"enemies":"4 Shapes","floor":45,"turns":6},{"damage":0,"enemies":"Maw","floor":47,"turns":5},{"damage":0,"enemies":"Reptomancer","floor":48,"turns":5},{"damage":2,"enemies":"Time Eater","floor":50,"turns":11},{"damage":0,"enemies":"Shield and Spear","floor":54,"turns":5},{"damage":6,"enemies":"The Heart","floor":55,"turns":8}],"seed_played":"-6205225555279243028","potions_obtained":[{"floor":1.0,"key":"Energy Potion"},{"floor":3.0,"key":"SkillPotion"},{"floor":7.0,"key":"DuplicationPotion"},{"floor":16.0,"key":"LiquidMemories"},{"floor":18.0,"key":"Dexterity Potion"},{"floor":23.0,"key":"FairyPotion"},{"floor":25.0,"key":"Energy Potion"},{"floor":27.0,"key":"CultistPotion"},{"floor":33.0,"key":"AttackPotion"},{"floor":35.0,"key":"Strength Potion"},{"floor":38,"key":"Fruit Juice"},{"floor":38,"key":"Fruit Juice"}],"is_trial":false,"path_per_floor":["M","?","M","?","?","R","E","R","T","M","R","T","M","E","R","B",null,"M","M","?","?","$","E","R","E","T","E","R","?","M","M","R","B",null,"M","?","M","?","$","R","M","$","T","?","M","R","M","E","R","B",null,"R","$","E","B",null],"character_chosen":"THE_SILENT","items_purchased":["Lantern","TwistedFunnel","Noxious Fumes","OrangePellets","HornCleat","Mango","FairyPotion","DollysMirror"],"campfire_rested":3,"item_purchase_floors":[22,22,22,39,39,39,39,53],"current_hp_per_floor":[77,77,77,82,65,65,17,17,17,17,41,41,41,38,62,34,71,58,59,59,59,59,61,61,53,53,63,63,63,63,65,65,39,80,82,82,81,91,105,105,97,97,97,97,97,97,97,97,97,95,95,95,95,95,89],"gold":63,"neow_bonus":"TWENTY_PERCENT_HP_BONUS","is_daily":false,"chose_seed":false,"campfire_upgraded":7,"win_rate":0.0,"timestamp":1611333071,"path_taken":["M","?","M","?","?","R","E","R","T","M","R","?","?","E","R","BOSS","M","M","?","?","$","E","R","E","T","E","R","?","M","M","R","BOSS","M","?","?","?","$","R","?","?","T","?","M","R","M","E","R","BOSS","R","$","E","BOSS"],"items_purchased_type":["Relic","Relic","Card","Relic","Relic","Relic","Potion","Relic"],"build_version":"2020-12-22","purchased_purges":0,"victory":true,"max_hp_per_floor":[84,78,78,83,83,83,83,83,83,83,83,83,83,83,83,83,83,83,83,83,83,83,83,83,83,83,93,93,93,93,93,93,93,93,93,93,93,103,117,117,117,117,117,117,117,117,117,119,119,119,119,119,119,121,121],"relic_stats":{"Mark of the Bloom":69,"Singing Bowl":4,"Gremlin Horn":[0,0],"counters":[24,177],"Golden Idol":205,"Snake Skull":[254],"War Paint":["Terror","Escape Plan"],"Cursed Key":1,"Blood Vial":24,"OrangePellets":[29],"Mummified Hand":[130],"Bronze Scales":[162],"Black Star":5,"Kunai":[86],"obtain_stats":[{"TwistedFunnel":22,"Lantern":22,"Mark of the Bloom":44,"Singing Bowl":43,"Gremlin Horn":54,"Mango":39,"Snake Skull":7,"Cursed Key":34,"Old Coin":25,"Blood Vial":14,"Matryoshka":25,"HornCleat":39,"Mummified Hand":23,"Ninja Scroll":48,"DollysMirror":53,"Kunai":9,"Ring of the Snake":0,"Potion Belt":27,"Pear":27,"Golden Idol":2,"The Courier":12,"Omamori":23,"War Paint":43,"White Beast Statue":54,"OrangePellets":39,"MutagenicStrength":21,"Bronze Scales":48,"Black Star":17,"Bag of Marbles":26},{"TwistedFunnel":9,"Lantern":9,"Mark of the Bloom":18,"Singing Bowl":18,"Gremlin Horn":23,"Mango":17,"Snake Skull":3,"Cursed Key":15,"Old Coin":11,"Blood Vial":6,"Matryoshka":11,"HornCleat":17,"Mummified Hand":10,"Ninja Scroll":21,"DollysMirror":22,"Kunai":3,"Ring of the Snake":0,"Potion Belt":12,"Pear":12,"Golden Idol":1,"The Courier":4,"Omamori":10,"War Paint":18,"White Beast Statue":23,"OrangePellets":17,"MutagenicStrength":9,"Bronze Scales":21,"Black Star":7,"Bag of Marbles":11},{"TwistedFunnel":83,"Lantern":83,"Mark of the Bloom":137,"Singing Bowl":137,"Gremlin Horn":169,"Mango":133,"Snake Skull":14,"Cursed Key":125,"Old Coin":96,"Blood Vial":35,"Matryoshka":96,"HornCleat":133,"Mummified Hand":91,"Ninja Scroll":153,"DollysMirror":164,"Kunai":14,"Ring of the Snake":0,"Potion Belt":101,"Pear":101,"Golden Idol":4,"The Courier":19,"Omamori":91,"War Paint":137,"White Beast Statue":169,"OrangePellets":133,"MutagenicStrength":83,"Bronze Scales":153,"Black Star":60,"Bag of Marbles":96}],"Ring of the Snake":[48]},"card_choices":[{"not_picked":["Concentrate","Dodge and Roll"],"picked":"Footwork","floor":1.0},{"not_picked":["Dodge and Roll","Bane"],"picked":"Deflect","floor":3.0},{"not_picked":["Flying Knee","Quick Slash"],"picked":"Wraith Form v2","floor":7.0},{"not_picked":["Backflip","Bane"],"picked":"Infinite Blades","floor":10.0},{"not_picked":["Prepared","Underhanded Strike"],"picked":"Deflect","floor":13.0},{"not_picked":["Unload","Flying Knee","Heel Hook"],"picked":"SKIP","floor":14.0},{"not_picked":["Tools of the Trade","Phantasmal Killer"],"picked":"Wraith Form v2","floor":16.0},{"not_picked":["Underhanded Strike","Quick Slash+1"],"picked":"Terror","floor":18.0},{"not_picked":["Deflect","Dagger Throw"],"picked":"Escape Plan","floor":19.0},{"not_picked":["Prepared+1","Outmaneuver"],"picked":"Escape Plan","floor":23.0},{"not_picked":["Deadly Poison","Prepared"],"picked":"Infinite Blades+1","floor":25.0},{"not_picked":["Deadly Poison","Bane"],"picked":"Calculated Gamble","floor":27.0},{"not_picked":["Skewer","Predator","Slice"],"picked":"SKIP","floor":30.0},{"not_picked":["Outmaneuver","All Out Attack"],"picked":"Well Laid Plans","floor":31.0},{"not_picked":["Venomology","Glass Knife"],"picked":"Envenom","floor":33.0},{"not_picked":["PiercingWail","Sucker Punch+1"],"picked":"Escape Plan","floor":35.0},{"not_picked":["Outmaneuver","Distraction"],"picked":"Bouncing Flask","floor":37.0},{"not_picked":["Terror","Flying Knee","Outmaneuver"],"picked":"SKIP","floor":41},{"not_picked":["Cloak And Dagger","Flying Knee"],"picked":"Corpse Explosion","floor":45},{"not_picked":["Expertise","Dagger Throw+1"],"picked":"Acrobatics","floor":47},{"not_picked":["Leg Sweep","Concentrate","Eviscerate+1"],"picked":"Singing Bowl","floor":48},{"not_picked":["Flying Knee","Dagger Spray","Poisoned Stab"],"picked":"Singing Bowl","floor":54}],"player_experience":254745,"relics_obtained":[{"floor":7.0,"key":"Snake Skull"},{"floor":9.0,"key":"Kunai"},{"floor":12.0,"key":"The Courier"},{"floor":14.0,"key":"Blood Vial"},{"floor":23.0,"key":"Mummified Hand"},{"floor":23.0,"key":"Omamori"},{"floor":25.0,"key":"Matryoshka"},{"floor":25.0,"key":"Old Coin"},{"floor":26.0,"key":"Bag of Marbles"},{"floor":27.0,"key":"Potion Belt"},{"floor":27.0,"key":"Pear"},{"floor":43,"key":"War Paint"},{"floor":43,"key":"Singing Bowl"},{"floor":48,"key":"Bronze Scales"},{"floor":48,"key":"Ninja Scroll"},{"floor":54,"key":"Gremlin Horn"},{"floor":54,"key":"White Beast Statue"}],"event_choices":[{"damage_healed":0.0,"max_hp_gain":0.0,"max_hp_loss":6.0,"gold_gain":0.0,"event_name":"Golden Idol","player_choice":"Lose Max HP","floor":2.0,"gold_loss":0.0,"damage_taken":0.0,"relics_obtained":["Golden Idol"]},{"damage_healed":0.0,"max_hp_gain":5.0,"max_hp_loss":0.0,"gold_gain":0.0,"event_name":"Big Fish","player_choice":"Donut","floor":4.0,"gold_loss":0.0,"damage_taken":0.0},{"damage_healed":0.0,"max_hp_gain":0.0,"max_hp_loss":0.0,"gold_gain":0.0,"event_name":"Shining Light","player_choice":"Entered Light","floor":5.0,"gold_loss":0.0,"damage_taken":17.0,"cards_upgraded":["Defend_G","Footwork"]},{"damage_healed":0.0,"max_hp_gain":0.0,"max_hp_loss":0.0,"gold_gain":0.0,"event_name":"Back to Basics","player_choice":"Simplicity","floor":20.0,"gold_loss":0.0,"damage_taken":0.0,"cards_upgraded":["Strike_G","Strike_G","Strike_G","Strike_G","Strike_G","Defend_G","Defend_G","Defend_G","Defend_G"]},{"damage_healed":0.0,"max_hp_gain":0.0,"max_hp_loss":0.0,"gold_gain":0.0,"event_name":"Drug Dealer","player_choice":"Inject Mutagens","floor":21.0,"gold_loss":0.0,"damage_taken":0.0,"relics_obtained":["MutagenicStrength"]},{"damage_healed":0.0,"max_hp_gain":0.0,"max_hp_loss":0.0,"gold_gain":0.0,"event_name":"Duplicator","player_choice":"Copied","floor":29.0,"gold_loss":0.0,"damage_taken":0.0,"cards_obtained":["Wraith Form v2"]},{"damage_healed":0.0,"max_hp_gain":0.0,"max_hp_loss":0.0,"gold_gain":0.0,"cards_transformed":["Strike_G"],"event_name":"Transmorgrifier","player_choice":"Transformed","floor":36.0,"gold_loss":0.0,"damage_taken":0.0,"cards_obtained":["Prepared"]},{"damage_healed":0,"gold_gain":0,"player_choice":"Bought 2 Potions","damage_taken":0,"max_hp_gain":0,"max_hp_loss":0,"event_name":"The Woman in Blue","floor":38,"gold_loss":0},{"damage_healed":0,"gold_gain":0,"player_choice":"Upgrade","damage_taken":0,"relics_obtained":["Mark of the Bloom"],"max_hp_gain":0,"max_hp_loss":0,"event_name":"MindBloom","floor":44,"gold_loss":0,"cards_upgraded":["Survivor","Deflect","Infinite Blades","Deflect","Escape Plan","Calculated Gamble","Envenom","Escape Plan","Prepared","Bouncing Flask"]}],"is_beta":false,"boss_relics":[{"not_picked":["Empty Cage","Ectoplasm"],"picked":"Black Star"},{"not_picked":["Ring of the Serpent","WristBlade"],"picked":"Cursed Key"}],"items_purged_floors":[],"is_endless":false,"potions_floor_spawned":[1,3,7,16,18,23,25,27,33,35,45,48],"ascension_level":12}}