{"host":"hfxp6ue4pvwo3fit","time":1611315948,"event":{"mods":["AchievementEnabler","BaseMod","Colored Map","Colored Powertips","Highlight Path","HololiveMod","Minty Spire (QoL Compilation)","Relic Stats","StSLib","SuperFastMode"],"gold_per_floor":[84,84,103,115,133,160,179,211,260,271,304,318,318,334,334,408,408,418,418,46,46,64,64,64,64,64,14,14,40,50,78,78,150,150,150,150],"floor_reached":35,"language":"ENG","playtime":1099,"items_purged":["Hololive_CallRosalyn"],"score":1284,"play_id":"d85cfff4-2dda-4841-8709-cbcb539059c5","local_time":"20210122054548","is_ascension_mode":true,"campfire_choices":[{"data":"Hololive_CallNakiriAyame","floor":15,"key":"SMITH"},{"data":"Apotheosis","floor":23,"key":"SMITH"},{"data":"Hololive_StrengthChampion","floor":25,"key":"SMITH"},{"data":"Hololive_Rebirth","floor":28,"key":"SMITH"},{"data":"Hololive_StrengthChampion+1","floor":32,"key":"SMITH"}],"circlet_count":0,"master_deck":["AscendersBane","Hololive_Strike","Hololive_Strike","Hololive_Defend+1","Hololive_Defend+1","Hololive_SoulCatcher+1","Hololive_CallAkaiHaato","Hololive_CallAyundaRisu","Hololive_CallOzoraSubaru","Hololive_Trident+1","Hololive_CallMurasakiShion","Hololive_StrengthChampion+2","Hololive_CallNakiriAyame+1","Hololive_CallInugamiKorone","Hololive_CallHoushouMarine","Hololive_IdolExercise","Hololive_CallMomosuzuNene+10","Hololive_CocoNews","Hololive_Rebirth+1","Hololive_CocoNews","Apotheosis+1","Hololive_CallUruhaRushia","Hololive_Drill","Hololive_ManjiGathering","Hololive_WolfAndLamb"],"relics":["Hololive_TheStar","NeowsBlessing","War Paint","StoneCalendar","Whetstone","Bottled Tornado","Coffee Dripper","Strawberry","Nloth\u0027s Gift","Smiling Mask","Anchor","Ornamental Fan","Philosopher\u0027s Stone"],"acts_visited":["Exordium","TheCity","TheBeyond"],"potions_floor_usage":[11,14,16,16],"damage_taken":[{"damage":0,"enemies":"Small Slimes","floor":1,"turns":1},{"damage":0,"enemies":"Cultist","floor":3,"turns":1},{"damage":0,"enemies":"2 Louse","floor":4,"turns":1},{"damage":0,"enemies":"Exordium Thugs","floor":5,"turns":4},{"damage":0,"enemies":"3 Sentries","floor":6,"turns":4},{"damage":0,"enemies":"Blue Slaver","floor":7,"turns":3},{"damage":0,"enemies":"Lagavulin","floor":8,"turns":4},{"damage":0,"enemies":"Large Slime","floor":10,"turns":4},{"damage":0,"enemies":"3 Sentries","floor":11,"turns":5},{"damage":0,"enemies":"3 Louse","floor":12,"turns":2},{"damage":16,"enemies":"Gremlin Gang","floor":14,"turns":3},{"damage":0,"enemies":"The Guardian","floor":16,"turns":5},{"damage":12,"enemies":"2 Thieves","floor":18,"turns":5},{"damage":0,"enemies":"3 Byrds","floor":22,"turns":3},{"damage":0,"enemies":"Gremlin Leader","floor":29,"turns":5},{"damage":0,"enemies":"Shelled Parasite and Fungi","floor":30,"turns":3},{"damage":0,"enemies":"Book of Stabbing","floor":31,"turns":4},{"damage":0,"enemies":"Champ","floor":33,"turns":6},{"damage":35,"enemies":"3 Shapes","floor":35,"turns":3}],"seed_played":"6317828736617863475","potions_obtained":[{"floor":1,"key":"Regen Potion"},{"floor":5,"key":"SpeedPotion"},{"floor":6,"key":"SkillPotion"},{"floor":11,"key":"Dexterity Potion"},{"floor":12,"key":"LiquidBronze"},{"floor":14,"key":"Weak Potion"},{"floor":22,"key":"SkillPotion"},{"floor":30,"key":"SteroidPotion"},{"floor":33,"key":"Strength Potion"}],"is_trial":false,"path_per_floor":["M","?","M","M","M","E","M","E","T","M","E","M","?","M","R","B",null,"M","?","$","?","M","R","?","R","T","$","R","E","M","E","R","B",null,"M"],"character_chosen":"Hololive_HololiveCharacter","items_purchased":["Apotheosis","Strawberry"],"campfire_rested":0,"item_purchase_floors":[20,20],"current_hp_per_floor":[27,27,27,27,27,27,27,27,27,27,27,27,27,11,11,11,25,13,13,20,20,20,20,20,20,20,20,20,20,20,20,20,20,33,0,0],"gold":150,"neow_bonus":"THREE_ENEMY_KILL","is_daily":false,"chose_seed":false,"campfire_upgraded":5,"win_rate":0.0,"timestamp":1611315948,"path_taken":["M","?","M","?","M","E","M","E","T","M","E","M","?","?","R","BOSS","M","?","$","?","M","R","?","R","T","$","R","E","M","E","R","BOSS","M"],"items_purchased_type":["Card","Relic"],"build_version":"2020-12-22","purchased_purges":1,"victory":false,"max_hp_per_floor":[30,30,30,30,30,30,30,30,30,30,30,30,30,30,30,30,30,30,30,37,37,37,37,37,37,37,37,37,37,37,37,37,37,37,37,37],"relic_stats":{"counters":[19,66],"Ornamental Fan":[28],"StoneCalendar":[0],"Nloth\u0027s Gift":1,"Whetstone":["Hololive_Trident","Hololive_SoulCatcher"],"War Paint":["Hololive_Defend","Hololive_Defend"],"Smiling Mask":25,"obtain_stats":[{"NeowsBlessing":0,"StoneCalendar":8,"Whetstone":9,"War Paint":6,"Bottled Tornado":11,"Smiling Mask":26,"Anchor":29,"Ornamental Fan":31,"Strawberry":20,"MutagenicStrength":21,"Hololive_TheStar":0,"Philosopher\u0027s Stone":34,"Coffee Dripper":17,"Nloth\u0027s Gift":24},{"NeowsBlessing":0,"StoneCalendar":7,"Whetstone":7,"War Paint":5,"Bottled Tornado":9,"Smiling Mask":14,"Anchor":15,"Ornamental Fan":17,"Strawberry":13,"MutagenicStrength":13,"Hololive_TheStar":0,"Philosopher\u0027s Stone":18,"Coffee Dripper":12,"Nloth\u0027s Gift":14},{"NeowsBlessing":0,"StoneCalendar":18,"Whetstone":18,"War Paint":11,"Bottled Tornado":27,"Smiling Mask":45,"Anchor":50,"Ornamental Fan":57,"Strawberry":42,"MutagenicStrength":42,"Hololive_TheStar":0,"Philosopher\u0027s Stone":63,"Coffee Dripper":37,"Nloth\u0027s Gift":45}]},"card_choices":[{"not_picked":["Hololive_CallArtia","Hololive_ILoveYou","Hololive_LuckPotion"],"picked":"Hololive_Trident","floor":1},{"not_picked":["Hololive_Trident","Hololive_CallShiranuiFlare","Hololive_Nanodesu"],"picked":"Hololive_StrengthChampion","floor":3},{"not_picked":["Hololive_OvertimeWork","Hololive_CallTokinoSora","Hololive_Psychosis"],"picked":"Hololive_CallNakiriAyame","floor":4},{"not_picked":["Hololive_Breathe","Hololive_Sequa","Hololive_CallNekomataOkayu"],"picked":"Hololive_CallInugamiKorone","floor":5},{"not_picked":["Hololive_Rebound","Hololive_FlareMind","Hololive_SummonFox","Hololive_LuckPotion"],"picked":"SKIP","floor":6},{"not_picked":["Hololive_Sequa","Hololive_LuckPotion","Hololive_Breathe"],"picked":"Hololive_CallHoushouMarine","floor":7},{"not_picked":["Hololive_CallYukihanaLamy","Hololive_Rebound","Hololive_DevilCharm"],"picked":"Hololive_IdolExercise","floor":8},{"not_picked":["Hololive_HuntDinosaur","Hololive_CallShirakamiFubuki","Hololive_RevenueBasedLive","Hololive_Psychosis"],"picked":"SKIP","floor":10},{"not_picked":["Hololive_Sequa","Hololive_ScarfAndHalo","Hololive_RevenueBasedLive"],"picked":"Hololive_CallMomosuzuNene","floor":11},{"not_picked":["Hololive_Trident","Hololive_Rebound","Hololive_CallAkiRosenthal","Hololive_CallYukihanaLamy"],"picked":"SKIP","floor":12},{"not_picked":["Hololive_Rebound","Hololive_LuckPotion","Hololive_Recruit"],"picked":"Hololive_CocoNews","floor":14},{"not_picked":["Hololive_DurableLive","Hololive_OpenUp","Hololive_DDD"],"picked":"Hololive_Rebirth","floor":16},{"not_picked":["Hololive_CallArtia","Hololive_Breathe","Hololive_Psychosis"],"picked":"Hololive_CocoNews","floor":18},{"not_picked":["Hololive_CallHoshimachiSuisei","Hololive_SummonFox","Hololive_CallAkaiHaato+1"],"picked":"Hololive_CallUruhaRushia","floor":22},{"not_picked":["Hololive_CallTokinoSora","Hololive_Spy","Hololive_CallUruhaRushia","Hololive_ILoveYou"],"picked":"SKIP","floor":29},{"not_picked":["Hololive_CallSpadeEcho","Hololive_Trident","Hololive_LuckPotion"],"picked":"Hololive_Drill","floor":30},{"not_picked":["Hololive_HighAtkLowDef","Hololive_CallMurasakiShion","Hololive_Rebound"],"picked":"Hololive_ManjiGathering","floor":31},{"not_picked":["Hololive_DDD","Hololive_OpenUp","Hololive_Recruit"],"picked":"Hololive_WolfAndLamb","floor":33}],"player_experience":576897,"relics_obtained":[{"floor":6,"key":"War Paint"},{"floor":8,"key":"StoneCalendar"},{"floor":9,"key":"Whetstone"},{"floor":11,"key":"Bottled Tornado"},{"floor":26,"key":"Smiling Mask"},{"floor":29,"key":"Anchor"},{"floor":31,"key":"Ornamental Fan"}],"event_choices":[{"damage_healed":0,"gold_gain":0,"player_choice":"1 cards matched","damage_taken":0,"max_hp_gain":0,"max_hp_loss":0,"event_name":"Match and Keep!","floor":2,"gold_loss":0,"cards_obtained":["Hololive_CallMurasakiShion"]},{"cards_removed":["Hololive_CallNekomataOkayu"],"damage_healed":0,"gold_gain":0,"player_choice":"Purged","damage_taken":0,"max_hp_gain":0,"max_hp_loss":0,"event_name":"Purifier","floor":13,"gold_loss":0},{"damage_healed":0,"gold_gain":0,"player_choice":"Ignored","damage_taken":0,"max_hp_gain":0,"max_hp_loss":0,"event_name":"Vampires","floor":19,"gold_loss":0},{"damage_healed":0,"gold_gain":0,"player_choice":"Inject Mutagens","damage_taken":0,"relics_obtained":["MutagenicStrength"],"max_hp_gain":0,"max_hp_loss":0,"event_name":"Drug Dealer","floor":21,"gold_loss":0},{"damage_healed":0,"gold_gain":0,"player_choice":"Traded Relic","damage_taken":0,"relics_obtained":["Nloth\u0027s Gift"],"max_hp_gain":0,"max_hp_loss":0,"event_name":"N\u0027loth","floor":24,"relics_lost":["MutagenicStrength"],"gold_loss":0}],"is_beta":false,"boss_relics":[{"not_picked":["Fusion Hammer","Hololive_ChaosS"],"picked":"Coffee Dripper"},{"not_picked":["Snecko Eye","Cursed Key"],"picked":"Philosopher\u0027s Stone"}],"items_purged_floors":[27],"is_endless":false,"potions_floor_spawned":[1,5,6,11,12,14,22,30,33],"killed_by":"3 Shapes","ascension_level":20}}