{"host":"l0i0y1oyvm6rmxxu","time":1611300751,"event":{"mods":["BaseMod","Minty Spire (QoL Compilation)","Quick Restart","Replay The Spire","RumiaBox-露米娅的神秘盒子","StSLib","TestMod","vexMod"],"gold_per_floor":[118,130,305,323,323,323,193,210,286,286,313,329,329,27,27,128,128,140,140,153,153,68,93,93,113,113,50,78,89,109,122,122,217,217,231,249,263,263,278,306,306,356,356,390,402,413,413,440,440,440],"floor_reached":51,"language":"ZHS","playtime":4886,"items_purged":["Doubt","Strike_P","Strike_P"],"score":1229,"play_id":"58bb70a4-9647-4411-8573-a94f542b0e2b","local_time":"20210122153231","is_ascension_mode":false,"campfire_choices":[{"data":"Eruption","floor":6.0,"key":"SMITH"},{"data":"Crescendo","floor":13.0,"key":"SMITH"},{"floor":15.0,"key":"DIG"},{"data":"Adaptation","floor":24.0,"key":"SMITH"},{"floor":32.0,"key":"REST"},{"floor":41.0,"key":"REST"},{"floor":49,"key":"REST"}],"circlet_count":0,"master_deck":["Strike_P","Strike_P+2","Defend_P","Defend_P","Defend_P","Defend_P","Eruption+1","Vigilance+1","Crescendo+1","FearNoEvil+1","Adaptation+1","Adaptation+1","LessonLearned+1","Meditate+1","Fasting2+1","Vault+1","Wallop+1","Tantrum+1","InnerPeace+1"],"relics":["PureWater","testmod-TestBox","NeowsBlessing","testmod-Prudence","Replay:Bottled Flurry","Dream Catcher","Membership Card","PreservedInsect","LastBattle","Runic Dome","vexMod:ScavengeHelm","Art of War","Singing Bowl","Gremlin Food","testmod-TimeTraveler","Replay:Bottled Eggs","Turnip","Simple Rune","testmod-OneHitWonder","HornCleat"],"acts_visited":["Exordium","TheCity","TheBeyond"],"potions_floor_usage":[50,50],"damage_taken":[{"damage":0.0,"enemies":"Cultist","floor":1.0,"turns":1.0},{"damage":0.0,"enemies":"Jaw Worm","floor":2.0,"turns":1.0},{"damage":0.0,"enemies":"2 Louse","floor":4.0,"turns":2.0},{"damage":2.0,"enemies":"Looter","floor":8.0,"turns":3.0},{"damage":0.0,"enemies":"Replay:BlueRogue","floor":11.0,"turns":3.0},{"damage":0.0,"enemies":"Blue Slaver","floor":12.0,"turns":2.0},{"damage":25.0,"enemies":"Hexaghost","floor":16.0,"turns":6.0},{"damage":2.0,"enemies":"Chosen","floor":18.0,"turns":2.0},{"damage":14.0,"enemies":"3 Byrds","floor":20.0,"turns":5.0},{"damage":9.0,"enemies":"Book of Stabbing","floor":23.0,"turns":3.0},{"damage":2.0,"enemies":"Cultist and Chosen","floor":25.0,"turns":3.0},{"damage":0.0,"enemies":"Gremlin Leader","floor":28.0,"turns":3.0},{"damage":5.0,"enemies":"Snake Plant","floor":29.0,"turns":3.0},{"damage":0.0,"enemies":"3 Cultists","floor":30.0,"turns":2.0},{"damage":8.0,"enemies":"Centurion and Healer","floor":31.0,"turns":3.0},{"damage":1.0,"enemies":"Pondfish","floor":33.0,"turns":7.0},{"damage":0.0,"enemies":"3 Darklings","floor":35.0,"turns":4.0},{"damage":9.0,"enemies":"3 Shapes","floor":36.0,"turns":3.0},{"damage":0.0,"enemies":"Transient","floor":37.0,"turns":6.0},{"damage":0.0,"enemies":"4 Shapes","floor":39.0,"turns":4.0},{"damage":9.0,"enemies":"R_Hoarder","floor":40.0,"turns":4.0},{"damage":0.0,"enemies":"Mind Bloom Boss Battle","floor":42.0,"turns":2.0},{"damage":0.0,"enemies":"Giant Head","floor":44.0,"turns":5.0},{"damage":0.0,"enemies":"3 Darklings","floor":45.0,"turns":3.0},{"damage":20,"enemies":"Writhing Mass","floor":46,"turns":4},{"damage":23,"enemies":"Nemesis","floor":48,"turns":4},{"damage":0,"enemies":"Awakened One","floor":50,"turns":4}],"seed_played":"-60128492256708234","potions_obtained":[{"floor":2.0,"key":"SpeedPotion"},{"floor":10.0,"key":"Explosive Potion"},{"floor":12.0,"key":"FearPotion"},{"floor":25.0,"key":"SteroidPotion"},{"floor":30.0,"key":"Swift Potion"},{"floor":31.0,"key":"LiquidMemories"},{"floor":37.0,"key":"Energy Potion"},{"floor":42.0,"key":"testmod-SpacePotion"},{"floor":44.0,"key":"CultistPotion"},{"floor":48,"key":"BlessingOfTheForge"}],"is_trial":false,"path_per_floor":["M","M","?","M","?","R","$","M","T","?","E","M","R","$","R","B",null,"M","?","M","?","?","E","R","M","T","$","E","M","M","M","R","B",null,"M","M","M","?","M","E","R","?","T","E","M","M","?","E","R","B",null],"character_chosen":"WATCHER","items_purchased":["Adaptation+1","Membership Card","Adaptation","PreservedInsect"],"campfire_rested":3,"item_purchase_floors":[7,14,14,14],"current_hp_per_floor":[72,72,72,72,58,58,58,56,56,56,56,56,56,56,56,31,72,70,70,56,56,56,47,47,45,45,45,47,44,46,40,66,65,82,82,73,73,73,75,68,84,86,86,88,90,72,72,51,81,81],"gold":440,"neow_bonus":"THREE_ENEMY_KILL","is_daily":false,"chose_seed":false,"campfire_upgraded":3,"win_rate":0.0,"timestamp":1611300751,"path_taken":["M","M","?","M","?","R","?","M","T","?","E","M","R","$","R","BOSS","M","?","M","?","?","E","R","M","T","?","E","M","M","M","R","BOSS","M","M","?","?","M","E","R","?","T","E","M","M","?","E","R","BOSS"],"items_purchased_type":["Card","Relic","Card","Relic"],"build_version":"2020-12-22","purchased_purges":3,"victory":true,"max_hp_per_floor":[72,72,72,72,72,72,72,72,72,72,72,72,72,72,72,72,72,72,72,72,72,72,72,72,72,72,72,74,76,78,80,82,82,82,82,82,82,78,80,82,84,86,86,88,90,92,92,94,96,96],"card_choices":[{"not_picked":["Evaluate","JustLucky"],"picked":"Crescendo","floor":1.0},{"not_picked":["SashWhip","Replay:AtTheReady"],"picked":"BowlingBash","floor":2.0},{"not_picked":["Sanctity","Replay:DivineShield"],"picked":"FearNoEvil","floor":4.0},{"not_picked":["Pray","BowlingBash","Halt"],"picked":"SKIP","floor":8.0},{"not_picked":["ClearTheMind","Indignation","FlyingSleeves"],"picked":"SKIP","floor":11.0},{"not_picked":["WaveOfTheHand","Brilliance","ClearTheMind"],"picked":"SKIP","floor":12.0},{"not_picked":["Ragnarok","Replay:AllIn"],"picked":"LessonLearned","floor":16.0},{"not_picked":["Replay:Anticipation+1","Protect","WindmillStrike"],"picked":"SKIP","floor":18.0},{"not_picked":["Swivel","Conclude+1"],"picked":"Meditate+1","floor":20.0},{"not_picked":["LikeWater","PathToVictory"],"picked":"Fasting2+1","floor":23.0},{"not_picked":["PathToVictory","Halt","Replay:ManipulateFuture"],"picked":"SKIP","floor":25.0},{"not_picked":["PathToVictory","Halt","Replay:ManipulateFuture"],"picked":"SKIP","floor":25.0},{"not_picked":["Fasting2","FlyingSleeves","JustLucky"],"picked":"Singing Bowl","floor":28.0},{"not_picked":["Replay:Hum+1","JustLucky","Adaptation+1"],"picked":"Singing Bowl","floor":29.0},{"not_picked":["Indignation+1","PathToVictory+1","CarveReality"],"picked":"Singing Bowl","floor":30.0},{"not_picked":["Halt","Collect","Swivel"],"picked":"Singing Bowl","floor":31.0},{"not_picked":["Halt","LikeWater+1","DevaForm"],"picked":"Singing Bowl","floor":32.0},{"not_picked":["MasterReality","LessonLearned"],"picked":"Vault","floor":33.0},{"not_picked":["Adaptation","EmptyFist"],"picked":"Wallop+1","floor":35.0},{"not_picked":["FearNoEvil","Adaptation+1"],"picked":"Tantrum+1","floor":36.0},{"not_picked":["PathToVictory+1","FollowUp+1"],"picked":"InnerPeace+1","floor":37.0},{"not_picked":["Vengeance+1","FollowUp+1","JustLucky"],"picked":"Singing Bowl","floor":39.0},{"not_picked":["Replay:Cycle","FlurryOfBlows","Indignation+1"],"picked":"Singing Bowl","floor":40.0},{"not_picked":["Replay:ManipulateFuture","Weave","ThirdEye"],"picked":"Singing Bowl","floor":41.0},{"not_picked":["PathToVictory+1","DevaForm","Consecrate+1"],"picked":"Singing Bowl","floor":42.0},{"not_picked":["Crescendo","SignatureMove+1","Replay:BluntJabs"],"picked":"Singing Bowl","floor":44.0},{"not_picked":["TalkToTheHand","Replay:AtTheReady+1","Consecrate+1"],"picked":"Singing Bowl","floor":45.0},{"not_picked":["Replay:Vibes","Replay:ManipulateFuture","ThirdEye+1"],"picked":"Singing Bowl","floor":46},{"not_picked":["Protect","Tantrum","Vengeance+1"],"picked":"Singing Bowl","floor":48},{"not_picked":["Wallop","Weave+1","EmptyFist"],"picked":"Singing Bowl","floor":49}],"player_experience":502445,"relics_obtained":[{"floor":9.0,"key":"Replay:Bottled Flurry"},{"floor":11.0,"key":"Dream Catcher"},{"floor":15.0,"key":"LastBattle"},{"floor":23.0,"key":"Art of War"},{"floor":26.0,"key":"Singing Bowl"},{"floor":28.0,"key":"Gremlin Food"},{"floor":40.0,"key":"Replay:Bottled Eggs"},{"floor":42.0,"key":"Turnip"},{"floor":43.0,"key":"Simple Rune"},{"floor":44.0,"key":"testmod-OneHitWonder"},{"floor":48,"key":"HornCleat"}],"event_choices":[{"damage_healed":0.0,"max_hp_gain":0.0,"max_hp_loss":0.0,"gold_gain":175.0,"event_name":"Liars Game","player_choice":"AGREE","floor":3.0,"gold_loss":0.0,"damage_taken":0.0,"cards_obtained":["Doubt"]},{"damage_healed":0.0,"max_hp_gain":0.0,"max_hp_loss":0.0,"gold_gain":0.0,"event_name":"Shining Light","player_choice":"Entered Light","floor":5.0,"gold_loss":0.0,"damage_taken":14.0,"cards_upgraded":["Strike_P","Defend_P"]},{"damage_healed":0.0,"max_hp_gain":0.0,"max_hp_loss":0.0,"gold_gain":0.0,"event_name":"The Mausoleum","player_choice":"Ignored","floor":19.0,"gold_loss":0.0,"damage_taken":0.0},{"damage_healed":0.0,"max_hp_gain":0.0,"max_hp_loss":0.0,"gold_gain":0.0,"event_name":"Addict","player_choice":"Obtained Relic","floor":22.0,"gold_loss":85.0,"damage_taken":0.0,"relics_obtained":["vexMod:ScavengeHelm"]},{"damage_healed":0.0,"max_hp_gain":0.0,"max_hp_loss":4.0,"gold_gain":0.0,"event_name":"Winding Halls","player_choice":"Max HP","floor":38.0,"gold_loss":0.0,"damage_taken":0.0},{"damage_healed":0.0,"max_hp_gain":0.0,"max_hp_loss":0.0,"gold_gain":0.0,"event_name":"MindBloom","player_choice":"Fight","floor":42.0,"gold_loss":0.0,"damage_taken":0.0},{"cards_removed":["BowlingBash"],"damage_healed":0,"gold_gain":0,"player_choice":"Removed Attack","damage_taken":0,"max_hp_gain":0,"max_hp_loss":0,"event_name":"Falling","floor":47,"gold_loss":0}],"is_beta":false,"boss_relics":[{"not_picked":["testmod-NegativeEmotionEnhancer","vexMod:BigBerry"],"picked":"Runic Dome"},{"not_picked":["Coffee Dripper","Cursed Key"],"picked":"testmod-TimeTraveler"}],"items_purged_floors":[7,14,27],"is_endless":false,"potions_floor_spawned":[2,12,25,30,31,37,42,44,48],"ascension_level":0}}