{"host":"l12hrjjiowxu1z6t","time":1611346565,"event":{"mods":["AchievementEnabler","BaseMod","Colored Powertips","Googly Eyes","Minty Spire (QoL Compilation)"],"gold_per_floor":[160,180,33,33,53,87,87,112,112,141,141,153,181,196,196,295,295,305,10,46,59,14,14,48,67,93,18,30,30,30,63,63,159,159,172,182,182,182,193,223,223,251,274,28,28,48,48,78,78,78,78,78,2,31,31,31],"floor_reached":55,"language":"ENG","playtime":4882,"items_purged":["Masterful Stab"],"score":968,"play_id":"e0ab1934-e905-4ab1-8f55-d68c96c09688","local_time":"20210122151605","is_ascension_mode":true,"campfire_choices":[{"data":"Deadly Poison","floor":11.0,"key":"SMITH"},{"floor":15.0,"key":"REST"},{"data":"Wraith Form v2","floor":23.0,"key":"SMITH"},{"data":"Crippling Poison","floor":29.0,"key":"SMITH"},{"floor":32.0,"key":"REST"},{"floor":41.0,"key":"REST"},{"floor":45.0,"key":"RECALL"},{"data":"Apotheosis","floor":49.0,"key":"SMITH"},{"data":"Footwork","floor":52.0,"key":"SMITH"}],"circlet_count":0,"master_deck":["Strike_G","Strike_G+1","Strike_G","Strike_G","Strike_G+1","Defend_G+1","Defend_G","Defend_G","Defend_G","Defend_G","Survivor","Neutralize","Poisoned Stab+1","Deadly Poison+1","Catalyst","Deadly Poison+1","Leg Sweep","Crippling Poison+1","Deadly Poison","Dagger Spray","PiercingWail","Wraith Form v2+1","CurseOfTheBell","Terror+1","Well Laid Plans","Expertise","Quick Slash+1","Prepared+1","Burst","Unload+1","Backflip","Bullet Time","Acrobatics+1","Corpse Explosion","Noxious Fumes","Apotheosis+1","Footwork+1","Dodge and Roll","Caltrops+1","PanicButton","Dramatic Entrance+1","Reflex","Backflip"],"relics":["Tiny House","Lantern","Bag of Marbles","Letter Opener","White Beast Statue","Whetstone","Calling Bell","Molten Egg 2","Orichalcum","Lizard Tail","Omamori","MealTicket","War Paint","Regal Pillow","SacredBark","Blood Vial","Strawberry","Dream Catcher","Smiling Mask","Bag of Preparation"],"acts_visited":["Exordium","TheCity","TheBeyond","TheEnding"],"potions_floor_usage":[54,54],"damage_taken":[{"damage":0.0,"enemies":"Cultist","floor":1.0,"turns":3.0},{"damage":0.0,"enemies":"2 Louse","floor":2.0,"turns":3.0},{"damage":0.0,"enemies":"Small Slimes","floor":5.0,"turns":2.0},{"damage":2.0,"enemies":"Gremlin Nob","floor":6.0,"turns":3.0},{"damage":27.0,"enemies":"3 Sentries","floor":8.0,"turns":8.0},{"damage":4.0,"enemies":"Lagavulin","floor":10.0,"turns":4.0},{"damage":0.0,"enemies":"Exordium Wildlife","floor":12.0,"turns":3.0},{"damage":17.0,"enemies":"Gremlin Nob","floor":13.0,"turns":4.0},{"damage":0.0,"enemies":"3 Louse","floor":14.0,"turns":3.0},{"damage":20.0,"enemies":"Hexaghost","floor":16.0,"turns":6.0},{"damage":0.0,"enemies":"Spheric Guardian","floor":18.0,"turns":3.0},{"damage":3.0,"enemies":"2 Thieves","floor":20.0,"turns":3.0},{"damage":13.0,"enemies":"Snake Plant","floor":21.0,"turns":4.0},{"damage":17.0,"enemies":"Gremlin Leader","floor":24.0,"turns":6.0},{"damage":0.0,"enemies":"Shelled Parasite and Fungi","floor":25.0,"turns":5.0},{"damage":14.0,"enemies":"Snecko","floor":28.0,"turns":5.0},{"damage":41.0,"enemies":"Book of Stabbing","floor":31.0,"turns":7.0},{"damage":39.0,"enemies":"Collector","floor":33.0,"turns":9.0},{"damage":0.0,"enemies":"Orb Walker","floor":35.0,"turns":1.0},{"damage":11.0,"enemies":"3 Shapes","floor":36.0,"turns":2.0},{"damage":6.0,"enemies":"Sphere and 2 Shapes","floor":39.0,"turns":5.0},{"damage":34.0,"enemies":"Giant Head","floor":40.0,"turns":7.0},{"damage":26.0,"enemies":"Nemesis","floor":42.0,"turns":7.0},{"damage":0.0,"enemies":"3 Darklings","floor":46.0,"turns":1.0},{"damage":3.0,"enemies":"Reptomancer","floor":48.0,"turns":5.0},{"damage":94.0,"enemies":"Donu and Deca","floor":50.0,"turns":10.0},{"damage":87,"enemies":"Shield and Spear","floor":54,"turns":7},{"damage":61,"enemies":"The Heart","floor":55,"turns":3}],"seed_played":"-7527885139979844552","potions_obtained":[{"floor":0.0,"key":"Weak Potion"},{"floor":5.0,"key":"AttackPotion"},{"floor":6.0,"key":"Strength Potion"},{"floor":8.0,"key":"FearPotion"},{"floor":10.0,"key":"EntropicBrew"},{"floor":13.0,"key":"Swift Potion"},{"floor":16.0,"key":"LiquidMemories"},{"floor":18.0,"key":"SpeedPotion"},{"floor":20.0,"key":"SpeedPotion"},{"floor":21.0,"key":"Poison Potion"},{"floor":24.0,"key":"Regen Potion"},{"floor":25.0,"key":"Explosive Potion"},{"floor":28.0,"key":"Strength Potion"},{"floor":31.0,"key":"Swift Potion"},{"floor":33.0,"key":"CunningPotion"},{"floor":35.0,"key":"ColorlessPotion"},{"floor":36.0,"key":"Explosive Potion"},{"floor":39.0,"key":"Dexterity Potion"},{"floor":40.0,"key":"Weak Potion"},{"floor":42.0,"key":"CunningPotion"},{"floor":46.0,"key":"Explosive Potion"},{"floor":48.0,"key":"DistilledChaos"},{"floor":54,"key":"SmokeBomb"}],"is_trial":false,"path_per_floor":["M","M","$","?","M","E","?","E","T","E","R","M","E","M","R","B",null,"M","$","M","M","$","R","E","M","T","$","M","R","?","E","R","B",null,"M","M","?","?","M","E","R","E","T","$","R","M","?","E","R","B",null,"R","$","E","B"],"character_chosen":"THE_SILENT","items_purchased":["Lantern","Well Laid Plans","Omamori","Quick Slash+1","Burst","Apotheosis","Footwork","Dodge and Roll","Regen Potion"],"campfire_rested":3,"item_purchase_floors":[3,19,19,22,27,44,44,44,53],"current_hp_per_floor":[75,75,75,75,75,73,73,46,46,42,42,42,25,25,47,27,75,75,75,72,59,59,59,42,42,42,57,43,43,29,3,42,3,80,80,69,69,69,63,29,68,51,51,66,66,68,63,62,62,22,87,87,87,45,0,0],"gold":31,"neow_bonus":"BOSS_RELIC","is_daily":false,"chose_seed":false,"campfire_upgraded":5,"win_rate":0.0,"timestamp":1611346565,"path_taken":["M","?","$","?","M","E","?","E","T","E","R","?","E","M","R","BOSS","M","$","?","M","?","R","E","?","T","?","M","R","?","E","R","BOSS","M","M","?","?","M","E","R","E","T","$","R","M","?","E","R","BOSS","R","$","E","BOSS"],"items_purchased_type":["Relic","Card","Relic","Card","Card","Card","Card","Card","Potion"],"build_version":"2020-12-22","purchased_purges":1,"victory":false,"max_hp_per_floor":[75,75,75,75,75,75,75,75,75,75,75,75,75,75,75,75,75,75,75,75,75,75,75,75,75,75,75,75,75,80,80,80,80,80,80,80,80,80,80,80,80,87,87,87,87,87,87,87,87,87,87,87,87,87,87,87],"card_choices":[{"not_picked":["Reflex","Dash"],"picked":"Poisoned Stab","floor":0.0},{"not_picked":["Heel Hook","All Out Attack"],"picked":"Deadly Poison","floor":1.0},{"not_picked":["Concentrate","Dodge and Roll"],"picked":"Catalyst","floor":2.0},{"not_picked":["Cloak And Dagger","Acrobatics"],"picked":"Masterful Stab","floor":5.0},{"not_picked":["Flechettes","Flying Knee"],"picked":"Deadly Poison","floor":6.0},{"not_picked":["Poisoned Stab","Backflip"],"picked":"Leg Sweep","floor":8.0},{"not_picked":["Acrobatics","Slice"],"picked":"Crippling Poison","floor":10.0},{"not_picked":["Accuracy","Grand Finale"],"picked":"Deadly Poison","floor":12.0},{"not_picked":["Endless Agony","Dagger Throw"],"picked":"Dagger Spray","floor":13.0},{"not_picked":["Tactician","Outmaneuver"],"picked":"PiercingWail","floor":14.0},{"not_picked":["Storm of Steel","Phantasmal Killer"],"picked":"Wraith Form v2","floor":16.0},{"not_picked":["Cloak And Dagger","Outmaneuver+1"],"picked":"Terror+1","floor":18.0},{"not_picked":["Deadly Poison+1","Flying Knee+1"],"picked":"Expertise","floor":20.0},{"not_picked":["Terror","Underhanded Strike+1","Sucker Punch+1"],"picked":"SKIP","floor":21.0},{"not_picked":["Dagger Throw+1","Deadly Poison","Infinite Blades"],"picked":"SKIP","floor":24.0},{"not_picked":["Setup","Dagger Spray+1"],"picked":"Prepared","floor":25.0},{"not_picked":["Deflect","Leg Sweep"],"picked":"Unload+1","floor":28.0},{"not_picked":["Cloak And Dagger","Slice+1"],"picked":"Backflip","floor":31.0},{"not_picked":["Glass Knife+1","Storm of Steel"],"picked":"Bullet Time","floor":33.0},{"not_picked":["Sucker Punch+1","Outmaneuver","Riddle With Holes+1"],"picked":"SKIP","floor":35.0},{"not_picked":["Dagger Throw+1","Slice+1","Heel Hook+1"],"picked":"SKIP","floor":36.0},{"not_picked":["Choke+1","Dagger Throw+1"],"picked":"Acrobatics+1","floor":39.0},{"not_picked":["All Out Attack+1","Quick Slash+1"],"picked":"Corpse Explosion","floor":40.0},{"not_picked":["Expertise","Backflip"],"picked":"Noxious Fumes","floor":42.0},{"not_picked":["Slice+1","Outmaneuver"],"picked":"Caltrops+1","floor":46.0},{"not_picked":["Impatience","Enlightenment"],"picked":"PanicButton","floor":47.0},{"not_picked":["Jack Of All Trades","Deep Breath"],"picked":"Dramatic Entrance+1","floor":47.0},{"not_picked":["Underhanded Strike+1","Accuracy"],"picked":"Reflex","floor":48.0},{"not_picked":["Sucker Punch+1","Underhanded Strike+1"],"picked":"Backflip","floor":54}],"player_experience":127856,"relics_obtained":[{"floor":6.0,"key":"Bag of Marbles"},{"floor":8.0,"key":"Letter Opener"},{"floor":10.0,"key":"White Beast Statue"},{"floor":13.0,"key":"Whetstone"},{"floor":17.0,"key":"Molten Egg 2"},{"floor":17.0,"key":"Orichalcum"},{"floor":17.0,"key":"Lizard Tail"},{"floor":24.0,"key":"MealTicket"},{"floor":26.0,"key":"War Paint"},{"floor":31.0,"key":"Regal Pillow"},{"floor":40.0,"key":"Blood Vial"},{"floor":42.0,"key":"Strawberry"},{"floor":43.0,"key":"Dream Catcher"},{"floor":48.0,"key":"Smiling Mask"},{"floor":54,"key":"Bag of Preparation"}],"event_choices":[{"damage_healed":0.0,"max_hp_gain":0.0,"max_hp_loss":0.0,"gold_gain":0.0,"event_name":"Liars Game","player_choice":"Ignored","floor":4.0,"gold_loss":0.0,"damage_taken":0.0},{"damage_healed":0.0,"max_hp_gain":0.0,"max_hp_loss":0.0,"gold_gain":0.0,"event_name":"Upgrade Shrine","player_choice":"Upgraded","floor":7.0,"gold_loss":0.0,"damage_taken":0.0,"cards_upgraded":["Deadly Poison"]},{"damage_healed":0.0,"max_hp_gain":5.0,"max_hp_loss":0.0,"gold_gain":0.0,"event_name":"Forgotten Altar","player_choice":"Shed Blood","floor":30.0,"gold_loss":0.0,"damage_taken":19.0},{"damage_healed":0.0,"max_hp_gain":0.0,"max_hp_loss":0.0,"gold_gain":0.0,"event_name":"Tomb of Lord Red Mask","player_choice":"Ignored","floor":37.0,"gold_loss":0.0,"damage_taken":0.0},{"damage_healed":0.0,"max_hp_gain":0.0,"max_hp_loss":0.0,"gold_gain":0.0,"event_name":"Mysterious Sphere","player_choice":"Ignored","floor":38.0,"gold_loss":0.0,"damage_taken":0.0},{"damage_healed":0.0,"max_hp_gain":0.0,"max_hp_loss":0.0,"gold_gain":0.0,"event_name":"SensoryStone","player_choice":"Memory 2","floor":47.0,"gold_loss":0.0,"damage_taken":5.0}],"is_beta":false,"boss_relics":[{"not_picked":["Philosopher\u0027s Stone","Snecko Eye"],"picked":"Calling Bell"},{"not_picked":["Runic Dome","Fusion Hammer"],"picked":"SacredBark"}],"items_purged_floors":[19],"is_endless":false,"potions_floor_spawned":[5,6,8,10,12,13,14,16,18,20,21,24,25,28,31,33,35,36,39,40,42,46,48,54],"killed_by":"The Heart","ascension_level":3}}