{"host":"3jpcvpprzj9sjffh","time":1611332673,"event":{"mods":["AchievementEnabler","BaseMod","Colored Map","Minty Spire (QoL Compilation)","Rare Cards Sparkle","SuperFastMode","everything is the same but u backflip on backflip"],"gold_per_floor":[364,157,176,251,103,103,138,151,151,165,184,184,184,184,184,280,280,298,298,298,44,58,58,58],"floor_reached":23,"language":"KOR","playtime":663,"items_purged":["Defend_P","Parasite"],"score":189,"play_id":"6aeb28a3-bfc2-42bc-be2f-f1834c246017","local_time":"20210123012433","is_ascension_mode":false,"campfire_choices":[{"floor":6,"key":"REST"},{"floor":13,"key":"REST"},{"floor":15,"key":"REST"}],"circlet_count":0,"master_deck":["Strike_P","Strike_P","Defend_P","Defend_P","Eruption","Vigilance","Crescendo","Adaptation","FlurryOfBlows","Decay"],"relics":["PureWater","Bronze Scales","Bottled Flame","Empty Cage","Medical Kit"],"acts_visited":["Exordium","TheCity"],"potions_floor_usage":[16,16,18,22],"damage_taken":[{"damage":1,"enemies":"2 Louse","floor":1,"turns":2},{"damage":16,"enemies":"Small Slimes","floor":3,"turns":3},{"damage":23,"enemies":"Lagavulin","floor":7,"turns":5},{"damage":8,"enemies":"Jaw Worm","floor":8,"turns":3},{"damage":0,"enemies":"Large Slime","floor":10,"turns":4},{"damage":5,"enemies":"2 Fungi Beasts","floor":11,"turns":3},{"damage":57,"enemies":"Hexaghost","floor":16,"turns":9},{"damage":55,"enemies":"2 Thieves","floor":18,"turns":3},{"damage":16,"enemies":"Chosen","floor":22,"turns":5},{"damage":10,"enemies":"Gremlin Leader","floor":23,"turns":1}],"seed_played":"-8901153926242466998","potions_obtained":[{"floor":3,"key":"Ancient Potion"},{"floor":11,"key":"Fire Potion"},{"floor":16,"key":"FearPotion"},{"floor":18,"key":"Weak Potion"},{"floor":22,"key":"Regen Potion"}],"is_trial":false,"path_per_floor":["M","$","M","?","$","R","E","M","T","M","M","?","R","?","R","B",null,"M","?","?","$","M","E"],"character_chosen":"WATCHER","items_purchased":["Adaptation","FlurryOfBlows","Bronze Scales","Medical Kit"],"campfire_rested":3,"item_purchase_floors":[2,2,5,21],"current_hp_per_floor":[50,50,34,23,23,44,21,13,13,13,8,8,29,47,68,11,72,17,17,17,17,1,0,0],"gold":58,"neow_bonus":"TWO_FIFTY_GOLD","is_daily":false,"chose_seed":false,"campfire_upgraded":0,"win_rate":0.0,"timestamp":1611332673,"path_taken":["M","$","M","?","$","R","E","M","T","M","M","?","R","?","R","BOSS","M","?","?","$","M","E"],"items_purchased_type":["Card","Card","Relic","Relic"],"build_version":"2020-12-22","purchased_purges":2,"victory":false,"max_hp_per_floor":[72,72,72,72,72,72,72,72,72,72,72,72,72,72,72,72,72,72,72,72,69,69,69,69],"card_choices":[{"not_picked":["Protect","CrushJoints"],"picked":"Crescendo","floor":1},{"not_picked":["Vengeance","BowlingBash","DeceiveReality"],"picked":"SKIP","floor":3},{"not_picked":["Worship","CrushJoints","WaveOfTheHand"],"picked":"SKIP","floor":7},{"not_picked":["Worship","Pray","MasterReality"],"picked":"SKIP","floor":8},{"not_picked":["WindmillStrike","Prostrate","FollowUp"],"picked":"SKIP","floor":10},{"not_picked":["FlyingSleeves","Sanctity","Study"],"picked":"SKIP","floor":11},{"not_picked":["Consecrate","ThirdEye","FlyingSleeves"],"picked":"SKIP","floor":18},{"not_picked":["BowlingBash","Wallop","Prostrate"],"picked":"SKIP","floor":22}],"player_experience":290650,"relics_obtained":[{"floor":7,"key":"Bottled Flame"}],"event_choices":[{"damage_healed":0,"gold_gain":75,"player_choice":"Gather Gold","damage_taken":11,"max_hp_gain":0,"max_hp_loss":0,"event_name":"World of Goop","floor":4,"gold_loss":0},{"damage_healed":0,"gold_gain":0,"player_choice":"Ignored","damage_taken":0,"max_hp_gain":0,"max_hp_loss":0,"event_name":"Golden Idol","floor":12,"gold_loss":0},{"damage_healed":18,"gold_gain":0,"player_choice":"Healed and dodged fight","damage_taken":0,"max_hp_gain":0,"max_hp_loss":0,"event_name":"Mushrooms","floor":14,"gold_loss":0,"cards_obtained":["Parasite"]},{"cards_removed":["Strike_P"],"damage_healed":0,"gold_gain":0,"player_choice":"Elegance","damage_taken":0,"max_hp_gain":0,"max_hp_loss":0,"event_name":"Back to Basics","floor":19,"gold_loss":0},{"damage_healed":0,"gold_gain":0,"player_choice":"Smashed Altar","damage_taken":0,"max_hp_gain":0,"max_hp_loss":0,"event_name":"Forgotten Altar","floor":20,"gold_loss":0,"cards_obtained":["Decay"]}],"is_beta":false,"boss_relics":[{"not_picked":["Cursed Key","Astrolabe"],"picked":"Empty Cage"}],"items_purged_floors":[2,21],"is_endless":false,"potions_floor_spawned":[3,11,16,18,22],"killed_by":"Gremlin Leader","ascension_level":0}}