{"host":"poshtwjux72eqzmy","time":1611287678,"event":{"mods":["BaseMod","Bestiary","Block Reminder","Highlight Path","Minty Spire (QoL Compilation)","Relic Stats","StSLib","ojb\u0027s Info Mod"],"gold_per_floor":[114,134,134,38,57,82,104,116,128,140,187,179,202,234,246,330,342,325,337,363,53,53,81,81,116,116,129,229,243,273,290,290,362,362,375,395,395,412,412,441,441,459,459,459,4,18,48,59,59,59,59],"floor_reached":50,"language":"ENG","playtime":5025,"items_purged":["Strike_P"],"score":1673,"play_id":"e18b1589-a4ab-44f5-8110-a9c189bb85e8","local_time":"20210122055438","is_ascension_mode":true,"campfire_choices":[{"data":"Eruption","floor":8.0,"key":"SMITH"},{"data":"BowlingBash","floor":10.0,"key":"SMITH"},{"data":"TalkToTheHand","floor":15.0,"key":"SMITH"},{"data":"Ghostly","floor":24.0,"key":"SMITH"},{"floor":32,"key":"REST"},{"data":"Ghostly","floor":41,"key":"SMITH"},{"data":"Ghostly","floor":44,"key":"SMITH"},{"floor":49,"key":"RECALL"}],"circlet_count":0,"master_deck":["AscendersBane","Defend_P","Defend_P","Defend_P","Eruption+1","Vigilance","Ragnarok","Consecrate","BowlingBash+1","LikeWater","Halt","Devotion","ThirdEye","TalkToTheHand+1","ClearTheMind","DevaForm","Meditate","CutThroughFate","Ghostly+1","Ghostly+1","Ghostly+1","FollowUp+1","CutThroughFate","Scrawl","Fasting2","FlurryOfBlows+1","Judgement+1","Protect+1","CutThroughFate+1","WaveOfTheHand","Ghostly+1","Sanctity","Omniscience","Wireheading","JustLucky+1","CutThroughFate+1","Nirvana+1"],"relics":["PureWater","MawBank","Sundial","Letter Opener","SlaversCollar","PreservedInsect","Pen Nib","Turnip","Kunai","Ornamental Fan","Thread and Needle","Question Card","Mercury Hourglass","Astrolabe","StrikeDummy","Membership Card","Molten Egg 2","Ancient Tea Set"],"acts_visited":["Exordium","TheCity","TheBeyond"],"potions_floor_usage":[28,31,47,48],"damage_taken":[{"damage":2.0,"enemies":"Jaw Worm","floor":1.0,"turns":5.0},{"damage":3.0,"enemies":"Small Slimes","floor":2.0,"turns":2.0},{"damage":0.0,"enemies":"Cultist","floor":5.0,"turns":2.0},{"damage":0.0,"enemies":"Lagavulin","floor":6.0,"turns":4.0},{"damage":3.0,"enemies":"3 Louse","floor":7.0,"turns":4.0},{"damage":0.0,"enemies":"Gremlin Nob","floor":11.0,"turns":2.0},{"damage":0.0,"enemies":"Large Slime","floor":13.0,"turns":4.0},{"damage":0.0,"enemies":"Gremlin Gang","floor":14.0,"turns":4.0},{"damage":0.0,"enemies":"The Guardian","floor":16.0,"turns":8.0},{"damage":22.0,"enemies":"2 Thieves","floor":18.0,"turns":4.0},{"damage":11.0,"enemies":"Shell Parasite","floor":20.0,"turns":7.0},{"damage":3.0,"enemies":"Slavers","floor":23.0,"turns":3.0},{"damage":0.0,"enemies":"Gremlin Leader","floor":25.0,"turns":4.0},{"damage":5.0,"enemies":"Centurion and Healer","floor":27.0,"turns":7.0},{"damage":11,"enemies":"Colosseum Slavers","floor":28,"turns":6},{"damage":1,"enemies":"Colosseum Nobs","floor":28,"turns":3},{"damage":10,"enemies":"Snecko","floor":29,"turns":7},{"damage":0,"enemies":"Book of Stabbing","floor":30,"turns":4},{"damage":3,"enemies":"Sentry and Sphere","floor":31,"turns":8},{"damage":0,"enemies":"Automaton","floor":33,"turns":10},{"damage":0,"enemies":"3 Darklings","floor":35,"turns":5},{"damage":0,"enemies":"3 Shapes","floor":36,"turns":3},{"damage":0,"enemies":"Maw","floor":38,"turns":7},{"damage":2,"enemies":"Giant Head","floor":40,"turns":6},{"damage":2,"enemies":"Sphere and 2 Shapes","floor":42,"turns":6},{"damage":0,"enemies":"Transient","floor":46,"turns":6},{"damage":0,"enemies":"Nemesis","floor":47,"turns":7},{"damage":1,"enemies":"Writhing Mass","floor":48,"turns":7},{"damage":23,"enemies":"Time Eater","floor":50,"turns":11}],"seed_played":"7602507380862042933","potions_obtained":[{"floor":2.0,"key":"FearPotion"},{"floor":12.0,"key":"EntropicBrew"},{"floor":13.0,"key":"ColorlessPotion"},{"floor":14.0,"key":"BottledMiracle"},{"floor":18.0,"key":"Block Potion"},{"floor":23.0,"key":"SteroidPotion"},{"floor":25.0,"key":"DuplicationPotion"},{"floor":31,"key":"BottledMiracle"},{"floor":33,"key":"Energy Potion"},{"floor":35,"key":"Block Potion"}],"is_trial":false,"path_per_floor":["M","M","?","$","M","E","M","R","T","R","E","?","M","M","R","B",null,"M","$","M","$","?","E","R","E","T","M","?","M","E","M","R","B",null,"M","M","?","M","?","E","R","M","T","R","$","M","E","M","R","B"],"character_chosen":"WATCHER","items_purchased":["LikeWater","PowerPotion","PreservedInsect","Pen Nib","Membership Card","Molten Egg 2","Omniscience","Wireheading"],"campfire_rested":1,"item_purchase_floors":[4,4,21,21,45,45,45,45],"current_hp_per_floor":[59,56,56,56,56,56,53,53,53,53,53,53,53,53,53,53,64,42,42,31,31,31,28,28,28,28,23,11,1,1,1,11,11,28,28,28,28,28,28,26,26,24,24,24,24,24,24,23,23,0,0],"gold":59,"neow_bonus":"ONE_RANDOM_RARE_CARD","is_daily":false,"chose_seed":false,"campfire_upgraded":6,"win_rate":0.0,"timestamp":1611287678,"path_taken":["M","M","?","$","M","E","M","R","T","R","E","?","M","M","R","BOSS","M","$","?","$","?","E","R","E","T","M","?","M","E","M","R","BOSS","M","M","?","M","?","E","R","M","T","R","$","M","E","?","R","BOSS"],"items_purchased_type":["Card","Potion","Relic","Relic","Relic","Relic","Card","Card"],"build_version":"2020-12-22","purchased_purges":1,"victory":false,"max_hp_per_floor":[68,68,68,68,68,68,68,68,68,68,68,68,68,68,68,68,68,68,68,68,68,34,34,34,34,34,34,34,34,34,34,34,34,34,34,34,34,34,34,34,34,34,34,34,34,34,34,34,34,34,34],"relic_stats":{"counters":[29,156],"Astrolabe":["FlurryOfBlows","Judgement","Protect"],"PreservedInsect":345,"Pen Nib":[23],"Letter Opener":[197],"MawBank":180,"Question Card":12,"Mercury Hourglass":[235],"Sundial":[16],"Ornamental Fan":[164],"Turnip":[26],"Kunai":[41],"obtain_stats":[{"Astrolabe":34,"Thread and Needle":28,"PreservedInsect":21,"Pen Nib":21,"Letter Opener":11,"MawBank":6,"Question Card":28,"Ancient Tea Set":47,"Mercury Hourglass":30,"SlaversCollar":17,"Sundial":9,"Ornamental Fan":26,"Molten Egg 2":45,"Turnip":23,"Kunai":25,"Membership Card":45,"PureWater":0,"StrikeDummy":40},{"Astrolabe":20,"Thread and Needle":16,"PreservedInsect":11,"Pen Nib":11,"Letter Opener":6,"MawBank":4,"Question Card":16,"Ancient Tea Set":27,"Mercury Hourglass":18,"SlaversCollar":9,"Sundial":5,"Ornamental Fan":13,"Molten Egg 2":25,"Turnip":12,"Kunai":13,"Membership Card":25,"PureWater":0,"StrikeDummy":24},{"Astrolabe":98,"Thread and Needle":69,"PreservedInsect":46,"Pen Nib":46,"Letter Opener":19,"MawBank":13,"Question Card":69,"Ancient Tea Set":138,"Mercury Hourglass":80,"SlaversCollar":35,"Sundial":17,"Ornamental Fan":53,"Molten Egg 2":125,"Turnip":49,"Kunai":53,"Membership Card":125,"PureWater":0,"StrikeDummy":119}]},"card_choices":[{"not_picked":["EmptyBody","CrushJoints"],"picked":"Consecrate","floor":1.0},{"not_picked":["FollowUp","WindmillStrike"],"picked":"BowlingBash","floor":2.0},{"not_picked":["MentalFortress","CrushJoints"],"picked":"Halt","floor":5.0},{"not_picked":["Scrawl","CutThroughFate"],"picked":"Devotion","floor":6.0},{"not_picked":["Protect","EmptyFist"],"picked":"ThirdEye","floor":7.0},{"not_picked":["FollowUp","CutThroughFate"],"picked":"TalkToTheHand","floor":11.0},{"not_picked":["MentalFortress","Study","SignatureMove"],"picked":"SKIP","floor":13.0},{"not_picked":["Prostrate","SashWhip"],"picked":"ClearTheMind","floor":14.0},{"not_picked":["SpiritShield","Brilliance"],"picked":"DevaForm","floor":16.0},{"not_picked":["Sanctity","FlyingSleeves"],"picked":"Meditate","floor":18.0},{"not_picked":["Protect","JustLucky"],"picked":"CutThroughFate","floor":20.0},{"not_picked":["FlyingSleeves","Protect","Brilliance"],"picked":"SKIP","floor":23.0},{"not_picked":["Pray","Wireheading"],"picked":"FollowUp+1","floor":25.0},{"not_picked":["PathToVictory","EmptyFist","BowlingBash"],"picked":"SKIP","floor":27.0},{"not_picked":["Vengeance","BowlingBash+1"],"picked":"CutThroughFate","floor":28},{"not_picked":["ThirdEye","Halt","DeceiveReality"],"picked":"Scrawl","floor":29},{"not_picked":["WindmillStrike","CrushJoints","Conclude"],"picked":"Fasting2","floor":30},{"not_picked":["Consecrate","FollowUp","Halt","Protect"],"picked":"SKIP","floor":31},{"not_picked":["EmptyBody","Prostrate","Perseverance"],"picked":"CutThroughFate+1","floor":35},{"not_picked":["Prostrate","Crescendo","EmptyFist"],"picked":"WaveOfTheHand","floor":36},{"not_picked":["EmptyBody","WaveOfTheHand","BattleHymn+1","PathToVictory+1"],"picked":"SKIP","floor":38},{"not_picked":["JustLucky","EmptyFist","EmptyBody"],"picked":"Sanctity","floor":40},{"not_picked":["Swivel","Perseverance","Indignation","FlyingSleeves+1"],"picked":"SKIP","floor":42},{"not_picked":["Pray","SignatureMove+1","CrushJoints+1"],"picked":"JustLucky+1","floor":46},{"not_picked":["Devotion","PathToVictory+1","Sanctity"],"picked":"CutThroughFate+1","floor":47},{"not_picked":["SignatureMove+1","PathToVictory+1","Wireheading+1"],"picked":"Nirvana+1","floor":48}],"player_experience":1088379,"relics_obtained":[{"floor":6.0,"key":"MawBank"},{"floor":9.0,"key":"Sundial"},{"floor":11.0,"key":"Letter Opener"},{"floor":23.0,"key":"Turnip"},{"floor":25.0,"key":"Kunai"},{"floor":26.0,"key":"Ornamental Fan"},{"floor":28,"key":"Thread and Needle"},{"floor":28,"key":"Question Card"},{"floor":30,"key":"Mercury Hourglass"},{"floor":40,"key":"StrikeDummy"},{"floor":47,"key":"Ancient Tea Set"}],"event_choices":[{"damage_healed":0.0,"max_hp_gain":0.0,"max_hp_loss":0.0,"gold_gain":0.0,"event_name":"The Cleric","player_choice":"Leave","floor":3.0,"gold_loss":0.0,"damage_taken":0.0},{"damage_healed":0.0,"max_hp_gain":0.0,"max_hp_loss":0.0,"gold_gain":0.0,"event_name":"The Woman in Blue","player_choice":"Bought 1 Potion","floor":12.0,"gold_loss":0.0,"damage_taken":0.0},{"damage_healed":0.0,"max_hp_gain":0.0,"max_hp_loss":34.0,"gold_gain":0.0,"event_name":"Ghosts","player_choice":"Became a Ghost","floor":22.0,"gold_loss":0.0,"damage_taken":0.0,"cards_obtained":["Ghostly","Ghostly","Ghostly"]},{"damage_healed":0,"gold_gain":0,"player_choice":"Fight","damage_taken":0,"max_hp_gain":0,"max_hp_loss":0,"event_name":"Colosseum","floor":28,"gold_loss":0},{"damage_healed":0,"gold_gain":0,"player_choice":"Fought Nobs","damage_taken":0,"max_hp_gain":0,"max_hp_loss":0,"event_name":"Colosseum","floor":28,"gold_loss":0},{"cards_removed":["Defend_P"],"damage_healed":0,"gold_gain":0,"player_choice":"Removed Skill","damage_taken":0,"max_hp_gain":0,"max_hp_loss":0,"event_name":"Falling","floor":37,"gold_loss":0},{"damage_healed":0,"gold_gain":0,"player_choice":"Copied","damage_taken":0,"max_hp_gain":0,"max_hp_loss":0,"event_name":"Duplicator","floor":39,"gold_loss":0,"cards_obtained":["Ghostly"]}],"is_beta":false,"boss_relics":[{"not_picked":["SacredBark","Empty Cage"],"picked":"SlaversCollar"},{"not_picked":["Calling Bell","Velvet Choker"],"picked":"Astrolabe"}],"items_purged_floors":[45],"is_endless":false,"potions_floor_spawned":[2,5,13,14,18,23,25,28,31,33,35,40,42,46],"killed_by":"Time Eater","ascension_level":20}}