{"host":"ttgbaqegq96hv5uv","time":1611341340,"event":{"mods":["2.2 Compatiblity","AchievementEnabler","Aspiration","BaseMod","Beaked The Cultist","Better Synergies","Better Vampires","BetterRewards","ChefMod","Clawfect","Colored Map","Colored Powertips","Conspire","Defuse TimeMaze Blight","Displayed Cursed Tome","Emptier Cage","Friendly Minions","Gold Saver","GungeonMod","Hermit","Hubris","Infinite Spire","JesterMod","Marked Mod","Minty Spire (QoL Compilation)","Poor People Problems","QueenMod","Relic Stats","Replay The Spire","Robot Space Explorer","Shop Mod","Spicy Shops","StSLib","The Blackbeard","The Bladedancer","The Cursed","The Dragon Tamer","The Factory","The Juggle","The Marked","The Mystic","The Saiyan","TheHero","TheVacant","Unceasing Turn Reminder","egg"],"gold_per_floor":[524,448,468,481,35,35,110,110,184,204,204,219,219,237,237,340,340,357,370,285,285,297,297,309,329,353,371,371,371],"floor_reached":28,"language":"ENG","playtime":3212,"items_purged":[],"score":239,"play_id":"0d64bb0a-8708-4a59-acfc-c4ba5898e371","local_time":"20210122184900","is_ascension_mode":false,"campfire_choices":[{"data":"Saiyan:ExpandingShockwave","floor":6,"key":"SMITH"},{"data":"Saiyan:EnergyBlast","floor":8,"key":"SMITH"},{"floor":11,"key":"REST"},{"data":"Saiyan:TurtleShell","floor":15,"key":"SMITH"},{"floor":23,"key":"REST"}],"circlet_count":0,"master_deck":["jugglermod: BouncingBall+1","Saiyan:SAIYA_Defend","Saiyan:SAIYA_Defend","Saiyan:SAIYA_Defend","Saiyan:SAIYA_Defend","Saiyan:EnergyBlast+1","Saiyan:KaioKen","Saiyan:RuthlessBlow","Saiyan:ExpandingShockwave+1","Saiyan:DoubleMasenko+1","Saiyan:ExpandingShockwave","Saiyan:KiExplosion","Saiyan:KameHameHa","Saiyan:FingerParry+1","Saiyan:TurtleShell+1","Saiyan:Rekindle","Saiyan:Medicine+1","Saiyan:Quickening+1","Saiyan:WarmUp+1","Saiyan:ReverberatingForce","Saiyan:SaiyanHubris","Saiyan:MeteorDash","Saiyan:PressOn+1","Saiyan:SuperSaiyanThree","Saiyan:Twize"],"relics":["SaiyanSoul","SaiyanHeart","NeowsBlessing","Medical Kit","Gremlin Food","Pocketwatch","hubris:BottledRain","DemoMod:RingOfEthereal","Astrolabe","DemoMod:WeirdEgg","Potion Belt"],"acts_visited":["Exordium","TheCity"],"potions_floor_usage":[],"damage_taken":[{"damage":0,"enemies":"Jaw Worm","floor":1,"turns":1},{"damage":0,"enemies":"Cultist","floor":3,"turns":1},{"damage":0,"enemies":"2 Louse","floor":4,"turns":1},{"damage":9,"enemies":"Blue Slaver","floor":10,"turns":3},{"damage":0,"enemies":"Lots of Slimes","floor":12,"turns":1},{"damage":0,"enemies":"Large Slime","floor":14,"turns":2},{"damage":3,"enemies":"Fading Forest","floor":16,"turns":11},{"damage":1,"enemies":"Shell Parasite","floor":18,"turns":7},{"damage":4,"enemies":"3 Byrds","floor":19,"turns":3},{"damage":23,"enemies":"Sentry and Sphere","floor":22,"turns":4},{"damage":20,"enemies":"Centurion and Healer","floor":24,"turns":7},{"damage":21,"enemies":"Snake Plant","floor":25,"turns":6},{"damage":29,"enemies":"Shelled Parasite and Fungi","floor":27,"turns":6},{"damage":19,"enemies":"Centurion and Healer","floor":28,"turns":2}],"seed_played":"-6606262447101882786","potions_obtained":[{"floor":1,"key":"DuplicationPotion"},{"floor":10,"key":"Regen Potion"},{"floor":16,"key":"Elixir"},{"floor":18,"key":"SteroidPotion"},{"floor":27,"key":"DuplicationPotion"}],"is_trial":false,"path_per_floor":["M","$","M","M","$","R","?","R","T","M","R","M","?","M","R","B",null,"M","M","?","?","M","R","M","M","T","M","M"],"character_chosen":"SAIYAJIN","items_purchased":["Saiyan:DoubleMasenko","Medical Kit","Gremlin Food","Pocketwatch"],"campfire_rested":2,"item_purchase_floors":[2,5,5,5],"current_hp_per_floor":[61,61,62,62,62,62,51,51,51,43,61,61,61,63,63,62,67,68,68,68,68,50,71,53,40,40,17,0,0],"gold":371,"neow_bonus":"THREE_ENEMY_KILL","is_daily":false,"chose_seed":false,"campfire_upgraded":3,"win_rate":0.0,"timestamp":1611341340,"path_taken":["M","$","M","M","$","R","?","R","T","M","R","M","?","?","R","BOSS","M","M","?","?","M","R","M","M","T","M","M"],"items_purchased_type":["Card","Relic","Relic","Relic"],"build_version":"2020-12-22","purchased_purges":0,"victory":false,"max_hp_per_floor":[61,61,62,62,62,62,62,62,62,63,63,63,63,65,65,67,67,69,70,70,70,72,72,74,76,76,77,77,77],"relic_stats":{"counters":[14,55],"Astrolabe":["Saiyan:Medicine","Saiyan:Quickening","Saiyan:WarmUp"],"Medical Kit":[2],"obtain_stats":[{"Gremlin Food":5,"Potion Belt":26,"NeowsBlessing":0,"Astrolabe":17,"DemoMod:WeirdEgg":20,"SaiyanSoul":0,"DemoMod:GlassGuonStoneRelic":1,"SaiyanHeart":0,"DemoMod:RingOfEthereal":13,"Medical Kit":5,"Pocketwatch":5,"hubris:BottledRain":9},{"Gremlin Food":3,"Potion Belt":12,"NeowsBlessing":0,"Astrolabe":7,"DemoMod:WeirdEgg":9,"SaiyanSoul":0,"DemoMod:GlassGuonStoneRelic":1,"SaiyanHeart":0,"DemoMod:RingOfEthereal":5,"Medical Kit":3,"Pocketwatch":3,"hubris:BottledRain":3},{"Gremlin Food":3,"Potion Belt":47,"NeowsBlessing":0,"Astrolabe":20,"DemoMod:WeirdEgg":30,"SaiyanSoul":0,"DemoMod:GlassGuonStoneRelic":1,"SaiyanHeart":0,"DemoMod:RingOfEthereal":7,"Medical Kit":3,"Pocketwatch":3,"hubris:BottledRain":3}],"Pocketwatch":[33]},"card_choices":[{"not_picked":["Saiyan:RemoveWeights","Saiyan:KiExplosion"],"picked":"Saiyan:ExpandingShockwave","floor":1},{"not_picked":["Saiyan:MeteorDash","Saiyan:Planning"],"picked":"Saiyan:ExpandingShockwave","floor":3},{"not_picked":["Saiyan:Reset","Saiyan:DoubleMasenko"],"picked":"Saiyan:KiExplosion","floor":4},{"not_picked":["Saiyan:SaiyanHubris","Saiyan:Teleport"],"picked":"Saiyan:KameHameHa","floor":10},{"not_picked":["Saiyan:TransfigurationBeam","Saiyan:ExpandingShockwave"],"picked":"Saiyan:FingerParry","floor":12},{"not_picked":["Saiyan:SaiyanHubris","Saiyan:PowerUp"],"picked":"Saiyan:TurtleShell","floor":14},{"not_picked":["Saiyan:TheBomb","Saiyan:GhostAttack"],"picked":"Saiyan:Rekindle","floor":16},{"not_picked":["Saiyan:DoubleMasenko","Saiyan:Pacing"],"picked":"Saiyan:ReverberatingForce","floor":18},{"not_picked":["Saiyan:SoulSpice","Saiyan:FingerParry+1"],"picked":"Saiyan:SaiyanHubris","floor":19},{"not_picked":["Saiyan:BigBangAttack","Saiyan:Makankosappo"],"picked":"Saiyan:MeteorDash","floor":22},{"not_picked":["Saiyan:Pacing","Saiyan:BurningSoul+1"],"picked":"Saiyan:PressOn+1","floor":24},{"not_picked":["Saiyan:PlotArmor+1","Saiyan:Scouter+1"],"picked":"Saiyan:SuperSaiyanThree","floor":25},{"not_picked":["Saiyan:SaiyanHubris","Saiyan:KameHameHa+1"],"picked":"Saiyan:Twize","floor":27}],"player_experience":668116,"relics_obtained":[{"floor":9,"key":"hubris:BottledRain"},{"floor":26,"key":"Potion Belt"}],"event_choices":[{"damage_healed":0,"gold_gain":75,"player_choice":"Gather Gold","damage_taken":11,"max_hp_gain":0,"max_hp_loss":0,"event_name":"World of Goop","floor":7,"gold_loss":0},{"damage_healed":0,"gold_gain":0,"player_choice":"Gave Potion","damage_taken":0,"relics_obtained":["DemoMod:RingOfEthereal"],"max_hp_gain":0,"max_hp_loss":0,"event_name":"WeMeetAgain","floor":13,"gold_loss":0},{"damage_healed":0,"gold_gain":0,"player_choice":"Obtained Relic","damage_taken":0,"relics_obtained":["DemoMod:WeirdEgg"],"max_hp_gain":0,"max_hp_loss":0,"event_name":"Addict","floor":20,"gold_loss":85},{"cards_removed":["Saiyan:SAIYA_Strike"],"damage_healed":0,"gold_gain":0,"player_choice":"Purged","damage_taken":0,"max_hp_gain":0,"max_hp_loss":0,"event_name":"Purifier","floor":21,"gold_loss":0}],"is_beta":false,"boss_relics":[{"not_picked":["hubris:CrackedHourglass","Runic Pyramid"],"picked":"Astrolabe"}],"items_purged_floors":[],"is_endless":false,"potions_floor_spawned":[1,10,16,18,27],"killed_by":"Centurion and Healer","ascension_level":0}}