{"host":"djnckld4u602t245","time":1611348835,"event":{"mods":["AchievementEnabler","Act Like it!","Arknights The Spire","Ascension Unlocker","BaseMod","Better Altar","Better Match","Better Sensory Stone","Better Skull","Better Third Choice","Better Vampires","BetterRewards","Dota2Spire","Downfall","Hallownest","Hermit","Minty Spire (QoL Compilation)","Permanent Neow","Quick Restart","Remove Card Discount Mod","StSLib","The Bug Knight","The Marked","The Problem Sleuth","Virulent Crown","????"],"gold_per_floor":[119,130,149,149,1,29,304,331,331,344,359,377,377,59,59,155,155,173,189,209,229,249,281,281,291,291],"floor_reached":25,"language":"ENG","playtime":1489,"items_purged":["Regret","theMarked:Strike","theMarked:Strike","theMarked:Defend","Regret","theMarked:Strike","theMarked:Strike","theMarked:Strike","theMarked:Defend"],"score":239,"play_id":"8d556582-a07a-4484-b57a-28b867884ba0","local_time":"20210122235355","is_ascension_mode":false,"campfire_choices":[{"data":"theMarked:Overcharge","floor":15,"key":"SMITH"},{"data":"theMarked:AttractMetal","floor":24,"key":"SMITH"}],"circlet_count":0,"master_deck":["theMarked:Defend","theMarked:Defend","theMarked:SoldierOfQuellstein","theMarked:Parkour","theMarked:AttractMetal+1","theMarked:ShockingTouch","theMarked:WardOff","Flash of Steel","theMarked:EmpowerWeapon","theMarked:EmpowerWeapon","theMarked:Aftermath","theMarked:Frustration","theMarked:CreepingChasm","theMarked:ResourceFulStrike","theMarked:Overcharge+1","theMarked:PowerFlow","Panache","theMarked:SelfDefenseTraining","theMarked:ParalyzingBlade","theMarked:EmpowerWeapon+1"],"relics":["theMarked:ArtifactOfAir","Dota2Spire:MaskOfMadness","Kunai","Dota2Spire:Satanic","Dota2Spire:BattleFury","Calipers","Black Star","HollowMod:PaleOreRelic","Lantern"],"acts_visited":["Exordium","TheCity"],"potions_floor_usage":[6,11,16,21,23,23],"damage_taken":[{"damage":0,"enemies":"2 Louse","floor":1,"turns":2},{"damage":0,"enemies":"Jaw Worm","floor":2,"turns":3},{"damage":0,"enemies":"Cultist","floor":3,"turns":2},{"damage":15,"enemies":"Lagavulin","floor":6,"turns":7},{"damage":13,"enemies":"Gremlin Nob","floor":8,"turns":3},{"damage":0,"enemies":"Exordium Thugs","floor":10,"turns":2},{"damage":0,"enemies":"Exordium Wildlife","floor":11,"turns":2},{"damage":1,"enemies":"Large Slime","floor":12,"turns":3},{"damage":43,"enemies":"Hexaghost","floor":16,"turns":5},{"damage":0,"enemies":"Spheric Guardian","floor":18,"turns":3},{"damage":6,"enemies":"Chosen","floor":19,"turns":3},{"damage":0,"enemies":"Centurion and Healer","floor":20,"turns":3},{"damage":0,"enemies":"Sentry and Sphere","floor":21,"turns":3},{"damage":1,"enemies":"3 Cultists","floor":22,"turns":3},{"damage":32,"enemies":"Book of Stabbing","floor":23,"turns":3},{"damage":41,"enemies":"Snake Plant","floor":25,"turns":3}],"seed_played":"-2890701170847092800","potions_obtained":[{"floor":1,"key":"LiquidBronze"},{"floor":3,"key":"Block Potion"},{"floor":10,"key":"DistilledChaos"},{"floor":11,"key":"Block Potion"},{"floor":18,"key":"DistilledChaos"},{"floor":20,"key":"theMarked:ChargePotion"},{"floor":22,"key":"DuplicationPotion"},{"floor":25,"key":"ColorlessPotion"}],"is_trial":false,"path_per_floor":["M","M","M","?","$","E","?","E","T","M","M","M","T","$","R","B",null,"M","M","M","M","M","E","R","M"],"character_chosen":"THE_DEFAULT","items_purchased":["Flash of Steel","theMarked:EmpowerWeapon","theMarked:Overcharge","theMarked:PowerFlow","Panache"],"campfire_rested":0,"item_purchase_floors":[5,5,14,14,14],"current_hp_per_floor":[70,70,70,70,70,55,55,42,42,61,61,60,60,60,60,17,70,70,64,64,64,63,31,31,3,3],"gold":291,"neow_bonus":"THREE_CARDS","is_daily":false,"chose_seed":false,"campfire_upgraded":2,"win_rate":0.0,"timestamp":1611348835,"path_taken":["M","M","M","?","$","E","?","E","T","M","M","?","?","$","R","BOSS","M","M","M","M","M","E","R","M"],"items_purchased_type":["Card","Card","Card","Card","Card"],"build_version":"2020-12-22","purchased_purges":9,"victory":false,"max_hp_per_floor":[70,70,70,70,70,70,70,70,70,70,70,70,70,70,70,70,70,70,70,70,70,70,70,70,70,70],"card_choices":[{"not_picked":["theMarked:ElectricStrings","theMarked:WastefulDefense"],"picked":"theMarked:Parkour","floor":0},{"not_picked":["theMarked:KeepCalmAndFightOn","theMarked:LightningStrikesTwice"],"picked":"theMarked:AttractMetal","floor":1},{"not_picked":["theMarked:RepellingDischarge","theMarked:Improvise"],"picked":"theMarked:ShockingTouch","floor":2},{"not_picked":["theMarked:ElectricStrings","theMarked:TwofoldDefense"],"picked":"theMarked:WardOff","floor":3},{"not_picked":["theMarked:WastefulAttack","theMarked:TwofoldDefense"],"picked":"theMarked:EmpowerWeapon","floor":6},{"not_picked":["theMarked:WastefulAttack","theMarked:Parkour"],"picked":"theMarked:Aftermath","floor":8},{"not_picked":["theMarked:HeritageOfTheMarked","theMarked:Static"],"picked":"theMarked:Frustration","floor":10},{"not_picked":["theMarked:Aftermath","theMarked:ChainLightning"],"picked":"theMarked:CreepingChasm","floor":11},{"not_picked":["theMarked:TwofoldDefense","theMarked:Polarize"],"picked":"theMarked:ResourceFulStrike","floor":12},{"not_picked":["theMarked:Electrify","theMarked:CreepingChasm+1","theMarked:Improvise"],"picked":"SKIP","floor":18},{"not_picked":["theMarked:ElectricStrings","theMarked:ResourceFulStrike+1"],"picked":"theMarked:SelfDefenseTraining","floor":19},{"not_picked":["theMarked:WastefulDefense","theMarked:Overcharge","theMarked:TwofoldDefense"],"picked":"SKIP","floor":20},{"not_picked":["theMarked:KeepCalmAndFightOn","theMarked:SwordAndMagic"],"picked":"theMarked:ParalyzingBlade","floor":21},{"not_picked":["theMarked:Improvise","theMarked:ComboAttacks"],"picked":"theMarked:EmpowerWeapon+1","floor":22},{"not_picked":["theMarked:Frustration","theMarked:Improvise+1","theMarked:WastefulAttack"],"picked":"SKIP","floor":23}],"player_experience":687237,"relics_obtained":[{"floor":6,"key":"Kunai"},{"floor":8,"key":"Dota2Spire:Satanic"},{"floor":9,"key":"Dota2Spire:BattleFury"},{"floor":13,"key":"Calipers"},{"floor":23,"key":"HollowMod:PaleOreRelic"},{"floor":23,"key":"Lantern"}],"event_choices":[{"damage_healed":0,"gold_gain":0,"player_choice":"Box","damage_taken":0,"relics_obtained":["Dota2Spire:MaskOfMadness"],"max_hp_gain":0,"max_hp_loss":0,"event_name":"Big Fish","floor":4,"gold_loss":0,"cards_obtained":["Regret"]},{"damage_healed":0,"gold_gain":275,"player_choice":"Desecrate","damage_taken":0,"max_hp_gain":0,"max_hp_loss":0,"event_name":"Golden Shrine","floor":7,"gold_loss":0,"cards_obtained":["Regret"]}],"is_beta":false,"boss_relics":[{"not_picked":["theMarked:Eyepatch","Velvet Choker"],"picked":"Black Star"}],"items_purged_floors":[5,5,5,5,14,14,14,14,14],"is_endless":false,"potions_floor_spawned":[1,3,10,11,18,20,22,25],"killed_by":"Snake Plant","ascension_level":0}}