{"host":"yck2t2q3ro7hf56e","time":1611356186,"event":{"mods":["2.2 Compatiblity","AchievementEnabler","Act Like it!","Aspiration","BaseMod","Better Altar","Better Match","Better Note","Better Sensory Stone","Better Skull","Better Third Choice","Better Vampires","BetterRewards","Block Reminder","CCEM","Challenge The Spire","Colored Powertips","Conspire","Curses Come First","DNKmod","Energized Spire","Friendly Minions","GifTheSpireLib","Glutton Mod","Halation","Hubris","Infinite Spire","Marked Mod","Minty Spire (QoL Compilation)","Permanent Neow","Practice Mode","Quick Restart","Rare Cards Sparkle","RatMod","Relic Sorter","Relic Stats","Replay The Spire","Shade Mod","Shop Mod","Spicy Shops","Spikes Relics","StSLib","Stuff the Spire","Synergy Search","The Blue Laboratory","The Construct","Thieving Mod","Unceasing Turn Reminder","Unknown Chances","everything is the same but u backflip on backflip","vexMod","??????REMEMod"],"gold_per_floor":[6000,6000,6008,6008,4833,4833,4848,4848,4848,4437,4443,4443,4462,4479,4479,4554,4554,4557,4557,3654,3674,3677,3677,3705,3705,3705,3705,3705,3710,3711,3711,3711,4031,4031,4291,3693,3943,3943,3943,3943,4213,4213,4213],"floor_reached":42,"language":"ENG","playtime":6297,"items_purged":["Eruption","Strike_P","Strike_P"],"score":754,"play_id":"b843c3cf-1e87-4959-b858-ed21e82ced5a","local_time":"20210122225626","is_ascension_mode":false,"campfire_choices":[{"floor":6,"key":"RECALL"},{"data":"PathToVictory","floor":8,"key":"SMITH"},{"data":"SignatureMove","floor":23,"key":"SMITH"}],"circlet_count":0,"master_deck":["Strike_P","Strike_P","Defend_P","Defend_P","Defend_P","Defend_P","Vigilance","Glutton:Profligacy","EmptyFist+1","Swivel","Nirvana","PathToVictory+1","Establishment+1","Replay:ManipulateFuture","SignatureMove+1","Establishment+1","Perseverance+1","LikeWater","LikeWater+1","FearNoEvil","ThirdEye","LessonLearned","hubris:Disease","Doubt","infinitespire:Starlight"],"relics":["PureWater","hubris:Icosahedron","REME_ComplimentaryCards","StoneCalendar","HandDrill","Turnip","Oddly Smooth Stone","halation:BlackBeret","RollingBoulder","CCEMRelics:Sandal","vexMod:MemoryStick","conspire:SpecialSausage","Guide Book","conspire:Dentures","Darkstone Periapt","Simple Rune","Ring of Searing","Ring of Panic","infinitespire:CheckeredPen","Smiling Mask","CCEMRelics:WhiteRose","infinitespire:EvilPickle","halation:HeavySnake","rat:KircheisShard","MerchantsRug","Sling","Cauldron"],"acts_visited":["Exordium","TheCity","TheBeyond"],"potions_floor_usage":[7,7,11,24,24,35,41,41],"damage_taken":[{"damage":12,"enemies":"Jaw Worm","floor":1,"turns":2},{"damage":0,"enemies":"Cultist","floor":3,"turns":4},{"damage":0,"enemies":"conspire:RoseBush","floor":4,"turns":2},{"damage":3,"enemies":"3 Sentries","floor":7,"turns":7},{"damage":0,"enemies":"Exordium Wildlife","floor":11,"turns":5},{"damage":0,"enemies":"Replay:BlueRogue","floor":13,"turns":5},{"damage":0,"enemies":"Red Slaver","floor":14,"turns":2},{"damage":1,"enemies":"Fading Forest","floor":16,"turns":11},{"damage":0,"enemies":"Shell Parasite","floor":18,"turns":2},{"damage":14,"enemies":"2 Thieves","floor":21,"turns":4},{"damage":0,"enemies":"conspire:HollyBat","floor":22,"turns":7},{"damage":12,"enemies":"Slavers","floor":24,"turns":6},{"damage":1,"enemies":"Shelled Parasite and Fungi","floor":29,"turns":5},{"damage":0,"enemies":"Snecko","floor":30,"turns":4},{"damage":15,"enemies":"Pondfish","floor":33,"turns":11},{"damage":28,"enemies":"3 Darklings","floor":35,"turns":7},{"damage":0,"enemies":"3 Shapes","floor":37,"turns":3},{"damage":46,"enemies":"Nightmare","floor":41,"turns":8},{"damage":58,"enemies":"Spire Growth","floor":42,"turns":6}],"seed_played":"-5626631204265268463","potions_obtained":[{"floor":16,"key":"blueLaboratory:BottleOfVodka"},{"floor":21,"key":"SkillPotion"},{"floor":22,"key":"ColorlessPotion"},{"floor":33,"key":"blueLaboratory:FruitPunch"},{"floor":35,"key":"SkillPotion"}],"is_trial":false,"path_per_floor":["M","?","M","M","$","R","E","R","T","$","M","?","E","M","R","B",null,"M","?","$","M","M","R","E","?","T","?","AVR","M","M","T","R","B",null,"M","$","M","?","?","R","NM","M"],"character_chosen":"WATCHER","items_purchased":["StoneCalendar","HandDrill","Turnip","blueLaboratory:FruitPunch","blueLaboratory:EmptyBottle","Nirvana","halation:BlackBeret","RollingBoulder","ColorlessPotion","Establishment","Guide Book","conspire:Dentures","LikeWater","Darkstone Periapt","rat:KircheisShard","MerchantsRug","Sling","Cauldron"],"campfire_rested":0,"item_purchase_floors":[5,5,5,5,5,5,10,10,10,10,20,20,20,20,36,36,36,36],"current_hp_per_floor":[88,88,88,88,88,88,87,87,87,87,87,80,80,80,102,101,102,102,102,102,88,88,88,76,76,76,19,19,18,18,18,48,33,102,76,76,76,76,88,88,52,0,0],"gold":4213,"neow_bonus":"","is_daily":false,"chose_seed":false,"campfire_upgraded":2,"win_rate":0.0,"timestamp":1611356186,"path_taken":["M","?","M","M","$","R","E","R","T","?","M","?","E","M","R","BOSS","M","?","$","M","M","R","E","?","T","?","AVR","?","M","?","R","BOSS","M","$","M","?","?","R","NM","M"],"items_purchased_type":["Relic","Relic","Relic","Potion","Potion","Card","Relic","Relic","Potion","Card","Relic","Relic","Card","Relic","Relic","Relic","Relic","Relic"],"build_version":"2020-12-22","purchased_purges":3,"victory":false,"max_hp_per_floor":[100,100,100,100,100,100,102,102,102,102,102,102,102,102,102,102,102,102,102,102,102,102,102,102,102,102,102,102,102,102,102,102,102,102,104,104,104,104,116,116,116,116,116],"relic_stats":{"Darkstone Periapt":12,"counters":[21,107],"StoneCalendar":[300],"Turnip":[5],"HandDrill":[26],"Smiling Mask":0,"obtain_stats":[{"halation:BlackBeret":10,"Darkstone Periapt":20,"vexMod:MemoryStick":13,"StoneCalendar":5,"conspire:SpecialSausage":17,"Smiling Mask":28,"Sling":36,"Ring of Searing":25,"halation:HeavySnake":34,"hubris:Icosahedron":38,"RollingBoulder":10,"CCEMRelics:Sandal":12,"HandDrill":5,"Toxic Egg 2":0,"Ring of Panic":25,"CCEMRelics:WhiteRose":31,"Clawfect:DRClaw":0,"conspire:Dentures":20,"MerchantsRug":36,"Counterbalance":2,"Guide Book":20,"Oddly Smooth Stone":7,"infinitespire:CheckeredPen":26,"infinitespire:EvilPickle":33,"Cauldron":36,"rat:KircheisShard":36,"Simple Rune":24,"Turnip":5,"REME_ComplimentaryCards":0},{"halation:BlackBeret":6,"Darkstone Periapt":11,"vexMod:MemoryStick":8,"StoneCalendar":5,"conspire:SpecialSausage":10,"Smiling Mask":14,"Sling":18,"Ring of Searing":14,"halation:HeavySnake":17,"hubris:Icosahedron":19,"RollingBoulder":6,"CCEMRelics:Sandal":7,"HandDrill":5,"Toxic Egg 2":0,"Ring of Panic":14,"CCEMRelics:WhiteRose":16,"Clawfect:DRClaw":0,"conspire:Dentures":11,"MerchantsRug":18,"Counterbalance":1,"Guide Book":11,"Oddly Smooth Stone":6,"infinitespire:CheckeredPen":14,"infinitespire:EvilPickle":17,"Cauldron":18,"rat:KircheisShard":18,"Simple Rune":14,"Turnip":5,"REME_ComplimentaryCards":0},{"halation:BlackBeret":21,"Darkstone Periapt":46,"vexMod:MemoryStick":31,"StoneCalendar":14,"conspire:SpecialSausage":44,"Smiling Mask":63,"Sling":90,"Ring of Searing":63,"halation:HeavySnake":83,"hubris:Icosahedron":93,"RollingBoulder":21,"CCEMRelics:Sandal":26,"HandDrill":14,"Toxic Egg 2":0,"Ring of Panic":63,"CCEMRelics:WhiteRose":72,"Clawfect:DRClaw":0,"conspire:Dentures":46,"MerchantsRug":90,"Counterbalance":4,"Guide Book":46,"Oddly Smooth Stone":21,"infinitespire:CheckeredPen":63,"infinitespire:EvilPickle":83,"Cauldron":90,"rat:KircheisShard":90,"Simple Rune":63,"Turnip":14,"REME_ComplimentaryCards":0}]},"card_choices":[{"not_picked":["WheelKick","ThirdEye","Replay:Hum"],"picked":"SKIP","floor":1},{"not_picked":["Consecrate","BowlingBash"],"picked":"EmptyFist","floor":3},{"not_picked":["Worship","TalkToTheHand"],"picked":"Swivel","floor":4},{"not_picked":["REME_WorshipGod","TalkToTheHand"],"picked":"PathToVictory","floor":7},{"not_picked":["BowlingBash","Perseverance"],"picked":"Replay:ManipulateFuture","floor":11},{"not_picked":["Sanctity","Replay:ManipulateFuture"],"picked":"SignatureMove","floor":13},{"not_picked":["Replay:Hum","Halt","MarkedMod:GentlePulse"],"picked":"SKIP","floor":14},{"not_picked":["MarkedMod:SlowDance","Replay:AllIn"],"picked":"Establishment","floor":16},{"not_picked":["EmptyFist","Protect"],"picked":"Perseverance","floor":18},{"not_picked":["Meditate","FlurryOfBlows","EmptyBody"],"picked":"SKIP","floor":21},{"not_picked":["Meditate","FlurryOfBlows","EmptyBody"],"picked":"SKIP","floor":21},{"not_picked":["Crescendo","REME_Repentance+1"],"picked":"LikeWater","floor":22},{"not_picked":["REME_CRH","DevaForm"],"picked":"FearNoEvil","floor":24},{"not_picked":["FlyingSleeves","Adaptation"],"picked":"ThirdEye","floor":29},{"not_picked":["Meditate","MarkedMod:Acupuncture","FlyingSleeves+1"],"picked":"SKIP","floor":30},{"not_picked":["ConjureBlade","DevaForm"],"picked":"LessonLearned","floor":33},{"not_picked":["Replay:Anticipation","MarkedMod:GentlePulse+1","LikeWater"],"picked":"SKIP","floor":35},{"not_picked":["Replay:Anticipation+1","BattleHymn","MarkedMod:GentlePulse+1"],"picked":"SKIP","floor":37},{"not_picked":["infinitespire:Gouge","infinitespire:SevenWalls"],"picked":"infinitespire:Starlight","floor":39},{"not_picked":["Replay:AtTheReady+1","DevaForm","Halt+1"],"picked":"SKIP","floor":41}],"player_experience":135510,"relics_obtained":[{"floor":7,"key":"Oddly Smooth Stone"},{"floor":13,"key":"vexMod:MemoryStick"},{"floor":24,"key":"Simple Rune"},{"floor":25,"key":"Ring of Searing"},{"floor":25,"key":"Ring of Panic"},{"floor":26,"key":"infinitespire:CheckeredPen"},{"floor":31,"key":"CCEMRelics:WhiteRose"}],"event_choices":[{"damage_healed":0,"gold_gain":0,"player_choice":"Bought 0 Potions","damage_taken":0,"max_hp_gain":0,"max_hp_loss":0,"event_name":"The Woman in Blue","floor":2,"gold_loss":0},{"damage_healed":0,"gold_gain":0,"player_choice":"Relic ","damage_taken":7,"max_hp_gain":0,"max_hp_loss":0,"event_name":"betterThird:BetterScrap","floor":12,"gold_loss":0,"cards_obtained":["Double Tap"]},{"damage_healed":0,"gold_gain":0,"player_choice":"Ignored","damage_taken":0,"max_hp_gain":0,"max_hp_loss":0,"event_name":"betterNote:BetterNote","floor":19,"gold_loss":0,"cards_obtained":["Doubt"]}],"is_beta":false,"boss_relics":[{"not_picked":["energizedSpire:NeverEndingSparkler","hubris:ScarierMask"],"picked":"conspire:SpecialSausage"},{"not_picked":["hubris:VirtuousBlindfold","CCEMRelics:TransientCore"],"picked":"halation:HeavySnake"}],"items_purged_floors":[5,20,20],"is_endless":false,"potions_floor_spawned":[1,3,11,16,21,22,33,35],"killed_by":"Spire Growth","ascension_level":0}}