{"host":"x730sfaw5rd1mxd8","time":1611326832,"event":{"mods":["BaseMod","BetterRewards","Colored Map","Colored Powertips","Highlight Path","Minty Spire (QoL Compilation)","Relic Sorter","Relic Stats","Replay The Spire","StSLib"],"gold_per_floor":[118,66,66,66,15,46,46,90,161,195,206,206,230,230,230,339,339,365,392,421,437,437,437,470,687,687,721,746,789,811,831,831,940,967,979,1002,1002,1052,834,869,869,880,957,678,706,716,763,797,797,797,797,797,453,489,489],"floor_reached":56,"language":"ENG","playtime":5501,"items_purged":["Strike_P+1","Brilliance","Replay:ManipulateFuture+1"],"score":1444,"play_id":"5a8b7262-3aa5-4de1-acb9-e2c027434db7","local_time":"20210122094712","is_ascension_mode":true,"campfire_choices":[{"data":"Eruption","floor":7,"key":"SMITH"},{"data":"Consecrate","floor":12,"key":"SMITH"},{"data":"FlurryOfBlows","floor":15,"key":"SMITH"},{"data":"Halt","floor":23,"key":"SMITH"},{"data":"LessonLearned","floor":32,"key":"SMITH"},{"data":"DevaForm","floor":41,"key":"SMITH"},{"floor":49,"key":"RECALL"},{"floor":52,"key":"REST"}],"circlet_count":0,"master_deck":["Eruption+1","Vigilance+1","FlurryOfBlows+1","JustLucky+1","Consecrate+1","FlurryOfBlows+1","FearNoEvil+1","Halt+1","DevaForm+1","MentalFortress+1","Halt+1","JustLucky+1","WaveOfTheHand+1","Consecrate+1","Indignation+1","LessonLearned+1","JustLucky+1","DeusExMachina+1","ClearTheMind+1","Replay:LoomingThreat+1","ReachHeaven+1","Nirvana+1","TalkToTheHand+1","ConjureBlade"],"relics":["PureWater","Replay:Bronze Core","Sozu","ReplayTheSpireMod:Ninjato","CeramicFish","Pear","Replay:Baseball","Replay:Drink Me","Nunchaku","Iron Hammer","MealTicket","Astrolabe","Replay:Towering Pillar of Hats","Bag of Preparation","Lantern","Shuriken","Membership Card","Bronze Scales","Thread and Needle","Juzu Bracelet","Oddly Smooth Stone","Medical Kit","Bottled Lightning","GoldenEye"],"acts_visited":["Exordium","TheCity","TheBeyond","TheEnding"],"potions_floor_usage":[],"damage_taken":[{"damage":0,"enemies":"Small Slimes","floor":1,"turns":3},{"damage":4,"enemies":"Replay:BlueRogue","floor":6,"turns":6},{"damage":0,"enemies":"Gremlin Nob","floor":8,"turns":2},{"damage":0,"enemies":"Replay:BlueRogue","floor":10,"turns":2},{"damage":0,"enemies":"Jaw Worm","floor":11,"turns":1},{"damage":0,"enemies":"Cultist","floor":13,"turns":1},{"damage":19,"enemies":"The Guardian","floor":16,"turns":6},{"damage":0,"enemies":"Chosen","floor":18,"turns":1},{"damage":0,"enemies":"Shell Parasite","floor":19,"turns":2},{"damage":0,"enemies":"Centurion and Healer","floor":20,"turns":3},{"damage":0,"enemies":"Shelled Parasite and Fungi","floor":21,"turns":3},{"damage":0,"enemies":"Replay:Snechameleon","floor":24,"turns":2},{"damage":0,"enemies":"Slavers","floor":27,"turns":3},{"damage":0,"enemies":"Cultist and Chosen","floor":28,"turns":2},{"damage":0,"enemies":"Book of Stabbing","floor":29,"turns":3},{"damage":0,"enemies":"Snake Plant","floor":30,"turns":2},{"damage":0,"enemies":"Snecko","floor":31,"turns":1},{"damage":0,"enemies":"Automaton","floor":33,"turns":6},{"damage":0,"enemies":"3 Darklings","floor":35,"turns":2},{"damage":0,"enemies":"3 Shapes","floor":36,"turns":3},{"damage":0,"enemies":"Mind Bloom Boss Battle","floor":38,"turns":3},{"damage":0,"enemies":"Giant Head","floor":40,"turns":3},{"damage":0,"enemies":"Writhing Mass","floor":42,"turns":4},{"damage":0,"enemies":"R_Hoarder","floor":45,"turns":4},{"damage":0,"enemies":"Sphere and 2 Shapes","floor":46,"turns":2},{"damage":0,"enemies":"2 Orb Walkers","floor":47,"turns":2},{"damage":0,"enemies":"Reptomancer","floor":48,"turns":3},{"damage":0,"enemies":"Replay:Hell Engine","floor":50,"turns":3},{"damage":0,"enemies":"Shield and Spear","floor":54,"turns":3},{"damage":42,"enemies":"The Heart","floor":55,"turns":6}],"seed_played":"7650737360279541469","potions_obtained":[],"is_trial":false,"path_per_floor":["M","$","?","?","$","E","R","E","T","E","M","R","M","?","R","B",null,"M","M","M","M","?","R","E","?","T","E","M","E","M","M","R","B",null,"M","M","?","?","$","E","R","M","T","$","E","M","?","E","R","B",null,"R","$","E","B",null],"character_chosen":"WATCHER","items_purchased":["JustLucky","Consecrate","Bag of Preparation","Membership Card","Bronze Scales","Oddly Smooth Stone","Medical Kit","TalkToTheHand+1","Bottled Lightning"],"campfire_rested":1,"item_purchase_floors":[2,5,39,44,44,53,53,53,53],"current_hp_per_floor":[72,72,72,65,65,61,61,61,71,71,71,71,71,71,71,52,62,62,62,62,62,62,62,62,38,38,38,38,38,38,38,38,38,62,62,62,59,59,59,59,59,59,59,59,59,59,59,59,59,59,59,59,59,59,17],"gold":489,"neow_bonus":"DOUBLE_BOSS_RELIC","is_daily":false,"chose_seed":false,"campfire_upgraded":6,"win_rate":0.0,"timestamp":1611326832,"path_taken":["M","$","?","?","?","E","R","E","T","E","M","R","?","?","R","BOSS","M","M","M","M","?","R","E","?","T","E","M","E","?","M","R","BOSS","M","M","?","?","?","E","R","?","T","$","E","M","?","E","R","BOSS","R","$","E","BOSS"],"items_purchased_type":["Card","Card","Relic","Relic","Relic","Relic","Relic","Card","Relic"],"build_version":"2020-12-22","purchased_purges":3,"victory":true,"max_hp_per_floor":[72,72,72,72,72,72,72,72,82,82,82,82,82,82,82,82,62,62,62,62,62,62,62,62,62,62,62,62,62,62,62,62,62,62,62,62,59,59,59,59,59,59,59,59,59,59,59,59,59,59,59,59,59,59,59],"relic_stats":{"counters":[184,733],"CeramicFish":180,"Astrolabe":["ClearTheMind","Replay:LoomingThreat","ReachHeaven"],"Bag of Preparation":[18],"Juzu Bracelet":0,"Medical Kit":[4],"GoldenEye":[12],"Sozu":12,"Nunchaku":[33],"Shuriken":[33],"Bronze Scales":[1148],"MealTicket":0,"obtain_stats":[{"Vampiric Spirits":0,"Whetstone":55,"Boot":55,"Sling":55,"Blood Vial":20,"Replay:Bronze Core":17,"MealTicket":27,"Fusion Hammer":36,"Electric Blood":17,"Replay:Bottled Steam":43,"Pear":46,"Blue Candle":30,"Tingsha":0,"Paper Crane":8,"Cables":54,"SlaversCollar":17,"Snecko Scales":34,"Bird Faced Urn":12,"Mark of Pain":0,"StrikeDummy":6,"Regal Pillow":0,"Lantern":40,"Singing Bowl":10,"Magic Flower":11,"Painkiller Herb":19,"Bag of Preparation":55,"Replay:Multitool":44,"Cursed Key":34,"Burning Blood":0,"Pet Ghost":23,"Replay:Rubber Ducky":55,"Matryoshka":0,"InkBottle":27,"The Specimen":25,"Golden Idol":11,"Basket Of Snakes":39,"Thread and Needle":47,"The Courier":14,"PreservedInsect":22,"Geode":40,"Frozen Egg 2":0,"MawBank":31,"GoldenEye":54,"Busted Crown":17,"Ornamental Fan":55,"Turnip":46,"Art of War":40,"Bottled Lightning":53,"ReplayTheSpireMod:Ring of Challenge":38,"Ice Cream":14,"Gremlin Horn":9,"Nilry\u0027s Codex":23,"CeramicFish":8,"Vajra":28,"Sozu":0,"Centennial Puzzle":9,"Strawberry":28,"Prayer Wheel":0,"Iron Hammer":27,"Byrd Skull":11,"Happy Flower":55,"Astrolabe":34,"Oddly Smooth Stone":26,"Ring of Chaos":47,"War Paint":23,"OrangePellets":0,"Bottled Flame":15,"Replay:Baseball":0,"Shuriken":43,"Bronze Scales":12,"Simple Rune":55,"Pocketwatch":0,"Meat on the Bone":38,"Darkstone Periapt":5,"ReplayFunnel":55,"Mango":6,"Snake Skull":29,"Incense Burner":45,"Juzu Bracelet":48,"Dream Catcher":43,"Nunchaku":24,"Replay:Bandana":10,"Pantograph":23,"Gambling Chip":24,"Replay:Drink Me":17,"Red Skull":6,"Gremlin Food":44,"ReplayTheSpireMod:Ninjato":6,"Replay:Towering Pillar of Hats":10,"Quantum Egg":46,"Guide Book":0,"Replay:WaspNest":0,"Orichalcum":56,"Medical Kit":42,"Mercury Hourglass":0,"Peace Pipe":39,"Anchor":11,"CaptainsWheel":43,"Pondfish Scales":55,"DataDisk":0,"Snack Pack":8,"Membership Card":0,"FossilizedHelix":48},{"Vampiric Spirits":61,"Whetstone":91,"Boot":91,"Sling":91,"Blood Vial":26,"Replay:Bronze Core":134,"MealTicket":58,"Fusion Hammer":80,"Electric Blood":51,"Replay:Bottled Steam":119,"Pear":122,"Blue Candle":30,"Tingsha":93,"Paper Crane":66,"Cables":153,"SlaversCollar":24,"Snecko Scales":115,"Bird Faced Urn":22,"Mark of Pain":0,"StrikeDummy":98,"Regal Pillow":93,"Lantern":176,"Singing Bowl":21,"Magic Flower":49,"Painkiller Herb":72,"Bag of Preparation":91,"Replay:Multitool":120,"Cursed Key":31,"Burning Blood":0,"Pet Ghost":56,"Replay:Rubber Ducky":91,"Matryoshka":61,"InkBottle":141,"The Specimen":76,"Golden Idol":5,"Basket Of Snakes":82,"Thread and Needle":180,"The Courier":7,"PreservedInsect":11,"Geode":146,"Frozen Egg 2":14,"MawBank":79,"GoldenEye":183,"Busted Crown":8,"Ornamental Fan":91,"Turnip":38,"Art of War":36,"Bottled Lightning":182,"ReplayTheSpireMod:Ring of Challenge":81,"Ice Cream":23,"Gremlin Horn":20,"Nilry\u0027s Codex":75,"CeramicFish":157,"Vajra":77,"Sozu":154,"Centennial Puzzle":5,"Strawberry":13,"Prayer Wheel":93,"Iron Hammer":167,"Byrd Skull":66,"Happy Flower":91,"Astrolabe":172,"Oddly Smooth Stone":57,"Ring of Chaos":122,"War Paint":139,"OrangePellets":93,"Bottled Flame":70,"Replay:Baseball":93,"Shuriken":177,"Bronze Scales":6,"Simple Rune":91,"Pocketwatch":41,"Meat on the Bone":117,"Darkstone Periapt":18,"ReplayFunnel":91,"Mango":19,"Snake Skull":78,"Incense Burner":87,"Juzu Bracelet":181,"Dream Catcher":37,"Nunchaku":75,"Replay:Bandana":100,"Pantograph":12,"Gambling Chip":27,"Replay:Drink Me":161,"Red Skull":47,"Gremlin Food":87,"ReplayTheSpireMod:Ninjato":156,"Replay:Towering Pillar of Hats":66,"Quantum Egg":87,"Guide Book":93,"Replay:WaspNest":61,"Orichalcum":92,"Medical Kit":119,"Mercury Hourglass":61,"Peace Pipe":146,"Anchor":66,"CaptainsWheel":86,"Pondfish Scales":91,"DataDisk":126,"Snack Pack":48,"Membership Card":61,"FossilizedHelix":151},{"Vampiric Spirits":244,"Whetstone":364,"Boot":364,"Sling":364,"Blood Vial":107,"Replay:Bronze Core":537,"MealTicket":230,"Fusion Hammer":315,"Electric Blood":208,"Replay:Bottled Steam":471,"Pear":484,"Blue Candle":123,"Tingsha":376,"Paper Crane":257,"Cables":637,"SlaversCollar":100,"Snecko Scales":459,"Bird Faced Urn":86,"Mark of Pain":0,"StrikeDummy":392,"Regal Pillow":376,"Lantern":706,"Singing Bowl":82,"Magic Flower":200,"Painkiller Herb":279,"Bag of Preparation":364,"Replay:Multitool":475,"Cursed Key":130,"Burning Blood":0,"Pet Ghost":224,"Replay:Rubber Ducky":364,"Matryoshka":244,"InkBottle":568,"The Specimen":292,"Golden Idol":17,"Basket Of Snakes":325,"Thread and Needle":718,"The Courier":25,"PreservedInsect":40,"Geode":594,"Frozen Egg 2":51,"MawBank":304,"GoldenEye":727,"Busted Crown":30,"Ornamental Fan":364,"Turnip":156,"Art of War":146,"Bottled Lightning":724,"ReplayTheSpireMod:Ring of Challenge":318,"Ice Cream":93,"Gremlin Horn":78,"Nilry\u0027s Codex":288,"CeramicFish":657,"Vajra":296,"Sozu":646,"Centennial Puzzle":17,"Strawberry":48,"Prayer Wheel":376,"Iron Hammer":681,"Byrd Skull":257,"Happy Flower":364,"Astrolabe":695,"Oddly Smooth Stone":226,"Ring of Chaos":484,"War Paint":559,"OrangePellets":376,"Bottled Flame":268,"Replay:Baseball":376,"Shuriken":710,"Bronze Scales":20,"Simple Rune":364,"Pocketwatch":170,"Meat on the Bone":463,"Darkstone Periapt":65,"ReplayFunnel":364,"Mango":73,"Snake Skull":300,"Incense Burner":344,"Juzu Bracelet":721,"Dream Catcher":151,"Nunchaku":288,"Replay:Bandana":399,"Pantograph":44,"Gambling Chip":111,"Replay:Drink Me":667,"Red Skull":189,"Gremlin Food":344,"ReplayTheSpireMod:Ninjato":655,"Replay:Towering Pillar of Hats":257,"Quantum Egg":344,"Guide Book":376,"Replay:WaspNest":244,"Orichalcum":369,"Medical Kit":471,"Mercury Hourglass":244,"Peace Pipe":594,"Anchor":257,"CaptainsWheel":341,"Pondfish Scales":364,"DataDisk":505,"Snack Pack":196,"Membership Card":244,"FossilizedHelix":621}]},"card_choices":[{"not_picked":["FollowUp","Replay:Battleflow"],"picked":"FlurryOfBlows","floor":1},{"not_picked":["SashWhip","FlyingSleeves"],"picked":"FlurryOfBlows","floor":6},{"not_picked":["Replay:AtTheReady","ReachHeaven"],"picked":"Brilliance","floor":8},{"not_picked":["Halt","Collect"],"picked":"FearNoEvil","floor":10},{"not_picked":["Study","WheelKick","BowlingBash"],"picked":"SKIP","floor":11},{"not_picked":["Study","WheelKick","BowlingBash"],"picked":"SKIP","floor":11},{"not_picked":["CutThroughFate","EmptyFist"],"picked":"Halt","floor":13},{"not_picked":["MasterReality","Wish"],"picked":"DevaForm","floor":16},{"not_picked":["Swivel","ClearTheMind"],"picked":"MentalFortress+1","floor":18},{"not_picked":["Consecrate","Worship"],"picked":"Halt","floor":19},{"not_picked":["Protect+1","CutThroughFate"],"picked":"JustLucky+1","floor":20},{"not_picked":["SashWhip","Replay:DivineShield","ThirdEye"],"picked":"SKIP","floor":21},{"not_picked":["Brilliance","Replay:DivineShield+1","SashWhip"],"picked":"SKIP","floor":24},{"not_picked":["SashWhip+1","BattleHymn"],"picked":"WaveOfTheHand","floor":25},{"not_picked":["Fasting2","JustLucky"],"picked":"Consecrate","floor":27},{"not_picked":["Weave","JustLucky"],"picked":"Replay:ManipulateFuture","floor":28},{"not_picked":["Perseverance","Consecrate"],"picked":"Indignation","floor":29},{"not_picked":["Prostrate","BattleHymn"],"picked":"LessonLearned","floor":30},{"not_picked":["WheelKick","Halt"],"picked":"JustLucky","floor":31},{"not_picked":["MasterReality","Blasphemy"],"picked":"DeusExMachina","floor":33},{"not_picked":["Evaluate+1","JustLucky","BowlingBash+1"],"picked":"SKIP","floor":35},{"not_picked":["CrushJoints+1","Vengeance"],"picked":"Nirvana+1","floor":36},{"not_picked":["Nirvana","Swivel+1","Replay:Cycle"],"picked":"SKIP","floor":40},{"not_picked":["Replay:ManipulateFuture","ClearTheMind","Worship"],"picked":"SKIP","floor":42},{"not_picked":["Worship","FlurryOfBlows","BowlingBash"],"picked":"SKIP","floor":45},{"not_picked":["Wish","ClearTheMind+1","Meditate+1"],"picked":"SKIP","floor":46},{"not_picked":["SignatureMove","ForeignInfluence","CarveReality+1"],"picked":"SKIP","floor":48},{"not_picked":["CrushJoints+1","SignatureMove"],"picked":"ConjureBlade","floor":54}],"player_experience":3983426,"relics_obtained":[{"floor":6,"key":"ReplayTheSpireMod:Ninjato"},{"floor":8,"key":"CeramicFish"},{"floor":9,"key":"Pear"},{"floor":10,"key":"Replay:Baseball"},{"floor":24,"key":"Nunchaku"},{"floor":27,"key":"Iron Hammer"},{"floor":29,"key":"MealTicket"},{"floor":38,"key":"Replay:Towering Pillar of Hats"},{"floor":40,"key":"Lantern"},{"floor":43,"key":"Shuriken"},{"floor":47,"key":"Thread and Needle"},{"floor":48,"key":"Juzu Bracelet"},{"floor":54,"key":"GoldenEye"}],"event_choices":[{"damage_healed":0,"gold_gain":0,"player_choice":"Ignored","damage_taken":0,"max_hp_gain":0,"max_hp_loss":0,"event_name":"Liars Game","floor":3,"gold_loss":0},{"cards_removed":["Defend_P"],"damage_healed":0,"gold_gain":0,"player_choice":"Card Removal","damage_taken":7,"max_hp_gain":0,"max_hp_loss":0,"event_name":"Golden Wing","floor":4,"gold_loss":0},{"damage_healed":0,"gold_gain":0,"player_choice":"Grow","damage_taken":0,"max_hp_gain":0,"max_hp_loss":0,"event_name":"Living Wall","floor":14,"gold_loss":0,"cards_upgraded":["Halt"]},{"damage_healed":0,"gold_gain":0,"player_choice":"Ignored","damage_taken":0,"max_hp_gain":0,"max_hp_loss":0,"event_name":"Vampires","floor":22,"gold_loss":0},{"damage_healed":0,"gold_gain":0,"player_choice":"Max HP","damage_taken":0,"max_hp_gain":0,"max_hp_loss":3,"event_name":"Winding Halls","floor":37,"gold_loss":0},{"damage_healed":0,"gold_gain":0,"player_choice":"Fight","damage_taken":0,"max_hp_gain":0,"max_hp_loss":0,"event_name":"MindBloom","floor":38,"gold_loss":0},{"damage_healed":0,"gold_gain":0,"player_choice":"Fight","damage_taken":0,"max_hp_gain":0,"max_hp_loss":0,"event_name":"Mysterious Sphere","floor":47,"gold_loss":0}],"is_beta":false,"boss_relics":[{"not_picked":["Snecko Eye","Cursed Key"],"picked":"Replay:Drink Me"},{"not_picked":["Abe\u0027s Treasure","ChewingGum"],"picked":"Astrolabe"}],"items_purged_floors":[39,44,53],"is_endless":false,"potions_floor_spawned":[6,13,16,19,20,27,28,31,36,42,45,54],"ascension_level":1}}