{"host":"ftwnpa9ceeptmrn1","time":1611306349,"event":{"mods":["Aspiration","BaseMod","Colored Map","Colored Powertips","Conspire","Downfall","Hubris","Infinite Spire","Minty Spire (QoL Compilation)","Relic Stats","StSLib","vexMod"],"gold_per_floor":[115,131,146,166,166,198,210,243,297,325,325,115,142,159,159,257,257,271,282,295,295,14,39,53,82,150,150,162,162,175,187,187,282,282,294,48,48,63,74,107,117,131,131,156,168,168,188,218,218,218,218,218,21,55,55],"floor_reached":56,"language":"ENG","playtime":8368,"items_purged":["Strike_R","Strike_R","Strike_R"],"score":1467,"play_id":"25588fb4-df7c-4fba-b050-fe993bd1ff47","local_time":"20210122030549","is_ascension_mode":true,"campfire_choices":[{"floor":11.0,"key":"REST"},{"floor":15.0,"key":"REST"},{"floor":27.0,"key":"RECALL"},{"data":"Body Slam","floor":29.0,"key":"SMITH"},{"data":"Barricade","floor":32.0,"key":"SMITH"},{"data":"Evolve","floor":49.0,"key":"SMITH"},{"data":"Fire Breathing","floor":52.0,"key":"SMITH"}],"circlet_count":0,"master_deck":["Strike_R","Strike_R","Defend_R","Defend_R","Defend_R","Defend_R","Bash","Disarm","Iron Wave","Limit Break","Second Wind","Flame Barrier","Pommel Strike","Body Slam+1","Clothesline","hubris:Insight","Evolve+1","Reckless Charge","Metallicize","Barricade+1","Iron Wave+1","Reckless Charge+1","Spot Weakness","Pain","Fire Breathing+1","Dropkick","True Grit+1","Flex","Headbutt+1","Limit Break","Body Slam+1","Double Tap","CurseOfTheBell","Armaments+1","conspire:Banana+1","Sentinel","Flex","Uppercut","Rupture","Metallicize","Cleave+1","Shrug It Off+1","Parasite","hubris:CleavingFinish","Metallicize+1","Impervious","Dark Embrace","Havoc","Seeing Red","Metallicize"],"relics":["Burning Blood","infinitespire:Satchel","vexMod:Dragonfruit","Vajra","Bottled Flame","aspiration:HiddenCompartment","Mark of Pain","WarpedTongs","Frozen Eye","Pen Nib","HornCleat","Calling Bell","Question Card","Mango","aspiration:Lifesprig","aspiration:SeaSaltIceCream","MealTicket","hubris:BottledRain","Bottled Tornado","Charon\u0027s Ashes","Boot"],"acts_visited":["Exordium","TheCity","TheBeyond","TheEnding"],"potions_floor_usage":[55,55],"damage_taken":[{"damage":2.0,"enemies":"conspire:RoseBush","floor":1.0,"turns":4.0},{"damage":2.0,"enemies":"Cultist","floor":2.0,"turns":4.0},{"damage":5.0,"enemies":"2 Louse","floor":3.0,"turns":3.0},{"damage":11.0,"enemies":"Red Slaver","floor":4.0,"turns":4.0},{"damage":20.0,"enemies":"Gremlin Nob","floor":6.0,"turns":5.0},{"damage":7.0,"enemies":"3 Louse","floor":7.0,"turns":3.0},{"damage":50.0,"enemies":"Lagavulin","floor":8.0,"turns":9.0},{"damage":13.0,"enemies":"3 Sentries","floor":10.0,"turns":6.0},{"damage":28.0,"enemies":"Lagavulin","floor":13.0,"turns":9.0},{"damage":10.0,"enemies":"Exordium Thugs","floor":14.0,"turns":3.0},{"damage":16.0,"enemies":"The Guardian","floor":16.0,"turns":10.0},{"damage":2.0,"enemies":"Shell Parasite","floor":18.0,"turns":7.0},{"damage":18.0,"enemies":"Spheric Guardian","floor":19.0,"turns":6.0},{"damage":3.0,"enemies":"Snecko","floor":20.0,"turns":6.0},{"damage":3.0,"enemies":"conspire:Head Lice","floor":23.0,"turns":6.0},{"damage":7.0,"enemies":"Centurion and Healer","floor":24.0,"turns":5.0},{"damage":33.0,"enemies":"Book of Stabbing","floor":25.0,"turns":6.0},{"damage":7.0,"enemies":"Shelled Parasite and Fungi","floor":28.0,"turns":4.0},{"damage":0.0,"enemies":"Cultist and Chosen","floor":30.0,"turns":4.0},{"damage":29.0,"enemies":"Sentry and Sphere","floor":31.0,"turns":6.0},{"damage":47.0,"enemies":"Automaton","floor":33.0,"turns":9.0},{"damage":4.0,"enemies":"3 Shapes","floor":35.0,"turns":3.0},{"damage":4.0,"enemies":"Orb Walker","floor":38.0,"turns":4.0},{"damage":3.0,"enemies":"4 Shapes","floor":39.0,"turns":4.0},{"damage":10.0,"enemies":"Nemesis","floor":40.0,"turns":5.0},{"damage":50.0,"enemies":"Transient","floor":41.0,"turns":5.0},{"damage":24.0,"enemies":"Jaw Worm Horde","floor":42.0,"turns":5.0},{"damage":17.0,"enemies":"Reptomancer","floor":44.0,"turns":7.0},{"damage":4.0,"enemies":"Writhing Mass","floor":45.0,"turns":7.0},{"damage":3.0,"enemies":"Spire Growth","floor":47.0,"turns":3.0},{"damage":5.0,"enemies":"Nemesis","floor":48.0,"turns":7.0},{"damage":45.0,"enemies":"conspire:OrnateMirror","floor":50.0,"turns":12.0},{"damage":100.0,"enemies":"Shield and Spear","floor":54.0,"turns":8.0},{"damage":92,"enemies":"The Heart","floor":55,"turns":11}],"seed_played":"5762244516887612833","potions_obtained":[{"floor":3.0,"key":"AttackPotion"},{"floor":8.0,"key":"CultistPotion"},{"floor":14.0,"key":"PowerPotion"},{"floor":16.0,"key":"EssenceOfSteel"},{"floor":19.0,"key":"GamblersBrew"},{"floor":24.0,"key":"BloodPotion"},{"floor":25.0,"key":"FairyPotion"},{"floor":39.0,"key":"SpeedPotion"},{"floor":45.0,"key":"BlessingOfTheForge"},{"floor":47.0,"key":"Strength Potion"}],"is_trial":false,"path_per_floor":["M","M","M","M","?","E","M","E","T","E","R","$","E","M","R","B",null,"M","M","M","?","$","E","M","E","T","R","M","R","M","M","R","B",null,"M","$","?","M","M","E","M","M","T","E","M","?","M","E","R","B",null,"R","$","E","B",null],"character_chosen":"IRONCLAD","items_purchased":["hubris:Insight","Evolve","Fire Breathing","Frozen Eye","conspire:Banana","Sentinel","Dark Embrace","Havoc","Seeing Red","Swift Potion"],"campfire_rested":2,"item_purchase_floors":[12,12,22,22,36,36,53,53,53,53],"current_hp_per_floor":[88,88,88,83,83,69,68,29,29,22,49,49,27,23,50,40,93,93,81,84,84,84,87,86,59,59,59,58,58,64,41,41,18,107,107,107,107,107,107,105,63,47,47,38,42,54,57,60,60,23,121,121,121,29,23],"gold":55,"neow_bonus":"TEN_PERCENT_HP_BONUS","is_daily":false,"chose_seed":false,"campfire_upgraded":4,"win_rate":0.0,"timestamp":1611306349,"path_taken":["M","M","M","M","?","E","M","E","T","E","R","$","E","M","R","BOSS","M","M","M","?","$","E","M","E","T","R","?","R","M","M","R","BOSS","M","$","?","M","M","E","M","M","T","E","?","?","M","E","R","BOSS","R","$","E","BOSS"],"items_purchased_type":["Card","Card","Card","Relic","Card","Card","Card","Card","Card","Potion"],"build_version":"2020-12-22","purchased_purges":3,"victory":true,"max_hp_per_floor":[88,88,88,88,88,88,88,93,93,93,93,93,93,93,93,93,93,93,93,93,93,93,93,93,93,93,93,93,93,93,93,93,93,107,107,107,107,107,107,109,111,113,113,115,117,117,117,119,119,121,121,121,121,123,125],"relic_stats":{"counters":[34,200],"MealTicket":0,"Pen Nib":[18],"Charon\u0027s Ashes":[63],"Question Card":15,"Boot":[0],"obtain_stats":[{"aspiration:Lifesprig":34,"Vajra":9,"Mango":34,"Pen Nib":23,"Charon\u0027s Ashes":48,"aspiration:SeaSaltIceCream":40,"Bottled Tornado":44,"aspiration:HiddenCompartment":13,"Question Card":34,"Boot":54,"Burning Blood":0,"WarpedTongs":21,"vexMod:Dragonfruit":8,"Calling Bell":34,"Frozen Eye":22,"Bottled Flame":10,"HornCleat":25,"infinitespire:Satchel":6,"MealTicket":40,"Mark of Pain":17,"hubris:BottledRain":43},{"aspiration:Lifesprig":21,"Vajra":7,"Mango":21,"Pen Nib":15,"Charon\u0027s Ashes":31,"aspiration:SeaSaltIceCream":25,"Bottled Tornado":28,"aspiration:HiddenCompartment":9,"Question Card":21,"Boot":33,"Burning Blood":0,"WarpedTongs":14,"vexMod:Dragonfruit":7,"Calling Bell":21,"Frozen Eye":14,"Bottled Flame":8,"HornCleat":17,"infinitespire:Satchel":5,"MealTicket":25,"Mark of Pain":11,"hubris:BottledRain":27},{"aspiration:Lifesprig":119,"Vajra":32,"Mango":119,"Pen Nib":85,"Charon\u0027s Ashes":169,"aspiration:SeaSaltIceCream":135,"Bottled Tornado":152,"aspiration:HiddenCompartment":47,"Question Card":119,"Boot":189,"Burning Blood":0,"WarpedTongs":79,"vexMod:Dragonfruit":32,"Calling Bell":119,"Frozen Eye":79,"Bottled Flame":38,"HornCleat":96,"infinitespire:Satchel":20,"MealTicket":135,"Mark of Pain":60,"hubris:BottledRain":145}],"Burning Blood":184,"WarpedTongs":[121]},"card_choices":[{"not_picked":["Anger","Thunderclap"],"picked":"Disarm","floor":1.0},{"not_picked":["Havoc","Warcry"],"picked":"Iron Wave","floor":2.0},{"not_picked":["Havoc","Perfected Strike"],"picked":"Limit Break","floor":3.0},{"not_picked":["Clash","Power Through"],"picked":"Second Wind","floor":4.0},{"not_picked":["Havoc","Bloodletting"],"picked":"Flame Barrier","floor":6.0},{"not_picked":["Second Wind","Perfected Strike"],"picked":"Pommel Strike","floor":7.0},{"not_picked":["Armaments","hubris:ReadiedAction"],"picked":"Body Slam","floor":8.0},{"not_picked":["Impervious","Sword Boomerang"],"picked":"Clothesline","floor":10.0},{"not_picked":["Wild Strike","conspire:Charge"],"picked":"Reckless Charge","floor":13.0},{"not_picked":["Sever Soul","Headbutt"],"picked":"Metallicize","floor":14.0},{"not_picked":["Impervious","conspire:Purge"],"picked":"Barricade","floor":16.0},{"not_picked":["Flex","Body Slam"],"picked":"Iron Wave+1","floor":18.0},{"not_picked":["Pommel Strike+1","Havoc+1"],"picked":"Reckless Charge+1","floor":19.0},{"not_picked":["Rage","Warcry"],"picked":"Spot Weakness","floor":20.0},{"not_picked":["Double Tap","Iron Wave"],"picked":"Dropkick","floor":23.0},{"not_picked":["Clothesline","Pommel Strike"],"picked":"True Grit+1","floor":24.0},{"not_picked":["Shrug It Off","Bloodletting+1"],"picked":"Flex","floor":25.0},{"not_picked":["True Grit","Reckless Charge+1"],"picked":"Headbutt+1","floor":28.0},{"not_picked":["Flex","Flame Barrier+1"],"picked":"Limit Break","floor":30.0},{"not_picked":["Heavy Blade+1","hubris:ReadiedAction"],"picked":"Body Slam+1","floor":31.0},{"not_picked":["Corruption","Juggernaut"],"picked":"Double Tap","floor":33.0},{"not_picked":["Sword Boomerang+1","Battle Trance","Cleave+1"],"picked":"Armaments+1","floor":35.0},{"not_picked":["Combust+1","Armaments","Pommel Strike"],"picked":"Flex","floor":38.0},{"not_picked":["Reckless Charge+1","Searing Blow","True Grit"],"picked":"Uppercut","floor":39.0},{"not_picked":["Bludgeon","Headbutt+1","infinitespire:OneForAll"],"picked":"Rupture","floor":40.0},{"not_picked":["Warcry+1","True Grit+1","Anger+1"],"picked":"Metallicize","floor":41.0},{"not_picked":["Blood for Blood+1","Clash","Immolate"],"picked":"Cleave+1","floor":42.0},{"not_picked":["Cleave","Flame Barrier","Twin Strike+1"],"picked":"Shrug It Off+1","floor":44.0},{"not_picked":["Power Through+1","Second Wind","Armaments+1"],"picked":"hubris:CleavingFinish","floor":45.0},{"not_picked":["Sever Soul+1","Cleave","Sword Boomerang"],"picked":"Metallicize+1","floor":47.0},{"not_picked":["Shrug It Off","Havoc","Flex+1"],"picked":"Impervious","floor":48.0},{"not_picked":["Rupture","Flex","Second Wind"],"picked":"Metallicize","floor":54.0}],"player_experience":299068,"relics_obtained":[{"floor":6.0,"key":"infinitespire:Satchel"},{"floor":8.0,"key":"vexMod:Dragonfruit"},{"floor":9.0,"key":"Vajra"},{"floor":10.0,"key":"Bottled Flame"},{"floor":13.0,"key":"aspiration:HiddenCompartment"},{"floor":23.0,"key":"Pen Nib"},{"floor":25.0,"key":"HornCleat"},{"floor":34.0,"key":"Question Card"},{"floor":34.0,"key":"Mango"},{"floor":34.0,"key":"aspiration:Lifesprig"},{"floor":40.0,"key":"aspiration:SeaSaltIceCream"},{"floor":43.0,"key":"hubris:BottledRain"},{"floor":44.0,"key":"Bottled Tornado"},{"floor":48.0,"key":"Charon\u0027s Ashes"},{"floor":54.0,"key":"Boot"}],"event_choices":[{"damage_healed":0.0,"max_hp_gain":0.0,"max_hp_loss":0.0,"gold_gain":0.0,"event_name":"Accursed Blacksmith","player_choice":"Rummage","floor":21.0,"gold_loss":0.0,"damage_taken":0.0,"relics_obtained":["WarpedTongs"],"cards_obtained":["Pain"]},{"damage_healed":0.0,"max_hp_gain":0.0,"max_hp_loss":0.0,"gold_gain":0.0,"event_name":"Upgrade Shrine","player_choice":"Upgraded","floor":37.0,"gold_loss":0.0,"damage_taken":0.0,"cards_upgraded":["conspire:Banana"]}],"is_beta":false,"boss_relics":[{"not_picked":["Philosopher\u0027s Stone","aspiration:RunicSpoon"],"picked":"Mark of Pain"},{"not_picked":["conspire:RoyalGoblet","vexMod:MysteryBossChallenge"],"picked":"Calling Bell"}],"items_purged_floors":[12,22,36],"is_endless":false,"potions_floor_spawned":[3,8,14,16,19,24,25,28,39,40,45,47],"ascension_level":1}}