{"host":"fqepcc6wiujntn7y","time":1611324201,"event":{"mods":["AchievementEnabler","BaseMod","Minty Spire (QoL Compilation)","Quick Restart","Replay The Spire","StSLib","The Jungle"],"gold_per_floor":[112,124,142,66,78,111,111,186,186,213,58,58,58,68,68,164,164,181,193,205,221,221,246,258,290,290,290,72,92,92,117,117,133,133],"floor_reached":33,"language":"ENG","playtime":2393,"items_purged":["Strike_R"],"score":333,"play_id":"11a3efdd-26ca-430c-9b1c-1dd44df62f02","local_time":"20210122140321","is_ascension_mode":true,"campfire_choices":[{"floor":7,"key":"REST"},{"floor":12,"key":"REST"},{"floor":15,"key":"REST"},{"floor":27,"key":"REST"},{"floor":32,"key":"REST"}],"circlet_count":0,"master_deck":["Strike_R","Defend_R","Defend_R","Defend_R","Defend_R","Bash","Regret","Body Slam","Anger","Demonic Infusion","Inflame","Thunderclap","Anger","Shrug It Off","Fire Breathing+1","Cleave","Feed","Sever Soul+1","Ghostly Armor+1","Headbutt+1","Wild Strike","True Grit","Metallicize+1","Inflame","Life Link+1","Flex","Cleave","Fire Breathing","Dark Embrace","Metallicize","Dark Embrace"],"relics":["Burning Blood","Charon\u0027s Ashes","Replay:Accelerometer","Self Forming Clay","King of Hearts","Replay:Grab Bag","Sozu","Replay:Fungal Core","Astrolabe","Vajra","Meat on the Bone","Calipers","OrangePellets","Replay:Bandana"],"acts_visited":["Exordium","TheCity"],"potions_floor_usage":[23,24,25],"damage_taken":[{"damage":9,"enemies":"Cultist","floor":1,"turns":3},{"damage":17,"enemies":"Jaw Worm","floor":2,"turns":4},{"damage":5,"enemies":"2 Louse","floor":3,"turns":3},{"damage":16,"enemies":"Looter","floor":5,"turns":5},{"damage":31,"enemies":"Gremlin Nob","floor":6,"turns":4},{"damage":30,"enemies":"3 Sentries","floor":10,"turns":7},{"damage":9,"enemies":"Large Slime","floor":14,"turns":5},{"damage":13,"enemies":"Fading Forest","floor":16,"turns":11},{"damage":5,"enemies":"Shell Parasite","floor":18,"turns":4},{"damage":9,"enemies":"Chosen","floor":19,"turns":4},{"damage":16,"enemies":"Snake Plant","floor":20,"turns":5},{"damage":0,"enemies":"3 Cultists","floor":21,"turns":4},{"damage":31,"enemies":"Slavers","floor":23,"turns":6},{"damage":24,"enemies":"Shelled Parasite and Fungi","floor":24,"turns":6},{"damage":34,"enemies":"Book of Stabbing","floor":25,"turns":5},{"damage":16,"enemies":"Snake Plant","floor":29,"turns":4},{"damage":46,"enemies":"Gremlin Leader","floor":31,"turns":6},{"damage":54,"enemies":"Collector","floor":33,"turns":7}],"seed_played":"-4435878388833643742","potions_obtained":[{"floor":2,"key":"BloodPotion"},{"floor":3,"key":"Ancient Potion"},{"floor":14,"key":"EssenceOfSteel"}],"is_trial":false,"path_per_floor":["M","M","M","$","M","E","R","?","T","E","$","R","?","M","R","B",null,"M","M","M","M","?","E","M","E","T","R","$","M","?","E","R","B"],"character_chosen":"IRONCLAD","items_purchased":["Inflame","Fire Breathing","Fire Breathing","OrangePellets"],"campfire_rested":5,"item_purchase_floors":[4,11,28,28],"current_hp_per_floor":[77,66,67,67,57,32,56,45,45,21,21,45,45,42,66,59,80,80,77,70,76,76,54,53,25,25,50,50,52,52,24,49,0,0],"gold":133,"neow_bonus":"RANDOM_EVENT","is_daily":false,"chose_seed":false,"campfire_upgraded":0,"win_rate":0.0,"timestamp":1611324201,"path_taken":["M","M","M","$","M","E","R","?","T","E","$","R","?","?","R","BOSS","M","M","M","M","?","E","M","E","T","R","$","M","?","E","R","BOSS"],"items_purchased_type":["Card","Card","Card","Relic"],"build_version":"2020-12-22","purchased_purges":1,"victory":false,"max_hp_per_floor":[80,80,80,80,80,80,80,80,80,80,80,80,80,80,80,80,80,80,80,83,83,83,86,86,86,86,86,86,86,86,86,86,86,86],"card_choices":[{"not_picked":["Warcry","Wild Strike"],"picked":"Body Slam","floor":1},{"not_picked":["ReplayTheSpireMod:Muscle Training","Headbutt"],"picked":"Anger","floor":2},{"not_picked":["Rage","Battle Trance"],"picked":"Demonic Infusion","floor":3},{"not_picked":["ReplayTheSpireMod:LeadingStrike","Run Through"],"picked":"Thunderclap","floor":5},{"not_picked":["Rampage","Offering"],"picked":"Anger","floor":6},{"not_picked":["True Grit","Clash"],"picked":"Shrug It Off","floor":10},{"not_picked":["Anger","True Grit"],"picked":"Cleave","floor":14},{"not_picked":["Hemogenesis","Replay:Many Hands"],"picked":"Feed","floor":16},{"not_picked":["Burning Pact","Bloodletting+1"],"picked":"Wild Strike","floor":18},{"not_picked":["Combust","Searing Blow"],"picked":"True Grit","floor":19},{"not_picked":["Disarm","ReplayReversal"],"picked":"Metallicize+1","floor":20},{"not_picked":["ReplayTheSpireMod:Stacked","Perfected Strike"],"picked":"Inflame","floor":21},{"not_picked":["ReplayTheSpireMod:Stacked","Carnage+1"],"picked":"Life Link+1","floor":23},{"not_picked":["Defy Death+1","Headbutt"],"picked":"Flex","floor":24},{"not_picked":["Sword Boomerang","Fiend Fire"],"picked":"Cleave","floor":25},{"not_picked":["Massacre","Headbutt+1"],"picked":"Dark Embrace","floor":29},{"not_picked":["ReplayTheSpireMod:Strike From Hell","Replay:Undeath\u0027s Touch+1"],"picked":"Dark Embrace","floor":31}],"player_experience":37362,"relics_obtained":[{"floor":6,"key":"Replay:Accelerometer"},{"floor":9,"key":"Self Forming Clay"},{"floor":10,"key":"King of Hearts"},{"floor":23,"key":"Vajra"},{"floor":25,"key":"Meat on the Bone"},{"floor":26,"key":"Calipers"},{"floor":31,"key":"Replay:Bandana"}],"event_choices":[{"damage_healed":0,"gold_gain":0,"player_choice":"Box","damage_taken":0,"relics_obtained":["Charon\u0027s Ashes"],"max_hp_gain":0,"max_hp_loss":0,"event_name":"Big Fish","floor":0,"gold_loss":0,"cards_obtained":["Regret"]},{"damage_healed":0,"gold_gain":75,"player_choice":"Gather Gold","damage_taken":11,"max_hp_gain":0,"max_hp_loss":0,"event_name":"World of Goop","floor":8,"gold_loss":0},{"damage_healed":0,"gold_gain":0,"player_choice":"Upgraded","damage_taken":0,"max_hp_gain":0,"max_hp_loss":0,"event_name":"Upgrade Shrine","floor":13,"gold_loss":0,"cards_upgraded":["Fire Breathing"]},{"damage_healed":0,"gold_gain":0,"player_choice":"Ignored","damage_taken":0,"max_hp_gain":0,"max_hp_loss":0,"event_name":"Vampires","floor":22,"gold_loss":0},{"damage_healed":0,"gold_gain":0,"player_choice":"Read","damage_taken":0,"max_hp_gain":0,"max_hp_loss":0,"event_name":"The Library","floor":30,"gold_loss":0,"cards_obtained":["Metallicize"]}],"is_beta":false,"boss_relics":[{"not_picked":["Philosopher\u0027s Stone","Ring of Chaos"],"picked":"Replay:Grab Bag"},{"not_picked":["Coffee Dripper","Painkiller Herb"],"picked":"Sozu"},{"not_picked":["ReplayTheSpireMod:Onyx Gauntlets","Velvet Choker"],"picked":"Replay:Fungal Core"},{"not_picked":["Runic Pyramid","SacredBark"],"picked":"Astrolabe"}],"items_purged_floors":[11],"is_endless":false,"potions_floor_spawned":[2,3,14,16,20,21,25,29,31],"killed_by":"Collector","ascension_level":1}}