{"host":"nlowmoq7gy18n72d","time":1611301088,"event":{"mods":["BaseMod","Colored Powertips","Downfall","Hermit","Highlight Path","Infinite Spire","Jorbs\u0027s Wanderer Trilogy","Minty Spire (QoL Compilation)","StSLib","The Cursed"],"gold_per_floor":[118,118,190,87,87,87,106,106,106,281,281,231,263,10,10,115,115,128,143,158,177,195,195,195],"floor_reached":23,"language":"ENG","playtime":965,"items_purged":[],"score":189,"play_id":"3e7bca2a-939c-415a-9735-86f44c73486d","local_time":"20210122103808","is_ascension_mode":false,"campfire_choices":[{"data":"hermit:Determination","floor":6,"key":"SMITH"},{"data":"hermit:ShadowCloak","floor":8,"key":"SMITH"},{"data":"hermit:ItchyTrigger","floor":11,"key":"SMITH"},{"data":"hermit:Manifest","floor":15,"key":"SMITH"}],"circlet_count":0,"master_deck":["hermit:Strike_Hermit","hermit:Strike_Hermit","hermit:Strike_Hermit","hermit:Defend_Hermit","hermit:Defend_Hermit","hermit:Defend_Hermit","hermit:Defend_Hermit","hermit:Snapshot+1","hermit:Covet","hermit:Determination+1","hermit:ShadowCloak+1","hermit:Horror","hermit:ItchyTrigger+1","Doubt","hermit:Manifest+1","hermit:HeroicBravado","hermit:TrackingShot","hermit:NoHoldsBarred","hermit:ShadowCloak","hermit:Ricochet+1","hermit:SprayPray"],"relics":["hermit:Momento","Boot","HornCleat","Pantograph","infinitespire:WardingShard","Coffee Dripper"],"acts_visited":["Exordium","TheCity"],"potions_floor_usage":[16,16],"damage_taken":[{"damage":1,"enemies":"Jaw Worm","floor":1,"turns":4},{"damage":8,"enemies":"2 Louse","floor":7,"turns":3},{"damage":15,"enemies":"Gremlin Nob","floor":13,"turns":5},{"damage":69,"enemies":"Hexaghost","floor":16,"turns":17},{"damage":1,"enemies":"Shell Parasite","floor":18,"turns":5},{"damage":20,"enemies":"Spheric Guardian","floor":19,"turns":8},{"damage":13,"enemies":"Centurion and Healer","floor":20,"turns":5},{"damage":13,"enemies":"Snecko","floor":21,"turns":5},{"damage":11,"enemies":"Snake Plant","floor":22,"turns":4},{"damage":26,"enemies":"Gremlin Leader","floor":23,"turns":5}],"seed_played":"1303377260730161014","potions_obtained":[{"floor":1,"key":"SkillPotion"},{"floor":13,"key":"AttackPotion"},{"floor":20,"key":"champ:CounterPotion"},{"floor":22,"key":"SpeedPotion"}],"is_trial":false,"path_per_floor":["M","?","?","$","?","R","M","R","T","?","R","?","E","$","R","B",null,"M","M","M","M","M","E"],"character_chosen":"HERMIT","items_purchased":["hermit:ShadowCloak","hermit:Horror","infinitespire:WardingShard"],"campfire_rested":0,"item_purchase_floors":[4,4,14],"current_hp_per_floor":[81,81,81,81,69,69,61,61,61,61,61,61,46,46,46,2,82,81,61,48,35,24,0,0],"gold":195,"neow_bonus":"TEN_PERCENT_HP_BONUS","is_daily":false,"chose_seed":false,"campfire_upgraded":4,"win_rate":0.0,"timestamp":1611301088,"path_taken":["M","?","?","$","?","R","?","R","T","?","R","?","E","?","R","BOSS","M","M","M","M","M","E"],"items_purchased_type":["Card","Card","Relic"],"build_version":"2020-12-22","purchased_purges":0,"victory":false,"max_hp_per_floor":[82,82,82,82,82,82,82,82,82,82,82,82,82,82,82,82,82,82,82,82,82,82,82,82],"card_choices":[{"not_picked":["hermit:LuckOfTheDraw","hermit:CalledShot"],"picked":"hermit:Determination","floor":1},{"not_picked":["hermit:Virtue","hermit:HighCaliber"],"picked":"hermit:ItchyTrigger","floor":7},{"not_picked":["hermit:Headshot","hermit:DeadMansHand"],"picked":"hermit:Manifest","floor":13},{"not_picked":["hermit:Adapt","hermit:OverwhelmingPower"],"picked":"hermit:HeroicBravado","floor":16},{"not_picked":["hermit:Dive","hermit:Cheat"],"picked":"hermit:TrackingShot","floor":18},{"not_picked":["hermit:Midnight","hermit:CalledShot"],"picked":"hermit:NoHoldsBarred","floor":19},{"not_picked":["hermit:Desperado+1","hermit:CalledShot"],"picked":"hermit:ShadowCloak","floor":20},{"not_picked":["hermit:Glare","hermit:Grudge"],"picked":"hermit:Ricochet+1","floor":21},{"not_picked":["hermit:Snipe","hermit:TakeAim"],"picked":"hermit:SprayPray","floor":22}],"player_experience":705822,"relics_obtained":[{"floor":9,"key":"HornCleat"},{"floor":13,"key":"Pantograph"}],"event_choices":[{"damage_healed":0,"gold_gain":72,"player_choice":"Gained Gold","damage_taken":0,"max_hp_gain":0,"max_hp_loss":0,"event_name":"Golden Wing","floor":3,"gold_loss":0},{"damage_healed":0,"gold_gain":0,"player_choice":"Success","damage_taken":12,"relics_obtained":["Boot"],"max_hp_gain":0,"max_hp_loss":0,"event_name":"Scrap Ooze","floor":5,"gold_loss":0},{"damage_healed":0,"gold_gain":175,"player_choice":"AGREE","damage_taken":0,"max_hp_gain":0,"max_hp_loss":0,"event_name":"Liars Game","floor":10,"gold_loss":0,"cards_obtained":["Doubt"]},{"cards_removed":["hermit:Strike_Hermit"],"damage_healed":0,"gold_gain":0,"player_choice":"Card Removal","damage_taken":0,"max_hp_gain":0,"max_hp_loss":0,"event_name":"The Cleric","floor":12,"gold_loss":50}],"is_beta":false,"boss_relics":[{"not_picked":["Snecko Eye","expansioncontent:StudyCardRelic"],"picked":"Coffee Dripper"}],"items_purged_floors":[],"is_endless":false,"potions_floor_spawned":[1,13,20,22],"killed_by":"Gremlin Leader","ascension_level":0}}