{"host":"Sean","time":1611332568,"event":{"mods":["BaseMod","Block Reminder","Colored Map","Colored Powertips","Highlight Path","Minty Spire (QoL Compilation)","Permanent Neow","Relic Stats"],"gold_per_floor":[110,123,123,141,161,161,196,196,220,50,70,88,118,118,118,220,220,235,252,8,8,22,53,72,72,72,106,124,124,143,143,143,244,244,257,268,284,301,312,312,337,352,352,352,352],"floor_reached":44,"language":"ENG","playtime":5516,"items_purged":["Strike_P"],"score":653,"play_id":"958a34e2-a782-4501-8a5d-7b8c2adb6d4c","local_time":"20210122162248","is_ascension_mode":true,"campfire_choices":[{"data":"Eruption","floor":6.0,"key":"SMITH"},{"data":"PathToVictory","floor":8.0,"key":"SMITH"},{"data":"Adaptation","floor":15.0,"key":"SMITH"},{"data":"Apotheosis","floor":25.0,"key":"SMITH"},{"floor":29.0,"key":"REST"},{"floor":32.0,"key":"REST"},{"floor":40,"key":"REST"}],"circlet_count":0,"master_deck":["Strike_P","Strike_P","Strike_P","Defend_P","Defend_P","Defend_P","Eruption+1","Vigilance","BattleHymn","FlurryOfBlows","PathToVictory+1","Swivel","EmptyMind","Halt","Study","Adaptation+1","EmptyBody","Vault","Collect+1","LikeWater+1","Apotheosis+1","Vengeance+1","EmptyMind+1","MasterReality","CutThroughFate+1","Evaluate+1","DevaForm","Scrawl","FlurryOfBlows","ForeignInfluence+1","PathToVictory+1","Wallop+1","Alpha"],"relics":["Sozu","MealTicket","Art of War","OrangePellets","Odd Mushroom","Dream Catcher","VioletLotus","FaceOfCleric","Omamori","Anchor","HornCleat","Nloth\u0027s Gift","Fusion Hammer","Blue Candle"],"acts_visited":["Exordium","TheCity","TheBeyond"],"potions_floor_usage":[],"damage_taken":[{"damage":4.0,"enemies":"Jaw Worm","floor":1.0,"turns":3.0},{"damage":2.0,"enemies":"Small Slimes","floor":2.0,"turns":3.0},{"damage":2.0,"enemies":"Cultist","floor":4.0,"turns":4.0},{"damage":11.0,"enemies":"Lots of Slimes","floor":5.0,"turns":3.0},{"damage":12.0,"enemies":"3 Sentries","floor":7.0,"turns":5.0},{"damage":3.0,"enemies":"The Mushroom Lair","floor":11.0,"turns":4.0},{"damage":10.0,"enemies":"Large Slime","floor":12.0,"turns":4.0},{"damage":0.0,"enemies":"Lagavulin","floor":13.0,"turns":3.0},{"damage":19.0,"enemies":"Hexaghost","floor":16.0,"turns":6.0},{"damage":6.0,"enemies":"3 Byrds","floor":18.0,"turns":5.0},{"damage":0.0,"enemies":"Shell Parasite","floor":19.0,"turns":4.0},{"damage":0.0,"enemies":"Snecko","floor":22.0,"turns":4.0},{"damage":23.0,"enemies":"Gremlin Leader","floor":23.0,"turns":6.0},{"damage":0.0,"enemies":"Centurion and Healer","floor":24.0,"turns":5.0},{"damage":14.0,"enemies":"Book of Stabbing","floor":27.0,"turns":6.0},{"damage":2.0,"enemies":"Sentry and Sphere","floor":28.0,"turns":5.0},{"damage":20.0,"enemies":"3 Cultists","floor":30.0,"turns":4.0},{"damage":9.0,"enemies":"Champ","floor":33.0,"turns":8.0},{"damage":0.0,"enemies":"3 Shapes","floor":35.0,"turns":6.0},{"damage":22.0,"enemies":"Orb Walker","floor":36.0,"turns":3.0},{"damage":22.0,"enemies":"Jaw Worm Horde","floor":37.0,"turns":4.0},{"damage":0.0,"enemies":"Maw","floor":38.0,"turns":5.0},{"damage":6,"enemies":"4 Shapes","floor":39,"turns":4},{"damage":13,"enemies":"Giant Head","floor":41,"turns":6},{"damage":23,"enemies":"Spire Growth","floor":42,"turns":5},{"damage":26,"enemies":"Jaw Worm Horde","floor":44,"turns":5}],"seed_played":"-3817514580868813980","potions_obtained":[],"is_trial":false,"path_per_floor":["M","M","?","M","M","R","E","R","T","$","?","M","E","T","R","B",null,"M","M","$","?","M","E","M","R","T","E","M","R","M","?","R","B",null,"M","M","M","M","M","R","E","M","T","M"],"character_chosen":"WATCHER","items_purchased":["OrangePellets","Halt","Apotheosis"],"campfire_rested":3,"item_purchase_floors":[10,10,20],"current_hp_per_floor":[68,66,66,64,53,53,41,41,41,56,53,43,43,43,43,24,72,66,66,72,72,73,51,52,52,52,39,38,61,42,42,65,57,79,80,59,38,39,34,59,47,25,25,0,0],"gold":352,"neow_bonus":"BOSS_RELIC","is_daily":false,"chose_seed":false,"campfire_upgraded":4,"win_rate":0.0,"timestamp":1611332568,"path_taken":["M","M","?","M","M","R","E","R","T","?","?","?","E","?","R","BOSS","M","M","?","?","M","E","M","R","T","E","M","R","?","?","R","BOSS","M","?","M","M","M","R","E","M","T","M"],"items_purchased_type":["Relic","Card","Card"],"build_version":"2020-12-18","purchased_purges":1,"victory":false,"max_hp_per_floor":[72,72,72,72,72,72,72,72,72,72,72,72,72,72,72,72,72,72,72,72,72,73,74,75,75,75,76,77,77,78,78,78,79,79,80,81,82,83,84,84,85,86,86,86,86],"relic_stats":{"Sozu":11,"OrangePellets":[8],"Dream Catcher":3,"FaceOfCleric":14,"counters":[26,120],"Blue Candle":[0],"MealTicket":21,"VioletLotus":[18],"Art of War":[14],"Nloth\u0027s Gift":0,"obtain_stats":[{"Blue Candle":41,"Omamori":23,"Odd Mushroom":11,"Sozu":0,"OrangePellets":10,"Dream Catcher":13,"Anchor":26,"HornCleat":27,"FaceOfCleric":21,"MealTicket":7,"VioletLotus":17,"Fusion Hammer":34,"Art of War":9,"Nloth\u0027s Gift":31,"PureWater":0,"InkBottle":14},{"Blue Candle":24,"Omamori":13,"Odd Mushroom":6,"Sozu":0,"OrangePellets":5,"Dream Catcher":8,"Anchor":14,"HornCleat":15,"FaceOfCleric":11,"MealTicket":5,"VioletLotus":9,"Fusion Hammer":18,"Art of War":5,"Nloth\u0027s Gift":17,"PureWater":0,"InkBottle":8},{"Blue Candle":110,"Omamori":54,"Odd Mushroom":22,"Sozu":0,"OrangePellets":18,"Dream Catcher":29,"Anchor":59,"HornCleat":65,"FaceOfCleric":44,"MealTicket":18,"VioletLotus":35,"Fusion Hammer":82,"Art of War":18,"Nloth\u0027s Gift":74,"PureWater":0,"InkBottle":29}]},"card_choices":[{"not_picked":["ClearTheMind","Prostrate"],"picked":"BattleHymn","floor":1.0},{"not_picked":["ClearTheMind","WindmillStrike"],"picked":"FlurryOfBlows","floor":2.0},{"not_picked":["WreathOfFlame","Protect"],"picked":"PathToVictory","floor":4.0},{"not_picked":["ForeignInfluence","JustLucky"],"picked":"Swivel","floor":5.0},{"not_picked":["FlyingSleeves","ClearTheMind"],"picked":"EmptyMind","floor":7.0},{"not_picked":["Blasphemy","ThirdEye"],"picked":"Study","floor":11.0},{"not_picked":["CarveReality","Sanctity"],"picked":"Adaptation","floor":12.0},{"not_picked":["Pray","Collect"],"picked":"EmptyBody","floor":13.0},{"not_picked":["DeusExMachina","ConjureBlade"],"picked":"Vault","floor":16.0},{"not_picked":["SashWhip","Evaluate"],"picked":"Collect+1","floor":18.0},{"not_picked":["SandsOfTime+1","JustLucky"],"picked":"LikeWater+1","floor":19.0},{"not_picked":["SandsOfTime","ReachHeaven","ThirdEye"],"picked":"SKIP","floor":22.0},{"not_picked":["Sanctity","JustLucky+1"],"picked":"Vengeance+1","floor":23.0},{"not_picked":["ClearTheMind","CutThroughFate"],"picked":"EmptyMind+1","floor":24.0},{"not_picked":["Tantrum","Crescendo+1"],"picked":"MasterReality","floor":27.0},{"not_picked":["CrushJoints","ReachHeaven","Consecrate+1"],"picked":"SKIP","floor":28.0},{"not_picked":["Crescendo","Tantrum"],"picked":"CutThroughFate+1","floor":29.0},{"not_picked":["Wallop","Consecrate"],"picked":"Evaluate+1","floor":30.0},{"not_picked":["Conclude","DeceiveReality"],"picked":"DevaForm","floor":32.0},{"not_picked":["Ragnarok","MasterReality"],"picked":"Scrawl","floor":33.0},{"not_picked":["Worship","DeceiveReality+1"],"picked":"FlurryOfBlows","floor":35.0},{"not_picked":["SashWhip+1","Collect"],"picked":"ForeignInfluence+1","floor":36.0},{"not_picked":["FlyingSleeves+1","EmptyFist+1","CrushJoints+1"],"picked":"SKIP","floor":37.0},{"not_picked":["ClearTheMind","Tantrum"],"picked":"PathToVictory+1","floor":38.0},{"not_picked":["Meditate","FlurryOfBlows+1"],"picked":"Wallop+1","floor":39},{"not_picked":["Meditate","Wallop","WaveOfTheHand"],"picked":"SKIP","floor":41},{"not_picked":["CrushJoints","Halt+1"],"picked":"Alpha","floor":42}],"player_experience":443940,"relics_obtained":[{"floor":7.0,"key":"MealTicket"},{"floor":9.0,"key":"Art of War"},{"floor":11.0,"key":"Odd Mushroom"},{"floor":13.0,"key":"Dream Catcher"},{"floor":14.0,"key":"InkBottle"},{"floor":23.0,"key":"Omamori"},{"floor":26.0,"key":"Anchor"},{"floor":27.0,"key":"HornCleat"},{"floor":41,"key":"Blue Candle"}],"event_choices":[{"cards_removed":["Defend_P"],"damage_healed":0.0,"max_hp_gain":0.0,"max_hp_loss":0.0,"gold_gain":0.0,"event_name":"Living Wall","player_choice":"Forget","floor":3.0,"gold_loss":0.0,"damage_taken":0.0},{"damage_healed":0.0,"max_hp_gain":0.0,"max_hp_loss":0.0,"gold_gain":0.0,"event_name":"Mushrooms","player_choice":"Fought Mushrooms","floor":11.0,"gold_loss":0.0,"damage_taken":0.0},{"damage_healed":0.0,"max_hp_gain":0.0,"max_hp_loss":0.0,"gold_gain":0.0,"event_name":"FaceTrader","player_choice":"Trade","floor":21.0,"gold_loss":0.0,"damage_taken":0.0,"relics_obtained":["FaceOfCleric"]},{"damage_healed":0.0,"max_hp_gain":0.0,"max_hp_loss":0.0,"gold_gain":0.0,"event_name":"N\u0027loth","player_choice":"Traded Relic","floor":31.0,"relics_lost":["InkBottle"],"gold_loss":0.0,"damage_taken":0.0,"relics_obtained":["Nloth\u0027s Gift"]}],"is_beta":true,"boss_relics":[{"not_picked":["Philosopher\u0027s Stone","Busted Crown"],"picked":"VioletLotus"},{"not_picked":["Snecko Eye","Astrolabe"],"picked":"Fusion Hammer"}],"items_purged_floors":[20],"is_endless":false,"potions_floor_spawned":[4,5,11,16,18,22,27,28,36,39,42],"killed_by":"Jaw Worm Horde","ascension_level":4}}