{"host":"2uowsvn2ljd29942","time":1611290201,"event":{"mods":["BaseMod","Better Third Choice","Block Reminder","Colored Map","Colored Powertips","Dark Map","DeckTracker","Highlight Path","LagranYue(???·?)","Marisa????????","Minty Spire (QoL Compilation)","Permanent Neow","Quick Restart","Random Character Button","Rare Cards Sparkle","Relic Sorter","Relic Stats","StSLib","The Bug Knight","The Cursed","The Exalted","The Senshi","The Servant 0.9.4","WarShipGirlsR/????R mod","Yuri Mod","everything is the same but u backflip on backflip","slay the spire mod where everything is the same but ironclad has a cowboy hat"],"gold_per_floor":[117,117,133,146,17,46,46,61,61,92,104,104,120,137,137,137,137],"floor_reached":16,"language":"ENG","playtime":2463,"items_purged":["TheCursedMod:Defend_TheCursed"],"score":114,"play_id":"2bc0ef72-d01f-4338-9d85-348fad35e6b1","local_time":"20210121223641","is_ascension_mode":false,"campfire_choices":[{"data":"TheCursedMod:Evocation","floor":7,"key":"SMITH"},{"floor":12,"key":"REST"},{"data":"TheCursedMod:Grudge","floor":15,"key":"SMITH"}],"circlet_count":0,"master_deck":["TheCursedMod:Strike_TheCursed","TheCursedMod:Strike_TheCursed","TheCursedMod:Strike_TheCursed","TheCursedMod:Strike_TheCursed","TheCursedMod:Defend_TheCursed","TheCursedMod:Defend_TheCursed","TheCursedMod:Defend_TheCursed","TheCursedMod:CursedWand","TheCursedMod:CleanUpWorkshop","TheCursedMod:Dregs","TheCursedMod:WearCloak","TheCursedMod:CursedStaff","TheCursedMod:RavingStaff","TheCursedMod:Evocation+1","TheCursedMod:FleshFromBone","TheCursedMod:AbyssShockwave","TheCursedMod:CursedArmor","TheCursedMod:OutForBlood","TheCursedMod:WearCloak","TheCursedMod:LuckyCharm","TheCursedMod:Grudge+1","TheCursedMod:CircleOfCorruption","TheCursedMod:VoidForm"],"relics":["TheCursedMod:BlackMagic101","LagranYue:RandomDrawCardRelic","Omamori","Pear","HollowMod:StagPassRelic","theSenshi:FeatherClipsRelic"],"acts_visited":["Exordium"],"potions_floor_usage":[6,6,16,16],"damage_taken":[{"damage":0,"enemies":"Small Slimes","floor":1,"turns":4},{"damage":0,"enemies":"Cultist","floor":3,"turns":3},{"damage":2,"enemies":"2 Louse","floor":4,"turns":2},{"damage":13,"enemies":"Lagavulin","floor":6,"turns":5},{"damage":2,"enemies":"Looter","floor":8,"turns":3},{"damage":13,"enemies":"Gremlin Nob","floor":10,"turns":4},{"damage":7,"enemies":"Blue Slaver","floor":11,"turns":4},{"damage":0,"enemies":"Red Slaver","floor":13,"turns":5},{"damage":6,"enemies":"Gremlin Gang","floor":14,"turns":6},{"damage":42,"enemies":"Slime Boss","floor":16,"turns":18}],"seed_played":"-1260406824204453238","potions_obtained":[{"floor":1,"key":"Weak Potion"},{"floor":3,"key":"DistilledChaos"},{"floor":13,"key":"GamblersBrew"},{"floor":14,"key":"Strength Potion"}],"is_trial":false,"path_per_floor":["M","?","M","M","$","E","R","M","T","E","M","R","M","M","R","B"],"character_chosen":"THE_CURSED","items_purchased":["TheCursedMod:FleshFromBone"],"campfire_rested":1,"item_purchase_floors":[5],"current_hp_per_floor":[75,75,75,73,73,70,70,68,68,55,54,79,85,85,85,43,43],"gold":137,"neow_bonus":"THREE_CARDS","is_daily":false,"chose_seed":false,"campfire_upgraded":2,"win_rate":0.0,"timestamp":1611290201,"path_taken":["M","?","M","M","?","E","R","M","T","E","?","R","M","M","R","BOSS"],"items_purchased_type":["Card"],"build_version":"2020-12-22","purchased_purges":1,"victory":false,"max_hp_per_floor":[75,75,75,75,75,85,85,85,85,85,85,85,85,85,85,85,85],"relic_stats":{"counters":[10,54],"obtain_stats":[{"TheCursedMod:BlackMagic101":0,"Pear":6,"LagranYue:RandomDrawCardRelic":0,"Omamori":2,"theSenshi:FeatherClipsRelic":10,"HollowMod:StagPassRelic":9},{"TheCursedMod:BlackMagic101":0,"Pear":4,"LagranYue:RandomDrawCardRelic":0,"Omamori":1,"theSenshi:FeatherClipsRelic":6,"HollowMod:StagPassRelic":5},{"TheCursedMod:BlackMagic101":0,"Pear":14,"LagranYue:RandomDrawCardRelic":0,"Omamori":4,"theSenshi:FeatherClipsRelic":21,"HollowMod:StagPassRelic":17}]},"card_choices":[{"not_picked":["TheCursedMod:CursedMace","TheCursedMod:RavingStaff"],"picked":"TheCursedMod:WearCloak","floor":0},{"not_picked":["TheCursedMod:Mangle","TheCursedMod:CircleOfFocus"],"picked":"TheCursedMod:CursedStaff","floor":1},{"not_picked":["TheCursedMod:CircleOfWindfury","TheCursedMod:Stretching"],"picked":"TheCursedMod:RavingStaff","floor":3},{"not_picked":["TheCursedMod:RavingStaff","TheCursedMod:SurpriseAttack"],"picked":"TheCursedMod:Evocation","floor":4},{"not_picked":["TheCursedMod:AshesToAshes","TheCursedMod:CursedMace"],"picked":"TheCursedMod:AbyssShockwave","floor":6},{"not_picked":["TheCursedMod:CircleOfFlame","TheCursedMod:SmokeScreen"],"picked":"TheCursedMod:CursedArmor","floor":8},{"not_picked":["TheCursedMod:SurpriseAttack","TheCursedMod:RavingStaff"],"picked":"TheCursedMod:WearCloak","floor":10},{"not_picked":["TheCursedMod:CircleOfAmplification","TheCursedMod:Torture"],"picked":"TheCursedMod:LuckyCharm","floor":11},{"not_picked":["TheCursedMod:FleshFromBone","TheCursedMod:Hemoplague"],"picked":"TheCursedMod:Grudge","floor":13},{"not_picked":["TheCursedMod:SurpriseAttack","TheCursedMod:RavingStaff"],"picked":"TheCursedMod:CircleOfCorruption","floor":14}],"player_experience":278529,"relics_obtained":[{"floor":2,"key":"Omamori"},{"floor":6,"key":"Pear"},{"floor":9,"key":"HollowMod:StagPassRelic"},{"floor":10,"key":"theSenshi:FeatherClipsRelic"}],"event_choices":[{"damage_healed":0,"gold_gain":0,"player_choice":"Relic","damage_taken":0,"max_hp_gain":0,"max_hp_loss":0,"event_name":"Wheel of Change","floor":2,"gold_loss":0}],"is_beta":false,"boss_relics":[],"items_purged_floors":[5],"is_endless":false,"potions_floor_spawned":[1,3,13,14],"killed_by":"Slime Boss","ascension_level":0}}