{"host":"zxd7sxkt31l2m2hb","time":1611358836,"event":{"mods":["AchievementEnabler","BaseMod","BetterRewards","Colored Map","Colored Powertips","Highlight Path","Minty Spire (QoL Compilation)","StSLib","SuperFastMode","The Jungle","slay the spire mod where everything is the same but ironclad has a cowboy hat"],"gold_per_floor":[117,117,134,134,153,153,61,74,74,101,101,26,26,37,37,136,136,154,30,30,46,46,76,76,76,76,76,86,105,105,115,115,218,218,230,57,57,57],"floor_reached":39,"language":"DEU","playtime":6460,"items_purged":["Decay","Writhe"],"score":547,"play_id":"7091a032-9f9b-4888-8f6c-8035293734d9","local_time":"20210123004036","is_ascension_mode":false,"campfire_choices":[{"data":"Redo","floor":6,"key":"SMITH"},{"floor":11,"key":"REST"},{"data":"Zap","floor":13,"key":"SMITH"},{"floor":15,"key":"REST"},{"floor":24,"key":"REST"},{"floor":27,"key":"REST"},{"floor":30,"key":"REST"},{"floor":32,"key":"REST"}],"circlet_count":0,"master_deck":["Strike_B","Strike_B","Strike_B","Strike_B","Defend_B","Defend_B","Defend_B","Defend_B","Zap+1","Dualcast","Apotheosis+1","Coolheaded","Cold Snap","Redo+1","Hologram","Chill","Leap","Barrage+1","Melter+1","Electrodynamics","Blizzard+1","Coolheaded","Cold Snap+1","Glacier","Go for the Eyes+1","Machine Learning","Go for the Eyes+1","Capacitor"],"relics":["FrozenCore","Molten Egg 2","Mummified Hand","Fusion Hammer","FossilizedHelix","Orichalcum","Kunai"],"acts_visited":["Exordium","TheCity","TheBeyond"],"potions_floor_usage":[38,38],"damage_taken":[{"damage":1,"enemies":"Jaw Worm","floor":1,"turns":4},{"damage":10,"enemies":"Small Slimes","floor":3,"turns":4},{"damage":0,"enemies":"Cultist","floor":5,"turns":3},{"damage":10,"enemies":"Lots of Slimes","floor":8,"turns":4},{"damage":21,"enemies":"3 Sentries","floor":10,"turns":10},{"damage":0,"enemies":"Exordium Thugs","floor":14,"turns":4},{"damage":17,"enemies":"Slime Boss","floor":16,"turns":8},{"damage":0,"enemies":"Chosen","floor":18,"turns":3},{"damage":4,"enemies":"2 Thieves","floor":21,"turns":3},{"damage":7,"enemies":"Slavers","floor":23,"turns":7},{"damage":0,"enemies":"Centurion and Healer","floor":28,"turns":5},{"damage":0,"enemies":"Sentry and Sphere","floor":29,"turns":4},{"damage":21,"enemies":"Cultist and Chosen","floor":31,"turns":7},{"damage":8,"enemies":"Collector","floor":33,"turns":12},{"damage":4,"enemies":"3 Darklings","floor":35,"turns":5},{"damage":21,"enemies":"Donu and Deca","floor":38,"turns":12}],"seed_played":"-5019554357209241440","potions_obtained":[{"floor":1,"key":"PowerPotion"},{"floor":14,"key":"SteroidPotion"},{"floor":21,"key":"DistilledChaos"},{"floor":31,"key":"Explosive Potion"}],"is_trial":false,"path_per_floor":["M","?","M","?","M","R","$","M","T","E","R","$","R","M","R","B",null,"M","$","?","M","?","E","R","?","T","R","M","M","R","M","R","B",null,"M","$","?","B",null],"character_chosen":"DEFECT","items_purchased":["Hologram","Chill","Blizzard+1","Coolheaded","Capacitor"],"campfire_rested":6,"item_purchase_floors":[7,7,19,19,36],"current_hp_per_floor":[74,74,64,64,64,64,64,54,54,33,55,55,55,55,75,58,75,75,75,59,55,55,48,70,70,70,75,75,75,75,54,75,67,75,71,71,71,50],"gold":57,"neow_bonus":"RANDOM_COLORLESS_2","is_daily":false,"chose_seed":false,"campfire_upgraded":2,"win_rate":0.0,"timestamp":1611358836,"path_taken":["M","?","M","?","?","R","?","M","T","E","R","$","R","M","R","BOSS","M","$","?","M","?","E","R","?","T","R","M","?","R","M","R","BOSS","M","$","?","BOSS"],"items_purchased_type":["Card","Card","Card","Card","Card"],"build_version":"2020-12-22","purchased_purges":2,"victory":true,"max_hp_per_floor":[75,75,75,75,75,75,75,75,75,75,75,75,75,75,75,75,75,75,75,75,75,75,75,75,75,75,75,75,75,75,75,75,75,75,75,75,75,75],"card_choices":[{"not_picked":["Panache","HandOfGreed"],"picked":"Apotheosis","floor":0},{"not_picked":["Gash","Static Discharge"],"picked":"Coolheaded","floor":1},{"not_picked":["Beam Cell","Self Repair"],"picked":"Cold Snap","floor":3},{"not_picked":["Skim","Rebound"],"picked":"Redo","floor":5},{"not_picked":["Stack","Biased Cognition"],"picked":"Leap","floor":8},{"not_picked":["Coolheaded","Ball Lightning+1"],"picked":"Barrage+1","floor":10},{"not_picked":["Skim","Go for the Eyes+1"],"picked":"Melter+1","floor":14},{"not_picked":["All For One+1","Meteor Strike+1"],"picked":"Electrodynamics","floor":16},{"not_picked":["Chaos","Rebound+1","Rip and Tear+1"],"picked":"SKIP","floor":18},{"not_picked":["Streamline+1","Redo"],"picked":"Cold Snap+1","floor":21},{"not_picked":["Redo","Thunder Strike+1"],"picked":"Go for the Eyes+1","floor":23},{"not_picked":["Redo","Beam Cell+1","Darkness"],"picked":"SKIP","floor":28},{"not_picked":["Steam+1","Heatsinks+1","Self Repair"],"picked":"SKIP","floor":29},{"not_picked":["White Noise+1","Compile Driver+1","Steam Power"],"picked":"SKIP","floor":31},{"not_picked":["Meteor Strike+1","Fission"],"picked":"Machine Learning","floor":33},{"not_picked":["Loop","Barrage+1"],"picked":"Go for the Eyes+1","floor":35}],"player_experience":65754,"relics_obtained":[{"floor":9,"key":"Molten Egg 2"},{"floor":10,"key":"Mummified Hand"},{"floor":23,"key":"FossilizedHelix"},{"floor":26,"key":"Kunai"}],"event_choices":[{"damage_healed":0,"gold_gain":0,"player_choice":"Ignored","damage_taken":0,"max_hp_gain":0,"max_hp_loss":0,"event_name":"Liars Game","floor":2,"gold_loss":0},{"damage_healed":0,"gold_gain":0,"player_choice":"Upgraded","damage_taken":0,"max_hp_gain":0,"max_hp_loss":0,"event_name":"Upgrade Shrine","floor":4,"gold_loss":0,"cards_upgraded":["Apotheosis"]},{"damage_healed":0,"gold_gain":0,"player_choice":"Obtained Book","damage_taken":16,"max_hp_gain":0,"max_hp_loss":0,"event_name":"Cursed Tome","floor":20,"gold_loss":0},{"damage_healed":0,"gold_gain":0,"player_choice":"Read","damage_taken":0,"max_hp_gain":0,"max_hp_loss":0,"event_name":"The Library","floor":22,"gold_loss":0,"cards_obtained":["Glacier"]},{"damage_healed":0,"gold_gain":0,"player_choice":"Opened","damage_taken":0,"relics_obtained":["Orichalcum"],"max_hp_gain":0,"max_hp_loss":0,"event_name":"The Mausoleum","floor":25,"gold_loss":0,"cards_obtained":["Writhe"]},{"damage_healed":0,"gold_gain":0,"player_choice":"Took Portal","damage_taken":0,"max_hp_gain":0,"max_hp_loss":0,"event_name":"SecretPortal","floor":37,"gold_loss":0}],"is_beta":false,"boss_relics":[{"not_picked":["Busted Crown","Coffee Dripper"],"picked":"Fusion Hammer"},{"not_picked":["Empty Cage","Runic Pyramid"],"picked":"FrozenCore"}],"items_purged_floors":[12,36],"is_endless":false,"potions_floor_spawned":[1,14,21,29,31],"ascension_level":0}}