{"host":"nbmmy2ys5j9alw05","time":1611289035,"event":{"mods":["AchievementEnabler","BaseMod","Bestiary","Better Vampires","Colored Map","Colored Powertips","Googly Eyes","Minty Spire (QoL Compilation)","Quick Restart","StSLib","The Hierophant","The IronCluck","everything is the same but u backflip on backflip"],"gold_per_floor":[108,108,108,126,126,141,141,157,180,37,37,37,54,71,71,126,126],"floor_reached":16,"language":"ENG","playtime":469,"items_purged":[],"score":110,"play_id":"433c51c0-6f62-4c99-a6a7-31de65e75efe","local_time":"20210121201715","is_ascension_mode":true,"campfire_choices":[{"data":"hierophant:Embezzle","floor":7,"key":"SMITH"},{"data":"hierophant:AuricBeam","floor":12,"key":"SMITH"},{"floor":15,"key":"REST"}],"circlet_count":0,"master_deck":["hierophant:Strike_Hierophant","hierophant:Strike_Hierophant","hierophant:Strike_Hierophant","hierophant:Punish+1","hierophant:Defend_Hierophant","hierophant:Defend_Hierophant","hierophant:Defend_Hierophant","hierophant:Defend_Hierophant","hierophant:ChurchCoffers","hierophant:Doubloon","hierophant:Remorse+1","hierophant:AuricBeam+1","hierophant:Embezzle+1","hierophant:Empathy","hierophant:Embezzle+1","hierophant:Cornucopia","hierophant:EyeForCoin","hierophant:Doubloon"],"relics":["hierophant:PropheticMaskRelic","Oddly Smooth Stone","Regal Pillow","DollysMirror","Mummified Hand"],"acts_visited":["Exordium"],"potions_floor_usage":[6,14],"damage_taken":[{"damage":0,"enemies":"Small Slimes","floor":1,"turns":2},{"damage":4,"enemies":"2 Louse","floor":4,"turns":2},{"damage":21,"enemies":"Lagavulin","floor":6,"turns":5},{"damage":0,"enemies":"Cultist","floor":8,"turns":2},{"damage":0,"enemies":"Large Slime","floor":13,"turns":4},{"damage":10,"enemies":"Gremlin Gang","floor":14,"turns":2},{"damage":52,"enemies":"Hexaghost","floor":16,"turns":7}],"seed_played":"1000123257266453649","potions_obtained":[{"floor":4,"key":"LiquidMemories"},{"floor":6,"key":"FearPotion"},{"floor":13,"key":"Energy Potion"}],"is_trial":false,"path_per_floor":["M","?","?","M","?","E","R","M","T","$","T","R","M","M","R","B"],"character_chosen":"HIEROPHANT","items_purchased":["DollysMirror"],"campfire_rested":1,"item_purchase_floors":[10],"current_hp_per_floor":[75,75,75,71,71,50,50,50,50,50,50,50,50,40,75,23,23],"gold":126,"neow_bonus":"UPGRADE_CARD","is_daily":false,"chose_seed":false,"campfire_upgraded":2,"win_rate":0.0,"timestamp":1611289035,"path_taken":["M","?","?","?","?","E","R","?","T","$","?","R","?","M","R","BOSS"],"items_purchased_type":["Relic"],"build_version":"2020-12-22","purchased_purges":0,"victory":false,"max_hp_per_floor":[75,75,75,75,75,75,75,75,75,75,75,75,75,75,75,75,75],"card_choices":[{"not_picked":["hierophant:FieryStrike","hierophant:Mercenaries"],"picked":"hierophant:Remorse","floor":1},{"not_picked":["hierophant:Sermon","hierophant:ThreeLashes"],"picked":"hierophant:AuricBeam","floor":4},{"not_picked":["hierophant:Rebuild","hierophant:OrnateJavelin"],"picked":"hierophant:Embezzle","floor":6},{"not_picked":["hierophant:Purify","hierophant:TollTheBells"],"picked":"hierophant:Empathy","floor":8},{"not_picked":["hierophant:Prophecy","hierophant:Bribe"],"picked":"hierophant:Cornucopia","floor":13},{"not_picked":["hierophant:Shelter","hierophant:DisplayOfPower"],"picked":"hierophant:EyeForCoin","floor":14}],"player_experience":528729,"relics_obtained":[{"floor":6,"key":"Oddly Smooth Stone"},{"floor":9,"key":"Regal Pillow"},{"floor":11,"key":"Mummified Hand"}],"event_choices":[{"damage_healed":0,"gold_gain":0,"player_choice":"Ignored","damage_taken":0,"max_hp_gain":0,"max_hp_loss":0,"event_name":"Liars Game","floor":2,"gold_loss":0},{"damage_healed":0,"gold_gain":0,"player_choice":"Forge","damage_taken":0,"max_hp_gain":0,"max_hp_loss":0,"event_name":"Accursed Blacksmith","floor":3,"gold_loss":0,"cards_upgraded":["hierophant:Remorse"]},{"cards_removed":["hierophant:Strike_Hierophant"],"damage_healed":0,"gold_gain":0,"player_choice":"Purged","damage_taken":0,"max_hp_gain":0,"max_hp_loss":0,"event_name":"Purifier","floor":5,"gold_loss":0}],"is_beta":false,"boss_relics":[],"items_purged_floors":[],"is_endless":false,"potions_floor_spawned":[4,6,13],"killed_by":"Hexaghost","ascension_level":2}}