{"host":"b7j598ve05halrwk","time":1611299797,"event":{"mods":["2.2 Compatiblity","BaseMod","Block Reminder","DeckTracker","Minty Spire (QoL Compilation)","Relic Stats","Slay the Relics Exporter","StSLib","ojb\u0027s Better Paths Mod","ojb\u0027s Info Mod"],"gold_per_floor":[109,119,24,74,74,100,110,142,142,142,157,157,192,192,192,192,192],"floor_reached":16,"language":"ENG","playtime":514,"items_purged":[],"score":286,"play_id":"cac3295e-9ebb-451c-9f61-948b5542a88c","local_time":"20210122021637","is_ascension_mode":true,"campfire_choices":[{"data":"Ball Lightning","floor":10,"key":"SMITH"},{"data":"Hyperbeam","floor":12,"key":"SMITH"},{"data":"Seek","floor":15,"key":"SMITH"}],"circlet_count":0,"master_deck":["AscendersBane","Strike_B","Strike_B","Strike_B","Strike_B","Defend_B","Defend_B","Defend_B","Defend_B","Zap","Dualcast","Doom and Gloom","Leap","Capacitor","Ball Lightning+1","Stack","Hyperbeam+1","Double Energy","Doubt","Steam Power","Seek+1"],"relics":["Cursed Key","Gremlin Horn","Ginger","Lizard Tail","Anchor","Centennial Puzzle"],"acts_visited":["Exordium"],"potions_floor_usage":[8,16],"damage_taken":[{"damage":11.0,"enemies":"Cultist","floor":1.0,"turns":4.0},{"damage":6.0,"enemies":"Small Slimes","floor":2.0,"turns":3.0},{"damage":21.0,"enemies":"Lagavulin","floor":6.0,"turns":7.0},{"damage":6.0,"enemies":"2 Louse","floor":7.0,"turns":3.0},{"damage":0,"enemies":"3 Sentries","floor":8,"turns":2},{"damage":5,"enemies":"Blue Slaver","floor":11,"turns":3},{"damage":39,"enemies":"Gremlin Nob","floor":13,"turns":4},{"damage":31,"enemies":"The Guardian","floor":16,"turns":2}],"seed_played":"6226674939956366753","potions_obtained":[{"floor":1.0,"key":"CultistPotion"},{"floor":2.0,"key":"BlessingOfTheForge"},{"floor":7.0,"key":"FocusPotion"}],"is_trial":false,"path_per_floor":["M","M","$","?","$","E","M","E","T","R","M","R","E","?","R","B"],"character_chosen":"DEFECT","items_purchased":["Capacitor","Ball Lightning"],"campfire_rested":0,"item_purchase_floors":[3,3],"current_hp_per_floor":[53,47,47,47,47,26,20,20,20,20,15,15,35,17,17,0,0],"gold":192,"neow_bonus":"BOSS_RELIC","is_daily":false,"chose_seed":false,"campfire_upgraded":3,"win_rate":0.0,"timestamp":1611299797,"path_taken":["M","M","$","?","?","E","?","E","T","R","M","R","E","?","R","BOSS"],"items_purchased_type":["Card","Card"],"build_version":"2020-12-22","purchased_purges":0,"victory":false,"max_hp_per_floor":[71,71,71,71,71,71,71,71,71,71,71,71,71,71,71,71,71],"relic_stats":{"Lizard Tail":35,"Centennial Puzzle":[0],"Gremlin Horn":[2,2],"counters":[8,28],"Ginger":[2],"Cursed Key":1,"obtain_stats":[{"Lizard Tail":9,"Anchor":13,"Centennial Puzzle":14,"Gremlin Horn":6,"Ginger":8,"Cracked Core":0,"Cursed Key":0},{"Lizard Tail":5,"Anchor":7,"Centennial Puzzle":7,"Gremlin Horn":3,"Ginger":5,"Cracked Core":0,"Cursed Key":0},{"Lizard Tail":19,"Anchor":26,"Centennial Puzzle":26,"Gremlin Horn":14,"Ginger":19,"Cracked Core":0,"Cursed Key":0}]},"card_choices":[{"not_picked":["Ball Lightning","Coolheaded"],"picked":"Doom and Gloom","floor":1.0},{"not_picked":["Double Energy","Force Field"],"picked":"Leap","floor":2.0},{"not_picked":["Steam","Turbo"],"picked":"Stack","floor":6.0},{"not_picked":["Barrage","Fusion"],"picked":"Hyperbeam","floor":7.0},{"not_picked":["Streamline","Sweeping Beam"],"picked":"Double Energy","floor":8},{"not_picked":["Conserve Battery","Tempest"],"picked":"Steam Power","floor":11},{"not_picked":["Hologram","Sweeping Beam"],"picked":"Seek","floor":13}],"player_experience":1032939,"relics_obtained":[{"floor":6.0,"key":"Gremlin Horn"},{"floor":8,"key":"Ginger"},{"floor":9,"key":"Lizard Tail"},{"floor":13,"key":"Anchor"}],"event_choices":[{"damage_healed":0.0,"max_hp_gain":0.0,"max_hp_loss":0.0,"gold_gain":50.0,"event_name":"Golden Shrine","player_choice":"Pray","floor":4.0,"gold_loss":0.0,"damage_taken":0.0},{"damage_healed":0,"gold_gain":0,"player_choice":"Success","damage_taken":18,"relics_obtained":["Centennial Puzzle"],"max_hp_gain":0,"max_hp_loss":0,"event_name":"Scrap Ooze","floor":14,"gold_loss":0}],"is_beta":false,"boss_relics":[],"items_purged_floors":[],"is_endless":false,"potions_floor_spawned":[1,2,7],"killed_by":"The Guardian","ascension_level":20}}