{"host":"sc0o2qwpf9j16a4i","time":1611327320,"event":{"mods":["AchievementEnabler","BaseMod","BetterRewards","Block Reminder","Colored Map","Colored Powertips","Custom Start","Highlight Path","Minty Spire (QoL Compilation)","Relic Stats"],"gold_per_floor":[109,384,28,42,57,88,107,107,130,155,155,188,214,227,227,301,301,347,23,23,39,39,69,69],"floor_reached":23,"language":"ENG","playtime":714,"items_purged":["Regret"],"score":418,"play_id":"8f0bcf1e-b413-4c3e-a108-0f70093c5579","local_time":"20210122165520","daily_mods":["Allstar","Uncertain Future","DeadlyEvents"],"is_ascension_mode":true,"campfire_choices":[{"data":"Mayhem","floor":8,"key":"SMITH"},{"floor":11,"key":"REST"},{"floor":15,"key":"REST"}],"circlet_count":0,"master_deck":["AscendersBane","Strike_P+1","Defend_P+1","Defend_P+1","Defend_P+1","Defend_P+1","Eruption","Vigilance","Mayhem+1","Impatience","Dramatic Entrance","Impatience","Trip","BowlingBash","EmptyFist+1","Evaluate","Worship","Prostrate","Indignation","SashWhip+1","DeceiveReality","Consecrate+1","DevaForm+1","Wish+1","ReachHeaven+1","Ghostly","Ghostly","Ghostly"],"relics":["PureWater","Molten Egg 2","Smiling Mask","Damaru","Toy Ornithopter","StrikeDummy","Odd Mushroom","Astrolabe","Lee\u0027s Waffle","Happy Flower"],"acts_visited":["Exordium","TheCity"],"potions_floor_usage":[12,23],"damage_taken":[{"damage":0,"enemies":"2 Louse","floor":1,"turns":2},{"damage":0,"enemies":"Small Slimes","floor":4,"turns":2},{"damage":0,"enemies":"Cultist","floor":5,"turns":2},{"damage":12,"enemies":"3 Sentries","floor":6,"turns":9},{"damage":7,"enemies":"Gremlin Gang","floor":7,"turns":4},{"damage":22,"enemies":"Lagavulin","floor":10,"turns":6},{"damage":5,"enemies":"3 Sentries","floor":12,"turns":3},{"damage":9,"enemies":"The Mushroom Lair","floor":13,"turns":3},{"damage":3,"enemies":"Large Slime","floor":14,"turns":5},{"damage":3,"enemies":"The Guardian","floor":16,"turns":8},{"damage":27,"enemies":"Spheric Guardian","floor":18,"turns":7},{"damage":5,"enemies":"Chosen","floor":21,"turns":7},{"damage":37,"enemies":"Slavers","floor":23,"turns":3}],"seed_played":"-778113783576616633","potions_obtained":[{"floor":1,"key":"SteroidPotion"},{"floor":7,"key":"ColorlessPotion"},{"floor":14,"key":"LiquidMemories"},{"floor":16,"key":"CultistPotion"}],"is_trial":true,"path_per_floor":["M","?","$","M","M","E","M","R","T","E","R","E","?","M","R","B",null,"M","$","?","M","?","E"],"character_chosen":"WATCHER","items_purchased":["Molten Egg 2","Lee\u0027s Waffle","Happy Flower"],"campfire_rested":2,"item_purchase_floors":[3,19,19],"current_hp_per_floor":[61,61,61,61,61,49,42,42,42,20,40,40,31,28,48,45,62,35,75,75,70,37,0,0],"gold":69,"neow_bonus":"","is_daily":false,"chose_seed":false,"campfire_upgraded":1,"win_rate":0.0,"timestamp":1611327320,"path_taken":["M","?","$","M","M","E","M","R","T","?","R","E","?","M","R","BOSS","M","$","?","M","?","E"],"items_purchased_type":["Relic","Relic","Relic"],"build_version":"2020-12-22","purchased_purges":1,"victory":false,"max_hp_per_floor":[68,68,68,68,68,68,68,68,68,68,68,68,68,68,68,68,68,68,75,75,75,37,37,37],"relic_stats":{"Lee\u0027s Waffle":40,"Happy Flower":[3],"counters":[13,61],"Astrolabe":["Consecrate","DevaForm","Wish"],"Smiling Mask":0,"obtain_stats":[{"Lee\u0027s Waffle":19,"Happy Flower":19,"Astrolabe":17,"Damaru":9,"Molten Egg 2":3,"PureWater":0,"Odd Mushroom":13,"Smiling Mask":6,"StrikeDummy":12,"Toy Ornithopter":10},{"Lee\u0027s Waffle":11,"Happy Flower":11,"Astrolabe":10,"Damaru":5,"Molten Egg 2":1,"PureWater":0,"Odd Mushroom":8,"Smiling Mask":4,"StrikeDummy":7,"Toy Ornithopter":6},{"Lee\u0027s Waffle":51,"Happy Flower":51,"Astrolabe":44,"Damaru":19,"Molten Egg 2":2,"PureWater":0,"Odd Mushroom":31,"Smiling Mask":15,"StrikeDummy":28,"Toy Ornithopter":25}],"Toy Ornithopter":5},"card_choices":[{"not_picked":["EmptyFist","CrushJoints"],"picked":"BowlingBash","floor":1},{"not_picked":["WheelKick+1","Protect"],"picked":"EmptyFist+1","floor":4},{"not_picked":["EmptyFist+1","Consecrate+1"],"picked":"Evaluate","floor":5},{"not_picked":["ClearTheMind","Crescendo"],"picked":"Worship","floor":6},{"not_picked":["Halt","Consecrate+1","JustLucky+1"],"picked":"SKIP","floor":7},{"not_picked":["FlurryOfBlows+1","SandsOfTime+1"],"picked":"Prostrate","floor":10},{"not_picked":["Nirvana","Crescendo"],"picked":"Indignation","floor":12},{"not_picked":["Protect","ClearTheMind"],"picked":"SashWhip+1","floor":13},{"not_picked":["EmptyBody","Consecrate+1"],"picked":"DeceiveReality","floor":14},{"not_picked":["Evaluate","PathToVictory"],"picked":"ReachHeaven+1","floor":18},{"not_picked":["FollowUp+1","Halt","EmptyBody"],"picked":"SKIP","floor":21}],"player_experience":887132,"relics_obtained":[{"floor":6,"key":"Smiling Mask"},{"floor":9,"key":"Damaru"},{"floor":10,"key":"Toy Ornithopter"},{"floor":12,"key":"StrikeDummy"},{"floor":13,"key":"Odd Mushroom"}],"event_choices":[{"damage_healed":0,"gold_gain":275,"player_choice":"Desecrate","damage_taken":0,"max_hp_gain":0,"max_hp_loss":0,"event_name":"Golden Shrine","floor":2,"gold_loss":0,"cards_obtained":["Regret"]},{"damage_healed":0,"gold_gain":0,"player_choice":"Fought Mushrooms","damage_taken":0,"max_hp_gain":0,"max_hp_loss":0,"event_name":"Mushrooms","floor":13,"gold_loss":0},{"damage_healed":0,"gold_gain":0,"player_choice":"Simplicity","damage_taken":0,"max_hp_gain":0,"max_hp_loss":0,"event_name":"Back to Basics","floor":20,"gold_loss":0,"cards_upgraded":["Strike_P","Defend_P","Defend_P","Defend_P","Defend_P"]},{"damage_healed":0,"gold_gain":0,"player_choice":"Became a Ghost","damage_taken":0,"max_hp_gain":0,"max_hp_loss":38,"event_name":"Ghosts","floor":22,"gold_loss":0,"cards_obtained":["Ghostly","Ghostly","Ghostly"]}],"is_beta":false,"boss_relics":[{"not_picked":["Runic Pyramid","Runic Dome"],"picked":"Astrolabe"}],"items_purged_floors":[3],"is_endless":false,"potions_floor_spawned":[1,7,10,14,16,18,21],"killed_by":"Slavers","ascension_level":20}}