{"host":"pq8o62wp0h1hflf3","time":1611338475,"event":{"mods":["BaseMod","Minty Spire (QoL Compilation)","Relic Stats","ojb\u0027s Info Mod"],"gold_per_floor":[115,115,115,132,142,142,142,142],"floor_reached":7,"language":"ENG","playtime":448,"items_purged":[],"score":82,"play_id":"266b604a-75e0-47c4-9d46-842413064a27","local_time":"20210122130115","is_ascension_mode":true,"campfire_choices":[{"data":"Riddle With Holes","floor":6,"key":"SMITH"}],"circlet_count":0,"master_deck":["AscendersBane","Strike_G","Strike_G","Strike_G","Strike_G","Strike_G","Defend_G","Defend_G","Defend_G","Defend_G","Defend_G","Survivor","Neutralize","Acrobatics","Footwork","Riddle With Holes+1"],"relics":["Philosopher\u0027s Stone","The Specimen"],"acts_visited":["Exordium"],"potions_floor_usage":[7],"damage_taken":[{"damage":2,"enemies":"2 Louse","floor":1,"turns":4},{"damage":2,"enemies":"Small Slimes","floor":4,"turns":4},{"damage":0,"enemies":"Cultist","floor":5,"turns":4},{"damage":29,"enemies":"Lagavulin","floor":7,"turns":11}],"seed_played":"-4373547976897705760","potions_obtained":[{"floor":1,"key":"FairyPotion"},{"floor":3,"key":"Explosive Potion"},{"floor":4,"key":"Block Potion"}],"is_trial":false,"path_per_floor":["M","?","?","M","M","R","E"],"character_chosen":"THE_SILENT","items_purchased":[],"campfire_rested":0,"item_purchase_floors":[],"current_hp_per_floor":[57,52,52,50,50,50,21,21],"gold":142,"neow_bonus":"BOSS_RELIC","is_daily":false,"chose_seed":false,"campfire_upgraded":1,"win_rate":0.0,"timestamp":1611338475,"path_taken":["M","?","?","M","M","R","E"],"items_purchased_type":[],"build_version":"2020-12-22","purchased_purges":0,"victory":false,"max_hp_per_floor":[66,66,66,66,66,66,66,66],"relic_stats":{"counters":[4,23],"obtain_stats":[{"The Specimen":2,"Philosopher\u0027s Stone":0,"Ring of the Snake":0},{"The Specimen":1,"Philosopher\u0027s Stone":0,"Ring of the Snake":0},{"The Specimen":4,"Philosopher\u0027s Stone":0,"Ring of the Snake":0}]},"card_choices":[{"not_picked":["Blur","Distraction"],"picked":"Acrobatics","floor":1},{"not_picked":["Calculated Gamble","Endless Agony"],"picked":"Footwork","floor":4},{"not_picked":["Poisoned Stab","Concentrate"],"picked":"Riddle With Holes","floor":5}],"player_experience":1158936,"relics_obtained":[],"event_choices":[{"damage_healed":0,"gold_gain":0,"player_choice":"Success","damage_taken":5,"relics_obtained":["The Specimen"],"max_hp_gain":0,"max_hp_loss":0,"event_name":"Scrap Ooze","floor":2,"gold_loss":0},{"damage_healed":0,"gold_gain":0,"player_choice":"Got Potions","damage_taken":0,"max_hp_gain":0,"max_hp_loss":0,"event_name":"Lab","floor":3,"gold_loss":0}],"is_beta":false,"boss_relics":[],"items_purged_floors":[],"is_endless":false,"potions_floor_spawned":[1,4,5],"killed_by":"Lagavulin","ascension_level":20}}