{"host":"anox4050deqdcqoh","time":1611274165,"event":{"mods":["BaseMod","Colored Map","Highlight Path","Minty Spire (QoL Compilation)","Quick Restart","Rare Cards Sparkle","everything is the same but u backflip on backflip"],"gold_per_floor":[113,113,113,113,113,152,152,50,76,76,76,101,146,171,171,301,301,326,376,376,376],"floor_reached":20,"language":"ENG","playtime":1726,"items_purged":["Strike_B"],"score":193,"play_id":"bd724ddd-6d81-48ac-a773-fbbd44103ce1","local_time":"20210121190925","is_ascension_mode":true,"campfire_choices":[{"data":"Echo Form","floor":7,"key":"SMITH"},{"floor":11,"key":"REST"},{"floor":15,"key":"REST"}],"circlet_count":0,"master_deck":["Strike_B","Strike_B","Defend_B","Defend_B","Defend_B","Defend_B","Zap","Dualcast","Go for the Eyes","Echo Form+1","Leap","Barrage","Static Discharge","Conserve Battery","Multi-Cast","Coolheaded","Melter"],"relics":["Cracked Core","Golden Idol","White Beast Statue","CeramicFish","Odd Mushroom","SlaversCollar","Red Mask"],"acts_visited":["Exordium","TheCity"],"potions_floor_usage":[13,13,16,19,19,19,20],"damage_taken":[{"damage":1,"enemies":"Cultist","floor":1,"turns":4},{"damage":47,"enemies":"3 Sentries","floor":6,"turns":8},{"damage":1,"enemies":"2 Louse","floor":12,"turns":4},{"damage":6,"enemies":"The Mushroom Lair","floor":13,"turns":4},{"damage":4,"enemies":"Small Slimes","floor":14,"turns":4},{"damage":54,"enemies":"Slime Boss","floor":16,"turns":10},{"damage":34,"enemies":"Shell Parasite","floor":18,"turns":11},{"damage":52,"enemies":"Masked Bandits","floor":19,"turns":4},{"damage":3,"enemies":"Chosen","floor":20,"turns":4}],"seed_played":"8363710533905750762","potions_obtained":[{"floor":6,"key":"BlessingOfTheForge"},{"floor":12,"key":"Energy Potion"},{"floor":13,"key":"EssenceOfDarkness"},{"floor":14,"key":"Energy Potion"},{"floor":16,"key":"FocusPotion"},{"floor":18,"key":"DistilledChaos"},{"floor":19,"key":"SkillPotion"}],"is_trial":false,"path_per_floor":["M","?","?","?","?","E","R","$","T","$","R","M","?","M","R","B",null,"M","?","M"],"character_chosen":"DEFECT","items_purchased":["Leap"],"campfire_rested":2,"item_purchase_floors":[8],"current_hp_per_floor":[67,67,72,72,72,25,25,25,25,25,51,50,44,40,66,12,87,53,1,0,0],"gold":376,"neow_bonus":"TWENTY_PERCENT_HP_BONUS","is_daily":false,"chose_seed":false,"campfire_upgraded":1,"win_rate":0.0,"timestamp":1611274165,"path_taken":["M","?","?","?","?","E","R","$","T","?","R","M","?","M","R","BOSS","M","?","M"],"items_purchased_type":["Card"],"build_version":"2020-12-22","purchased_purges":1,"victory":false,"max_hp_per_floor":[89,89,94,87,87,87,87,87,87,87,87,87,87,87,87,87,87,87,87,87,87],"card_choices":[{"not_picked":["Storm","Redo"],"picked":"Go for the Eyes","floor":1},{"not_picked":["Conserve Battery","Turbo"],"picked":"Echo Form","floor":6},{"not_picked":["Redo","Streamline"],"picked":"Barrage","floor":12},{"not_picked":["Sunder","Steam"],"picked":"Static Discharge","floor":13},{"not_picked":["Sweeping Beam","Sunder"],"picked":"Conserve Battery","floor":14},{"not_picked":["Biased Cognition","Amplify"],"picked":"Multi-Cast","floor":16},{"not_picked":["Stack+1","Go for the Eyes"],"picked":"Coolheaded","floor":18},{"not_picked":["Coolheaded","Skim"],"picked":"Melter","floor":19}],"player_experience":377175,"relics_obtained":[{"floor":6,"key":"White Beast Statue"},{"floor":9,"key":"CeramicFish"},{"floor":13,"key":"Odd Mushroom"},{"floor":19,"key":"Red Mask"}],"event_choices":[{"damage_healed":0,"gold_gain":0,"player_choice":"Ignored","damage_taken":0,"max_hp_gain":0,"max_hp_loss":0,"event_name":"Liars Game","floor":2,"gold_loss":0},{"damage_healed":0,"gold_gain":0,"player_choice":"Donut","damage_taken":0,"max_hp_gain":5,"max_hp_loss":0,"event_name":"Big Fish","floor":3,"gold_loss":0},{"damage_healed":0,"gold_gain":0,"player_choice":"Lose Max HP","damage_taken":0,"relics_obtained":["Golden Idol"],"max_hp_gain":0,"max_hp_loss":7,"event_name":"Golden Idol","floor":4,"gold_loss":0},{"cards_removed":["Strike_B"],"damage_healed":0,"gold_gain":0,"player_choice":"Forget","damage_taken":0,"max_hp_gain":0,"max_hp_loss":0,"event_name":"Living Wall","floor":5,"gold_loss":0},{"damage_healed":0,"gold_gain":0,"player_choice":"Fought Mushrooms","damage_taken":0,"max_hp_gain":0,"max_hp_loss":0,"event_name":"Mushrooms","floor":13,"gold_loss":0},{"damage_healed":0,"gold_gain":0,"player_choice":"Fought Bandits","damage_taken":0,"max_hp_gain":0,"max_hp_loss":0,"event_name":"Masked Bandits","floor":19,"gold_loss":0}],"is_beta":false,"boss_relics":[{"not_picked":["Cursed Key","Astrolabe"],"picked":"SlaversCollar"}],"items_purged_floors":[8],"is_endless":false,"potions_floor_spawned":[6,12,13,14,16,18,19],"killed_by":"Chosen","ascension_level":3}}