{"host":"lnnm69al9x392px5","time":1611283014,"event":{"mods":["BaseMod","Downfall","Minty Spire (QoL Compilation)","StSLib"],"gold_per_floor":[99,118,135,147,36,36,36,36,36,36,68,88,88,98,115,115,115,115],"floor_reached":16,"language":"ENG","playtime":679,"items_purged":[],"score":102,"play_id":"29e88688-f9b5-4fc5-8cca-f400975041b5","local_time":"20210121183654","is_ascension_mode":false,"campfire_choices":[{"data":"bronze:AlphaBuild","floor":1,"key":"SMITH"},{"floor":8,"key":"REST"},{"floor":10,"key":"REST"}],"circlet_count":0,"master_deck":["bronze:Strike","bronze:Strike","bronze:Strike","bronze:Defend","bronze:Defend","bronze:Defend","bronze:Defend","bronze:Replicate","bronze:Goto","bronze:AlphaBuild+1","bronze:WhirlingStrike","bronze:WhirlingStrike","bronze:Overheat","Bandage Up","bronze:Iterate","bronze:Branch","bronze:Boost","Bandage Up","bronze:Break"],"relics":["bronze:BronzeCore","Nunchaku","Bag of Marbles","Dream Catcher"],"acts_visited":["Exordium"],"potions_floor_usage":[16,16],"damage_taken":[{"damage":12,"enemies":"Cultist","floor":2,"turns":6},{"damage":6,"enemies":"Jaw Worm","floor":3,"turns":3},{"damage":0,"enemies":"2 Louse","floor":4,"turns":1},{"damage":5,"enemies":"downfall:FleeingMerchant","floor":5,"turns":4},{"damage":9,"enemies":"3 Sentries","floor":11,"turns":8},{"damage":2,"enemies":"Exordium Thugs","floor":12,"turns":2},{"damage":0,"enemies":"Exordium Wildlife","floor":14,"turns":2},{"damage":9,"enemies":"Gremlin Gang","floor":15,"turns":4},{"damage":75,"enemies":"DF_ARCHETYPE_STREAMLINE","floor":16,"turns":9}],"seed_played":"-4502006104494574911","potions_obtained":[{"floor":2,"key":"Guardian:BlockOnCardUsePotion"},{"floor":11,"key":"AttackPotion"},{"floor":12,"key":"Fire Potion"}],"is_trial":false,"path_per_floor":["R","M","M","M","$","?","T","R","?","R","E","M","?","M","M","B"],"character_chosen":"THE_AUTOMATON","items_purchased":["Bandage Up"],"campfire_rested":2,"item_purchase_floors":[5],"current_hp_per_floor":[49,37,31,31,26,8,8,29,29,50,45,47,47,51,50,0,0,0],"gold":115,"neow_bonus":"THREE_RARE_CARDS","is_daily":false,"chose_seed":false,"campfire_upgraded":1,"win_rate":0.0,"timestamp":1611283014,"path_taken":["R","M","M","M","?","?","T","R","?","R","E","M","?","M","M","BOSS"],"items_purchased_type":["Card"],"build_version":"2020-12-22","purchased_purges":0,"victory":false,"max_hp_per_floor":[70,70,70,70,70,70,70,70,70,70,70,70,70,70,70,70,70,70],"card_choices":[{"not_picked":["bronze:BurnOut","bronze:ShipIt"],"picked":"bronze:AlphaBuild","floor":0},{"not_picked":["bronze:Allocate","bronze:BugBarrage"],"picked":"bronze:WhirlingStrike","floor":2},{"not_picked":["bronze:BugBarrage","bronze:Shield"],"picked":"bronze:WhirlingStrike","floor":3},{"not_picked":["bronze:DelayedGuard","bronze:ClassDefault","bronze:DarkDash"],"picked":"SKIP","floor":4},{"not_picked":["bronze:NullPointer","bronze:Deprecate"],"picked":"bronze:Overheat","floor":5},{"not_picked":["bronze:BugBarrage","bronze:DelayedSlice"],"picked":"bronze:Branch","floor":11},{"not_picked":["bronze:MaxOutput","bronze:Overheat"],"picked":"bronze:Boost","floor":12},{"not_picked":["bronze:Return","bronze:Shell"],"picked":"bronze:Break","floor":14},{"not_picked":["bronze:NullPointer","bronze:BuggyMess","bronze:Invalidate"],"picked":"SKIP","floor":15}],"player_experience":228915,"relics_obtained":[{"floor":7,"key":"Bag of Marbles"},{"floor":11,"key":"Dream Catcher"}],"event_choices":[{"damage_healed":0,"gold_gain":0,"player_choice":"Success","damage_taken":18,"relics_obtained":["Nunchaku"],"max_hp_gain":0,"max_hp_loss":0,"event_name":"Scrap Ooze","floor":6,"gold_loss":0}],"is_beta":false,"boss_relics":[],"items_purged_floors":[],"is_endless":false,"potions_floor_spawned":[2,11,12,15],"killed_by":"DF_ARCHETYPE_STREAMLINE","ascension_level":0}}