{"host":"sc0o2qwpf9j16a4i","time":1611274337,"event":{"mods":["AchievementEnabler","BaseMod","BetterRewards","Block Reminder","Colored Map","Colored Powertips","Custom Start","Highlight Path","Minty Spire (QoL Compilation)","Relic Stats"],"gold_per_floor":[112,123,150,167,28,28,28,61,84,99,115,141,141,153,153,153,153],"floor_reached":16,"language":"ENG","playtime":445,"items_purged":["Strike_R"],"score":324,"play_id":"251bb31e-eb87-4ce0-a706-e7136f7cd040","local_time":"20210122021217","is_ascension_mode":true,"campfire_choices":[{"data":"Armaments","floor":6.0,"key":"SMITH"},{"data":"Disarm","floor":13.0,"key":"SMITH"},{"data":"Offering","floor":15.0,"key":"SMITH"}],"circlet_count":0,"master_deck":["AscendersBane","Strike_R","Strike_R","Strike_R","Strike_R","Defend_R","Defend_R","Defend_R+1","Defend_R+1","Bash","Armaments+1","Twin Strike","Pommel Strike","Carnage","Ghostly Armor","Disarm+1","Shrug It Off","Offering+1"],"relics":["Burning Blood","Ancient Tea Set","Smiling Mask","FaceOfCleric","War Paint","PreservedInsect","Gambling Chip"],"acts_visited":["Exordium"],"potions_floor_usage":[],"damage_taken":[{"damage":1.0,"enemies":"Cultist","floor":1.0,"turns":4.0},{"damage":10.0,"enemies":"Small Slimes","floor":2.0,"turns":4.0},{"damage":6.0,"enemies":"2 Louse","floor":4.0,"turns":3.0},{"damage":36.0,"enemies":"Lagavulin","floor":8.0,"turns":8.0},{"damage":0.0,"enemies":"2 Fungi Beasts","floor":10.0,"turns":3.0},{"damage":2.0,"enemies":"Looter","floor":11.0,"turns":5.0},{"damage":8.0,"enemies":"Gremlin Nob","floor":12.0,"turns":3.0},{"damage":5.0,"enemies":"Gremlin Gang","floor":14.0,"turns":7.0},{"damage":45,"enemies":"Hexaghost","floor":16,"turns":11}],"seed_played":"-6487130381503358951","potions_obtained":[{"floor":1.0,"key":"Weak Potion"},{"floor":2.0,"key":"BlessingOfTheForge"},{"floor":12.0,"key":"Swift Potion"}],"is_trial":false,"path_per_floor":["M","M","T","M","$","R","?","E","T","M","M","E","R","M","R","B"],"character_chosen":"IRONCLAD","items_purchased":["Ancient Tea Set","Armaments","FearPotion","Twin Strike","Carnage"],"campfire_rested":0,"item_purchase_floors":[0,0,0,0,5],"current_hp_per_floor":[63,59,59,59,59,59,59,30,30,37,42,41,41,43,43,0,0],"gold":153,"neow_bonus":"","is_daily":false,"chose_seed":false,"campfire_upgraded":3,"win_rate":0.0,"timestamp":1611274337,"path_taken":["M","M","?","M","$","R","?","E","T","?","M","E","R","M","R","BOSS"],"items_purchased_type":["Relic","Card","Potion","Card","Card"],"build_version":"2020-12-22","purchased_purges":1,"victory":false,"max_hp_per_floor":[75,75,75,75,75,75,75,76,76,77,78,79,79,80,80,80,80],"relic_stats":{"FaceOfCleric":5,"counters":[17,86],"Gambling Chip":[8],"PreservedInsect":22,"War Paint":["Defend_R","Defend_R"],"Smiling Mask":25,"obtain_stats":[{"Dream Catcher":5,"Pear":7,"FaceOfCleric":7,"Gambling Chip":12,"The Courier":11,"PreservedInsect":9,"Frozen Egg 2":9,"War Paint":8,"Ancient Tea Set":0,"Smiling Mask":3,"Burning Blood":0,"ClockworkSouvenir":4},{"Dream Catcher":1,"Pear":2,"FaceOfCleric":11,"Gambling Chip":15,"The Courier":4,"PreservedInsect":12,"Frozen Egg 2":2,"War Paint":12,"Ancient Tea Set":8,"Smiling Mask":10,"Burning Blood":0,"ClockworkSouvenir":1},{"Dream Catcher":6,"Pear":10,"FaceOfCleric":49,"Gambling Chip":68,"The Courier":18,"PreservedInsect":57,"Frozen Egg 2":10,"War Paint":57,"Ancient Tea Set":38,"Smiling Mask":46,"Burning Blood":0,"ClockworkSouvenir":6}],"Burning Blood":90},"card_choices":[{"not_picked":["Intimidate","Sentinel","Entrench"],"picked":"SKIP","floor":1.0},{"not_picked":["Thunderclap","Perfected Strike"],"picked":"Pommel Strike","floor":2.0},{"not_picked":["Sentinel","Heavy Blade","Brutality"],"picked":"SKIP","floor":4.0},{"not_picked":["Iron Wave","Twin Strike"],"picked":"Ghostly Armor","floor":8.0},{"not_picked":["Cleave","Clash"],"picked":"Disarm","floor":10.0},{"not_picked":["Thunderclap","Warcry"],"picked":"Shrug It Off","floor":11.0},{"not_picked":["Combust","Clash","Entrench"],"picked":"SKIP","floor":12.0},{"not_picked":["Burning Pact","Thunderclap"],"picked":"Offering","floor":14.0}],"player_experience":873076,"relics_obtained":[{"floor":3.0,"key":"Smiling Mask"},{"floor":8.0,"key":"War Paint"},{"floor":9.0,"key":"PreservedInsect"},{"floor":12.0,"key":"Gambling Chip"}],"event_choices":[{"damage_healed":0.0,"max_hp_gain":0.0,"max_hp_loss":0.0,"gold_gain":0.0,"event_name":"FaceTrader","player_choice":"Trade","floor":7.0,"gold_loss":0.0,"damage_taken":0.0,"relics_obtained":["FaceOfCleric"]}],"is_beta":false,"boss_relics":[],"items_purged_floors":[5],"is_endless":false,"potions_floor_spawned":[1,2,12],"killed_by":"Hexaghost","ascension_level":20}}