{"host":"8u7tvcybuv0u72fd","time":1611277625,"event":{"mods":["BaseMod","BetterRewards","Colored Map","Colored Powertips","Minty Spire (QoL Compilation)","Quick Restart","Shop Mod"],"gold_per_floor":[119,138,138,157,175,175,187,220,220,220,234,88,103,133,133,229,229,242,167,167,182,200,225,225,245,270,131,131,164,164,181,181,276,276,287,287,287,264,277,277,312,312,312,312,326,338,388,135,135,135,135,135,13,48,48],"floor_reached":56,"language":"ENG","playtime":3302,"items_purged":["Strike_R","Defend_R"],"score":1477,"play_id":"8c52f108-2f0c-4aed-b03e-fb2897bf36f9","local_time":"20210121200705","is_ascension_mode":false,"campfire_choices":[{"data":"Apotheosis","floor":6.0,"key":"SMITH"},{"data":"Body Slam","floor":10.0,"key":"SMITH"},{"data":"Shrug It Off","floor":15.0,"key":"SMITH"},{"data":"Bludgeon","floor":24.0,"key":"SMITH"},{"data":"Berserk","floor":30.0,"key":"SMITH"},{"data":"Bash","floor":32.0,"key":"SMITH"},{"data":"Offering","floor":40,"key":"SMITH"},{"data":"Madness","floor":42,"key":"SMITH"},{"data":"Madness","floor":44,"key":"SMITH"},{"floor":49,"key":"RECALL"},{"data":"Good Instincts","floor":52,"key":"SMITH"}],"circlet_count":0,"master_deck":["Strike_R","Strike_R","Strike_R","Defend_R","Defend_R","Defend_R","Bash+1","Body Slam+1","Apotheosis+1","Shrug It Off+1","Feed","Bludgeon+1","Pommel Strike+1","Headbutt+1","Offering+1","Berserk+1","Exhume","Good Instincts+1","Madness+1","Madness+1","Rage+1","Limit Break","Blind","Battle Trance"],"relics":["Burning Blood","HandDrill","Bronze Scales","Singing Bowl","Pantograph","Orichalcum","Gambling Chip","Mercury Hourglass","Vajra","PreservedInsect","Cursed Key","MerchantsRug","Bottled Lightning","Prayer Wheel","Ancient Tea Set","Bottled Tornado"],"acts_visited":["Exordium","TheCity","TheBeyond","TheEnding"],"potions_floor_usage":[55,55,55,55,55],"damage_taken":[{"damage":7.0,"enemies":"Cultist","floor":1.0,"turns":4.0},{"damage":3.0,"enemies":"2 Louse","floor":2.0,"turns":2.0},{"damage":3.0,"enemies":"Jaw Worm","floor":4.0,"turns":3.0},{"damage":0.0,"enemies":"Exordium Thugs","floor":5.0,"turns":4.0},{"damage":5.0,"enemies":"Lots of Slimes","floor":7.0,"turns":4.0},{"damage":12.0,"enemies":"3 Sentries","floor":8.0,"turns":6.0},{"damage":12.0,"enemies":"Blue Slaver","floor":11.0,"turns":3.0},{"damage":10.0,"enemies":"Large Slime","floor":13.0,"turns":3.0},{"damage":15.0,"enemies":"Lagavulin","floor":14.0,"turns":6.0},{"damage":17.0,"enemies":"The Guardian","floor":16.0,"turns":9.0},{"damage":15.0,"enemies":"2 Thieves","floor":18.0,"turns":4.0},{"damage":6.0,"enemies":"Shell Parasite","floor":21.0,"turns":4.0},{"damage":1.0,"enemies":"Snake Plant","floor":22.0,"turns":3.0},{"damage":23.0,"enemies":"Gremlin Leader","floor":23.0,"turns":6.0},{"damage":2.0,"enemies":"Sentry and Sphere","floor":25.0,"turns":3.0},{"damage":10.0,"enemies":"Slavers","floor":29.0,"turns":4.0},{"damage":0.0,"enemies":"Centurion and Healer","floor":31.0,"turns":4.0},{"damage":70.0,"enemies":"Automaton","floor":33.0,"turns":9.0},{"damage":11,"enemies":"3 Shapes","floor":35,"turns":7},{"damage":6,"enemies":"Orb Walker","floor":39,"turns":2},{"damage":15,"enemies":"Reptomancer","floor":41,"turns":4},{"damage":11,"enemies":"Transient","floor":45,"turns":5},{"damage":6,"enemies":"3 Darklings","floor":46,"turns":3},{"damage":25,"enemies":"2 Orb Walkers","floor":47,"turns":3},{"damage":100,"enemies":"Time Eater","floor":50,"turns":9},{"damage":32,"enemies":"Shield and Spear","floor":54,"turns":4},{"damage":112,"enemies":"The Heart","floor":55,"turns":7}],"seed_played":"5435959577057717857","potions_obtained":[{"floor":1.0,"key":"DuplicationPotion"},{"floor":11.0,"key":"Swift Potion"},{"floor":13.0,"key":"Strength Potion"},{"floor":39,"key":"EntropicBrew"}],"is_trial":false,"path_per_floor":["M","M","?","M","M","R","M","E","T","R","M","$","M","E","R","B",null,"M","?","?","M","M","E","R","M","T","$","?","E","R","M","R","B",null,"M","?","?","$","M","R","E","R","T","R","M","M","?","$","R","B",null,"R","$","E","B",null],"character_chosen":"IRONCLAD","items_purchased":["Body Slam","Omamori","HandDrill","Bronze Scales","Singing Bowl","Apotheosis","Fire Potion","HeartOfIron","Orichalcum","Offering","MerchantsRug","Ancient Tea Set","Limit Break","Blind"],"campfire_rested":0,"item_purchase_floors":[0,0,0,0,0,0,0,0,12,27,38,48,53,53],"current_hp_per_floor":[34,39,39,44,50,50,53,47,47,47,43,43,45,38,38,56,102,97,97,97,101,112,97,97,103,103,103,103,103,103,115,115,70,134,134,134,117,117,117,117,114,114,114,114,111,117,100,100,100,31,155,155,155,129,48],"gold":48,"neow_bonus":"","is_daily":false,"chose_seed":false,"campfire_upgraded":10,"win_rate":0.0,"timestamp":1611277625,"path_taken":["M","M","?","M","M","R","M","E","T","R","?","$","M","E","R","BOSS","M","?","?","?","M","E","R","M","T","$","?","E","R","?","R","BOSS","M","?","?","$","M","R","E","R","T","R","M","M","?","$","R","BOSS","R","$","E","BOSS"],"items_purchased_type":["Card","Relic","Relic","Relic","Relic","Card","Potion","Potion","Relic","Card","Relic","Relic","Card","Card"],"build_version":"2020-12-22","purchased_purges":2,"victory":true,"max_hp_per_floor":[82,84,84,86,86,86,88,88,88,88,90,90,96,98,98,102,102,106,106,106,110,116,118,118,120,120,120,120,124,124,130,130,134,134,139,139,139,139,139,139,145,145,145,145,147,153,155,155,155,155,155,155,155,155,155],"card_choices":[{"not_picked":["Warcry","Body Slam","Armaments"],"picked":"Singing Bowl","floor":1.0},{"not_picked":["Shockwave","Rage","Heavy Blade"],"picked":"Singing Bowl","floor":2.0},{"not_picked":["Ghostly Armor","Thunderclap","Cleave"],"picked":"Singing Bowl","floor":4.0},{"not_picked":["Warcry","Uppercut"],"picked":"Shrug It Off","floor":5.0},{"not_picked":["Havoc","Sword Boomerang","Clash"],"picked":"Singing Bowl","floor":7.0},{"not_picked":["Wild Strike","Clash"],"picked":"Feed","floor":8.0},{"not_picked":["Pummel","Iron Wave","Ghostly Armor"],"picked":"Singing Bowl","floor":11.0},{"not_picked":["Iron Wave","Clothesline","Havoc"],"picked":"Singing Bowl","floor":13.0},{"not_picked":["Sword Boomerang","Berserk","Corruption"],"picked":"Singing Bowl","floor":14.0},{"not_picked":["Impervious","Feed"],"picked":"Bludgeon","floor":16.0},{"not_picked":["Blood for Blood","Headbutt"],"picked":"Pommel Strike+1","floor":18.0},{"not_picked":["Uppercut","Heavy Blade"],"picked":"Headbutt+1","floor":21.0},{"not_picked":["Inflame","Seeing Red","Flame Barrier"],"picked":"Singing Bowl","floor":22.0},{"not_picked":["Infernal Blade","Body Slam+1","Hemokinesis"],"picked":"Singing Bowl","floor":23.0},{"not_picked":["Wild Strike","True Grit+1","Blood for Blood"],"picked":"Singing Bowl","floor":25.0},{"not_picked":["Anger+1","Bloodletting"],"picked":"Berserk","floor":29.0},{"not_picked":["Havoc","Bloodletting+1","Combust"],"picked":"Singing Bowl","floor":31.0},{"not_picked":["Offering","Brutality"],"picked":"Exhume","floor":33.0},{"not_picked":["Clothesline","Rampage+1","Flex+1"],"picked":"Singing Bowl","floor":35},{"not_picked":["Chrysalis","Sadistic Nature"],"picked":"Good Instincts","floor":36},{"not_picked":["Spot Weakness","Clash+1"],"picked":"Rage+1","floor":39},{"not_picked":["Spot Weakness","Reckless Charge","Carnage+1"],"picked":"Singing Bowl","floor":41},{"not_picked":["True Grit","Flame Barrier","Perfected Strike"],"picked":"Singing Bowl","floor":45},{"not_picked":["Burning Pact+1","Pommel Strike+1","Warcry"],"picked":"Singing Bowl","floor":46},{"not_picked":["Clothesline","Body Slam+1","Exhume"],"picked":"Singing Bowl","floor":47},{"not_picked":["Dropkick","Combust"],"picked":"Battle Trance","floor":54}],"player_experience":1388150,"relics_obtained":[{"floor":8.0,"key":"Pantograph"},{"floor":14.0,"key":"Gambling Chip"},{"floor":23.0,"key":"Mercury Hourglass"},{"floor":26.0,"key":"Vajra"},{"floor":29.0,"key":"PreservedInsect"},{"floor":41,"key":"Juzu Bracelet"},{"floor":43,"key":"Bottled Lightning"},{"floor":47,"key":"Prayer Wheel"},{"floor":54,"key":"Bottled Tornado"}],"event_choices":[{"damage_healed":0.0,"max_hp_gain":0.0,"max_hp_loss":0.0,"gold_gain":0.0,"event_name":"Accursed Blacksmith","player_choice":"Rummage","floor":3.0,"gold_loss":0.0,"damage_taken":0.0,"relics_obtained":["WarpedTongs"],"cards_obtained":["Pain"]},{"cards_removed":["Strike_R"],"damage_healed":0.0,"max_hp_gain":0.0,"max_hp_loss":0.0,"gold_gain":0.0,"event_name":"Beggar","player_choice":"Gave Gold","floor":19.0,"gold_loss":75.0,"damage_taken":0.0},{"damage_healed":0.0,"max_hp_gain":0.0,"max_hp_loss":0.0,"gold_gain":0.0,"event_name":"N\u0027loth","player_choice":"Ignored","floor":20.0,"gold_loss":0.0,"damage_taken":0.0},{"damage_healed":0.0,"max_hp_gain":0.0,"max_hp_loss":0.0,"gold_gain":0.0,"event_name":"Duplicator","player_choice":"Ignored","floor":28.0,"gold_loss":0.0,"damage_taken":0.0},{"damage_healed":0,"gold_gain":0,"player_choice":"Memory 1","damage_taken":0,"max_hp_gain":0,"max_hp_loss":0,"event_name":"SensoryStone","floor":36,"gold_loss":0},{"damage_healed":0,"gold_gain":0,"player_choice":"Embrace Madness","damage_taken":17,"max_hp_gain":0,"max_hp_loss":0,"event_name":"Winding Halls","floor":37,"gold_loss":0,"cards_obtained":["Madness","Madness"]},{"damage_healed":0,"gold_gain":0,"player_choice":"Fight","damage_taken":0,"max_hp_gain":0,"max_hp_loss":0,"event_name":"Mysterious Sphere","floor":47,"gold_loss":0}],"is_beta":false,"boss_relics":[{"not_picked":["SlaversCollar","Ectoplasm"],"picked":"Sozu"},{"not_picked":["Runic Dome","Pandora\u0027s Box"],"picked":"Cursed Key"}],"items_purged_floors":[0,48],"is_endless":false,"potions_floor_spawned":[1,2,11,13,25,29,31,39,45],"ascension_level":0}}