{"host":"7tvb1em0d2fx72q7","time":1611278796,"event":{"mods":["BaseMod","Challenge The Spire","Minty Spire (QoL Compilation)","StSLib","everything is the same but u backflip on backflip"],"gold_per_floor":[14,33,33,33,54,54,67,67,67,87,87,107,143,159,159,159,159],"floor_reached":16,"language":"ENG","playtime":738,"items_purged":[],"score":208,"play_id":"5d11c4bc-8c38-432c-a941-8f2cf7297e9a","local_time":"20210121202636","is_ascension_mode":true,"campfire_choices":[{"data":"1","floor":6,"key":"LIFT"},{"data":"2","floor":8,"key":"LIFT"},{"floor":11,"key":"REST"},{"data":"3","floor":15,"key":"LIFT"}],"circlet_count":0,"master_deck":["AscendersBane","Strike_R","Strike_R","Strike_R","Strike_R","Strike_R","Defend_R","Defend_R","Defend_R","Defend_R","Bash","Blood for Blood","Battle Trance","Sword Boomerang","Thunderclap","Shrug It Off","Flame Barrier","Heavy Blade","Cleave","Evolve","Heavy Blade","Power Through"],"relics":["Burning Blood","Girya","Golden Idol","Prayer Wheel","FossilizedHelix"],"acts_visited":["Exordium"],"potions_floor_usage":[13,16],"damage_taken":[{"damage":1,"enemies":"Cultist","floor":1,"turns":3},{"damage":10,"enemies":"Small Slimes","floor":2,"turns":4},{"damage":7,"enemies":"Jaw Worm","floor":5,"turns":3},{"damage":22,"enemies":"3 Louse","floor":7,"turns":3},{"damage":25,"enemies":"Large Slime","floor":10,"turns":4},{"damage":12,"enemies":"Gremlin Gang","floor":12,"turns":4},{"damage":8,"enemies":"Gremlin Nob","floor":13,"turns":3},{"damage":0,"enemies":"Red Slaver","floor":14,"turns":2},{"damage":39,"enemies":"Hexaghost","floor":16,"turns":9}],"seed_played":"-7576086336607266910","potions_obtained":[{"floor":2,"key":"FearPotion"},{"floor":10,"key":"Dexterity Potion"},{"floor":12,"key":"SkillPotion"}],"is_trial":false,"path_per_floor":["M","M","?","?","M","R","M","R","T","M","R","M","E","M","R","B"],"character_chosen":"IRONCLAD","items_purchased":[],"campfire_rested":1,"item_purchase_floors":[],"current_hp_per_floor":[73,69,43,48,47,47,31,31,31,12,36,30,28,34,34,0,0],"gold":159,"neow_bonus":"ONE_RARE_RELIC","is_daily":false,"chose_seed":false,"campfire_upgraded":0,"win_rate":0.0,"timestamp":1611278796,"path_taken":["M","M","?","?","M","R","M","R","T","M","R","M","E","M","R","BOSS"],"items_purchased_type":[],"build_version":"2020-12-22","purchased_purges":0,"victory":false,"max_hp_per_floor":[75,75,75,80,80,80,80,80,80,80,80,80,80,80,80,80,80],"card_choices":[{"not_picked":["Perfected Strike","Havoc"],"picked":"Blood for Blood","floor":1},{"not_picked":["Infernal Blade","Pommel Strike"],"picked":"Battle Trance","floor":2},{"not_picked":["Flex","Iron Wave"],"picked":"Sword Boomerang","floor":5},{"not_picked":["Burning Pact","Perfected Strike"],"picked":"Thunderclap","floor":7},{"not_picked":["Uppercut","Flex"],"picked":"Shrug It Off","floor":10},{"not_picked":["Hemokinesis","Warcry"],"picked":"Flame Barrier","floor":10},{"not_picked":["Armaments","Iron Wave"],"picked":"Heavy Blade","floor":12},{"not_picked":["Armaments","Blood for Blood"],"picked":"Cleave","floor":12},{"not_picked":["Armaments","Bloodletting"],"picked":"Evolve","floor":13},{"not_picked":["Brutality","Blood for Blood"],"picked":"Heavy Blade","floor":14},{"not_picked":["Cleave","Hemokinesis"],"picked":"Power Through","floor":14}],"player_experience":1952356,"relics_obtained":[{"floor":9,"key":"Prayer Wheel"},{"floor":13,"key":"FossilizedHelix"}],"event_choices":[{"damage_healed":0,"gold_gain":0,"player_choice":"Take Damage","damage_taken":26,"relics_obtained":["Golden Idol"],"max_hp_gain":0,"max_hp_loss":0,"event_name":"Golden Idol","floor":3,"gold_loss":0},{"damage_healed":0,"gold_gain":0,"player_choice":"Donut","damage_taken":0,"max_hp_gain":5,"max_hp_loss":0,"event_name":"Big Fish","floor":4,"gold_loss":0}],"is_beta":false,"boss_relics":[],"items_purged_floors":[],"is_endless":false,"potions_floor_spawned":[2,10,12],"killed_by":"Hexaghost","ascension_level":20}}