{"host":"srk2drlvga69hbot","time":1611336363,"event":{"mods":["BaseMod","Bestiary","Block Reminder","Colored Map","Colored Powertips","Dark Map","DeckTracker","Highlight Path","Minty Spire (QoL Compilation)","Quick Restart","Rare Cards Sparkle","Relic Stats","SuperFastMode","Unceasing Turn Reminder"],"gold_per_floor":[114,131,131,8,8,37,60,60,60,80,100,100,114,132,132,233,233,252,91,91,91,101,101,61,61,61],"floor_reached":25,"language":"ZHS","playtime":1535,"items_purged":["Pain","Strike_P"],"score":262,"play_id":"71ecd668-abe1-4253-b01c-c3e8be31bc65","local_time":"20210123012603","is_ascension_mode":true,"campfire_choices":[{"data":"ClearTheMind","floor":8,"key":"SMITH"},{"data":"Eruption","floor":12,"key":"SMITH"},{"floor":15,"key":"REST"},{"data":"J.A.X.","floor":23,"key":"SMITH"}],"circlet_count":0,"master_deck":["Defend_P","Defend_P","Defend_P","Defend_P","Eruption+1","Vigilance","ClearTheMind+1","Pray","Prostrate","Nirvana","Consecrate","FlurryOfBlows","FollowUp","FlurryOfBlows","JustLucky+1","CutThroughFate","Bite","Bite","Bite","Bite","Bite","J.A.X.+1"],"relics":["PureWater","NeowsBlessing","WarpedTongs","Oddly Smooth Stone","Odd Mushroom","The Courier","Busted Crown"],"acts_visited":["Exordium","TheCity"],"potions_floor_usage":[16,16,16],"damage_taken":[{"damage":0,"enemies":"Cultist","floor":1,"turns":1},{"damage":0,"enemies":"2 Louse","floor":2,"turns":1},{"damage":0,"enemies":"Lagavulin","floor":6,"turns":2},{"damage":22,"enemies":"The Mushroom Lair","floor":7,"turns":6},{"damage":0,"enemies":"Jaw Worm","floor":10,"turns":5},{"damage":0,"enemies":"Red Slaver","floor":11,"turns":5},{"damage":1,"enemies":"Looter","floor":13,"turns":3},{"damage":16,"enemies":"Exordium Thugs","floor":14,"turns":3},{"damage":19,"enemies":"Hexaghost","floor":16,"turns":8},{"damage":10,"enemies":"3 Byrds","floor":18,"turns":6},{"damage":15,"enemies":"Chosen","floor":22,"turns":6},{"damage":58,"enemies":"Slavers","floor":25,"turns":4}],"seed_played":"-5724555625790468218","potions_obtained":[{"floor":6,"key":"PowerPotion"},{"floor":7,"key":"DistilledChaos"},{"floor":14,"key":"Weak Potion"}],"is_trial":false,"path_per_floor":["M","M","?","$","$","E","?","R","T","M","M","R","M","M","R","B",null,"M","$","?","?","M","R","?","E"],"character_chosen":"WATCHER","items_purchased":["Prostrate","JustLucky","CutThroughFate"],"campfire_rested":1,"item_purchase_floors":[4,19,19],"current_hp_per_floor":[72,72,72,72,72,72,50,50,50,50,50,50,49,33,54,35,72,62,62,50,50,43,43,43,0,0],"gold":61,"neow_bonus":"THREE_ENEMY_KILL","is_daily":false,"chose_seed":false,"campfire_upgraded":3,"win_rate":0.0,"timestamp":1611336363,"path_taken":["M","M","?","?","$","E","?","R","T","?","M","R","M","M","R","BOSS","M","$","?","?","?","R","?","E"],"items_purchased_type":["Card","Card","Card"],"build_version":"2020-12-22","purchased_purges":2,"victory":false,"max_hp_per_floor":[72,72,72,72,72,72,72,72,72,72,72,72,72,72,72,72,72,72,72,50,50,50,50,50,50,50],"relic_stats":{"Busted Crown":4,"counters":[12,50],"obtain_stats":[{"Busted Crown":17,"NeowsBlessing":0,"Oddly Smooth Stone":6,"The Courier":9,"PureWater":0,"Odd Mushroom":7,"WarpedTongs":3},{"Busted Crown":9,"NeowsBlessing":0,"Oddly Smooth Stone":3,"The Courier":4,"PureWater":0,"Odd Mushroom":4,"WarpedTongs":2},{"Busted Crown":34,"NeowsBlessing":0,"Oddly Smooth Stone":4,"The Courier":10,"PureWater":0,"Odd Mushroom":10,"WarpedTongs":2}],"WarpedTongs":[48]},"card_choices":[{"not_picked":["LikeWater","SashWhip"],"picked":"ClearTheMind","floor":1},{"not_picked":["WreathOfFlame","Study"],"picked":"Pray","floor":2},{"not_picked":["ForeignInfluence","ClearTheMind"],"picked":"Nirvana","floor":6},{"not_picked":["Sanctity","Halt"],"picked":"Consecrate","floor":7},{"not_picked":["EmptyBody","EmptyFist","CrushJoints"],"picked":"SKIP","floor":10},{"not_picked":["FlyingSleeves","JustLucky"],"picked":"FlurryOfBlows","floor":11},{"not_picked":["Consecrate","Devotion"],"picked":"FollowUp","floor":13},{"not_picked":["SandsOfTime","CrushJoints"],"picked":"FlurryOfBlows","floor":14},{"not_picked":["FlyingSleeves"],"picked":"SKIP","floor":18},{"not_picked":["Protect+1"],"picked":"SKIP","floor":22}],"player_experience":156807,"relics_obtained":[{"floor":6,"key":"Oddly Smooth Stone"},{"floor":7,"key":"Odd Mushroom"},{"floor":9,"key":"The Courier"}],"event_choices":[{"damage_healed":0,"gold_gain":0,"player_choice":"Rummage","damage_taken":0,"relics_obtained":["WarpedTongs"],"max_hp_gain":0,"max_hp_loss":0,"event_name":"Accursed Blacksmith","floor":3,"gold_loss":0,"cards_obtained":["Pain"]},{"damage_healed":0,"gold_gain":0,"player_choice":"Fought Mushrooms","damage_taken":0,"max_hp_gain":0,"max_hp_loss":0,"event_name":"Mushrooms","floor":7,"gold_loss":0},{"damage_healed":0,"gold_gain":0,"player_choice":"Became a vampire","damage_taken":0,"max_hp_gain":0,"max_hp_loss":22,"event_name":"Vampires","floor":20,"gold_loss":0,"cards_obtained":["Bite","Bite","Bite","Bite","Bite"]},{"damage_healed":0,"gold_gain":0,"player_choice":"Obtain J.A.X.","damage_taken":0,"max_hp_gain":0,"max_hp_loss":0,"event_name":"Drug Dealer","floor":21,"gold_loss":0,"cards_obtained":["J.A.X."]},{"damage_healed":0,"gold_gain":0,"player_choice":"Upgrade","damage_taken":0,"max_hp_gain":0,"max_hp_loss":0,"event_name":"Designer","floor":24,"gold_loss":40,"cards_upgraded":["JustLucky"]}],"is_beta":false,"boss_relics":[{"not_picked":["Snecko Eye","Coffee Dripper"],"picked":"Busted Crown"}],"items_purged_floors":[4,19],"is_endless":false,"potions_floor_spawned":[6,7,14],"killed_by":"Slavers","ascension_level":1}}