{"host":"yuhy0i501zzmn1iz","time":1611338941,"event":{"mods":["AchievementEnabler","AlwaysNeverKeys","BaseMod","Bestiary","Better Match","Better Third Choice","Curses Come First","Downfall","Minty Spire (QoL Compilation)","StSLib","slay the spire mod where everything is the same but ironclad has a cowboy hat"],"gold_per_floor":[115,115,138,138,161,161,175,188,188,206,221,272,272,286,286,286,286],"floor_reached":16,"language":"ENG","playtime":499,"items_purged":[],"score":125,"play_id":"6229200d-63fc-4bd5-b9e3-e503058f3cf0","local_time":"20210122130901","is_ascension_mode":true,"campfire_choices":[{"data":"Wild Strike","floor":6,"key":"SMITH"},{"floor":13,"key":"REST"},{"data":"Entrench","floor":15,"key":"SMITH"}],"circlet_count":0,"master_deck":["Strike_R","Strike_R","Strike_R","Strike_R","Strike_R","Defend_R","Defend_R","Defend_R","Defend_R","Bash","Impervious","Intimidate+1","Feel No Pain","Wild Strike+1","Clothesline","Entrench+1","Disarm","Berserk","Anger"],"relics":["Burning Blood","Golden Idol","Oddly Smooth Stone","Lantern"],"acts_visited":["Exordium"],"potions_floor_usage":[],"damage_taken":[{"damage":29,"enemies":"Jaw Worm","floor":1,"turns":6},{"damage":0,"enemies":"2 Louse","floor":3,"turns":3},{"damage":10,"enemies":"Cultist","floor":5,"turns":6},{"damage":19,"enemies":"Exordium Thugs","floor":7,"turns":4},{"damage":11,"enemies":"2 Fungi Beasts","floor":8,"turns":3},{"damage":0,"enemies":"3 Louse","floor":10,"turns":3},{"damage":13,"enemies":"Exordium Wildlife","floor":11,"turns":7},{"damage":13,"enemies":"Blue Slaver","floor":14,"turns":3},{"damage":33,"enemies":"Hexaghost","floor":16,"turns":11}],"seed_played":"6901073725752755592","potions_obtained":[{"floor":1,"key":"hexamod:SoulburnPotion"},{"floor":5,"key":"sneckomod:MuddlingPotion"},{"floor":11,"key":"champ:CounterPotion"}],"is_trial":false,"path_per_floor":["M","?","M","?","M","R","M","M","T","M","M","T","R","M","R","B"],"character_chosen":"IRONCLAD","items_purchased":[],"campfire_rested":1,"item_purchase_floors":[],"current_hp_per_floor":[49,31,37,37,33,33,20,15,15,21,14,14,35,28,28,0,0],"gold":286,"neow_bonus":"THREE_RARE_CARDS","is_daily":false,"chose_seed":false,"campfire_upgraded":2,"win_rate":0.0,"timestamp":1611338941,"path_taken":["M","?","M","?","M","R","?","M","T","M","M","?","R","M","R","BOSS"],"items_purchased_type":[],"build_version":"2020-12-22","purchased_purges":0,"victory":false,"max_hp_per_floor":[72,72,72,72,72,72,72,72,72,72,72,72,72,72,72,72,72],"card_choices":[{"not_picked":["Immolate","Berserk"],"picked":"Impervious","floor":0},{"not_picked":["Clothesline","Dark Embrace"],"picked":"Intimidate","floor":1},{"not_picked":["Flex","Clash"],"picked":"Feel No Pain","floor":3},{"not_picked":["Combust","Thunderclap"],"picked":"Wild Strike","floor":5},{"not_picked":["Iron Wave","Anger"],"picked":"Clothesline","floor":7},{"not_picked":["Warcry","Uppercut"],"picked":"Entrench","floor":8},{"not_picked":["Headbutt","Infernal Blade"],"picked":"Disarm","floor":10},{"not_picked":["Clothesline","Havoc"],"picked":"Berserk","floor":11},{"not_picked":["Clothesline","Searing Blow"],"picked":"Anger","floor":14}],"player_experience":334650,"relics_obtained":[{"floor":9,"key":"Oddly Smooth Stone"},{"floor":12,"key":"Lantern"}],"event_choices":[{"damage_healed":0,"gold_gain":0,"player_choice":"Take Damage","damage_taken":18,"relics_obtained":["Golden Idol"],"max_hp_gain":0,"max_hp_loss":0,"event_name":"Golden Idol","floor":2,"gold_loss":0},{"damage_healed":0,"gold_gain":0,"player_choice":"Upgraded","damage_taken":0,"max_hp_gain":0,"max_hp_loss":0,"event_name":"Upgrade Shrine","floor":4,"gold_loss":0,"cards_upgraded":["Intimidate"]}],"is_beta":false,"boss_relics":[],"items_purged_floors":[],"is_endless":false,"potions_floor_spawned":[1,5,11,14],"killed_by":"Hexaghost","ascension_level":6}}