{"host":"08z5bj28eube4vug","time":1611275477,"event":{"mods":["2.2 Compatiblity","Abigail Mod","Act Like it!","BaseMod","Beaked The Cultist","Bestiary","Friendly Minions","Gensokyo","GungeonMod","Hallownest","Kiyohime????","Koishi","Lobotomy","Marisa????????","Minty Spire (QoL Compilation)","Prisma Mod","Remilia??????","Replay The Spire","StSLib","Td1madao Mod","The Alterego","The Bug Knight","The Jungle","The Sage","The Senshi","The Servant 0.9.4","Waifu the Spire","WarShipGirlsR/????R mod","Yuri Mod"],"gold_per_floor":[116,134,150,150,167,167,192,192,192,211,211,211,224,257,269,383,395,420,448,478,503,515,527,571,583,641,678,690,702,744,856,868,880,880],"floor_reached":33,"language":"ENG","playtime":1886,"items_purged":[],"score":511,"play_id":"49f1064f-5778-4434-beb9-aae4783444e2","local_time":"20210122033117","is_ascension_mode":true,"campfire_choices":[{"data":"PrismaMod:ChloeMordred","floor":6,"key":"SMITH"},{"data":"PrismaMod:ChloeEyeOfTheEuryale","floor":8,"key":"SMITH"},{"data":"PrismaMod:ChloeCaladbolg","floor":11,"key":"SMITH"},{"data":"PrismaMod:ChloeCheapAttack","floor":15,"key":"SMITH"},{"data":"PrismaMod:ChloeCaladbolg","floor":23,"key":"SMITH"},{"data":"PrismaMod:ChloeRitsuka","floor":25,"key":"SMITH"},{"data":"PrismaMod:ChloeRhongomyniad","floor":29,"key":"SMITH"},{"floor":32,"key":"DIG"}],"circlet_count":0,"master_deck":["PrismaMod:ChloeCommonAttack","PrismaMod:ChloeCommonAttack","PrismaMod:ChloeCommonAttack","PrismaMod:ChloeCommonAttack","PrismaMod:ChloeCommonAttack","PrismaMod:ChloeCommonDefend","PrismaMod:ChloeCommonDefend","PrismaMod:ChloeCommonDefend","PrismaMod:ChloeCommonDefend","PrismaMod:ChloeCommonDefend","PrismaMod:ChloeCheapAttack+1","PrismaMod:ChloeCheapDefend","PrismaMod:ChloeMordred+1","PrismaMod:ChloeEyeOfTheEuryale+1","PrismaMod:ChloeCaladbolg+1","PrismaMod:ChloeDemonicTutor","PrismaMod:ChloeCheapAttackTwo","CurseOfTheBell","PrismaMod:ChloeCaladbolg+1","PrismaMod:ChloeBetterTracePools+1","PrismaMod:ChloeCheapDefendTwo+1","RitualDagger","PrismaMod:ChloeRitsuka+1","Pot Of Greed","Pot Of Greed","PrismaMod:ChloeRhongomyniad+1","Pot Of Greed","PrismaMod:ChloeCheapAttack+1"],"relics":["PrismaMod:PrismaTraceOn","DemoMod:VorpalBullet","Gambling Chip","sagemod:Creepy_Carousel","MawBank","Replay:Grab Bag","Replay:Fungal Core","Philosopher\u0027s Stone","Calling Bell","Ancient Tea Set","Shuriken","FossilizedHelix","PreservedInsect","Grinning Jar","Blue Doll","Boot","Bottled Lightning"],"acts_visited":["Exordium","TheCity"],"potions_floor_usage":[14,16,19,20,33,33],"damage_taken":[{"damage":2,"enemies":"Small Slimes","floor":1,"turns":3},{"damage":3,"enemies":"2 Louse","floor":2,"turns":3},{"damage":0,"enemies":"Cultist","floor":3,"turns":3},{"damage":5,"enemies":"2 Fungi Beasts","floor":5,"turns":4},{"damage":5,"enemies":"HollowMod:MossKnight","floor":7,"turns":5},{"damage":0,"enemies":"Large Slime","floor":10,"turns":2},{"damage":0,"enemies":"Lots of Slimes","floor":13,"turns":1},{"damage":10,"enemies":"3 Sentries","floor":14,"turns":4},{"damage":12,"enemies":"Fading Forest","floor":16,"turns":11},{"damage":0,"enemies":"3 Byrds","floor":18,"turns":2},{"damage":0,"enemies":"Cultist and Chosen","floor":19,"turns":3},{"damage":0,"enemies":"Snake Plant","floor":20,"turns":2},{"damage":3,"enemies":"Centurion and Healer","floor":21,"turns":4},{"damage":8,"enemies":"Replay:Snechameleon","floor":24,"turns":3},{"damage":0,"enemies":"HollowMod:Nosk","floor":27,"turns":2},{"damage":10,"enemies":"Replay:Snechameleon","floor":30,"turns":3},{"damage":40,"enemies":"Collector","floor":33,"turns":6}],"seed_played":"209530073569226904","potions_obtained":[{"floor":2,"key":"Weak Potion"},{"floor":7,"key":"DemoMod:LeadSkinPotion"},{"floor":10,"key":"Toxic Potion"},{"floor":14,"key":"AttackPotion"},{"floor":16,"key":"Block Potion"},{"floor":24,"key":"Block Potion"}],"is_trial":false,"path_per_floor":["M","M","M","?","M","R","E","R","T","M","R","?","M","E","R","B",null,"M","M","M","M","?","R","E","R","T","E","?","R","E","?","R","B"],"character_chosen":"CHLOE","items_purchased":[],"campfire_rested":0,"item_purchase_floors":[],"current_hp_per_floor":[66,63,63,63,58,58,53,53,53,53,53,53,53,43,43,39,61,61,61,61,58,52,52,44,44,44,44,44,44,34,34,34,0,0],"gold":880,"neow_bonus":"ONE_RARE_RELIC","is_daily":false,"chose_seed":false,"campfire_upgraded":7,"win_rate":0.0,"timestamp":1611275477,"path_taken":["M","M","M","?","M","R","E","R","T","M","R","?","?","E","R","BOSS","M","?","M","M","?","R","E","R","T","E","?","R","E","?","R","BOSS"],"items_purchased_type":[],"build_version":"2020-12-22","purchased_purges":0,"victory":false,"max_hp_per_floor":[68,68,68,68,68,68,68,68,68,68,68,68,68,68,68,68,68,68,68,68,68,68,68,68,68,68,68,68,68,68,68,68,68,68],"card_choices":[{"not_picked":["PrismaMod:ChloeCheapDefend","PrismaMod:ChloeUncommonAttack","PrismaMod:ChloeUncommonDefend"],"picked":"SKIP","floor":1},{"not_picked":["PrismaMod:ChloeExhaustOne","PrismaMod:ChloeCheapAttack","PrismaMod:ChloeMaid"],"picked":"SKIP","floor":2},{"not_picked":["PrismaMod:ChloeMaid","PrismaMod:ChloeExhaustOne"],"picked":"PrismaMod:ChloeMordred","floor":3},{"not_picked":["PrismaMod:ChloeUncommonAOEAttack","PrismaMod:ChloeCheapAttackTwo"],"picked":"PrismaMod:ChloeEyeOfTheEuryale","floor":5},{"not_picked":["PrismaMod:ChloeExhaustOne","PrismaMod:ChloeCheapAttack"],"picked":"PrismaMod:ChloeCaladbolg","floor":7},{"not_picked":["PrismaMod:ChloeCarnivalAOEAttack","PrismaMod:ChloeCheapAttack"],"picked":"PrismaMod:ChloeCheapDefend","floor":10},{"not_picked":["PrismaMod:ChloeCommonAOEAttack","PrismaMod:ChloeUncommonDefend"],"picked":"PrismaMod:ChloeCheapAttackTwo","floor":13},{"not_picked":["PrismaMod:ChloeCheapAttack","PrismaMod:ChloeCommonAOEAttack","PrismaMod:ChloeCheapDefend"],"picked":"SKIP","floor":14},{"not_picked":["PrismaMod:ChloeExhaustOne","PrismaMod:ChloeEyeOfTheEuryale"],"picked":"PrismaMod:ChloeCaladbolg","floor":18},{"not_picked":["PrismaMod:ChloeCheapAttack","PrismaMod:ChloeCommonAOEAttack"],"picked":"PrismaMod:ChloeBetterTracePools+1","floor":19},{"not_picked":["PrismaMod:ChloeExhaustOne","PrismaMod:ChloeCommonAOEAttack"],"picked":"PrismaMod:ChloeCheapDefendTwo+1","floor":20},{"not_picked":["PrismaMod:ChloeCheapAttack","PrismaMod:ChloeExhaustOne","PrismaMod:ChloeDiscardRecovery+1"],"picked":"SKIP","floor":21},{"not_picked":["PrismaMod:ChloeRhongomyniad","PrismaMod:ChloeCheapDefend"],"picked":"PrismaMod:ChloeRitsuka","floor":24},{"not_picked":["PrismaMod:ChloeRuleBreaker","PrismaMod:ChloeCheapAttackTwo+1"],"picked":"PrismaMod:ChloeRhongomyniad","floor":27},{"not_picked":["PrismaMod:ChloeUncommonDefend","PrismaMod:ChloeDiscardRecovery"],"picked":"PrismaMod:ChloeCheapAttack+1","floor":30}],"player_experience":826509,"relics_obtained":[{"floor":7,"key":"Gambling Chip"},{"floor":9,"key":"sagemod:Creepy_Carousel"},{"floor":14,"key":"MawBank"},{"floor":17,"key":"Ancient Tea Set"},{"floor":17,"key":"Shuriken"},{"floor":17,"key":"FossilizedHelix"},{"floor":24,"key":"PreservedInsect"},{"floor":26,"key":"Grinning Jar"},{"floor":27,"key":"Blue Doll"},{"floor":30,"key":"Boot"},{"floor":32,"key":"Bottled Lightning"}],"event_choices":[{"damage_healed":0,"gold_gain":0,"player_choice":"Ignored","damage_taken":0,"max_hp_gain":0,"max_hp_loss":0,"event_name":"Liars Game","floor":4,"gold_loss":0},{"damage_healed":0,"gold_gain":0,"cards_transformed":["PrismaMod:ChloeCheapDefend"],"player_choice":"Transformed","damage_taken":0,"max_hp_gain":0,"max_hp_loss":0,"event_name":"Transmorgrifier","floor":12,"gold_loss":0,"cards_obtained":["PrismaMod:ChloeDemonicTutor"]},{"damage_healed":0,"gold_gain":0,"player_choice":"Joined the Cult","damage_taken":6,"max_hp_gain":0,"max_hp_loss":0,"event_name":"Nest","floor":22,"gold_loss":0,"cards_obtained":["RitualDagger"]},{"damage_healed":0,"gold_gain":100,"player_choice":"Pray","damage_taken":0,"max_hp_gain":0,"max_hp_loss":0,"event_name":"Golden Shrine","floor":31,"gold_loss":0}],"is_beta":false,"boss_relics":[{"not_picked":["Ectoplasm","Replay:Wanted Poster"],"picked":"Replay:Grab Bag"},{"not_picked":["Fusion Hammer","Runic Dome"],"picked":"Replay:Fungal Core"},{"not_picked":["ReplayTheSpireMod:DimensionalGlitch","ReplayTheSpireMod:Onyx Gauntlets"],"picked":"Philosopher\u0027s Stone"},{"not_picked":["Ring of Chaos","Astrolabe"],"picked":"Calling Bell"}],"items_purged_floors":[],"is_endless":false,"potions_floor_spawned":[2,7,10,14,16,24],"killed_by":"Collector","ascension_level":8}}