{"host":"0c22z74nxhh6l98a","time":1611337605,"event":{"mods":["BaseMod","BetterRewards","Card Forge","GungeonMod","Hubris","Infinite Spire","Minty Spire (QoL Compilation)","Potionbrewer","Shop Mod","StSLib"],"gold_per_floor":[262,262,425,587,587,587,765,765,765,949,949,1134,1134,1302,1302,1523,1523,1692,1854,2017,1150,1150,1272,487,487,532,732,732,780,780,972,972,1224,1224,1235,1430,1626,737,934,1144,1144,1400,1400,1610,1805,1199,1226,1328,1328,1558,1558,1558,922,1131,1311],"floor_reached":56,"language":"ENG","playtime":6233,"items_purged":["After Image+1"],"score":3478,"play_id":"3418a714-f42b-40d4-92bd-c044474bd968","local_time":"20210122114645","is_ascension_mode":true,"campfire_choices":[{"floor":6,"key":"RECALL"},{"data":"Reflex","floor":8,"key":"SMITH"},{"data":"Adrenaline","floor":13,"key":"SMITH"},{"data":"potionbrewer:TestFormula","floor":15,"key":"SMITH"},{"data":"Tactician","floor":25,"key":"SMITH"},{"data":"DemoMod:Deposit","floor":30,"key":"SMITH"},{"data":"Escape Plan","floor":32,"key":"SMITH"},{"data":"Master of Strategy","floor":49,"key":"SMITH"},{"data":"potionbrewer:Catalyze","floor":52,"key":"SMITH"}],"circlet_count":0,"master_deck":["AscendersBane","After Image+1","A Thousand Cuts","After Image","Adrenaline+1","Venomology+1","Blade Dance","Calculated Gamble+1","Escape Plan","infinitespire:Neurotoxin+1","Prepared","Reflex+1","hubris:Sniper","Tactician+1","DemoMod:Deposit+1","Calculated Gamble+1","Adrenaline+1","Venomology+1","Escape Plan+1","Prepared","Reflex+1","DemoMod:Deposit+1","DemoMod:Deposit+1","DemoMod:Deposit+1","DemoMod:Deposit+1","Prepared","potionbrewer:TestFormula+1","Adrenaline+1","potionbrewer:Accelerant","DemoMod:Deposit+1","Prepared","potionbrewer:Catalyze+1","Escape Plan","Master of Strategy+1","Calculated Gamble","After Image+1"],"relics":["Ring of the Snake","Hammer of Thor","Seething Fire","Anvil of the Gods","MerchantsRug","Medical Kit","Anchor","Pen Nib","DemoMod:BigBoy","Tiny Chest","CaptainsWheel","Ice Cream","FossilizedHelix","potionbrewer:WarMedal","hubris:Zylophone","Kunai","Bronze Scales","DemoMod:GlassGuonStoneRelic","hubris:DisguiseKit","infinitespire:CheckeredPen","infinitespire:Joker Card","potionbrewer:RamsHorn","Blood Vial","Molten Egg 2","Ancient Tea Set","Sling","Bag of Marbles","Frozen Egg 2","hubris:MobiusCoin","potionbrewer:Keyblade","Akabeko","Juzu Bracelet","SacredBark","Singing Bowl","hubris:CrystalStatue","ClockworkSouvenir","StrikeDummy","StoneCalendar","Mango","Meat on the Bone","hubris:EmptyBottle","infinitespire:Satchel","Shuriken","DemoMod:MonsterBlood","hubris:SlimyHat","Du-Vu Doll","Chemical X","hubris:Teleporter"],"acts_visited":["Exordium","TheCity","TheBeyond","TheEnding"],"potions_floor_usage":[3,4,4,7,7,10,12,12,12,14,14,16,16,16,18,19,19,19,20,23,23,23,23,23,23,27,27,31,31,33,33,33,33,35,35,36,36,37,37,39,40,40,42,42,44,44,44,44,45,45,48,50,50,50,50,50,55,55,55,55,55,55,55,55],"damage_taken":[{"damage":0,"enemies":"Small Slimes","floor":1,"turns":4},{"damage":0,"enemies":"infinitespire:Voidling","floor":3,"turns":2},{"damage":0,"enemies":"Cultist","floor":4,"turns":5},{"damage":0,"enemies":"Gremlin Nob","floor":7,"turns":4},{"damage":0,"enemies":"3 Sentries","floor":10,"turns":1},{"damage":0,"enemies":"Lagavulin","floor":12,"turns":3},{"damage":0,"enemies":"3 Louse","floor":14,"turns":2},{"damage":0,"enemies":"Slime Boss","floor":16,"turns":3},{"damage":0,"enemies":"Shell Parasite","floor":18,"turns":3},{"damage":0,"enemies":"2 Thieves","floor":19,"turns":1},{"damage":0,"enemies":"3 Cultists","floor":20,"turns":1},{"damage":0,"enemies":"Book of Stabbing","floor":23,"turns":2},{"damage":0,"enemies":"Centurion and Healer","floor":27,"turns":3},{"damage":0,"enemies":"Shelled Parasite and Fungi","floor":31,"turns":2},{"damage":0,"enemies":"Collector","floor":33,"turns":2},{"damage":0,"enemies":"3 Darklings","floor":35,"turns":1},{"damage":0,"enemies":"Orb Walker","floor":36,"turns":2},{"damage":0,"enemies":"Spire Growth","floor":37,"turns":1},{"damage":0,"enemies":"Writhing Mass","floor":39,"turns":1},{"damage":0,"enemies":"Reptomancer","floor":40,"turns":1},{"damage":0,"enemies":"Giant Head","floor":42,"turns":1},{"damage":0,"enemies":"Reptomancer","floor":44,"turns":3},{"damage":0,"enemies":"4 Shapes","floor":45,"turns":2},{"damage":0,"enemies":"Spire Growth","floor":48,"turns":2},{"damage":0,"enemies":"Time Eater","floor":50,"turns":6},{"damage":0,"enemies":"Shield and Spear","floor":54,"turns":3},{"damage":0,"enemies":"The Heart","floor":55,"turns":3}],"seed_played":"3364671987415884974","potions_obtained":[{"floor":12,"key":"EssenceOfSteel"},{"floor":20,"key":"SkillPotion"},{"floor":27,"key":"potionbrewer:DiscountPotion"},{"floor":35,"key":"EssenceOfSteel"},{"floor":45,"key":"DemoMod:LeadSkinPotion"}],"is_trial":false,"path_per_floor":["M","?","M","M","T","R","E","R","T","E","T","E","R","M","R","B",null,"M","M","M","$","?","E","$","R","T","M","?","T","R","M","R","B",null,"M","M","M","$","M","E","?","E","T","E","M","$","T","M","R","B",null,"R","$","E","B",null],"character_chosen":"THE_SILENT","items_purchased":["MerchantsRug","Medical Kit","Anchor","Pen Nib","Tiny Chest","CaptainsWheel","FossilizedHelix","potionbrewer:WarMedal","Kunai","Bronze Scales","Molten Egg 2","Ancient Tea Set","Sling","EntropicBrew","DemoMod:Deposit","Frozen Egg 2","hubris:MobiusCoin","potionbrewer:Keyblade","GamblersBrew","Prepared","Singing Bowl","hubris:CrystalStatue","ClockworkSouvenir","Master of Strategy","Calculated Gamble","hubris:EmptyBottle","infinitespire:Satchel","Shuriken","hubris:SlimyHat","Du-Vu Doll","Chemical X"],"campfire_rested":0,"item_purchase_floors":[0,0,0,0,0,0,0,0,0,0,21,21,21,21,21,24,24,24,24,24,38,38,38,38,38,46,46,46,53,53,53],"current_hp_per_floor":[59,59,59,59,59,59,66,66,66,66,66,66,66,66,66,66,66,66,66,66,66,66,66,66,66,66,66,66,66,66,66,66,66,66,66,66,66,66,68,70,70,72,86,88,90,90,97,99,99,99,99,99,99,101,101],"gold":1311,"neow_bonus":"","is_daily":false,"chose_seed":false,"campfire_upgraded":8,"win_rate":0.0,"timestamp":1611337605,"path_taken":["M","?","M","?","?","R","E","R","T","E","?","E","R","M","R","BOSS","M","M","M","$","?","E","?","R","T","M","?","?","R","M","R","BOSS","M","M","M","$","M","E","?","E","T","E","M","$","?","M","R","BOSS","R","$","E","BOSS"],"items_purchased_type":["Relic","Relic","Relic","Relic","Relic","Relic","Relic","Relic","Relic","Relic","Relic","Relic","Relic","Potion","Card","Relic","Relic","Relic","Potion","Card","Relic","Relic","Relic","Card","Card","Relic","Relic","Relic","Relic","Relic","Relic"],"build_version":"2020-12-22","purchased_purges":1,"victory":true,"max_hp_per_floor":[66,66,66,66,66,66,66,66,66,66,66,66,66,66,66,66,66,66,66,66,66,66,66,66,66,66,66,66,66,66,66,66,66,66,66,66,66,66,68,70,70,72,86,88,90,90,97,99,99,99,99,99,99,101,101],"card_choices":[{"not_picked":["Distraction","Choke","Deadly Poison"],"picked":"SKIP","floor":1},{"not_picked":["Flechettes","hubris:TrickCloak","Backflip"],"picked":"SKIP","floor":3},{"not_picked":["PiercingWail","Catalyst"],"picked":"Prepared","floor":4},{"not_picked":["hubris:Counter","Riddle With Holes","Flying Knee"],"picked":"SKIP","floor":7},{"not_picked":["Backflip","Poisoned Stab","Flying Knee"],"picked":"potionbrewer:TestFormula","floor":10},{"not_picked":["Noxious Fumes","Finisher","potionbrewer:ExplosiveReaction"],"picked":"Adrenaline","floor":12},{"not_picked":["hubris:SlightOfHand","Leg Sweep","Bane","potionbrewer:Discombobulate"],"picked":"SKIP","floor":14},{"not_picked":["Doppelganger","Grand Finale","After Image"],"picked":"potionbrewer:Accelerant","floor":16},{"not_picked":["hubris:TrickCloak","Bouncing Flask","All Out Attack","potionbrewer:BlindingSpray"],"picked":"SKIP","floor":18},{"not_picked":["Quick Slash","Cloak And Dagger","Dagger Spray+1","potionbrewer:Contingency"],"picked":"SKIP","floor":19},{"not_picked":["hubris:Counter","Slice","Dash+1","potionbrewer:MicrobeSpray"],"picked":"SKIP","floor":20},{"not_picked":["Tactician","hubris:Counter+1","Crippling Poison","potionbrewer:Smokescreen"],"picked":"SKIP","floor":23},{"not_picked":["Backstab+1","Deflect","Underhanded Strike+1","potionbrewer:TimeBomb"],"picked":"SKIP","floor":27},{"not_picked":["Leg Sweep","Cloak And Dagger+1","Acrobatics","potionbrewer:UnstableFormula"],"picked":"SKIP","floor":31},{"not_picked":["Die Die Die+1","Tools of the Trade+1","Malaise"],"picked":"potionbrewer:Catalyze","floor":33},{"not_picked":["Backstab+1","Sucker Punch+1","Skewer+1","potionbrewer:TestSubject"],"picked":"SKIP","floor":35},{"not_picked":["Accuracy+1","Poisoned Stab+1","Acrobatics+1","potionbrewer:DigDeep"],"picked":"SKIP","floor":36},{"not_picked":["Tools of the Trade+1","Masterful Stab+1","potionbrewer:VolatileSolution"],"picked":"Escape Plan","floor":37},{"not_picked":["Infinite Blades+1","Backstab+1","Flechettes+1","potionbrewer:CausticBarrier"],"picked":"Singing Bowl","floor":39},{"not_picked":["Skewer+1","Catalyst","hubris:SlightOfHand","potionbrewer:LeftoverSpecimen"],"picked":"Singing Bowl","floor":40},{"not_picked":["Blade Dance+1","Wraith Form v2+1","Prepared","potionbrewer:Spark"],"picked":"Singing Bowl","floor":42},{"not_picked":["Footwork+1","Escape Plan","Sucker Punch+1","potionbrewer:Refill"],"picked":"Singing Bowl","floor":44},{"not_picked":["Night Terror","Backflip","hubris:SlightOfHand+1","potionbrewer:HazardousMaterials"],"picked":"Singing Bowl","floor":45},{"not_picked":["Deadly Poison","Setup","Concentrate","potionbrewer:Smack"],"picked":"Singing Bowl","floor":48},{"not_picked":["hubris:TrickCloak+1","Terror+1","Grand Finale+1","potionbrewer:IronFlesh"],"picked":"Singing Bowl","floor":54}],"player_experience":945823,"relics_obtained":[{"floor":7,"key":"hubris:DisguiseKit"},{"floor":9,"key":"infinitespire:CheckeredPen"},{"floor":10,"key":"infinitespire:Joker Card"},{"floor":11,"key":"potionbrewer:RamsHorn"},{"floor":12,"key":"Blood Vial"},{"floor":23,"key":"Bag of Marbles"},{"floor":26,"key":"Akabeko"},{"floor":29,"key":"Juzu Bracelet"},{"floor":40,"key":"StrikeDummy"},{"floor":42,"key":"StoneCalendar"},{"floor":43,"key":"Mango"},{"floor":44,"key":"Meat on the Bone"},{"floor":47,"key":"DemoMod:MonsterBlood"},{"floor":54,"key":"hubris:Teleporter"}],"event_choices":[{"damage_healed":0,"gold_gain":0,"player_choice":"Upgraded","damage_taken":0,"max_hp_gain":0,"max_hp_loss":0,"event_name":"Upgrade Shrine","floor":2,"gold_loss":0,"cards_upgraded":["Reflex"]},{"damage_healed":0,"gold_gain":0,"player_choice":"Cursed","damage_taken":0,"max_hp_gain":0,"max_hp_loss":0,"event_name":"Wheel of Change","floor":22,"gold_loss":0,"cards_obtained":["Decay"]},{"damage_healed":0,"gold_gain":0,"player_choice":"Copied","damage_taken":0,"max_hp_gain":0,"max_hp_loss":0,"event_name":"Duplicator","floor":41,"gold_loss":0,"cards_obtained":["After Image"]}],"is_beta":false,"boss_relics":[{"not_picked":["Fusion Hammer","hubris:BlackHole","Runic Dome"]},{"not_picked":["hubris:RunicObelisk","Snecko Eye"],"picked":"SacredBark"}],"items_purged_floors":[0],"is_endless":false,"potions_floor_spawned":[1,10,12,20,27,31,35,40,45],"ascension_level":17}}