{"host":"hfxp6ue4pvwo3fit","time":1611328987,"event":{"mods":["AchievementEnabler","BaseMod","Colored Map","Colored Powertips","Highlight Path","HololiveMod","Minty Spire (QoL Compilation)","Relic Stats","StSLib","SuperFastMode"],"gold_per_floor":[84,97,22,32,50,50,87,87,87,122,140,159,159,84,84,164,164,176,176,226,244,259,288,288,325,348,387,387,414,151,167,167,252,252,265,487,487,503,518,518,551,551,574,574,597,597,597,30,30,32,32],"floor_reached":50,"language":"ENG","playtime":1655,"items_purged":["Hololive_CallShiranuiFlare","Hololive_CallShiroganeNoel","Hololive_Defend"],"score":1601,"play_id":"80eec251-1710-495a-b264-28a2b6d393f2","local_time":"20210122092307","is_ascension_mode":true,"campfire_choices":[{"data":"Hololive_CallOmaruPolka","floor":6.0,"key":"SMITH"},{"data":"Hololive_ManjiGathering","floor":8.0,"key":"SMITH"},{"data":"Hololive_CallHoushouMarine","floor":13.0,"key":"SMITH"},{"data":"Hololive_IdolExercise","floor":15.0,"key":"SMITH"},{"data":"Hololive_StrengthChampion","floor":24.0,"key":"SMITH"},{"data":"Hololive_StrengthChampion+1","floor":28,"key":"SMITH"},{"data":"Hololive_CallYozoraMel","floor":32,"key":"SMITH"},{"data":"Hololive_CallTsunomakiWatame","floor":40,"key":"SMITH"},{"data":"Hololive_CallTsunomakiWatame","floor":42,"key":"SMITH"},{"data":"Hololive_ManjiGathering","floor":44,"key":"SMITH"},{"data":"Hololive_StrengthChampion+2","floor":46,"key":"SMITH"},{"data":"Hololive_StrengthChampion+3","floor":49,"key":"SMITH"}],"circlet_count":0,"master_deck":["AscendersBane","Hololive_Strike","Hololive_Strike","Hololive_Defend","Hololive_CocoNews","Hololive_CallHoushouMarine+1","Hololive_CallRosalyn","Hololive_CallSpadeEcho","Hololive_CallOmaruPolka+1","Hololive_CallMomosuzuNene+20","Hololive_ManjiGathering+1","Hololive_StrengthChampion+4","Hololive_CocoNews","Hololive_IdolExercise+1","Hololive_Thief","Hololive_Breathe","Hololive_CallManoAloe+1","Hololive_Rebirth","Hololive_CallYozoraMel+1","Hololive_CallTsunomakiWatame+1","Hololive_CallTsunomakiWatame+1","Hololive_Breathe+1","Hololive_CallHoushouMarine"],"relics":["Hololive_TheStar","Peace Pipe","Ancient Tea Set","Question Card","StrikeDummy","Philosopher\u0027s Stone","Girya","Orichalcum","White Beast Statue","Red Mask","Orrery","Coffee Dripper","Sundial","Juzu Bracelet","Strawberry","ClockworkSouvenir"],"acts_visited":["Exordium","TheCity","TheBeyond"],"potions_floor_usage":[33],"damage_taken":[{"damage":0.0,"enemies":"Cultist","floor":1.0,"turns":2.0},{"damage":0.0,"enemies":"Small Slimes","floor":2.0,"turns":3.0},{"damage":0.0,"enemies":"2 Louse","floor":4.0,"turns":4.0},{"damage":0.0,"enemies":"Exordium Thugs","floor":5.0,"turns":4.0},{"damage":0.0,"enemies":"Gremlin Nob","floor":7.0,"turns":3.0},{"damage":0.0,"enemies":"3 Sentries","floor":10.0,"turns":6.0},{"damage":0.0,"enemies":"3 Louse","floor":11.0,"turns":3.0},{"damage":0.0,"enemies":"Large Slime","floor":12.0,"turns":3.0},{"damage":0.0,"enemies":"Slime Boss","floor":16.0,"turns":4.0},{"damage":0.0,"enemies":"Spheric Guardian","floor":18.0,"turns":2.0},{"damage":4.0,"enemies":"2 Thieves","floor":21.0,"turns":4.0},{"damage":0.0,"enemies":"Snecko","floor":22.0,"turns":2.0},{"damage":0.0,"enemies":"Gremlin Leader","floor":23.0,"turns":4.0},{"damage":0.0,"enemies":"Book of Stabbing","floor":25.0,"turns":3.0},{"damage":0.0,"enemies":"Gremlin Leader","floor":27.0,"turns":3.0},{"damage":0,"enemies":"Masked Bandits","floor":29,"turns":3},{"damage":0,"enemies":"Chosen and Byrds","floor":31,"turns":3},{"damage":0,"enemies":"Collector","floor":33,"turns":7},{"damage":0,"enemies":"Orb Walker","floor":35,"turns":2},{"damage":0,"enemies":"3 Darklings","floor":38,"turns":4},{"damage":0,"enemies":"Jaw Worm Horde","floor":39,"turns":3},{"damage":0,"enemies":"Giant Head","floor":41,"turns":5},{"damage":0,"enemies":"Maw","floor":45,"turns":6},{"damage":45,"enemies":"Awakened One","floor":50,"turns":3}],"seed_played":"-7675788941640123844","potions_obtained":[{"floor":1.0,"key":"BlessingOfTheForge"},{"floor":4.0,"key":"LiquidBronze"},{"floor":5.0,"key":"PowerPotion"},{"floor":11.0,"key":"LiquidMemories"},{"floor":21.0,"key":"Block Potion"},{"floor":33,"key":"Swift Potion"},{"floor":39,"key":"DuplicationPotion"}],"is_trial":false,"path_per_floor":["M","M","$","M","M","R","E","R","T","E","M","M","R","$","R","B",null,"M","?","?","M","M","E","R","E","T","E","R","?","$","M","R","B",null,"M","?","?","M","M","R","E","R","T","R","M","R","?","$","R","B"],"character_chosen":"Hololive_HololiveCharacter","items_purchased":["Hololive_ManjiGathering","Orrery","Strawberry","ClockworkSouvenir","EntropicBrew"],"campfire_rested":0,"item_purchase_floors":[3,30,48,48,48],"current_hp_per_floor":[21,21,21,21,21,21,21,21,21,21,21,21,21,21,21,21,28,28,28,28,24,24,24,24,24,24,24,24,24,24,24,24,30,30,30,30,28,28,28,28,28,28,28,28,28,28,28,35,35,0,0],"gold":32,"neow_bonus":"ONE_RARE_RELIC","is_daily":false,"chose_seed":false,"campfire_upgraded":12,"win_rate":0.0,"timestamp":1611328987,"path_taken":["M","M","$","M","?","R","E","R","T","E","M","M","R","$","R","BOSS","M","?","?","?","M","E","R","E","T","E","R","?","$","M","R","BOSS","M","?","?","M","M","R","E","R","T","R","M","R","?","$","R","BOSS"],"items_purchased_type":["Card","Relic","Relic","Relic","Potion"],"build_version":"2020-12-22","purchased_purges":3,"victory":false,"max_hp_per_floor":[30,30,30,30,30,30,30,30,30,30,30,30,30,30,30,30,30,30,30,30,30,30,30,30,30,30,30,30,30,30,30,30,30,30,30,30,28,28,28,28,28,28,28,28,28,28,28,35,35,35,35],"relic_stats":{"Peace Pipe":0,"counters":[24,86],"Sundial":[0],"Juzu Bracelet":0,"Orichalcum":[186],"Question Card":24,"obtain_stats":[{"Girya":25,"Juzu Bracelet":43,"Orichalcum":26,"Ancient Tea Set":7,"Question Card":9,"White Beast Statue":27,"ClockworkSouvenir":48,"Peace Pipe":0,"Sundial":41,"Strawberry":48,"Hololive_TheStar":0,"Orrery":30,"Philosopher\u0027s Stone":17,"Red Mask":29,"Coffee Dripper":34,"StrikeDummy":10},{"Girya":14,"Juzu Bracelet":22,"Orichalcum":14,"Ancient Tea Set":5,"Question Card":5,"White Beast Statue":15,"ClockworkSouvenir":23,"Peace Pipe":0,"Sundial":22,"Strawberry":23,"Hololive_TheStar":0,"Orrery":16,"Philosopher\u0027s Stone":9,"Red Mask":16,"Coffee Dripper":18,"StrikeDummy":6},{"Girya":47,"Juzu Bracelet":77,"Orichalcum":47,"Ancient Tea Set":16,"Question Card":16,"White Beast Statue":50,"ClockworkSouvenir":83,"Peace Pipe":0,"Sundial":77,"Strawberry":83,"Hololive_TheStar":0,"Orrery":53,"Philosopher\u0027s Stone":32,"Red Mask":53,"Coffee Dripper":63,"StrikeDummy":22}]},"card_choices":[{"not_picked":["Hololive_CallMoonaHoshinova","Hololive_CallMurasakiShion","Hololive_Trident"],"picked":"Hololive_CallOmaruPolka","floor":1.0},{"not_picked":["Hololive_CallRoboco","Hololive_Spy","Hololive_CallMinatoAqua"],"picked":"Hololive_CallMomosuzuNene","floor":2.0},{"not_picked":["Hololive_RevenueBasedLive","Hololive_CallShiroganeNoel","Hololive_FlyingPonyTail","Hololive_CallManoAloe"],"picked":"SKIP","floor":4.0},{"not_picked":["Hololive_CallNekomataOkayu","Hololive_Drill","Hololive_CallNatsuiroMatsuri"],"picked":"Hololive_StrengthChampion","floor":5.0},{"not_picked":["Hololive_CallFriendA","Hololive_Rebound","Hololive_CallNekomataOkayu","Hololive_CallShiranuiFlare"],"picked":"SKIP","floor":7.0},{"not_picked":["Hololive_Teleport","Hololive_HuntDinosaur","Hololive_Rebound","Hololive_CallTokinoSora","Hololive_StrengthChampion"],"picked":"SKIP","floor":10.0},{"not_picked":["Hololive_StrengthChampion","Hololive_Psychosis","Hololive_Drill","Hololive_Sequa"],"picked":"Hololive_CocoNews","floor":11.0},{"not_picked":["Hololive_CallRoboco","Hololive_Rebound","Hololive_CallNatsuiroMatsuri","Hololive_Breathe"],"picked":"Hololive_IdolExercise","floor":12.0},{"not_picked":["Hololive_StarCraft","Hololive_IdolExercise","Hololive_ScarfAndHalo","Hololive_Nanodesu"],"picked":"Hololive_Thief","floor":16.0},{"not_picked":["Hololive_RevenueBasedLive","Hololive_CallHimemoriLuna","Hololive_LuckPotion","Hololive_StrengthChampion","Hololive_Watashimo"],"picked":"SKIP","floor":18.0},{"not_picked":["Hololive_LuckPotion","Hololive_CallNatsuiroMatsuri","Hololive_Psychosis","Hololive_CallOmaruPolka"],"picked":"Hololive_Breathe","floor":21.0},{"not_picked":["Hololive_FlyingPonyTail","Hololive_Psychosis","Hololive_CallNekomataOkayu+1","Hololive_RevenueBasedLive","Hololive_Sequa+1"],"picked":"SKIP","floor":22.0},{"not_picked":["Hololive_FlareMind","Hololive_Rebound","Hololive_CocoNews","Hololive_CallOmaruPolka","Hololive_CallInugamiKorone"],"picked":"SKIP","floor":23.0},{"not_picked":["Hololive_CallSpadeEcho","Hololive_CallKiryuuCoco","Hololive_FlyingPonyTail","Hololive_CocoNews","Hololive_LuckPotion+1"],"picked":"SKIP","floor":25.0},{"not_picked":["Hololive_CallNatsuiroMatsuri","Hololive_Trident","Hololive_RevenueBasedLive+1","Hololive_Psychosis"],"picked":"Hololive_CallManoAloe+1","floor":27},{"not_picked":["Hololive_HuntDinosaur","Hololive_Sequa","Hololive_StrengthChampion+1","Hololive_CallYukihanaLamy"],"picked":"Hololive_Rebirth","floor":29},{"not_picked":["Hololive_RevenueBasedLive","Hololive_FlyingPonyTail","Hololive_CallFriendA","Hololive_OvertimeWork"],"picked":"Hololive_CallYozoraMel","floor":30},{"not_picked":["Hololive_OvertimeWork","Hololive_Sequa","Hololive_LuckPotion","Hololive_FlyingPonyTail"],"picked":"Hololive_CallTsunomakiWatame","floor":30},{"not_picked":["Hololive_Breathe","Hololive_Drill","Hololive_CallAiraniIofifteen","Hololive_OvertimeWork","Hololive_CallShishiroBotan"],"picked":"SKIP","floor":31},{"not_picked":["Hololive_CallOkamiMio","Hololive_StrengthChampion","Hololive_LuckPotion","Hololive_OvertimeWork"],"picked":"Hololive_ManjiGathering","floor":35},{"not_picked":["Hololive_RevenueBasedLive","Hololive_CallMinatoAqua","Hololive_OvertimeWork","Hololive_Drill+1"],"picked":"Hololive_CallTsunomakiWatame","floor":38},{"not_picked":["Hololive_CocoNews+1","Hololive_CallAiraniIofifteen","Hololive_StrengthChampion","Hololive_HuntDinosaur"],"picked":"Hololive_Breathe+1","floor":39},{"not_picked":["Hololive_Trident","Hololive_OvertimeWork","Hololive_HighAtkLowDef","Hololive_LuckPotion"],"picked":"Hololive_CallHoushouMarine","floor":41},{"not_picked":["Hololive_StrengthChampion","Hololive_HuntDinosaur","Hololive_CallMoonaHoshinova","Hololive_CallDoris","Hololive_Drill"],"picked":"SKIP","floor":45}],"player_experience":577996,"relics_obtained":[{"floor":7.0,"key":"Ancient Tea Set"},{"floor":9.0,"key":"Question Card"},{"floor":10.0,"key":"StrikeDummy"},{"floor":25.0,"key":"Girya"},{"floor":26.0,"key":"Orichalcum"},{"floor":27,"key":"White Beast Statue"},{"floor":29,"key":"Red Mask"},{"floor":41,"key":"Sundial"},{"floor":43,"key":"Juzu Bracelet"}],"event_choices":[{"damage_healed":0.0,"max_hp_gain":0.0,"max_hp_loss":0.0,"gold_gain":0.0,"event_name":"Vampires","player_choice":"Ignored","floor":19.0,"gold_loss":0.0,"damage_taken":0.0},{"damage_healed":0.0,"max_hp_gain":0.0,"max_hp_loss":0.0,"gold_gain":50.0,"event_name":"Nest","player_choice":"Stole From Cult","floor":20.0,"gold_loss":0.0,"damage_taken":0.0},{"damage_healed":0,"gold_gain":0,"player_choice":"Fought Bandits","damage_taken":0,"max_hp_gain":0,"max_hp_loss":0,"event_name":"Masked Bandits","floor":29,"gold_loss":0},{"damage_healed":0,"gold_gain":222,"player_choice":"Wore Mask","damage_taken":0,"max_hp_gain":0,"max_hp_loss":0,"event_name":"Tomb of Lord Red Mask","floor":36,"gold_loss":0},{"damage_healed":0,"gold_gain":0,"player_choice":"Max HP","damage_taken":0,"max_hp_gain":0,"max_hp_loss":2,"event_name":"Winding Halls","floor":37,"gold_loss":0},{"cards_removed":["Hololive_ManjiGathering"],"damage_healed":0,"gold_gain":0,"player_choice":"Removed Attack","damage_taken":0,"max_hp_gain":0,"max_hp_loss":0,"event_name":"Falling","floor":47,"gold_loss":0}],"is_beta":false,"boss_relics":[{"not_picked":["Hololive_ChaosS","Ectoplasm"],"picked":"Philosopher\u0027s Stone"},{"not_picked":["Hololive_TopUpMoneyS","Fusion Hammer"],"picked":"Coffee Dripper"}],"items_purged_floors":[14,30,48],"is_endless":false,"potions_floor_spawned":[1,4,5,11,12,21,25,29,31,33,35,38,39,41,45],"killed_by":"Awakened One","ascension_level":20}}