{"host":"ukx402utdi8v8522","time":1611307940,"event":{"mods":["AchievementEnabler","BaseMod","Colored Map","Downfall","Minty Spire (QoL Compilation)","StSLib"],"gold_per_floor":[113,93,112,132,150,150,181,181,229,249,249,283,177,203,203,203,203],"floor_reached":16,"language":"ENG","playtime":563,"items_purged":[],"score":204,"play_id":"63adba02-8683-4fcf-9586-e970dff8a83e","local_time":"20210122203220","is_ascension_mode":true,"campfire_choices":[{"data":"Pommel Strike","floor":6,"key":"SMITH"},{"data":"Shockwave","floor":8,"key":"SMITH"},{"data":"Shrug It Off","floor":11,"key":"SMITH"},{"floor":15,"key":"RECALL"}],"circlet_count":0,"master_deck":["AscendersBane","Strike_R","Strike_R","Strike_R","Strike_R","Strike_R","Defend_R","Defend_R","Defend_R","Defend_R","Bash+1","Shockwave+1","Flex","Pommel Strike+1","Twin Strike","Cleave","Shrug It Off+1","Shrug It Off","Immolate","True Grit","Evolve"],"relics":["Burning Blood","Blue Candle","Bronze Scales","MawBank","Blood Vial"],"acts_visited":["Exordium"],"potions_floor_usage":[7,12,14],"damage_taken":[{"damage":2,"enemies":"Jaw Worm","floor":1,"turns":3},{"damage":4,"enemies":"Cultist","floor":3,"turns":3},{"damage":5,"enemies":"Small Slimes","floor":4,"turns":4},{"damage":15,"enemies":"Exordium Wildlife","floor":5,"turns":5},{"damage":12,"enemies":"Gremlin Nob","floor":7,"turns":4},{"damage":21,"enemies":"Blue Slaver","floor":10,"turns":3},{"damage":20,"enemies":"3 Sentries","floor":12,"turns":6},{"damage":9,"enemies":"Lagavulin","floor":14,"turns":6},{"damage":32,"enemies":"Hexaghost","floor":16,"turns":9}],"seed_played":"-3506839890345569182","potions_obtained":[{"floor":1,"key":"Strength Potion"},{"floor":2,"key":"HeartOfIron"},{"floor":7,"key":"SpeedPotion"}],"is_trial":false,"path_per_floor":["M","?","M","M","M","R","E","R","T","M","R","E","$","E","R","B"],"character_chosen":"IRONCLAD","items_purchased":["Immolate","True Grit"],"campfire_rested":0,"item_purchase_floors":[13,13],"current_hp_per_floor":[72,72,74,75,66,66,60,60,60,45,45,31,31,28,28,0,0],"gold":203,"neow_bonus":"UPGRADE_CARD","is_daily":false,"chose_seed":false,"campfire_upgraded":3,"win_rate":0.0,"timestamp":1611307940,"path_taken":["M","?","M","M","M","R","E","R","T","?","R","E","$","E","R","BOSS"],"items_purchased_type":["Card","Card"],"build_version":"2020-12-22","purchased_purges":0,"victory":false,"max_hp_per_floor":[75,75,75,75,75,75,75,75,75,75,75,75,75,75,75,75,75],"card_choices":[{"not_picked":["Ghostly Armor","Clash"],"picked":"Shockwave","floor":1},{"not_picked":["Pummel","Power Through"],"picked":"Flex","floor":3},{"not_picked":["Sever Soul","Body Slam"],"picked":"Pommel Strike","floor":4},{"not_picked":["Infernal Blade","Brutality"],"picked":"Twin Strike","floor":5},{"not_picked":["Iron Wave","Double Tap"],"picked":"Cleave","floor":7},{"not_picked":["Body Slam","Intimidate"],"picked":"Shrug It Off","floor":10},{"not_picked":["Iron Wave","Cleave"],"picked":"Shrug It Off","floor":12},{"not_picked":["Clothesline","Heavy Blade"],"picked":"Evolve","floor":14}],"player_experience":526717,"relics_obtained":[{"floor":7,"key":"Blue Candle"},{"floor":9,"key":"Bronze Scales"},{"floor":12,"key":"MawBank"},{"floor":14,"key":"Blood Vial"}],"event_choices":[{"damage_healed":0,"gold_gain":0,"player_choice":"Bought 1 Potion","damage_taken":0,"max_hp_gain":0,"max_hp_loss":0,"event_name":"The Woman in Blue","floor":2,"gold_loss":0}],"is_beta":false,"boss_relics":[],"items_purged_floors":[],"is_endless":false,"potions_floor_spawned":[1,3,7],"killed_by":"Hexaghost","ascension_level":14}}