{"host":"j36qkj20jqndbw01","time":1611321428,"event":{"mods":["AchievementEnabler","BaseMod","Colored Map","DeckTracker","Highlight Path","Keyboard Shortcuts","Minty Spire (QoL Compilation)","Quick Restart","Relic Stats","StSLib","SuperFastMode","everything is the same but u backflip on backflip"],"gold_per_floor":[115,126,126,140,150,175,175,175,175],"floor_reached":8,"language":"KOR","playtime":4104,"items_purged":[],"score":110,"play_id":"6e36679f-bbb2-4f67-a882-80d8ec0958da","local_time":"20210122221708","is_ascension_mode":true,"campfire_choices":[{"data":"Turbo","floor":7.0,"key":"SMITH"}],"circlet_count":0,"master_deck":["AscendersBane","Strike_B","Strike_B","Defend_B","Defend_B","Defend_B","Defend_B","Zap","Dualcast","Static Discharge","Hello World","Leap","Capacitor","Chaos","Turbo+1"],"relics":["Cracked Core","Singing Bowl"],"acts_visited":["Exordium"],"potions_floor_usage":[8],"damage_taken":[{"damage":4.0,"enemies":"Jaw Worm","floor":1.0,"turns":4.0},{"damage":1.0,"enemies":"Cultist","floor":2.0,"turns":3.0},{"damage":7.0,"enemies":"Small Slimes","floor":4.0,"turns":3.0},{"damage":5.0,"enemies":"Red Slaver","floor":5.0,"turns":5.0},{"damage":5.0,"enemies":"Lagavulin","floor":6.0,"turns":7.0},{"damage":43,"enemies":"3 Sentries","floor":8,"turns":4}],"seed_played":"-7662816888116322083","potions_obtained":[{"floor":2.0,"key":"FocusPotion"},{"floor":4.0,"key":"PowerPotion"}],"is_trial":false,"path_per_floor":["M","M","?","M","M","E","R","E"],"character_chosen":"DEFECT","items_purchased":[],"campfire_rested":0,"item_purchase_floors":[],"current_hp_per_floor":[60,59,59,52,47,42,42,0,0],"gold":175,"neow_bonus":"REMOVE_CARD","is_daily":false,"chose_seed":false,"campfire_upgraded":1,"win_rate":0.0,"timestamp":1611321428,"path_taken":["M","M","?","M","M","E","R","E"],"items_purchased_type":[],"build_version":"2020-12-22","purchased_purges":0,"victory":false,"max_hp_per_floor":[71,71,71,71,71,71,71,71,71],"relic_stats":{"Singing Bowl":0,"counters":[6,26],"obtain_stats":[{"Singing Bowl":6,"Cracked Core":0},{"Singing Bowl":5,"Cracked Core":0},{"Singing Bowl":22,"Cracked Core":0}]},"card_choices":[{"not_picked":["Redo","Leap"],"picked":"Static Discharge","floor":1.0},{"not_picked":["Ball Lightning","Compile Driver"],"picked":"Hello World","floor":2.0},{"not_picked":["Sweeping Beam","Redo"],"picked":"Capacitor","floor":4.0},{"not_picked":["Stack","BootSequence"],"picked":"Chaos","floor":5.0},{"not_picked":["Thunder Strike","Static Discharge"],"picked":"Turbo","floor":6.0}],"player_experience":1744817,"relics_obtained":[{"floor":6.0,"key":"Singing Bowl"}],"event_choices":[{"damage_healed":0.0,"max_hp_gain":0.0,"max_hp_loss":0.0,"gold_gain":0.0,"cards_transformed":["Strike_B"],"event_name":"Transmorgrifier","player_choice":"Transformed","floor":3.0,"gold_loss":0.0,"damage_taken":0.0,"cards_obtained":["Leap"]}],"is_beta":false,"boss_relics":[],"items_purged_floors":[],"is_endless":false,"potions_floor_spawned":[2,4,5,6],"killed_by":"3 Sentries","ascension_level":18}}