{"host":"3y2rtlgteqp2nuo3","time":1611292061,"event":{"mods":["2.2 Compatiblity","AchievementEnabler","BaseMod","Colored Map","DeckTracker","Highlight Path","Keyboard Shortcuts","Minty Spire (QoL Compilation)","Permanent Neow","Quick Restart","StSLib","SuperFastMode","everything is the same but u backflip on backflip"],"gold_per_floor":[116,191,191,205,218,218,228,228,254,269,283,283,283],"floor_reached":12,"language":"KOR","playtime":285,"items_purged":[],"score":130,"play_id":"cd64a4dd-5a4c-4c3c-93c7-f7ae0085e28b","local_time":"20210122140741","is_ascension_mode":true,"campfire_choices":[{"data":"Malaise","floor":6.0,"key":"SMITH"},{"data":"Neutralize","floor":8.0,"key":"SMITH"}],"circlet_count":0,"master_deck":["AscendersBane","Strike_G","Strike_G","Strike_G","Strike_G","Defend_G","Defend_G","Defend_G","Defend_G","Defend_G","Survivor","Neutralize+1","Malaise+1","Outmaneuver","Flying Knee","Backstab","Heel Hook","Blade Dance","Acrobatics"],"relics":["Ring of the Snake","Oddly Smooth Stone"],"acts_visited":["Exordium"],"potions_floor_usage":[12,12,12],"damage_taken":[{"damage":5.0,"enemies":"Jaw Worm","floor":1.0,"turns":10.0},{"damage":2.0,"enemies":"2 Louse","floor":4.0,"turns":5.0},{"damage":4.0,"enemies":"Cultist","floor":5.0,"turns":6.0},{"damage":8.0,"enemies":"Gremlin Gang","floor":7.0,"turns":7.0},{"damage":0.0,"enemies":"Blue Slaver","floor":10.0,"turns":4.0},{"damage":10.0,"enemies":"Large Slime","floor":11.0,"turns":8.0},{"damage":24,"enemies":"Lagavulin","floor":12,"turns":3}],"seed_played":"-7438011393339036999","potions_obtained":[{"floor":1.0,"key":"EntropicBrew"},{"floor":5.0,"key":"Swift Potion"},{"floor":7.0,"key":"LiquidMemories"}],"is_trial":false,"path_per_floor":["M","?","?","M","M","R","M","R","T","M","M","E"],"character_chosen":"THE_SILENT","items_purchased":[],"campfire_rested":0,"item_purchase_floors":[],"current_hp_per_floor":[54,43,43,41,37,37,29,29,29,29,19,0,0],"gold":283,"neow_bonus":"ONE_RANDOM_RARE_CARD","is_daily":false,"chose_seed":false,"campfire_upgraded":2,"win_rate":0.0,"timestamp":1611292061,"path_taken":["M","?","?","M","M","R","?","R","T","?","?","E"],"items_purchased_type":[],"build_version":"2020-12-22","purchased_purges":0,"victory":false,"max_hp_per_floor":[66,66,66,66,66,66,66,66,66,66,66,66,66],"card_choices":[{"not_picked":["Expertise","Setup"],"picked":"Outmaneuver","floor":1.0},{"not_picked":["Deflect","Infinite Blades"],"picked":"Flying Knee","floor":4.0},{"not_picked":["Prepared","PiercingWail"],"picked":"Backstab","floor":5.0},{"not_picked":["Sucker Punch","Backflip"],"picked":"Heel Hook","floor":7.0},{"not_picked":["Masterful Stab","Quick Slash"],"picked":"Blade Dance","floor":10.0},{"not_picked":["Distraction","Outmaneuver"],"picked":"Acrobatics","floor":11.0}],"player_experience":709709,"relics_obtained":[{"floor":9.0,"key":"Oddly Smooth Stone"}],"event_choices":[{"damage_healed":0.0,"max_hp_gain":0.0,"max_hp_loss":0.0,"gold_gain":75.0,"event_name":"World of Goop","player_choice":"Gather Gold","floor":2.0,"gold_loss":0.0,"damage_taken":11.0},{"cards_removed":["Strike_G"],"damage_healed":0.0,"max_hp_gain":0.0,"max_hp_loss":0.0,"gold_gain":0.0,"event_name":"Purifier","player_choice":"Purged","floor":3.0,"gold_loss":0.0,"damage_taken":0.0}],"is_beta":false,"boss_relics":[],"items_purged_floors":[],"is_endless":false,"potions_floor_spawned":[1,5,7],"killed_by":"Lagavulin","ascension_level":16}}