{"host":"17eltwdkyvydzbrm","time":1611309609,"event":{"mods":["BaseMod","Better Vampires","Dota2Spire","Downfall","Minty Spire (QoL Compilation)","Robot Space Explorer","StSLib","noobMod"],"gold_per_floor":[99,115,127,127,65,50,100,85,101,115,115,135,148,248,263,263,263,263],"floor_reached":16,"language":"ZHS","playtime":1267,"items_purged":[],"score":144,"play_id":"aac037e1-617d-4cda-baa3-8760bb8a3e9b","local_time":"20210122180009","is_ascension_mode":false,"campfire_choices":[{"data":"champ:Execute","floor":1,"key":"SMITH"},{"floor":11,"key":"RECALL"}],"circlet_count":0,"master_deck":["champ:Strike","champ:Strike","champ:Strike","champ:Strike","champ:Defend","champ:Defend","champ:Defend","champ:Defend","champ:Execute+1","champ:Taunt","champ:BerserkersShout","champ:TornadoPunch+1","champ:EnGarde","champ:FanOfKnives","champ:GutPunch","champ:FanOfKnives","champ:Parry","champ:StanceDance","champ:EnragedBash","champ:Haymaker","champ:ShieldSlam"],"relics":["champ:ChampionCrown","ice","Bronze Scales","Champion Belt"],"acts_visited":["Exordium"],"potions_floor_usage":[],"damage_taken":[{"damage":21,"enemies":"Jaw Worm","floor":2,"turns":3},{"damage":16,"enemies":"Cultist","floor":3,"turns":3},{"damage":40,"enemies":"downfall:FleeingMerchant","floor":5,"turns":4},{"damage":45,"enemies":"downfall:FleeingMerchant","floor":6,"turns":4},{"damage":40,"enemies":"downfall:FleeingMerchant","floor":8,"turns":4},{"damage":12,"enemies":"Small Slimes","floor":9,"turns":3},{"damage":79,"enemies":"Gremlin Gang","floor":10,"turns":4},{"damage":101,"enemies":"Large Slime","floor":12,"turns":21},{"damage":28,"enemies":"Red Slaver","floor":13,"turns":3},{"damage":70,"enemies":"Red Slaver","floor":14,"turns":5},{"damage":11,"enemies":"Gremlin Gang","floor":15,"turns":2},{"damage":125,"enemies":"DF_ARCHETYPE_STREAMLINE","floor":16,"turns":9}],"seed_played":"1197305121027196464","potions_obtained":[{"floor":2,"key":"Swift Potion"},{"floor":3,"key":"Guardian:BlockOnCardUsePotion"},{"floor":9,"key":"DistilledChaos"},{"floor":15,"key":"Guardian:BlockOnCardUsePotion"}],"is_trial":false,"path_per_floor":["R","M","M","?","$","$","T","$","M","M","R","M","M","?","M","B"],"character_chosen":"THE_CHAMP","items_purchased":["champ:FanOfKnives"],"campfire_rested":0,"item_purchase_floors":[5],"current_hp_per_floor":[99,88,82,82,72,57,57,37,35,74,74,73,60,113,113,0,0,0],"gold":263,"neow_bonus":"TEN_PERCENT_HP_BONUS","is_daily":false,"chose_seed":false,"campfire_upgraded":1,"win_rate":0.0,"timestamp":1611309609,"path_taken":["R","M","M","?","?","$","T","$","?","?","R","M","M","?","M","BOSS"],"items_purchased_type":["Card"],"build_version":"2020-12-22","purchased_purges":0,"victory":false,"max_hp_per_floor":[99,99,99,99,99,99,99,99,99,101,101,108,110,113,113,129,129,129],"card_choices":[{"not_picked":["champ:Circumvent","champ:FalseCounter"],"picked":"champ:BerserkersShout","floor":2},{"not_picked":["champ:Endure","champ:SetATrap"],"picked":"champ:TornadoPunch","floor":3},{"not_picked":["champ:Backstep","champ:BringItOn"],"picked":"champ:EnGarde","floor":5},{"not_picked":["champ:RisingSlash","champ:Shatter"],"picked":"champ:GutPunch","floor":6},{"not_picked":["champ:Backstep","champ:EnragedBash","champ:Shatter"],"picked":"SKIP","floor":8},{"not_picked":["champ:GutPunch","champ:DefensiveShout"],"picked":"champ:FanOfKnives","floor":9},{"not_picked":["champ:EnGarde","champ:DefensiveShout"],"picked":"champ:Parry","floor":10},{"not_picked":["champ:SkillfulDodge","champ:AdrenalArmor"],"picked":"champ:StanceDance","floor":12},{"not_picked":["champ:GladiatorStyle","champ:RisingSlash"],"picked":"champ:EnragedBash","floor":13},{"not_picked":["champ:Encircle","champ:StanceDance"],"picked":"champ:Haymaker","floor":14},{"not_picked":["champ:IronFortress","champ:HeartStrike"],"picked":"champ:ShieldSlam","floor":15}],"player_experience":19528,"relics_obtained":[{"floor":7,"key":"Bronze Scales"},{"floor":14,"key":"Champion Belt"}],"event_choices":[],"is_beta":false,"boss_relics":[],"items_purged_floors":[],"is_endless":false,"potions_floor_spawned":[2,3,9,12,14,15],"killed_by":"DF_ARCHETYPE_STREAMLINE","ascension_level":0}}