{"host":"foq4mrde4mssg7vt","time":1611348246,"event":{"mods":["AchievementEnabler","BaseMod","Colored Map","Colored Powertips","Highlight Path","Minty Spire (QoL Compilation)","Relic Stats","everything is the same but u backflip on backflip"],"gold_per_floor":[110,122,136,136,148,180,197,119,145,145,179,179,30,49,49,127,127,144,144,144,157,157,192,192,225,225,260,278,328,344,344,344,416,416,443,423,474,499,519,519,553,553,601,633,653,689,714,741,741,741,741,741,741,68,104,104],"floor_reached":57,"language":"ENG","playtime":3514,"items_purged":["Strike_B","Sunder"],"score":2824,"play_id":"be3eec69-638f-4cc8-8c89-c737f0b3d7c2","local_time":"20210123044406","is_ascension_mode":true,"campfire_choices":[{"floor":15.0,"key":"REST"},{"floor":32.0,"key":"REST"},{"floor":40.0,"key":"REST"},{"floor":42.0,"key":"REST"},{"floor":49.0,"key":"RECALL"},{"floor":53.0,"key":"REST"}],"circlet_count":0,"master_deck":["AscendersBane","Defend_B+1","Defend_B+1","Defend_B+1","Defend_B+1","Zap","Dualcast","Barrage","Cold Snap","Ball Lightning","Biased Cognition+1","Defragment","Capacitor","Undo","Glacier","FTL+1","Machine Learning","Auto Shields","Lockon+1","Sweeping Beam","Self Repair+1","Skim","Core Surge","CurseOfTheBell","Loop+1","Leap+1","Hologram+1","Compile Driver","Chaos+1","Compile Driver","Go for the Eyes+1","Hologram+1","Defragment","Defragment"],"relics":["Fusion Hammer","DataDisk","PreservedInsect","Bag of Marbles","FaceOfCleric","Black Star","Boot","Tiny Chest","InkBottle","Bronze Scales","Lizard Tail","Question Card","Oddly Smooth Stone","Calling Bell","CeramicFish","Pear","Turnip","Thread and Needle","Omamori","Dream Catcher","Cables","Ice Cream","Pen Nib","Anchor","HornCleat","Orichalcum","Bag of Preparation","Whetstone"],"acts_visited":["Exordium","TheCity","TheBeyond","TheEnding"],"potions_floor_usage":[56,56],"damage_taken":[{"damage":2.0,"enemies":"Jaw Worm","floor":1.0,"turns":4.0},{"damage":1.0,"enemies":"Cultist","floor":2.0,"turns":4.0},{"damage":2.0,"enemies":"2 Louse","floor":3.0,"turns":3.0},{"damage":3.0,"enemies":"Exordium Thugs","floor":5.0,"turns":3.0},{"damage":21.0,"enemies":"Lagavulin","floor":6.0,"turns":6.0},{"damage":0.0,"enemies":"2 Fungi Beasts","floor":7.0,"turns":2.0},{"damage":20.0,"enemies":"3 Sentries","floor":11.0,"turns":5.0},{"damage":7.0,"enemies":"3 Louse","floor":14.0,"turns":2.0},{"damage":3.0,"enemies":"Hexaghost","floor":16.0,"turns":9.0},{"damage":0.0,"enemies":"Chosen","floor":18.0,"turns":6.0},{"damage":0.0,"enemies":"Shell Parasite","floor":21.0,"turns":6.0},{"damage":7.0,"enemies":"Book of Stabbing","floor":23.0,"turns":7.0},{"damage":27.0,"enemies":"Slavers","floor":25.0,"turns":7.0},{"damage":7.0,"enemies":"Book of Stabbing","floor":27.0,"turns":5.0},{"damage":9.0,"enemies":"Shelled Parasite and Fungi","floor":28.0,"turns":6.0},{"damage":0.0,"enemies":"Sentry and Sphere","floor":30.0,"turns":5.0},{"damage":17.0,"enemies":"Champ","floor":33.0,"turns":14.0},{"damage":21.0,"enemies":"3 Darklings","floor":35.0,"turns":8.0},{"damage":6.0,"enemies":"Orb Walker","floor":38.0,"turns":4.0},{"damage":27.0,"enemies":"Transient","floor":39.0,"turns":6.0},{"damage":51.0,"enemies":"Reptomancer","floor":41.0,"turns":9.0},{"damage":18.0,"enemies":"Giant Head","floor":44.0,"turns":11.0},{"damage":31.0,"enemies":"3 Darklings","floor":45.0,"turns":8.0},{"damage":15.0,"enemies":"Nemesis","floor":46.0,"turns":9.0},{"damage":2.0,"enemies":"Writhing Mass","floor":47.0,"turns":7.0},{"damage":0.0,"enemies":"Sphere and 2 Shapes","floor":48.0,"turns":8.0},{"damage":71.0,"enemies":"Time Eater","floor":50.0,"turns":13.0},{"damage":10.0,"enemies":"Donu and Deca","floor":51.0,"turns":16.0},{"damage":59.0,"enemies":"Shield and Spear","floor":55.0,"turns":11.0},{"damage":41,"enemies":"The Heart","floor":56,"turns":12}],"seed_played":"7033885092937210050","potions_obtained":[{"floor":2.0,"key":"Ancient Potion"},{"floor":3.0,"key":"DistilledChaos"},{"floor":16.0,"key":"Dexterity Potion"},{"floor":28.0,"key":"Energy Potion"},{"floor":36.0,"key":"LiquidBronze"},{"floor":41.0,"key":"SteroidPotion"},{"floor":46.0,"key":"GamblersBrew"}],"is_trial":false,"path_per_floor":["M","M","M","?","M","E","M","$","T","?","E","?","$","M","R","B",null,"M","?","?","M","?","E","$","E","T","E","M","?","M","?","R","B",null,"M","?","T","M","M","R","E","R","T","E","M","E","M","M","R","B","B",null,"R","$","E","B",null],"character_chosen":"DEFECT","items_purchased":["Capacitor","Glacier","HornCleat","Dexterity Potion","Orichalcum","Defragment"],"campfire_rested":5,"item_purchase_floors":[8,13,54,54,54,54],"current_hp_per_floor":[62,61,59,59,56,35,35,35,35,35,15,15,15,9,30,28,62,63,63,63,64,64,58,58,32,32,26,28,28,39,39,63,57,85,75,75,75,70,54,82,32,60,60,53,33,29,38,49,49,46,47,88,102,102,54,24],"gold":104,"neow_bonus":"BOSS_RELIC","is_daily":false,"chose_seed":false,"campfire_upgraded":0,"win_rate":0.0,"timestamp":1611348246,"path_taken":["M","M","M","?","M","E","?","$","T","?","E","?","$","?","R","BOSS","M","?","?","M","?","E","$","E","T","E","M","?","M","?","R","BOSS","M","?","?","M","?","R","E","R","T","E","M","E","M","M","R","BOSS","BOSS","R","$","E","BOSS"],"items_purchased_type":["Card","Card","Relic","Potion","Relic","Card"],"build_version":"2020-12-22","purchased_purges":2,"victory":true,"max_hp_per_floor":[71,71,71,71,71,71,71,71,71,71,71,71,71,72,72,73,73,74,74,74,75,75,76,76,77,77,78,79,79,80,80,80,81,91,92,92,92,93,94,94,95,95,95,96,97,98,99,100,100,101,102,102,102,102,103,104],"relic_stats":{"counters":[30,215],"CeramicFish":90,"PreservedInsect":491,"Pen Nib":[11],"Bag of Preparation":[2],"Whetstone":["FTL","Lockon"],"Orichalcum":[12],"Boot":[160],"Question Card":16,"Cables":[74,16,52,2,4],"Lizard Tail":50,"Dream Catcher":1,"FaceOfCleric":23,"Bronze Scales":[563],"Tiny Chest":1,"Turnip":[11],"Black Star":7,"obtain_stats":[{"Ice Cream":44,"CeramicFish":34,"Bag of Preparation":55,"Whetstone":55,"Boot":23,"Lizard Tail":26,"Dream Catcher":43,"HornCleat":54,"FaceOfCleric":12,"Tiny Chest":23,"Fusion Hammer":0,"Cracked Core":0,"InkBottle":25,"Pear":34,"Oddly Smooth Stone":27,"Thread and Needle":41,"PreservedInsect":9,"Pen Nib":46,"Omamori":41,"Orichalcum":54,"Question Card":27,"Cables":44,"Calling Bell":34,"DataDisk":6,"Anchor":46,"Bronze Scales":25,"Turnip":34,"Bag of Marbles":11,"Black Star":17},{"Ice Cream":22,"CeramicFish":17,"Bag of Preparation":29,"Whetstone":29,"Boot":12,"Lizard Tail":13,"Dream Catcher":21,"HornCleat":28,"FaceOfCleric":7,"Tiny Chest":12,"Fusion Hammer":0,"Cracked Core":0,"InkBottle":13,"Pear":17,"Oddly Smooth Stone":14,"Thread and Needle":21,"PreservedInsect":6,"Pen Nib":24,"Omamori":21,"Orichalcum":28,"Question Card":14,"Cables":22,"Calling Bell":17,"DataDisk":5,"Anchor":24,"Bronze Scales":13,"Turnip":17,"Bag of Marbles":7,"Black Star":9},{"Ice Cream":131,"CeramicFish":94,"Bag of Preparation":203,"Whetstone":203,"Boot":57,"Lizard Tail":64,"Dream Catcher":120,"HornCleat":192,"FaceOfCleric":27,"Tiny Chest":57,"Fusion Hammer":0,"Cracked Core":0,"InkBottle":64,"Pear":94,"Oddly Smooth Stone":69,"Thread and Needle":120,"PreservedInsect":22,"Pen Nib":148,"Omamori":120,"Orichalcum":192,"Question Card":69,"Cables":131,"Calling Bell":94,"DataDisk":20,"Anchor":148,"Bronze Scales":64,"Turnip":94,"Bag of Marbles":27,"Black Star":38}],"InkBottle":[54]},"card_choices":[{"not_picked":["Steam","Rebound"],"picked":"Sunder","floor":1.0},{"not_picked":["Rebound","Compile Driver"],"picked":"Barrage","floor":2.0},{"not_picked":["Lockon","FTL"],"picked":"Cold Snap","floor":3.0},{"not_picked":["Compile Driver","Rebound"],"picked":"Ball Lightning","floor":5.0},{"not_picked":["Streamline","Sweeping Beam"],"picked":"Biased Cognition","floor":6.0},{"not_picked":["Steam","Leap"],"picked":"Defragment","floor":7.0},{"not_picked":["Rebound","Gash"],"picked":"Undo","floor":11.0},{"not_picked":["Reprogram","Gash"],"picked":"FTL","floor":14.0},{"not_picked":["Thunder Strike","Hyperbeam"],"picked":"Machine Learning","floor":16.0},{"not_picked":["Reprogram","Capacitor","Undo"],"picked":"SKIP","floor":18.0},{"not_picked":["Consume","Steam","Gash"],"picked":"SKIP","floor":21.0},{"not_picked":["Recycle","Beam Cell","Rainbow"],"picked":"SKIP","floor":23.0},{"not_picked":["Thunder Strike","Redo"],"picked":"Sweeping Beam","floor":25.0},{"not_picked":["Scrape","Rebound"],"picked":"Self Repair+1","floor":27.0},{"not_picked":["BootSequence","Streamline","Gash","Coolheaded"],"picked":"SKIP","floor":28.0},{"not_picked":["Go for the Eyes","Rebound+1","Beam Cell"],"picked":"Skim","floor":30.0},{"not_picked":["Thunder Strike","Seek","Meteor Strike"],"picked":"Core Surge","floor":33.0},{"not_picked":["Rip and Tear","Beam Cell","Hello World"],"picked":"Loop+1","floor":35.0},{"not_picked":["Stack","Skim","Hologram"],"picked":"Leap+1","floor":38.0},{"not_picked":["Steam","Consume","Sweeping Beam+1"],"picked":"Hologram+1","floor":39.0},{"not_picked":["Reboot","Conserve Battery","Hologram+1"],"picked":"Compile Driver","floor":41.0},{"not_picked":["Beam Cell","Leap","Undo","Streamline"],"picked":"SKIP","floor":44.0},{"not_picked":["Aggregate+1","Reprogram","Turbo"],"picked":"Chaos+1","floor":45.0},{"not_picked":["Scrape","Melter","Self Repair+1"],"picked":"Compile Driver","floor":46.0},{"not_picked":["Stack+1","Amplify","Coolheaded"],"picked":"Go for the Eyes+1","floor":47.0},{"not_picked":["Stack","Redo","Streamline"],"picked":"Hologram+1","floor":48.0},{"not_picked":["Scrape+1","Sweeping Beam+1","Cold Snap"],"picked":"Defragment","floor":55.0}],"player_experience":562977,"relics_obtained":[{"floor":6.0,"key":"DataDisk"},{"floor":9.0,"key":"PreservedInsect"},{"floor":11.0,"key":"Bag of Marbles"},{"floor":23.0,"key":"Boot"},{"floor":23.0,"key":"Tiny Chest"},{"floor":25.0,"key":"InkBottle"},{"floor":25.0,"key":"Bronze Scales"},{"floor":26.0,"key":"Lizard Tail"},{"floor":27.0,"key":"Question Card"},{"floor":27.0,"key":"Oddly Smooth Stone"},{"floor":34.0,"key":"CeramicFish"},{"floor":34.0,"key":"Pear"},{"floor":34.0,"key":"Turnip"},{"floor":41.0,"key":"Thread and Needle"},{"floor":41.0,"key":"Omamori"},{"floor":43.0,"key":"Dream Catcher"},{"floor":44.0,"key":"Cables"},{"floor":44.0,"key":"Ice Cream"},{"floor":46.0,"key":"Pen Nib"},{"floor":46.0,"key":"Anchor"},{"floor":55.0,"key":"Bag of Preparation"},{"floor":55.0,"key":"Whetstone"}],"event_choices":[{"cards_removed":["Strike_B"],"damage_healed":0.0,"max_hp_gain":0.0,"max_hp_loss":0.0,"gold_gain":0.0,"event_name":"Bonfire Elementals","player_choice":"Offered Basic","floor":4.0,"gold_loss":0.0,"damage_taken":0.0},{"damage_healed":0.0,"max_hp_gain":0.0,"max_hp_loss":0.0,"gold_gain":0.0,"event_name":"Living Wall","player_choice":"Grow","floor":10.0,"gold_loss":0.0,"damage_taken":0.0,"cards_upgraded":["Biased Cognition"]},{"damage_healed":0.0,"max_hp_gain":0.0,"max_hp_loss":0.0,"gold_gain":0.0,"event_name":"FaceTrader","player_choice":"Trade","floor":12.0,"gold_loss":0.0,"damage_taken":0.0,"relics_obtained":["FaceOfCleric"]},{"damage_healed":0.0,"max_hp_gain":0.0,"max_hp_loss":0.0,"gold_gain":0.0,"event_name":"Back to Basics","player_choice":"Simplicity","floor":19.0,"gold_loss":0.0,"damage_taken":0.0,"cards_upgraded":["Strike_B","Strike_B","Defend_B","Defend_B","Defend_B","Defend_B"]},{"damage_healed":0.0,"max_hp_gain":0.0,"max_hp_loss":0.0,"gold_gain":0.0,"cards_transformed":["Strike_B","Strike_B"],"event_name":"Drug Dealer","player_choice":"Became Test Subject","floor":20.0,"gold_loss":0.0,"damage_taken":0.0,"cards_obtained":["Auto Shields","Lockon"]},{"damage_healed":0.0,"max_hp_gain":0.0,"max_hp_loss":0.0,"gold_gain":0.0,"event_name":"The Mausoleum","player_choice":"Ignored","floor":22.0,"gold_loss":0.0,"damage_taken":0.0},{"damage_healed":0.0,"max_hp_gain":0.0,"max_hp_loss":0.0,"gold_gain":50.0,"event_name":"Nest","player_choice":"Stole From Cult","floor":29.0,"gold_loss":0.0,"damage_taken":0.0},{"damage_healed":0.0,"max_hp_gain":0.0,"max_hp_loss":0.0,"gold_gain":0.0,"event_name":"Vampires","player_choice":"Ignored","floor":31.0,"gold_loss":0.0,"damage_taken":0.0},{"damage_healed":0.0,"max_hp_gain":0.0,"max_hp_loss":0.0,"gold_gain":0.0,"event_name":"The Woman in Blue","player_choice":"Bought 1 Potion","floor":36.0,"gold_loss":0.0,"damage_taken":0.0}],"is_beta":false,"boss_relics":[{"not_picked":["Runic Dome","SlaversCollar"],"picked":"Black Star"},{"not_picked":["SacredBark","Philosopher\u0027s Stone"],"picked":"Calling Bell"}],"items_purged_floors":[13,54],"is_endless":false,"potions_floor_spawned":[2,3,6,7,16,23,27,28,38,41,46],"ascension_level":20}}