{"host":"qm4rv4rkpk76sbxu","time":1611342067,"event":{"mods":["BaseMod","Bestiary","Block Reminder","DeckTracker","Filter the Spire","Keyboard Shortcuts","Minty Spire (QoL Compilation)","MonsterHotkey","Quick Restart","Random Character Button","Relic Stats","Slay-I","StSLib","Unceasing Turn Reminder","ojb\u0027s Better Paths Mod","ojb\u0027s Info Mod"],"gold_per_floor":[109,126,142,92,111,111,144,69,92,108,120,120,18,38,38,136,136,152,171,190,190,213,251,251,276,350,350,350,361,361,379,379,379,379],"floor_reached":33,"language":"ENG","playtime":880,"items_purged":["Defend_R"],"score":303,"play_id":"c055eb9d-a249-4b38-9f35-af6474d5da08","local_time":"20210122200107","is_ascension_mode":true,"campfire_choices":[{"data":"Armaments","floor":6,"key":"SMITH"},{"data":"Spot Weakness","floor":15,"key":"SMITH"},{"data":"Shockwave","floor":24,"key":"SMITH"},{"data":"Bludgeon","floor":27,"key":"SMITH"},{"data":"Heavy Blade","floor":30,"key":"SMITH"},{"data":"Cleave","floor":32,"key":"SMITH"}],"circlet_count":0,"master_deck":["Strike_R","Strike_R","Strike_R","Defend_R","Defend_R","Defend_R","Bash","Spot Weakness+1","Armaments+1","Flame Barrier","Heavy Blade+1","Intimidate+1","Ghostly Armor","Cleave+1","Second Wind+1","Shrug It Off","Double Tap","Bludgeon+1","Shockwave+1"],"relics":["Burning Blood","Omamori","Busted Crown","CeramicFish","Toy Ornithopter","War Paint","White Beast Statue","Nloth\u0027s Gift"],"acts_visited":["Exordium","TheCity"],"potions_floor_usage":[5,7,18,20,23,25,25,33],"damage_taken":[{"damage":6,"enemies":"Cultist","floor":1,"turns":3},{"damage":1,"enemies":"Jaw Worm","floor":2,"turns":3},{"damage":0,"enemies":"2 Louse","floor":3,"turns":2},{"damage":0,"enemies":"Gremlin Gang","floor":5,"turns":3},{"damage":28,"enemies":"Lagavulin","floor":7,"turns":5},{"damage":2,"enemies":"3 Louse","floor":10,"turns":4},{"damage":11,"enemies":"Blue Slaver","floor":11,"turns":3},{"damage":8,"enemies":"Red Slaver","floor":14,"turns":3},{"damage":43,"enemies":"Hexaghost","floor":16,"turns":9},{"damage":16,"enemies":"Chosen","floor":18,"turns":5},{"damage":19,"enemies":"Shell Parasite","floor":19,"turns":4},{"damage":12,"enemies":"Centurion and Healer","floor":20,"turns":5},{"damage":28,"enemies":"Slavers","floor":23,"turns":4},{"damage":33,"enemies":"Gremlin Leader","floor":25,"turns":9},{"damage":19,"enemies":"Snake Plant","floor":29,"turns":4},{"damage":0,"enemies":"Shelled Parasite and Fungi","floor":31,"turns":3},{"damage":43,"enemies":"Automaton","floor":33,"turns":6}],"seed_played":"3581500092823592155","potions_obtained":[{"floor":1,"key":"AttackPotion"},{"floor":2,"key":"Explosive Potion"},{"floor":3,"key":"Block Potion"},{"floor":10,"key":"HeartOfIron"},{"floor":14,"key":"SteroidPotion"},{"floor":18,"key":"BloodPotion"},{"floor":20,"key":"PowerPotion"},{"floor":29,"key":"Strength Potion"},{"floor":31,"key":"SmokeBomb"}],"is_trial":false,"path_per_floor":["M","M","M","?","M","R","E","$","T","M","M","?","$","M","R","B",null,"M","M","M","?","T","E","R","E","T","R","?","M","R","M","R","B"],"character_chosen":"IRONCLAD","items_purchased":["Second Wind","Shrug It Off"],"campfire_rested":0,"item_purchase_floors":[13,13],"current_hp_per_floor":[80,80,80,80,80,80,58,58,58,62,57,57,57,55,55,18,80,70,57,51,51,51,29,29,28,28,28,28,15,15,21,21,0,0],"gold":379,"neow_bonus":"THREE_CARDS","is_daily":false,"chose_seed":false,"campfire_upgraded":6,"win_rate":0.0,"timestamp":1611342067,"path_taken":["M","?","M","?","M","R","E","$","T","M","M","?","$","M","R","BOSS","M","M","?","?","?","E","R","E","T","R","?","M","R","M","R","BOSS"],"items_purchased_type":["Card","Card"],"build_version":"2020-12-22","purchased_purges":1,"victory":false,"max_hp_per_floor":[80,80,80,80,80,80,80,80,80,80,80,80,80,80,80,80,80,80,80,80,80,80,80,80,80,80,80,80,80,80,80,80,80,80],"relic_stats":{"Busted Crown":14,"counters":[17,75],"CeramicFish":9,"Nloth\u0027s Gift":0,"War Paint":["Second Wind","Intimidate"],"obtain_stats":[{"Busted Crown":17,"CeramicFish":22,"Tiny Chest":7,"Omamori":9,"Nloth\u0027s Gift":28,"War Paint":25,"Burning Blood":0,"Toy Ornithopter":23,"White Beast Statue":26},{"Busted Crown":9,"CeramicFish":12,"Tiny Chest":5,"Omamori":5,"Nloth\u0027s Gift":14,"War Paint":14,"Burning Blood":0,"Toy Ornithopter":13,"White Beast Statue":14},{"Busted Crown":35,"CeramicFish":49,"Tiny Chest":16,"Omamori":16,"Nloth\u0027s Gift":62,"War Paint":62,"Burning Blood":0,"Toy Ornithopter":53,"White Beast Statue":62}],"Burning Blood":79,"Toy Ornithopter":15},"card_choices":[{"not_picked":["Flame Barrier","Wild Strike"],"picked":"Spot Weakness","floor":0},{"not_picked":["Sentinel","Reckless Charge"],"picked":"Armaments","floor":1},{"not_picked":["Disarm","Clothesline"],"picked":"Flame Barrier","floor":2},{"not_picked":["Flex","Rupture"],"picked":"Heavy Blade","floor":3},{"not_picked":["Rampage","Iron Wave","Dropkick"],"picked":"SKIP","floor":5},{"not_picked":["Armaments","Flame Barrier"],"picked":"Intimidate","floor":7},{"not_picked":["Dropkick","Sword Boomerang"],"picked":"Ghostly Armor","floor":10},{"not_picked":["Clash","Rupture"],"picked":"Cleave","floor":11},{"not_picked":["Feel No Pain","True Grit"],"picked":"Double Tap","floor":14},{"not_picked":["Fiend Fire","Corruption"],"picked":"Bludgeon","floor":16},{"not_picked":["Thunderclap"],"picked":"SKIP","floor":18},{"not_picked":["Searing Blow"],"picked":"SKIP","floor":19},{"not_picked":["Cleave"],"picked":"SKIP","floor":20},{"not_picked":[],"picked":"Shockwave","floor":23},{"not_picked":["Headbutt"],"picked":"SKIP","floor":25},{"not_picked":["Flex"],"picked":"SKIP","floor":29},{"not_picked":["Perfected Strike+1"],"picked":"SKIP","floor":31}],"player_experience":1377563,"relics_obtained":[{"floor":7,"key":"Tiny Chest"},{"floor":9,"key":"Omamori"},{"floor":22,"key":"CeramicFish"},{"floor":23,"key":"Toy Ornithopter"},{"floor":25,"key":"War Paint"},{"floor":26,"key":"White Beast Statue"}],"event_choices":[{"cards_removed":["Strike_R"],"damage_healed":0,"gold_gain":0,"player_choice":"Card Removal","damage_taken":0,"max_hp_gain":0,"max_hp_loss":0,"event_name":"The Cleric","floor":4,"gold_loss":50},{"cards_removed":["Strike_R"],"damage_healed":0,"gold_gain":0,"player_choice":"Offered Basic","damage_taken":0,"max_hp_gain":0,"max_hp_loss":0,"event_name":"Bonfire Elementals","floor":12,"gold_loss":0},{"damage_healed":0,"gold_gain":0,"player_choice":"Ignored","damage_taken":0,"max_hp_gain":0,"max_hp_loss":0,"event_name":"NoteForYourself","floor":21,"gold_loss":0},{"damage_healed":0,"gold_gain":0,"player_choice":"Traded Relic","damage_taken":0,"relics_obtained":["Nloth\u0027s Gift"],"max_hp_gain":0,"max_hp_loss":0,"event_name":"N\u0027loth","floor":28,"relics_lost":["Tiny Chest"],"gold_loss":0}],"is_beta":false,"boss_relics":[{"not_picked":["SacredBark","Black Blood"],"picked":"Busted Crown"}],"items_purged_floors":[8],"is_endless":false,"potions_floor_spawned":[1,2,3,10,14,18,20,29,31],"killed_by":"Automaton","ascension_level":1}}