{"host":"ggy1mjjy92c62u6a","time":1611287024,"event":{"mods":["10 clothes from DAL","ATMod(阿瑾Mod)","Act Like it!","BaseMod","Colored Powertips","GifTheSpireLib","Minty Spire (QoL Compilation)","Quick Restart","Relic Stats","RumiaBox-露米娅的神秘盒子","Shop Mod","Spicy Shops","StSLib","TestMod","Waifu the Spire","Warlord Emblem","【功能Mod】混沌之环修复补丁","【遗物Mod】死灵法师NEW","【遗物卡牌】REMEMod"],"gold_per_floor":[110,324,339,352,368,403,403,81,81,134,134,137,107,130,130,226,226,246,17,116,133,158,158,158],"floor_reached":23,"language":"ZHS","playtime":929,"items_purged":["Strike_B"],"score":211,"play_id":"253e2562-cbb3-4f0d-8821-338f483c7eca","local_time":"20210122114344","is_ascension_mode":true,"campfire_choices":[{"data":"AT_ShrugMaster","floor":7.0,"key":"SMITH"},{"floor":15.0,"key":"REST"}],"circlet_count":0,"master_deck":["Strike_B+1","Strike_B","Strike_B","Defend_B","Defend_B","Defend_B","Defend_B","Zap","Cold Snap+1","Darkness","Chaos","AT_ShrugMaster+1","Glacier","White Noise","Consume","Gash","Defend_B","Double Energy","Strike_B","AT_RightCognition","Rainbow","AT_EmpoweredMortalDraw","Compile Driver+1","Capacitor","Redo+1","Aggregate+1"],"relics":["WarlordEmblem:SoulOfKael","REME_ComplimentaryCards","AT_ATBox","testmod-TestBox","testmod-IncinerationGenerator","Baka","LastBattle","testmod-InfectionSource","Whetstone","Art of War","Dream Catcher","AT_MortalBlade","Orrery","Red Mask"],"acts_visited":["Exordium","TheCity"],"potions_floor_usage":[23,23,23],"damage_taken":[{"damage":1.0,"enemies":"Cultist","floor":1.0,"turns":3.0},{"damage":9.0,"enemies":"Small Slimes","floor":2.0,"turns":2.0},{"damage":6.0,"enemies":"Jaw Worm","floor":3.0,"turns":3.0},{"damage":0.0,"enemies":"Looter","floor":4.0,"turns":4.0},{"damage":0.0,"enemies":"3 Louse","floor":5.0,"turns":4.0},{"damage":9.0,"enemies":"3 Sentries","floor":6.0,"turns":6.0},{"damage":8.0,"enemies":"Gremlin Nob","floor":10.0,"turns":5.0},{"damage":0.0,"enemies":"2 Fungi Beasts","floor":12.0,"turns":6.0},{"damage":10.0,"enemies":"Looter","floor":13.0,"turns":4.0},{"damage":36.0,"enemies":"Hexaghost","floor":16.0,"turns":9.0},{"damage":0.0,"enemies":"Spheric Guardian","floor":18.0,"turns":4.0},{"damage":8.0,"enemies":"3 Byrds","floor":21.0,"turns":2.0},{"damage":27.0,"enemies":"Masked Bandits","floor":22.0,"turns":4.0},{"damage":57,"enemies":"Gremlin Leader","floor":23,"turns":2}],"seed_played":"-7925351449355849988","potions_obtained":[{"floor":1.0,"key":"Explosive Potion"},{"floor":4.0,"key":"PowerPotion"},{"floor":12.0,"key":"DuplicationPotion"}],"is_trial":false,"path_per_floor":["M","M","M","M","M","E","R","$","T","E","?","M","M","T","R","B",null,"M","$","?","M","?","E"],"character_chosen":"Kael","items_purchased":["testmod-InfectionSource","Capacitor","Orrery"],"campfire_rested":1,"item_purchase_floors":[8,19,19],"current_hp_per_floor":[81,72,68,77,77,68,68,68,68,60,60,60,50,50,74,38,82,82,82,82,74,47,0,0],"gold":158,"neow_bonus":"TEN_PERCENT_HP_BONUS","is_daily":false,"chose_seed":false,"campfire_upgraded":1,"win_rate":0.0,"timestamp":1611287024,"path_taken":["M","M","M","M","M","E","R","?","T","E","?","?","M","?","R","BOSS","M","$","?","M","?","E"],"items_purchased_type":["Relic","Card","Relic"],"build_version":"2020-12-22","purchased_purges":1,"victory":false,"max_hp_per_floor":[82,82,82,82,82,82,82,82,82,82,82,82,82,82,82,82,82,82,82,82,82,82,82,82],"relic_stats":{"Dream Catcher":1,"counters":[14,58],"Art of War":[5],"Whetstone":["Cold Snap","Strike_B"],"obtain_stats":[{"AT_ATBox":0,"testmod-TestBox":0,"AT_MortalBlade":17,"testmod-IncinerationGenerator":0,"Baka":1,"Whetstone":9,"LastBattle":6,"Dream Catcher":14,"WarlordEmblem:SoulOfKael":0,"Orrery":19,"Art of War":10,"Red Mask":22,"testmod-InfectionSource":8,"REME_ComplimentaryCards":0},{"AT_ATBox":0,"testmod-TestBox":0,"AT_MortalBlade":10,"testmod-IncinerationGenerator":0,"Baka":1,"Whetstone":6,"LastBattle":6,"Dream Catcher":9,"WarlordEmblem:SoulOfKael":0,"Orrery":11,"Art of War":7,"Red Mask":13,"testmod-InfectionSource":6,"REME_ComplimentaryCards":0},{"AT_ATBox":0,"testmod-TestBox":0,"AT_MortalBlade":46,"testmod-IncinerationGenerator":0,"Baka":3,"Whetstone":22,"LastBattle":22,"Dream Catcher":37,"WarlordEmblem:SoulOfKael":0,"Orrery":50,"Art of War":27,"Red Mask":56,"testmod-InfectionSource":22,"REME_ComplimentaryCards":0}]},"card_choices":[{"not_picked":["AT_HeatAcrobatics","Stack","Conserve Battery"],"picked":"SKIP","floor":1.0},{"not_picked":["Sweeping Beam","Steam"],"picked":"Glacier","floor":2.0},{"not_picked":["Beam Cell","Sweeping Beam"],"picked":"White Noise","floor":3.0},{"not_picked":["AT_HeatAcrobatics","Glacier","Stack","Conserve Battery"],"picked":"SKIP","floor":4.0},{"not_picked":["Beam Cell","Ball Lightning"],"picked":"Capacitor","floor":5.0},{"not_picked":["Ball Lightning","Stack"],"picked":"Consume","floor":6.0},{"not_picked":["REME_Whirling","Stack"],"picked":"Gash","floor":10.0},{"not_picked":["Leap","Conserve Battery","Stack"],"picked":"Double Energy","floor":12.0},{"not_picked":["FTL","Redo"],"picked":"AT_RightCognition","floor":13.0},{"not_picked":["Thunder Strike","Multi-Cast"],"picked":"Rainbow","floor":16.0},{"not_picked":["Hologram","Stack+1"],"picked":"Compile Driver+1","floor":18.0},{"not_picked":["Reinforced Body","All For One"],"picked":"Redo+1","floor":19.0},{"not_picked":["Leap","Streamline"],"picked":"Aggregate+1","floor":19.0},{"not_picked":["Sweeping Beam","Cold Snap","Steam+1"],"picked":"SKIP","floor":21.0}],"player_experience":73172,"relics_obtained":[{"floor":1.0,"key":"Baka"},{"floor":6.0,"key":"LastBattle"},{"floor":9.0,"key":"Whetstone"},{"floor":10.0,"key":"Art of War"},{"floor":14.0,"key":"Dream Catcher"},{"floor":22.0,"key":"Red Mask"}],"event_choices":[{"damage_healed":0.0,"max_hp_gain":0.0,"max_hp_loss":0.0,"gold_gain":99.0,"event_name":"Nest","player_choice":"Stole From Cult","floor":20.0,"gold_loss":0.0,"damage_taken":0.0},{"damage_healed":0.0,"max_hp_gain":0.0,"max_hp_loss":0.0,"gold_gain":0.0,"event_name":"Masked Bandits","player_choice":"Fought Bandits","floor":22.0,"gold_loss":0.0,"damage_taken":0.0}],"is_beta":false,"boss_relics":[{"not_picked":["SlaversCollar","Astrolabe"],"picked":"AT_MortalBlade"}],"items_purged_floors":[8],"is_endless":false,"potions_floor_spawned":[1,4,12,16,18],"killed_by":"Gremlin Leader","ascension_level":1}}