{"host":"e6sgj53qqwx3piqv","time":1611348623,"event":{"mods":["AchievementEnabler","Aspiration","BaseMod","BetterRewards","Colored Powertips","Downfall","Hermit","Highlight Path","Hubris","Infinite Spire","Minty Spire (QoL Compilation)","Quick Restart","Rare Cards Sparkle","Replay The Spire","Shop Mod","StSLib","The Cursed","The Disciple","The Jungle","The Runesmith"],"gold_per_floor":[156,126,186,186,55,160,214,313,313,120,207,8,170,275,275,584,584,623,653,653,683,683,785,785,439,439,19,103,103,187,244,244,541,541,574,270,270,270,270,360,438,438,438,474,624,624,660,116,116,141,141,141,21,123,123],"floor_reached":56,"language":"ENG","playtime":2918,"items_purged":[],"score":1735,"play_id":"316e4e11-07bd-41e7-ac10-d0f8b83c73b8","local_time":"20210122155023","daily_mods":["Allstar","Colorless Cards","Heirloom","Time Dilation","Flight","downfall:Lament","Midas"],"is_ascension_mode":false,"campfire_choices":[{"floor":15,"key":"RECALL"},{"floor":24,"key":"REST"},{"floor":32,"key":"REST"},{"floor":49,"key":"REST"},{"floor":52,"key":"REST"}],"circlet_count":0,"master_deck":["Strike_P","Strike_P","Strike_P","Strike_P","Defend_P","Defend_P","Defend_P","Defend_P","Eruption","Vigilance","Magnetism","Bandage Up","ReplayUltimateDefense","hubris:EnhanceAbility","Thinking Ahead","Dramatic Entrance","PathToVictory","Mayhem","Apotheosis","Dramatic Entrance","Metamorphosis","Prostrate","Vault","PathToVictory","Prostrate","Swift Strike","ClearTheMind","FollowUp","ForeignInfluence","Pot Of Greed","Pot Of Greed","Pot Of Greed","Replay:DivineShield","DevaForm","ReachHeaven","Collect","EmptyFist+1","downfall:Bewildered","EmptyBody+1","Pot Of Greed","Dramatic Entrance+1","Prostrate","Ragnarok","FollowUp","Discovery","BattleHymn","Pray","FlurryOfBlows+1","Evolve","PathToVictory+1","Sadistic Nature","Crescendo","Pot Of Greed","Panache","Good Instincts","FollowUp","EmptyBody","CrushJoints","CrushJoints","ClearTheMind","Prostrate","ReachHeaven","Dark Shackles","CutThroughFate+1","Writhe","Pot Of Greed","Wallop+1","Perseverance","DeusExMachina","Magnetism","Wallop+1","CutThroughFate+1","WaveOfTheHand","MentalFortress","Replay:Bootleg Shield Generator","PathToVictory","WheelKick+1","CrushJoints+1","CrushJoints+1","Pot Of Greed","FollowUp+1"],"relics":["PureWater","NeowsBlessing","hubris:Spice","ReplayTheSpireMod:ShopPack","HornCleat","Nunchaku","Ancient Tea Set","Damaru","bronze:BronzeIdol","Grinning Jar","hubris:ScarierMask","sneckomod:BabySnecko","hubris:DisguiseKit","Lantern","Membership Card","TheAbacus","ReplayTheSpireMod:Lightbulb","hubris:SlimyHat","Strawberry","aspiration:SecretTechniqueScroll","champ:Barbells","hubris:Icosahedron","hubris:Towel","ReplayTheSpireMod:Shallot","hubris:Reverence","Molten Egg 2","infinitespire:EmpoweringShard","Prayer Wheel","aspiration:HummingbirdHeart","Pen Nib"],"acts_visited":["Exordium","TheCity","TheBeyond","TheEnding"],"potions_floor_usage":[2,18,18,30,55,55],"damage_taken":[{"damage":0,"enemies":"2 Louse","floor":1,"turns":1},{"damage":0,"enemies":"Cultist","floor":3,"turns":1},{"damage":0,"enemies":"Lagavulin","floor":6,"turns":1},{"damage":1,"enemies":"Jaw Worm","floor":7,"turns":4},{"damage":0,"enemies":"Gremlin Nob","floor":8,"turns":4},{"damage":0,"enemies":"Lagavulin","floor":11,"turns":4},{"damage":1,"enemies":"3 Sentries","floor":14,"turns":6},{"damage":0,"enemies":"Slime Boss","floor":16,"turns":4},{"damage":5,"enemies":"Chosen","floor":18,"turns":3},{"damage":6,"enemies":"Spheric Guardian","floor":19,"turns":6},{"damage":9,"enemies":"Centurion and Healer","floor":21,"turns":5},{"damage":30,"enemies":"Gremlin Leader","floor":23,"turns":6},{"damage":22,"enemies":"Slavers","floor":28,"turns":5},{"damage":33,"enemies":"Gremlin Leader","floor":30,"turns":6},{"damage":10,"enemies":"Chosen and Byrds","floor":31,"turns":3},{"damage":19,"enemies":"Automaton","floor":33,"turns":7},{"damage":7,"enemies":"3 Darklings","floor":35,"turns":3},{"damage":49,"enemies":"Reptomancer","floor":40,"turns":4},{"damage":0,"enemies":"Nemesis","floor":41,"turns":5},{"damage":0,"enemies":"Orb Walker","floor":44,"turns":3},{"damage":0,"enemies":"Mind Bloom Boss Battle","floor":45,"turns":4},{"damage":0,"enemies":"3 Darklings","floor":47,"turns":3},{"damage":55,"enemies":"Awakened One","floor":50,"turns":9},{"damage":1,"enemies":"Shield and Spear","floor":54,"turns":2},{"damage":91,"enemies":"The Heart","floor":55,"turns":9}],"seed_played":"6892561124679478600","potions_obtained":[{"floor":1,"key":"Strength Potion"},{"floor":2,"key":"ColorlessPotion"},{"floor":2,"key":"Fruit Juice"},{"floor":8,"key":"LiquidBronze"},{"floor":13,"key":"LifebloodPotion"},{"floor":19,"key":"FearPotion"},{"floor":23,"key":"Adrenaline Potion"},{"floor":30,"key":"LiquidBronze"},{"floor":40,"key":"Dexterity Potion"}],"is_trial":true,"path_per_floor":["M","?","M","?","$","E","M","E","T","$","E","$","?","E","R","B",null,"M","M","?","M","?","E","R","$","T","$","E","?","E","M","R","B",null,"M","$","?","?","AVR","E","E","T","T","M","?","?","M","$","R","B",null,"R","$","E","B",null],"character_chosen":"WATCHER","items_purchased":["ReplayTheSpireMod:ShopPack","PathToVictory","Prostrate","Swift Strike","Damaru","FollowUp","Lantern","Membership Card","Dramatic Entrance","TheAbacus","ReplayTheSpireMod:Lightbulb","Prostrate","Ragnarok","FollowUp","Discovery","BattleHymn","Pray","champ:Barbells","Panache","Good Instincts","FollowUp","EmptyBody","CrushJoints","ClearTheMind","aspiration:HummingbirdHeart","DeusExMachina","Magnetism","Wallop+1","CutThroughFate+1","WaveOfTheHand","MentalFortress","hubris:Spice","Replay:Bootleg Shield Generator","PathToVictory","WheelKick+1","CrushJoints+1"],"campfire_rested":4,"item_purchase_floors":[5,10,10,10,12,12,25,25,25,27,27,27,27,27,27,27,27,36,36,36,36,36,36,36,48,48,48,48,48,48,48,48,53,53,53,53],"current_hp_per_floor":[80,85,85,85,85,85,85,85,85,85,85,85,85,84,84,85,85,84,79,85,80,80,54,79,79,79,79,61,61,39,33,60,45,92,85,85,85,85,85,48,54,54,54,54,58,83,83,83,92,41,92,92,92,91,1],"gold":123,"neow_bonus":"","is_daily":false,"chose_seed":false,"campfire_upgraded":0,"win_rate":0.0,"timestamp":1611348623,"path_taken":["M","?","?","?","?","E","?","E","T","$","E","$","?","E","R","BOSS","M","?","?","?","?","E","R","$","T","$","E","?","E","?","R","BOSS","M","$","?","?","AVR","E","E","?","T","?","?","?","?","$","R","BOSS","R","$","E","BOSS"],"items_purchased_type":["Relic","Card","Card","Card","Relic","Card","Relic","Relic","Card","Relic","Relic","Card","Card","Card","Card","Card","Card","Relic","Card","Card","Card","Card","Card","Card","Relic","Card","Card","Card","Card","Card","Card","Relic","Card","Card","Card","Card"],"build_version":"2020-12-22","purchased_purges":0,"victory":true,"max_hp_per_floor":[80,85,85,85,85,85,85,85,85,85,85,85,85,85,85,85,85,85,85,85,85,85,85,85,85,85,85,85,85,92,92,92,92,92,92,92,92,92,92,100,100,100,100,100,100,100,100,92,92,92,92,92,92,92,92],"card_choices":[{"not_picked":["JustLucky","MentalFortress"],"picked":"Dramatic Entrance","floor":1},{"not_picked":["hubris:Ssssneak","Forethought"],"picked":"PathToVictory","floor":3},{"not_picked":["Replay:Dark Deal","Thinking Ahead"],"picked":"Mayhem","floor":5},{"not_picked":["Dark Shackles","Replay:Dark Deal"],"picked":"Apotheosis","floor":5},{"not_picked":["Jack Of All Trades","Master of Strategy"],"picked":"Dramatic Entrance","floor":5},{"not_picked":["Meditate","JustLucky"],"picked":"Metamorphosis","floor":6},{"not_picked":["Replay:AtTheReady","Protect"],"picked":"Prostrate","floor":7},{"not_picked":["EmptyBody","Crescendo"],"picked":"Vault","floor":8},{"not_picked":["Enlightenment","SpiritShield"],"picked":"ClearTheMind","floor":11},{"not_picked":["Deep Breath","Halt"],"picked":"ForeignInfluence","floor":13},{"not_picked":["ThirdEye","Replay:ManipulateFuture"],"picked":"Replay:DivineShield","floor":14},{"not_picked":["Alpha","ReplayUltimateDefense"],"picked":"DevaForm","floor":16},{"not_picked":["Swift Strike","Crescendo"],"picked":"ReachHeaven","floor":18},{"not_picked":["FlyingSleeves+1","SashWhip+1"],"picked":"Collect","floor":19},{"not_picked":["Halt","Worship"],"picked":"EmptyFist+1","floor":21},{"not_picked":["Indignation+1","SashWhip"],"picked":"EmptyBody+1","floor":23},{"not_picked":["DevaForm","EmptyBody","Dropkick"],"picked":"FlurryOfBlows+1","floor":28},{"not_picked":["Halt","LikeWater","Consecrate"],"picked":"Evolve","floor":30},{"not_picked":["JustLucky","Purity+1","Run Through"],"picked":"PathToVictory","floor":31},{"not_picked":["ReplayUltimateDefense","Panache","Hemogenesis"],"picked":"Sadistic Nature","floor":33},{"not_picked":["EmptyBody","ClearTheMind","Massacre"],"picked":"Crescendo","floor":35},{"not_picked":["Adaptation","SignatureMove","Blood for Blood"],"picked":"Prostrate","floor":40},{"not_picked":["EmptyBody+1","hubris:SpiceAddiction","Demon Form"],"picked":"ReachHeaven","floor":41},{"not_picked":["BowlingBash+1","Replay:Battleflow+1","Limit Break"],"picked":"Dark Shackles","floor":44},{"not_picked":["hubris:SpiceAddiction","ClearTheMind+1","True Grit"],"picked":"CutThroughFate+1","floor":45},{"not_picked":["ClearTheMind+1","EmptyBody","Clothesline"],"picked":"Wallop+1","floor":47},{"not_picked":["Replay:AtTheReady","FlyingSleeves+1","Clash"],"picked":"Perseverance","floor":47},{"not_picked":["hubris:SpiceAddiction","Crescendo","Iron Wave"],"picked":"FollowUp+1","floor":54}],"player_experience":218639,"relics_obtained":[{"floor":6,"key":"HornCleat"},{"floor":8,"key":"Nunchaku"},{"floor":11,"key":"Ancient Tea Set"},{"floor":13,"key":"bronze:BronzeIdol"},{"floor":14,"key":"Grinning Jar"},{"floor":23,"key":"hubris:DisguiseKit"},{"floor":28,"key":"hubris:SlimyHat"},{"floor":30,"key":"Strawberry"},{"floor":40,"key":"hubris:Spice"},{"floor":41,"key":"hubris:Reverence"},{"floor":42,"key":"Molten Egg 2"},{"floor":43,"key":"infinitespire:EmpoweringShard"},{"floor":45,"key":"Prayer Wheel"},{"floor":54,"key":"Pen Nib"}],"event_choices":[{"damage_healed":0,"gold_gain":0,"player_choice":"Bought 2 Potions","damage_taken":0,"max_hp_gain":0,"max_hp_loss":0,"event_name":"The Woman in Blue","floor":2,"gold_loss":0},{"damage_healed":0,"gold_gain":0,"player_choice":"Ignored","damage_taken":0,"max_hp_gain":0,"max_hp_loss":0,"event_name":"Transmorgrifier","floor":4,"gold_loss":0},{"damage_healed":0,"gold_gain":0,"player_choice":"Ignored","damage_taken":0,"max_hp_gain":0,"max_hp_loss":0,"event_name":"Vampires","floor":29,"gold_loss":0},{"damage_healed":0,"gold_gain":0,"player_choice":"Fight","damage_taken":0,"max_hp_gain":0,"max_hp_loss":0,"event_name":"MindBloom","floor":45,"gold_loss":0},{"damage_healed":25,"gold_gain":0,"player_choice":"Writhe","damage_taken":0,"max_hp_gain":0,"max_hp_loss":0,"event_name":"Winding Halls","floor":46,"gold_loss":0,"cards_obtained":["Writhe"]}],"is_beta":false,"boss_relics":[{"not_picked":["hubris:Spice","aspiration:RitualDagger"],"picked":"hubris:ScarierMask"},{"not_picked":["ReplayTheSpireMod:DimensionalGlitch","Snecko Heart"],"picked":"aspiration:SecretTechniqueScroll"}],"items_purged_floors":[],"is_endless":false,"potions_floor_spawned":[1,8,11,19,23,30,40,44],"ascension_level":0}}