{"host":"j4g6ia6asvpyu2b0","time":1611349156,"event":{"mods":["BaseMod","Colored Map","Minty Spire (QoL Compilation)","Permanent Neow","Quick Restart","Relic Stats","StSLib","Unceasing Turn Reminder"],"gold_per_floor":[118,132,97,27,27,27,56,74,146,171,189,214,225,252,252,326,326,338,22,37,54,54,89,107,107,107,107,107],"floor_reached":27,"language":"ENG","playtime":678,"items_purged":[],"score":430,"play_id":"15f403bf-403b-4a62-9334-c1693e99ea31","local_time":"20210122135916","is_ascension_mode":true,"campfire_choices":[{"data":"Doom and Gloom","floor":6,"key":"SMITH"},{"data":"Consume","floor":15,"key":"SMITH"},{"data":"Storm","floor":25,"key":"SMITH"}],"circlet_count":0,"master_deck":["AscendersBane","Strike_B","Strike_B","Strike_B","Strike_B","Defend_B","Defend_B","Defend_B","Defend_B","Zap","Dualcast","Compile Driver","Doom and Gloom+1","Self Repair","Consume+1","Capacitor","Static Discharge","Rainbow","Capacitor","Cold Snap","Ball Lightning","Coolheaded+1","Loop","Storm+1","Barrage"],"relics":["Runic Dome","Regal Pillow","Cables","Bag of Preparation","Dream Catcher","Anchor","Black Star","Runic Capacitor","Ancient Tea Set","MealTicket","Letter Opener"],"acts_visited":["Exordium","TheCity"],"potions_floor_usage":[7,8,11,12,20,23,27],"damage_taken":[{"damage":8,"enemies":"Jaw Worm","floor":1,"turns":4},{"damage":0,"enemies":"Cultist","floor":2,"turns":3},{"damage":32,"enemies":"Gremlin Nob","floor":7,"turns":4},{"damage":0,"enemies":"Small Slimes","floor":8,"turns":2},{"damage":15,"enemies":"3 Sentries","floor":10,"turns":4},{"damage":0,"enemies":"2 Fungi Beasts","floor":11,"turns":1},{"damage":7,"enemies":"Gremlin Nob","floor":12,"turns":3},{"damage":12,"enemies":"Exordium Wildlife","floor":13,"turns":2},{"damage":27,"enemies":"The Guardian","floor":16,"turns":7},{"damage":18,"enemies":"Chosen","floor":18,"turns":7},{"damage":7,"enemies":"3 Byrds","floor":20,"turns":3},{"damage":0,"enemies":"Snecko","floor":21,"turns":4},{"damage":24,"enemies":"Gremlin Leader","floor":23,"turns":7},{"damage":1,"enemies":"Snake Plant","floor":24,"turns":6},{"damage":43,"enemies":"Slavers","floor":27,"turns":2}],"seed_played":"-7238172933321817492","potions_obtained":[{"floor":5,"key":"Strength Potion"},{"floor":5,"key":"PotionOfCapacity"},{"floor":7,"key":"Weak Potion"},{"floor":8,"key":"Fruit Juice"},{"floor":10,"key":"Explosive Potion"},{"floor":12,"key":"BlessingOfTheForge"},{"floor":13,"key":"Fire Potion"},{"floor":21,"key":"PotionOfCapacity"},{"floor":24,"key":"Explosive Potion"}],"is_trial":false,"path_per_floor":["M","M","?","$","?","R","E","M","T","E","M","E","M","T","R","B",null,"M","$","M","M","?","E","M","R","T","E"],"character_chosen":"DEFECT","items_purchased":["Self Repair","Runic Capacitor","Capacitor","Cold Snap","Ball Lightning"],"campfire_rested":0,"item_purchase_floors":[4,19,19,19,19],"current_hp_per_floor":[56,56,71,71,71,71,46,51,51,43,43,43,38,38,38,18,62,51,51,51,58,44,30,36,36,36,0,0],"gold":107,"neow_bonus":"BOSS_RELIC","is_daily":false,"chose_seed":false,"campfire_upgraded":3,"win_rate":0.0,"timestamp":1611349156,"path_taken":["M","M","?","$","?","R","E","M","T","E","M","E","?","?","R","BOSS","M","$","M","M","?","E","M","R","T","E"],"items_purchased_type":["Card","Relic","Card","Card","Card"],"build_version":"2020-12-22","purchased_purges":0,"victory":false,"max_hp_per_floor":[71,71,71,71,71,71,71,76,76,76,76,76,76,76,76,76,76,76,76,76,76,81,81,81,81,81,81,81],"relic_stats":{"Regal Pillow":0,"Dream Catcher":0,"counters":[15,59],"MealTicket":0,"Bag of Preparation":[20],"Black Star":1,"Letter Opener":[0],"obtain_stats":[{"Runic Dome":0,"Regal Pillow":7,"Dream Catcher":12,"Anchor":14,"MealTicket":23,"Bag of Preparation":10,"Black Star":17,"Runic Capacitor":19,"Letter Opener":26,"Cracked Core":0,"Ancient Tea Set":23,"Cables":9},{"Runic Dome":0,"Regal Pillow":3,"Dream Catcher":7,"Anchor":8,"MealTicket":13,"Bag of Preparation":5,"Black Star":9,"Runic Capacitor":10,"Letter Opener":14,"Cracked Core":0,"Ancient Tea Set":13,"Cables":4},{"Runic Dome":0,"Regal Pillow":11,"Dream Catcher":21,"Anchor":23,"MealTicket":51,"Bag of Preparation":17,"Black Star":30,"Runic Capacitor":37,"Letter Opener":57,"Cracked Core":0,"Ancient Tea Set":51,"Cables":13}],"Cables":[37,16,14,7,0]},"card_choices":[{"not_picked":["Redo","Go for the Eyes"],"picked":"Compile Driver","floor":1},{"not_picked":["Rebound","Undo"],"picked":"Doom and Gloom","floor":2},{"not_picked":["Static Discharge","Storm"],"picked":"Consume","floor":7},{"not_picked":["Leap","Tempest"],"picked":"Capacitor","floor":8},{"not_picked":["Turbo","Scrape","Rebound"],"picked":"SKIP","floor":10},{"not_picked":["Beam Cell","Leap","Stack"],"picked":"SKIP","floor":11},{"not_picked":["Hello World","Conserve Battery"],"picked":"Static Discharge","floor":12},{"not_picked":["Gash","Go for the Eyes","Meteor Strike"],"picked":"SKIP","floor":13},{"not_picked":["Machine Learning","Multi-Cast"],"picked":"Rainbow","floor":16},{"not_picked":["Stack","Streamline+1","Sweeping Beam"],"picked":"SKIP","floor":18},{"not_picked":["Static Discharge","Cold Snap"],"picked":"Coolheaded+1","floor":20},{"not_picked":["Hologram","Turbo"],"picked":"Loop","floor":21},{"not_picked":["Reinforced Body","White Noise"],"picked":"Storm","floor":23},{"not_picked":["Cold Snap","Go for the Eyes"],"picked":"Barrage","floor":24}],"player_experience":932937,"relics_obtained":[{"floor":7,"key":"Regal Pillow"},{"floor":9,"key":"Cables"},{"floor":10,"key":"Bag of Preparation"},{"floor":12,"key":"Dream Catcher"},{"floor":14,"key":"Anchor"},{"floor":23,"key":"Ancient Tea Set"},{"floor":23,"key":"MealTicket"},{"floor":26,"key":"Letter Opener"}],"event_choices":[{"damage_healed":17,"gold_gain":0,"player_choice":"Healed","damage_taken":0,"max_hp_gain":0,"max_hp_loss":0,"event_name":"The Cleric","floor":3,"gold_loss":35},{"damage_healed":0,"gold_gain":0,"player_choice":"Got Potions","damage_taken":0,"max_hp_gain":0,"max_hp_loss":0,"event_name":"Lab","floor":5,"gold_loss":0},{"damage_healed":0,"gold_gain":0,"player_choice":"Shed Blood","damage_taken":19,"max_hp_gain":5,"max_hp_loss":0,"event_name":"Forgotten Altar","floor":22,"gold_loss":0}],"is_beta":false,"boss_relics":[{"not_picked":["Nuclear Battery","Tiny House"],"picked":"Black Star"}],"items_purged_floors":[],"is_endless":false,"potions_floor_spawned":[7,8,10,12,13,21,24],"killed_by":"Slavers","ascension_level":14}}