{"host":"r2kogfp0vqm1y5g3","time":1611353949,"event":{"mods":["AchievementEnabler","BaseMod","Downfall","Marisa????????","Minty Spire (QoL Compilation)","Quick Restart","StSLib","The Animator","The Cursed"],"gold_per_floor":[99,114,127,127,227,247,270,303,3,19,19,35,35,46,65,163,163,163,179,190,210,210,225,249,261,261,277,10,22,22,42,59,159,159,159,175,193,193,193,193,266,266,266,276,286,297,297,297,297],"floor_reached":47,"language":"ENG","playtime":4488,"items_purged":[],"score":487,"play_id":"0de8473c-3745-4680-9f08-936d3a57321b","local_time":"20210122231909","is_ascension_mode":false,"campfire_choices":[{"floor":1,"key":"RECALL"},{"floor":9,"key":"REST"},{"data":"Slimebound:Split","floor":18,"key":"SMITH"},{"floor":30,"key":"REST"},{"data":"Slimebound:GrowthPunch","floor":35,"key":"SMITH"},{"data":"expansioncontent:PolyBeam","floor":40,"key":"SMITH"},{"floor":42,"key":"REST"}],"circlet_count":0,"master_deck":["Slimebound:Strike_Slimebound","Slimebound:Strike_Slimebound","Slimebound:Tackle","Slimebound:Defend_Slimebound","Slimebound:Defend_Slimebound","Slimebound:Defend_Slimebound","Slimebound:Split","Slimebound:CorrosiveSpit","Slimebound:FinishingTackle","Slimebound:PressTheAttack","Slimebound:LeechEnergy","Slimebound:GoopSpray","Slimebound:ItLooksTasty","Slimebound:Replication","Slimebound:Split+1","Slimebound:LeadByExample","Slimebound:Schlurp","Slimebound:MassRepurpose","Slimebound:SplitLeeching","Slimebound:Chomp+1","Slimebound:DisruptingSlam","Slimebound:Nibble","Slimebound:Nibble","Necronomicurse","Slimebound:RainOfGoop","Slimebound:GrowthPunch+1","expansioncontent:LastStand","Slimebound:SpikyOuterGoop","Slimebound:Repurpose+1","Slimebound:PrepareCrush","Slimebound:FlameTackle+1","Slimebound:SplitMire","expansioncontent:AwakenDeath","expansioncontent:PolyBeam+1","Slimebound:ProtectTheBoss","Parasite","Slimebound:SplitLeeching","Slimebound:SlimeSpikes+1"],"relics":["Slimebound:AbsorbEndCombatUpgraded","Sundial","downfall:HeartBlessingGreen","downfall:HeartBlessingRed","downfall:HeartBlessingBlue","Velvet Choker","Regal Pillow","Necronomicon","Letter Opener"],"acts_visited":["Exordium","TheCity","TheBeyond"],"potions_floor_usage":[8,16,16,47],"damage_taken":[{"damage":5,"enemies":"2 Louse","floor":2,"turns":3},{"damage":3,"enemies":"Small Slimes","floor":3,"turns":3},{"damage":1,"enemies":"Jaw Worm","floor":6,"turns":4},{"damage":41,"enemies":"Gremlin Nob","floor":8,"turns":6},{"damage":3,"enemies":"Blue Slaver","floor":10,"turns":3},{"damage":3,"enemies":"Gremlin Gang","floor":12,"turns":5},{"damage":16,"enemies":"2 Fungi Beasts","floor":14,"turns":4},{"damage":6,"enemies":"Blue Slaver","floor":15,"turns":3},{"damage":23,"enemies":"IC_STATUS_ARCHETYPE","floor":16,"turns":5},{"damage":9,"enemies":"Spheric Guardian","floor":19,"turns":5},{"damage":18,"enemies":"Centurion and Healer","floor":20,"turns":5},{"damage":3,"enemies":"3 Cultists","floor":21,"turns":4},{"damage":18,"enemies":"Shelled Parasite and Fungi","floor":23,"turns":5},{"damage":5,"enemies":"Centurion and Healer","floor":25,"turns":5},{"damage":26,"enemies":"Snake Plant","floor":27,"turns":5},{"damage":1,"enemies":"downfall:FleeingMerchant","floor":28,"turns":4},{"damage":0,"enemies":"Cultist and Chosen","floor":29,"turns":5},{"damage":8,"enemies":"Centurion and Healer","floor":31,"turns":8},{"damage":19,"enemies":"Sentry and Sphere","floor":32,"turns":6},{"damage":10,"enemies":"WA_ARCHETYPE_CALM","floor":33,"turns":8},{"damage":9,"enemies":"3 Shapes","floor":36,"turns":5},{"damage":31,"enemies":"Orb Walker","floor":37,"turns":6},{"damage":29,"enemies":"Writhing Mass","floor":44,"turns":7},{"damage":37,"enemies":"Jaw Worm Horde","floor":45,"turns":5},{"damage":16,"enemies":"Transient","floor":46,"turns":5},{"damage":57,"enemies":"Orin","floor":47,"turns":7}],"seed_played":"-6827164246812339772","potions_obtained":[{"floor":6,"key":"AttackPotion"},{"floor":8,"key":"DistilledChaos"},{"floor":15,"key":"Slimebound:SpawnSlimePotion"},{"floor":16,"key":"EntropicBrew"},{"floor":20,"key":"CultistPotion"},{"floor":21,"key":"Energy Potion"},{"floor":25,"key":"Dexterity Potion"},{"floor":45,"key":"Slimebound:SpawnSlimePotion"}],"is_trial":false,"path_per_floor":["R","M","M","?","?","M","T","E","R","M","?","M","?","M","M","B",null,"R","M","M","M","?","M","T","M","?","M","$","M","R","M","M","B",null,"R","M","M","?","?","R","T","R","?","M","M","M","?"],"character_chosen":"SLIMEBOUND","items_purchased":["Slimebound:GrowthPunch","expansioncontent:LastStand","Slimebound:SpikyOuterGoop"],"campfire_rested":3,"item_purchase_floors":[28,28,28],"current_hp_per_floor":[71,69,66,66,66,71,71,30,64,65,65,70,70,54,50,35,81,81,77,67,72,72,60,60,63,47,23,30,38,77,77,66,64,81,81,78,59,59,54,54,54,81,81,52,18,8,0,0,0],"gold":297,"neow_bonus":"TEN_PERCENT_HP_BONUS","is_daily":false,"chose_seed":false,"campfire_upgraded":3,"win_rate":0.0,"timestamp":1611353949,"path_taken":["R","M","M","?","?","M","T","E","R","M","?","?","?","M","M","BOSS","R","M","M","?","?","M","T","M","?","M","?","M","R","M","M","BOSS","R","M","M","?","?","R","T","R","?","M","M","?","?"],"items_purchased_type":["Card","Card","Card"],"build_version":"2020-12-22","purchased_purges":0,"victory":false,"max_hp_per_floor":[71,71,71,71,71,71,71,71,81,81,81,81,81,81,81,81,81,81,81,81,81,81,81,81,81,81,81,81,81,81,81,81,81,81,81,81,81,81,81,81,81,81,81,81,81,81,81,81,81],"card_choices":[{"not_picked":["Slimebound:GoopTackle","Slimebound:Nibble"],"picked":"Slimebound:FinishingTackle","floor":2},{"not_picked":["Slimebound:RollThrough","Slimebound:SamplingLick"],"picked":"Slimebound:PressTheAttack","floor":3},{"not_picked":["Slimebound:SplitAcid","Slimebound:FinishingTackle"],"picked":"Slimebound:LeechEnergy","floor":6},{"not_picked":["Slimebound:RollThrough","Slimebound:FinishingTackle"],"picked":"Slimebound:GoopSpray","floor":8},{"not_picked":["Slimebound:OozeBath","Slimebound:SamplingLick"],"picked":"Slimebound:ItLooksTasty","floor":10},{"not_picked":["Slimebound:ComboTackle","Slimebound:GoopTackle"],"picked":"Slimebound:Replication","floor":12},{"not_picked":["Slimebound:Replication","Slimebound:Equalize"],"picked":"Slimebound:LeadByExample","floor":14},{"not_picked":["Slimebound:LeechingTouch","Slimebound:PressTheAttack"],"picked":"Slimebound:Schlurp","floor":15},{"not_picked":["Slimebound:OneTwoCombo","Slimebound:CheckThePlaybook"],"picked":"Slimebound:MassRepurpose","floor":16},{"not_picked":["Slimebound:FinishingTackle","Slimebound:GoopTackle","Slimebound:PressTheAttack"],"picked":"SKIP","floor":19},{"not_picked":["Slimebound:PressTheAttack","Slimebound:GoopTackle"],"picked":"Slimebound:SplitLeeching","floor":20},{"not_picked":["Slimebound:LivingWall","Slimebound:SplitBruiser"],"picked":"Slimebound:Chomp+1","floor":21},{"not_picked":["Slimebound:LeadByExample","Slimebound:SlimeTap"],"picked":"Slimebound:Nibble","floor":23},{"not_picked":["Slimebound:Prepare","Slimebound:SamplingLick"],"picked":"Slimebound:Nibble","floor":25},{"not_picked":["Slimebound:SelfFormingGoo","Slimebound:SplitLeeching"],"picked":"Slimebound:RainOfGoop","floor":27},{"not_picked":["Slimebound:ItLooksTasty","Slimebound:DivideAndConquer","Slimebound:TongueLash"],"picked":"SKIP","floor":28},{"not_picked":["Slimebound:Grow","Slimebound:GrowthPunch","Slimebound:SplitLeeching"],"picked":"SKIP","floor":29},{"not_picked":["Slimebound:ComboTackle","Slimebound:PressTheAttack"],"picked":"Slimebound:Repurpose+1","floor":31},{"not_picked":["Slimebound:ViciousTackle","Slimebound:SplitLeeching","Slimebound:PressTheAttack"],"picked":"SKIP","floor":32},{"not_picked":["Slimebound:SelfFormingGoo","Slimebound:MassRepurpose"],"picked":"Slimebound:PrepareCrush","floor":33},{"not_picked":["Slimebound:SplitAcid+1","Slimebound:Prepare"],"picked":"Slimebound:FlameTackle+1","floor":36},{"not_picked":["Slimebound:ComboTackle+1","Slimebound:RejuvenatingLick"],"picked":"Slimebound:SplitMire","floor":37},{"not_picked":["expansioncontent:LastStand","expansioncontent:YouAreMine"],"picked":"expansioncontent:AwakenDeath","floor":39},{"not_picked":["expansioncontent:HyperBeam","expansioncontent:GuardianWhirl"],"picked":"expansioncontent:PolyBeam","floor":39},{"not_picked":["Slimebound:SplitBruiser","Slimebound:ViciousTackle"],"picked":"Slimebound:SplitLeeching","floor":44},{"not_picked":["Slimebound:PressTheAttack+1","Slimebound:SpikyOuterGoop+1","Slimebound:Nibble"],"picked":"SKIP","floor":45},{"not_picked":["Slimebound:ItLooksTasty+1","Slimebound:TongueLash+1"],"picked":"Slimebound:SlimeSpikes+1","floor":46}],"player_experience":71036,"relics_obtained":[{"floor":8,"key":"Sundial"},{"floor":24,"key":"Regal Pillow"},{"floor":26,"key":"Necronomicon"},{"floor":41,"key":"Letter Opener"}],"event_choices":[{"damage_healed":0,"gold_gain":0,"player_choice":"Read","damage_taken":0,"max_hp_gain":0,"max_hp_loss":0,"event_name":"The Library","floor":22,"gold_loss":0,"cards_obtained":["Slimebound:DisruptingSlam"]},{"cards_removed":["Slimebound:Defend_Slimebound"],"damage_healed":0,"gold_gain":0,"player_choice":"Removed Skill","damage_taken":0,"max_hp_gain":0,"max_hp_loss":0,"event_name":"Falling","floor":38,"gold_loss":0},{"damage_healed":0,"gold_gain":0,"player_choice":"Fight","damage_taken":0,"max_hp_gain":0,"max_hp_loss":0,"event_name":"OrinTheCat","floor":47,"gold_loss":0}],"is_beta":false,"boss_relics":[{"not_picked":["Fusion Hammer","Philosopher\u0027s Stone"],"picked":"Velvet Choker"},{"not_picked":["Coffee Dripper","Tiny House"],"picked":"Slimebound:AbsorbEndCombatUpgraded"}],"items_purged_floors":[],"is_endless":false,"potions_floor_spawned":[6,8,15,16,20,21,25,31,45,46],"killed_by":"Orin","ascension_level":0}}