{"host":"avq773cl9g5msfol","time":1611349369,"event":{"mods":["100% Spire Juice","AchievementEnabler","Act Like it!","Ascension Unlocker","Aspiration","Astrologer","Bard","Bartender","BaseMod","Better Altar","Better Third Choice","BetterRewards","CapriCore","ChefMod","Colored Map","Colored Powertips","Conspire","Dio Mod","Downfall","Elementarium","Energized Spire","Gensokyo","GifTheSpireLib","GungeonMod","Hallownest","Hermit","Highlight Path","Hubris","Humility","Infinite Spire","Jorbs\u0027s Wanderer Trilogy","Koishi","Magitek Elite","Marisa????????","Marked Mod","Menagerie","Minty Spire (QoL Compilation)","Pale of the Ancients","Potionbrewer","Quarter Circle Forward PUNCH!","Rare Cards Sparkle","Reimu??????","Relic Stats","Remilia??????","Replay The Spire","SacredBarkPlus","Shade Mod","Somnambulant","Spicy Shops","Spire Arcade","StSLib","The Administrix","The Blue Laboratory","The Bug Knight","The Construct","The Cursed","The Disciple","The Dragon Tamer","The Exalted","The Hayseed","The Hierophant","The Immortal","The Marked","The Mystic","The Problem Sleuth","The Runesmith","The Senshi","The Vixen","The Wild Card","TheFirefly","Wandering Minibosses","vexMod"],"gold_per_floor":[24824,113,113,133,208,294,294,294,294,313,344,359,359,374,394,497,497,397,410,423,545,545,706,706,646,658,658,689,699,599,619,632,731,781,781,801,645,609,655,665,665,676,576,587,597,597,597,617,627,627,627,659,42,42,42,42],"floor_reached":57,"language":"ENG","playtime":5206,"items_purged":["bronze:Format+1","Shame","bronze:BitShift+1"],"score":1555,"play_id":"fb69f5c7-4372-4ae5-afc2-fec1005448ec","local_time":"20210123040249","is_ascension_mode":false,"campfire_choices":[{"data":"bronze:Goto","floor":1.0,"key":"SMITH"},{"floor":8.0,"key":"RECALL"},{"floor":13.0,"key":"REST"},{"floor":18.0,"key":"REST"},{"data":"bronze:Boost","floor":30.0,"key":"SMITH"},{"floor":35.0,"key":"REST"},{"floor":43.0,"key":"REST"},{"data":"infinitespire:DeathsTouch","floor":47.0,"key":"SMITH"},{"floor":54.0,"key":"REST"}],"circlet_count":0,"master_deck":["bronze:Replicate+1","bronze:Goto+1","bronze:ClassDefault+1","bronze:BronzeArmor+1","bronze:WhirlingStrike+1","bronze:ChosenStrike+1","bronze:GetLatest+1","bronze:Fortify+1","bronze:Format+1","bronze:Repair+1","bronze:FollowUp+1","bronze:Branch+1","bronze:ItsAFeature+1","bronze:Shell+1","bronze:ThunderWave+1","bronze:Frontload+1","bronze:GetLatest+1","bronze:Overheat+1","bronze:MaxOutput+1","Replay:SS_hec_1+1","bronze:WhirlingStrike+1","bronze:BitShift+1","expansioncontent:DashGenerateEvil+1","bronze:HyperBeam+1","bronze:FindAndReplace+1","bronze:Verify+1","bronze:Repulsor+1","bronze:DelayedSlice+1","bronze:Mutator+1","bronze:RecursiveStrike+1","bronze:FineTuning+1","bronze:HardenedForm+1","bronze:Turbo+1","bronze:Boost+1","bronze:BurnOut+1","bronze:Iterate+1","infinitespire:TheBestDefense+1","infinitespire:DeathsTouch+1","infinitespire:Collect","bronze:BronzeOrb+1","expansioncontent:LastStand+1","bronze:Shell+1"],"relics":["bronze:PlatinumCore","Quantum Egg","Golden Egg","hubris:CrystalStatue","TentaclePot:ReiMu","construct:RocketBooster","hubris:SlimyHat","RuthlessExorcism:ReiMu","OrangePellets","Gremlin Horn","bronze:SilverBullet","qcfpunch:Wrestler\u0027s_Cloak","Guardian:PocketSentry","vexMod:InvisibilityCloak","Happy Flower","Protect_Vest","downfall:HeartBlessingRed","wanderingMiniBosses:LockLocket","Replay:WaspNest","Anchor","Bromod:ArcaneFury","downfall:HeartBlessingBlue","DemoMod:GlassGuonStoneRelic","Tiny House","HollowMod:JonisBlessing","Bromod:ArcaneMomentum","potionbrewer:RamsHorn","downfall:HeartBlessingGreen","energizedSpire:RedRose","potionbrewer:Keyblade","hubris:EmptyBottle","qcfpunch:Black_Training_Shirt"],"acts_visited":["Gensokyo:Gensokyo","Hallownest:CityofTears","Hallownest:KingdomsEdge","TheEnding"],"potions_floor_usage":[55,55,55,56,56,56,56],"damage_taken":[{"damage":0.0,"enemies":"Gensokyo:2_Kodama","floor":2.0,"turns":2.0},{"damage":0.0,"enemies":"Gensokyo:Gryphon","floor":4.0,"turns":2.0},{"damage":0.0,"enemies":"downfall:FleeingMerchant","floor":6.0,"turns":5.0},{"damage":0.0,"enemies":"Gensokyo:3_Fairies","floor":10.0,"turns":2.0},{"damage":0.0,"enemies":"Gensokyo:Cirno","floor":11.0,"turns":4.0},{"damage":0.0,"enemies":"Gensokyo:Python_and_Kodama","floor":12.0,"turns":2.0},{"damage":0.0,"enemies":"Gensokyo:LivingMonolith","floor":14.0,"turns":3.0},{"damage":0.0,"enemies":"Gensokyo:Kitsune","floor":15.0,"turns":1.0},{"damage":0.0,"enemies":"WA_ARCHETYPE_RETAIN","floor":16.0,"turns":4.0},{"damage":0.0,"enemies":"Hallownest:Flukemon_and_Top","floor":19.0,"turns":2.0},{"damage":0.0,"enemies":"Hallownest:3_Youths","floor":20.0,"turns":2.0},{"damage":0.0,"enemies":"Hallownest:Master_and_Novice","floor":23.0,"turns":4.0},{"damage":0.0,"enemies":"downfall:FleeingMerchant","floor":25.0,"turns":3.0},{"damage":0.0,"enemies":"Hallownest:3_Mistakes","floor":26.0,"turns":4.0},{"damage":0.0,"enemies":"Hallownest:Nosk","floor":28.0,"turns":3.0},{"damage":0.0,"enemies":"Hallownest:2_Flukemon","floor":29.0,"turns":3.0},{"damage":0.0,"enemies":"Hallownest:monsterShrumalOgre","floor":31.0,"turns":3.0},{"damage":7.0,"enemies":"Hallownest:Master_and_Novice","floor":32.0,"turns":2.0},{"damage":0.0,"enemies":"SI_MIRROR_ARCHETYPE","floor":33.0,"turns":6.0},{"damage":0.0,"enemies":"Hallownest:2_Littles","floor":36.0,"turns":2.0},{"damage":0.0,"enemies":"Hallownest:Shield_Heavy","floor":40.0,"turns":2.0},{"damage":0.0,"enemies":"Hallownest:monsterPrimalAspid","floor":42.0,"turns":3.0},{"damage":0.0,"enemies":"Hallownest:2_Wing_and_1_Kings","floor":44.0,"turns":3.0},{"damage":0.0,"enemies":"Hallownest:2_Soldiers_and_1_Guardian","floor":45.0,"turns":2.0},{"damage":0.0,"enemies":"Hallownest:Shield_Sturdy","floor":48.0,"turns":2.0},{"damage":0.0,"enemies":"Hallownest:2_Wandering_and_1_Horned","floor":49.0,"turns":2.0},{"damage":7.0,"enemies":"IC_BLOCK_ARCHETYPE","floor":50.0,"turns":9.0},{"damage":8.0,"enemies":"downfall:CharBossMerchant","floor":52.0,"turns":7.0},{"damage":0,"enemies":"downfall:NeowBoss","floor":55,"turns":7},{"damage":0,"enemies":"downfall:NeowBossFinal","floor":56,"turns":10}],"seed_played":"4782266183842164790","potions_obtained":[{"floor":11.0,"key":"bronze:FreeFunctionsPotion"},{"floor":15.0,"key":"blueLaboratory:LouseDecoction"},{"floor":16.0,"key":"blueLaboratory:LouseDecoction"},{"floor":20.0,"key":"Strength Potion"},{"floor":34.0,"key":"bronze:BurnAndBuffPotion"}],"is_trial":false,"path_per_floor":["R","M","?","M","?","$","T","R","?","M","E","M","R","M","M","B",null,"R","M","M","?","AVR","M","T","$","M","?","E","M","R","M","M","B",null,"R","M","$","$","T","M","T","M","R","M","M","AVR","R","M","M","B",null,"E","$","R","B","B",null],"character_chosen":"THE_AUTOMATON","items_purchased":["bronze:Repair","bronze:FollowUp","bronze:Branch","bronze:ItsAFeature","hubris:CrystalStatue","bronze:Shell","TentaclePot:ReiMu","construct:RocketBooster","bronze:ThunderWave","bronze:Frontload","bronze:GetLatest","bronze:Overheat","bronze:MaxOutput","Replay:SS_hec_1","bronze:WhirlingStrike","hubris:SlimyHat","bronze:BitShift","RuthlessExorcism:ReiMu","expansioncontent:DashGenerateEvil","OrangePellets","blueLaboratory:FruitPunch","bronze:HyperBeam","Gremlin Horn","bronze:FindAndReplace","bronze:SilverBullet","qcfpunch:Wrestler\u0027s_Cloak","Fire Potion","Adrenaline Potion","vexMod:InvisibilityCloak","bronze:Repulsor","Replay:WaspNest","Anchor","blueLaboratory:ImpenetrablePotion","HollowMod:JonisBlessing","bronze:Iterate+1","hubris:EmptyBottle","bronze:BronzeOrb+1","expansioncontent:LastStand","qcfpunch:Black_Training_Shirt","bronze:Shell"],"campfire_rested":5,"item_purchase_floors":[0,0,0,0,0,0,0,0,0,0,0,0,0,0,0,0,0,0,0,0,0,0,0,0,0,0,0,0,6,6,25,25,25,37,38,53,53,53,53,53],"current_hp_per_floor":[70,70,56,56,56,58,58,58,65,65,65,65,72,72,72,72,72,72,72,72,72,72,72,72,72,72,72,72,72,82,82,75,75,87,87,87,87,87,87,87,87,87,87,87,87,87,87,87,87,80,87,79,79,87,87,87],"gold":42,"neow_bonus":"","is_daily":false,"chose_seed":false,"campfire_upgraded":3,"win_rate":0.0,"timestamp":1611349369,"path_taken":["R","M","?","M","?","?","T","R","?","M","E","M","R","?","M","BOSS","R","M","M","?","AVR","M","T","$","M","?","E","M","R","M","M","BOSS","R","M","?","$","?","?","T","M","R","M","M","AVR","R","M","M","BOSS","E","$","R","BOSS","BOSS"],"items_purchased_type":["Card","Card","Card","Card","Relic","Card","Relic","Relic","Card","Card","Card","Card","Card","Card","Card","Relic","Card","Relic","Card","Relic","Potion","Card","Relic","Card","Relic","Relic","Potion","Potion","Relic","Card","Relic","Relic","Potion","Relic","Card","Relic","Card","Card","Relic","Card"],"build_version":"2020-12-22","purchased_purges":3,"victory":true,"max_hp_per_floor":[70,70,70,70,70,72,72,72,72,72,72,72,72,72,72,72,72,72,72,72,72,72,72,72,72,72,72,72,72,82,82,82,82,87,87,87,87,87,87,87,87,87,87,87,87,87,87,87,87,87,87,87,87,87,87,87],"relic_stats":{"OrangePellets":[33],"Gremlin Horn":[43,43],"Happy Flower":[32],"counters":[64,184],"obtain_stats":[{"Golden Egg":0,"hubris:CrystalStatue":0,"Tiny House":34,"Gremlin Horn":0,"downfall:HeartBlessingGreen":43,"DemoMod:GlassGuonStoneRelic":2,"Bottled Tornado":13,"vexMod:InvisibilityCloak":6,"potionbrewer:RamsHorn":41,"vexMod:CardConverter":22,"Toxic Egg 2":0,"champ:FightingForDummies":42,"construct:RocketBooster":0,"Happy Flower":7,"Hallownest:SoulVesselRelic":46,"TentaclePot:ReiMu":0,"Oddly Smooth Stone":12,"HollowMod:JonisBlessing":37,"Guardian:PocketSentry":3,"OrangePellets":0,"wanderingMiniBosses:Blackblade":9,"PaintedHorse:ReiMu":3,"Molten Egg 2":0,"Pandora\u0027s Box":0,"infinitespire:EmpoweringShard":14,"bronze:SilverBullet":0,"bronze:MakeshiftBattery":44,"Bromod:ArcaneFury":28,"vexMod:PlasmaPancake":39,"bronze:PlatinumCore":17,"aspiration:Lifesprig":10,"bronze:BronzeCore":0,"champ:ChampionCrown":0,"hubris:SlimyHat":0,"hubris:EmptyBottle":53,"Hallownest:GodTamersBeastRelic":45,"hubris:Backtick":22,"downfall:HeartBlessingBlue":11,"Mummified Hand":27,"hubris:CuriousFeather":22,"qcfpunch:Wrestler\u0027s_Cloak":0,"aspiration:FutureDiary":34,"wanderingMiniBosses:LockLocket":23,"TheSimpletonMod:PicklingJar":48,"energizedSpire:RedRose":46,"downfall:HeartBlessingRed":18,"hubris:64BitClover":1,"Quantum Egg":0,"qcfpunch:Black_Training_Shirt":53,"champ:ChampionCrownUpgraded":17,"Replay:WaspNest":25,"Omamori":40,"Protect_Vest":11,"Orichalcum":41,"Bromod:ArcaneMomentum":39,"Anchor":25,"potionbrewer:Keyblade":46,"ReplayTheSpireMod:Lightbulb":31,"RuthlessExorcism:ReiMu":24,"ReplayTheSpireMod:ShopPack":44},{"Golden Egg":34,"hubris:CrystalStatue":34,"Tiny House":53,"Gremlin Horn":34,"downfall:HeartBlessingGreen":56,"DemoMod:GlassGuonStoneRelic":1,"Bottled Tornado":8,"vexMod:InvisibilityCloak":37,"potionbrewer:RamsHorn":55,"vexMod:CardConverter":13,"Toxic Egg 2":0,"champ:FightingForDummies":26,"construct:RocketBooster":34,"Happy Flower":37,"Hallownest:SoulVesselRelic":30,"TentaclePot:ReiMu":34,"Oddly Smooth Stone":8,"HollowMod:JonisBlessing":54,"Guardian:PocketSentry":35,"OrangePellets":34,"wanderingMiniBosses:Blackblade":6,"PaintedHorse:ReiMu":1,"Molten Egg 2":0,"Pandora\u0027s Box":0,"infinitespire:EmpoweringShard":9,"bronze:SilverBullet":34,"bronze:MakeshiftBattery":26,"Bromod:ArcaneFury":49,"vexMod:PlasmaPancake":24,"bronze:PlatinumCore":43,"aspiration:Lifesprig":7,"bronze:BronzeCore":34,"champ:ChampionCrown":0,"hubris:SlimyHat":34,"hubris:EmptyBottle":62,"Hallownest:GodTamersBeastRelic":30,"hubris:Backtick":13,"downfall:HeartBlessingBlue":7,"Mummified Hand":16,"hubris:CuriousFeather":13,"qcfpunch:Wrestler\u0027s_Cloak":34,"aspiration:FutureDiary":21,"wanderingMiniBosses:LockLocket":46,"TheSimpletonMod:PicklingJar":32,"energizedSpire:RedRose":58,"downfall:HeartBlessingRed":43,"hubris:64BitClover":0,"Quantum Egg":34,"qcfpunch:Black_Training_Shirt":62,"champ:ChampionCrownUpgraded":11,"Replay:WaspNest":47,"Omamori":25,"Protect_Vest":39,"Orichalcum":25,"Bromod:ArcaneMomentum":54,"Anchor":47,"potionbrewer:Keyblade":58,"ReplayTheSpireMod:Lightbulb":19,"RuthlessExorcism:ReiMu":13,"ReplayTheSpireMod:ShopPack":26},{"Golden Egg":81,"hubris:CrystalStatue":81,"Tiny House":136,"Gremlin Horn":81,"downfall:HeartBlessingGreen":142,"DemoMod:GlassGuonStoneRelic":2,"Bottled Tornado":20,"vexMod:InvisibilityCloak":90,"potionbrewer:RamsHorn":140,"vexMod:CardConverter":31,"Toxic Egg 2":0,"champ:FightingForDummies":61,"construct:RocketBooster":81,"Happy Flower":90,"Hallownest:SoulVesselRelic":70,"TentaclePot:ReiMu":81,"Oddly Smooth Stone":20,"HollowMod:JonisBlessing":138,"Guardian:PocketSentry":83,"OrangePellets":81,"wanderingMiniBosses:Blackblade":14,"PaintedHorse:ReiMu":2,"Molten Egg 2":0,"Pandora\u0027s Box":0,"infinitespire:EmpoweringShard":23,"bronze:SilverBullet":81,"bronze:MakeshiftBattery":61,"Bromod:ArcaneFury":123,"vexMod:PlasmaPancake":56,"bronze:PlatinumCore":105,"aspiration:Lifesprig":17,"bronze:BronzeCore":81,"champ:ChampionCrown":0,"hubris:SlimyHat":81,"hubris:EmptyBottle":167,"Hallownest:GodTamersBeastRelic":70,"hubris:Backtick":31,"downfall:HeartBlessingBlue":17,"Mummified Hand":37,"hubris:CuriousFeather":31,"qcfpunch:Wrestler\u0027s_Cloak":81,"aspiration:FutureDiary":50,"wanderingMiniBosses:LockLocket":113,"TheSimpletonMod:PicklingJar":76,"energizedSpire:RedRose":147,"downfall:HeartBlessingRed":105,"hubris:64BitClover":0,"Quantum Egg":81,"qcfpunch:Black_Training_Shirt":167,"champ:ChampionCrownUpgraded":27,"Replay:WaspNest":116,"Omamori":59,"Protect_Vest":96,"Orichalcum":59,"Bromod:ArcaneMomentum":138,"Anchor":116,"potionbrewer:Keyblade":147,"ReplayTheSpireMod:Lightbulb":46,"RuthlessExorcism:ReiMu":31,"ReplayTheSpireMod:ShopPack":61}]},"card_choices":[{"not_picked":["bronze:WildBeam","bronze:Deprecate","bronze:Iterate"],"picked":"SKIP","floor":2.0},{"not_picked":["bronze:Shield","bronze:CutThrough","bronze:Virus"],"picked":"SKIP","floor":4.0},{"not_picked":["bronze:FineTuning","bronze:ChildClass"],"picked":"bronze:Verify","floor":6.0},{"not_picked":["bronze:MaxOutput","bronze:Overheat"],"picked":"bronze:DelayedSlice","floor":10.0},{"not_picked":["bronze:OilSpill","bronze:Overheat"],"picked":"bronze:Mutator","floor":11.0},{"not_picked":["bronze:ChosenStrike","bronze:Shield","bronze:OilSpill"],"picked":"SKIP","floor":12.0},{"not_picked":["bronze:DarkDash","bronze:OilSpill","bronze:DelayedGuard"],"picked":"SKIP","floor":14.0},{"not_picked":["bronze:Philosophize","bronze:Branch","bronze:Deprecate"],"picked":"SKIP","floor":15.0},{"not_picked":["bronze:HyperBeam","bronze:Verify"],"picked":"bronze:RecursiveStrike","floor":16.0},{"not_picked":["bronze:DelayedGuard","bronze:Deprecate"],"picked":"bronze:FineTuning","floor":19.0},{"not_picked":["bronze:Branch","bronze:WildBeam","bronze:Deprecate+1"],"picked":"SKIP","floor":20.0},{"not_picked":["bronze:Iterate","bronze:Boost"],"picked":"bronze:HardenedForm","floor":23.0},{"not_picked":["bronze:ItsAFeature","bronze:Deprecate+1","bronze:CutThrough"],"picked":"SKIP","floor":25.0},{"not_picked":["bronze:ChosenStrike","bronze:WhirlingStrike"],"picked":"bronze:Turbo","floor":26.0},{"not_picked":["bronze:RecursiveStrike","bronze:BitShift"],"picked":"bronze:Boost","floor":28.0},{"not_picked":["bronze:Backtrace","bronze:ChosenStrike","bronze:Shield+1"],"picked":"SKIP","floor":29.0},{"not_picked":["bronze:Fortify","bronze:BitShift","bronze:ClassDefault"],"picked":"SKIP","floor":31.0},{"not_picked":["bronze:Deprecate","bronze:WildBeam","bronze:DigitalCarnage"],"picked":"SKIP","floor":32.0},{"not_picked":["bronze:HardenedForm","bronze:ShipIt"],"picked":"bronze:BurnOut","floor":33.0},{"not_picked":["bronze:DelayedGuard+1","bronze:Repair","bronze:ItsAFeature+1"],"picked":"SKIP","floor":36.0},{"not_picked":["bronze:FineTuning","bronze:ForceShield","bronze:DelayedSlice"],"picked":"SKIP","floor":40.0},{"not_picked":["bronze:Frontload+1","bronze:ItsAFeature","bronze:FollowUp+1"],"picked":"SKIP","floor":42.0},{"not_picked":["bronze:BitShift","bronze:BugBarrage","bronze:FineTuning+1"],"picked":"SKIP","floor":44.0},{"not_picked":["bronze:DelayedSlice","bronze:Overheat+1","bronze:FineTuning"],"picked":"SKIP","floor":45.0},{"not_picked":["bronze:BitShift+1","bronze:Shield","bronze:Invalidate+1"],"picked":"SKIP","floor":48.0},{"not_picked":["bronze:Frontload","bronze:WildBeam","bronze:Invalidate"],"picked":"SKIP","floor":49.0},{"not_picked":["bronze:ChildClass","bronze:NullPointer+1","bronze:Repair+1"],"picked":"SKIP","floor":52.0}],"player_experience":1331171,"relics_obtained":[{"floor":7.0,"key":"Happy Flower"},{"floor":11.0,"key":"Protect_Vest"},{"floor":23.0,"key":"wanderingMiniBosses:LockLocket"},{"floor":28.0,"key":"Bromod:ArcaneFury"},{"floor":39.0,"key":"Bromod:ArcaneMomentum"},{"floor":41.0,"key":"potionbrewer:RamsHorn"}],"event_choices":[{"damage_healed":0.0,"max_hp_gain":0.0,"max_hp_loss":0.0,"gold_gain":75.0,"event_name":"Creature of the Night","player_choice":"Grab what you can","floor":5.0,"gold_loss":0.0,"damage_taken":0.0}],"is_beta":false,"boss_relics":[{"not_picked":["vexMod:FluxCapacitor","aspiration:PoetsPen"],"picked":"bronze:PlatinumCore"},{"not_picked":["conspire:RoyalGoblet","vexMod:DeviousBotling"],"picked":"Tiny House"}],"items_purged_floors":[0,22,53],"is_endless":false,"potions_floor_spawned":[4,11,15,16,20,26,29,31,32,36,44,48,49],"ascension_level":0}}