{"host":"mp58o87p0odjvmog","time":1611336793,"event":{"mods":["BaseMod","BetterRewards","Colored Map","Hubris","Infinite Spire","Marisa????????","Minty Spire (QoL Compilation)","Replay The Spire","StSLib","The Servant 0.9.4"],"gold_per_floor":[111,36,48,48,65,65,84,84,84,103,115,145,145,158,158,158,158],"floor_reached":16,"language":"ENG","playtime":394,"items_purged":["Defend_R"],"score":125,"play_id":"f56b2dd3-163d-4996-b12d-63a3189cae46","local_time":"20210122113313","is_ascension_mode":true,"campfire_choices":[{"data":"Bash","floor":6,"key":"SMITH"},{"floor":13,"key":"REST"},{"data":"Pommel Strike","floor":15,"key":"SMITH"}],"circlet_count":0,"master_deck":["Strike_R","Strike_R","Strike_R","Strike_R","Defend_R","Defend_R","Bash+1","Metallicize","Metallicize","Warcry+1","Pommel Strike+1","Clash"],"relics":["Burning Blood","NeowsBlessing","Toxic Egg 2","Anchor"],"acts_visited":["Exordium"],"potions_floor_usage":[7,16],"damage_taken":[{"damage":0,"enemies":"Jaw Worm","floor":1,"turns":1},{"damage":0,"enemies":"Cultist","floor":3,"turns":1},{"damage":0,"enemies":"Small Slimes","floor":5,"turns":1},{"damage":22,"enemies":"Gremlin Gang","floor":7,"turns":5},{"damage":23,"enemies":"3 Louse","floor":10,"turns":6},{"damage":12,"enemies":"Blue Slaver","floor":11,"turns":5},{"damage":37,"enemies":"Gremlin Nob","floor":12,"turns":5},{"damage":0,"enemies":"Looter","floor":14,"turns":3},{"damage":44,"enemies":"Hexaghost","floor":16,"turns":9}],"seed_played":"-7291589141696740530","potions_obtained":[{"floor":1,"key":"SkillPotion"},{"floor":7,"key":"Elixir"}],"is_trial":false,"path_per_floor":["M","$","M","?","M","R","M","?","T","M","M","E","R","M","R","B"],"character_chosen":"IRONCLAD","items_purchased":[],"campfire_rested":1,"item_purchase_floors":[],"current_hp_per_floor":[80,80,80,80,80,80,64,64,64,47,41,10,34,40,40,0,0],"gold":158,"neow_bonus":"THREE_ENEMY_KILL","is_daily":false,"chose_seed":false,"campfire_upgraded":2,"win_rate":0.0,"timestamp":1611336793,"path_taken":["M","$","M","?","?","R","M","?","T","M","M","E","R","M","R","BOSS"],"items_purchased_type":[],"build_version":"2020-12-22","purchased_purges":1,"victory":false,"max_hp_per_floor":[80,80,80,80,80,80,80,80,80,80,80,80,80,80,80,80,80],"card_choices":[{"not_picked":["Iron Wave","Ghostly Armor","Seeing Red"],"picked":"SKIP","floor":1},{"not_picked":["Wild Strike","Intimidate","hubris:ReadiedAction"],"picked":"SKIP","floor":3},{"not_picked":["Havoc","Abandon","Headbutt"],"picked":"SKIP","floor":5},{"not_picked":["Headbutt","Body Slam"],"picked":"Metallicize","floor":7},{"not_picked":["ReplayReversal+1","Bludgeon"],"picked":"Warcry+1","floor":10},{"not_picked":["Anger","Feel No Pain"],"picked":"Pommel Strike","floor":11},{"not_picked":["Fire Breathing","Dark Embrace"],"picked":"Clash","floor":12},{"not_picked":["Feel No Pain","Sentinel+1","Anger"],"picked":"SKIP","floor":14}],"player_experience":92987,"relics_obtained":[{"floor":9,"key":"Toxic Egg 2"},{"floor":12,"key":"Anchor"}],"event_choices":[{"cards_removed":["Defend_R"],"damage_healed":0,"gold_gain":0,"player_choice":"Offered Basic","damage_taken":0,"max_hp_gain":0,"max_hp_loss":0,"event_name":"Bonfire Elementals","floor":4,"gold_loss":0},{"damage_healed":0,"gold_gain":0,"cards_transformed":["Strike_R"],"player_choice":"Transformed","damage_taken":0,"max_hp_gain":0,"max_hp_loss":0,"event_name":"Transmorgrifier","floor":8,"gold_loss":0,"cards_obtained":["Metallicize"]}],"is_beta":false,"boss_relics":[],"items_purged_floors":[2],"is_endless":false,"potions_floor_spawned":[1,7],"killed_by":"Hexaghost","ascension_level":4}}