{"host":"p090fjik2phvjstn","time":1611331691,"event":{"mods":["AchievementEnabler","BaseMod","Block Reminder","Colored Powertips","Minty Spire (QoL Compilation)","Quick Restart","Synergy Search"],"gold_per_floor":[119,194,209,228,238,238,255,255,255,112,132,132,132,145,145,247,247,264,274,274,274],"floor_reached":20,"language":"ENG","playtime":1101,"items_purged":["Grand Finale"],"score":227,"play_id":"783406e1-322d-45a5-9b57-eab907d160a1","local_time":"20210122160811","is_ascension_mode":true,"campfire_choices":[{"floor":6.0,"key":"REST"},{"floor":8.0,"key":"REST"},{"floor":13.0,"key":"REST"},{"floor":15,"key":"REST"}],"circlet_count":0,"master_deck":["Survivor","Neutralize","Footwork","Riddle With Holes","Heel Hook","Noxious Fumes","Deadly Poison","Calculated Gamble","Footwork","Footwork","Flying Knee","Bouncing Flask","Backflip","Dagger Spray","Backflip","Crippling Poison","Dagger Throw","Bullet Time","Skewer+1","PiercingWail"],"relics":["Pandora\u0027s Box","Unceasing Top","Sozu"],"acts_visited":["Exordium","TheCity"],"potions_floor_usage":[16,16,16],"damage_taken":[{"damage":12.0,"enemies":"Jaw Worm","floor":1.0,"turns":5.0},{"damage":8.0,"enemies":"2 Louse","floor":3.0,"turns":2.0},{"damage":4.0,"enemies":"Cultist","floor":4.0,"turns":3.0},{"damage":12.0,"enemies":"Exordium Thugs","floor":5.0,"turns":5.0},{"damage":17.0,"enemies":"3 Louse","floor":7.0,"turns":3.0},{"damage":5.0,"enemies":"Large Slime","floor":11.0,"turns":6.0},{"damage":17,"enemies":"Exordium Thugs","floor":14,"turns":5},{"damage":12,"enemies":"The Guardian","floor":16,"turns":9},{"damage":19,"enemies":"2 Thieves","floor":18,"turns":4},{"damage":14,"enemies":"Shell Parasite","floor":19,"turns":5},{"damage":45,"enemies":"Masked Bandits","floor":20,"turns":3}],"seed_played":"3945637664444216270","potions_obtained":[{"floor":3.0,"key":"FearPotion"},{"floor":11.0,"key":"FearPotion"},{"floor":14,"key":"Explosive Potion"}],"is_trial":false,"path_per_floor":["M","?","M","M","M","R","M","R","T","$","M","?","R","M","R","B",null,"M","M","?"],"character_chosen":"THE_SILENT","items_purchased":["Crippling Poison"],"campfire_rested":4,"item_purchase_floors":[10],"current_hp_per_floor":[51,40,32,28,16,37,20,41,41,41,36,36,57,40,61,49,65,46,32,0,0],"gold":274,"neow_bonus":"BOSS_RELIC","is_daily":false,"chose_seed":false,"campfire_upgraded":0,"win_rate":0.0,"timestamp":1611331691,"path_taken":["M","?","M","M","M","R","M","R","T","$","M","?","R","M","R","BOSS","M","?","?"],"items_purchased_type":["Card"],"build_version":"2020-12-22","purchased_purges":1,"victory":false,"max_hp_per_floor":[70,70,70,70,70,70,70,70,70,70,70,70,70,70,70,70,70,70,70,70,70],"card_choices":[{"not_picked":["Skewer","Underhanded Strike"],"picked":"Flying Knee","floor":1.0},{"not_picked":["Dagger Throw","Acrobatics"],"picked":"Bouncing Flask","floor":3.0},{"not_picked":["Caltrops","Deflect"],"picked":"Backflip","floor":4.0},{"not_picked":["Slice","Deflect"],"picked":"Dagger Spray","floor":5.0},{"not_picked":["Glass Knife","Accuracy"],"picked":"Backflip","floor":7.0},{"not_picked":["Reflex","Endless Agony","Sucker Punch"],"picked":"SKIP","floor":11.0},{"not_picked":["Underhanded Strike","Slice"],"picked":"Dagger Throw","floor":14},{"not_picked":["Glass Knife","Venomology"],"picked":"Bullet Time","floor":16},{"not_picked":["Dagger Spray+1","Expertise"],"picked":"Skewer+1","floor":18},{"not_picked":["Endless Agony","Dagger Throw+1"],"picked":"PiercingWail","floor":19}],"player_experience":519710,"relics_obtained":[{"floor":9.0,"key":"Unceasing Top"}],"event_choices":[{"damage_healed":0.0,"max_hp_gain":0.0,"max_hp_loss":0.0,"gold_gain":75.0,"event_name":"World of Goop","player_choice":"Gather Gold","floor":2.0,"gold_loss":0.0,"damage_taken":11.0},{"cards_removed":["Bullet Time"],"damage_healed":0.0,"max_hp_gain":0.0,"max_hp_loss":0.0,"gold_gain":0.0,"event_name":"Wheel of Change","player_choice":"Card Removal","floor":12.0,"gold_loss":0.0,"damage_taken":0.0},{"damage_healed":0,"gold_gain":0,"player_choice":"Fought Bandits","damage_taken":0,"max_hp_gain":0,"max_hp_loss":0,"event_name":"Masked Bandits","floor":20,"gold_loss":0}],"is_beta":false,"boss_relics":[{"not_picked":["Ectoplasm","Busted Crown"],"picked":"Sozu"}],"items_purged_floors":[10],"is_endless":false,"potions_floor_spawned":[3,11,14,18],"killed_by":"Masked Bandits","ascension_level":7}}