{"host":"19r1ww88x2tc73i0","time":1611342679,"event":{"mods":["BaseMod","BetterRewards","Colored Map","Minty Spire (QoL Compilation)","Relic Stats","StSLib","SuperFastMode","slay the spire mod where everything is the same but ironclad has a cowboy hat"],"gold_per_floor":[110,121,140,159,178,203,223,255,255,255,290,290,301,1,1,75,75,95,108,121,121,121],"floor_reached":21,"language":"ENG","playtime":1058,"items_purged":["Strike_G"],"score":410,"play_id":"a06a4f22-2f5c-4102-9ec8-abb556ae9c43","local_time":"25640123021119","is_ascension_mode":true,"campfire_choices":[{"floor":10.0,"key":"REST"},{"data":"Eviscerate","floor":12.0,"key":"SMITH"},{"data":"Blade Dance","floor":15.0,"key":"SMITH"}],"circlet_count":0,"master_deck":["AscendersBane","Strike_G","Strike_G","Strike_G","Strike_G","Defend_G","Defend_G","Defend_G","Defend_G","Defend_G","Survivor","Neutralize","Dash","Eviscerate+1","Underhanded Strike","Backflip","Blade Dance+1","Slice","Unload","PiercingWail","Tactician+1","Prepared+1","Calculated Gamble+1","Cloak And Dagger+1","Accuracy","Malaise+1","Noxious Fumes","Cloak And Dagger+1","Distraction+1"],"relics":["Sozu","MealTicket","Mummified Hand","Toxic Egg 2","Blood Vial","HoveringKite"],"acts_visited":["Exordium","TheCity"],"potions_floor_usage":[],"damage_taken":[{"damage":0.0,"enemies":"2 Louse","floor":1.0,"turns":3.0},{"damage":0.0,"enemies":"Small Slimes","floor":2.0,"turns":5.0},{"damage":0.0,"enemies":"Jaw Worm","floor":3.0,"turns":3.0},{"damage":5.0,"enemies":"Large Slime","floor":4.0,"turns":5.0},{"damage":1.0,"enemies":"Red Slaver","floor":5.0,"turns":3.0},{"damage":24.0,"enemies":"Lagavulin","floor":6.0,"turns":8.0},{"damage":3.0,"enemies":"Blue Slaver","floor":7.0,"turns":3.0},{"damage":10.0,"enemies":"3 Sentries","floor":8.0,"turns":7.0},{"damage":22.0,"enemies":"Gremlin Nob","floor":11.0,"turns":4.0},{"damage":0.0,"enemies":"2 Fungi Beasts","floor":13.0,"turns":4.0},{"damage":21.0,"enemies":"Slime Boss","floor":16.0,"turns":9.0},{"damage":0.0,"enemies":"Chosen","floor":18.0,"turns":5.0},{"damage":21.0,"enemies":"Shell Parasite","floor":19.0,"turns":4.0},{"damage":0.0,"enemies":"Snake Plant","floor":20.0,"turns":5.0},{"damage":40,"enemies":"Sentry and Sphere","floor":21,"turns":6}],"seed_played":"-7618784380593128376","potions_obtained":[],"is_trial":false,"path_per_floor":["M","M","M","M","M","E","M","E","T","R","E","R","M","$","R","B",null,"M","M","M","M"],"character_chosen":"THE_SILENT","items_purchased":["Calculated Gamble+1","Cloak And Dagger+1","Accuracy"],"campfire_rested":1,"item_purchase_floors":[14,14,14],"current_hp_per_floor":[59,59,59,54,53,29,26,16,16,35,13,13,15,30,30,11,52,54,35,37,0,0],"gold":121,"neow_bonus":"BOSS_RELIC","is_daily":false,"chose_seed":false,"campfire_upgraded":2,"win_rate":0.0,"timestamp":1611342679,"path_taken":["M","M","M","M","M","E","M","E","T","R","E","R","M","$","R","BOSS","M","M","M","M"],"items_purchased_type":["Card","Card","Card"],"build_version":"2020-12-22","purchased_purges":1,"victory":false,"max_hp_per_floor":[66,66,66,66,66,66,66,66,66,66,66,66,66,66,66,66,66,66,66,66,66,66],"relic_stats":{"Sozu":6,"Blood Vial":12,"counters":[15,74],"Mummified Hand":[9],"HoveringKite":[15],"MealTicket":15,"obtain_stats":[{"Sozu":0,"Blood Vial":11,"Mummified Hand":8,"HoveringKite":17,"MealTicket":6,"Toxic Egg 2":9,"Ring of the Snake":0},{"Sozu":0,"Blood Vial":9,"Mummified Hand":8,"HoveringKite":11,"MealTicket":6,"Toxic Egg 2":8,"Ring of the Snake":0},{"Sozu":0,"Blood Vial":41,"Mummified Hand":37,"HoveringKite":54,"MealTicket":27,"Toxic Egg 2":37,"Ring of the Snake":0}]},"card_choices":[{"not_picked":["Bane","Outmaneuver"],"picked":"Dash","floor":1.0},{"not_picked":["Sucker Punch","Cloak And Dagger"],"picked":"Eviscerate","floor":2.0},{"not_picked":["Skewer","Sucker Punch"],"picked":"Underhanded Strike","floor":3.0},{"not_picked":["Outmaneuver","Dodge and Roll"],"picked":"Backflip","floor":4.0},{"not_picked":["Deflect","Flying Knee"],"picked":"Blade Dance","floor":5.0},{"not_picked":["Cloak And Dagger","Heel Hook"],"picked":"Slice","floor":6.0},{"not_picked":["Tactician","Finisher"],"picked":"Unload","floor":7.0},{"not_picked":["Dagger Spray","All Out Attack"],"picked":"PiercingWail","floor":8.0},{"not_picked":["Bane","Dodge and Roll+1"],"picked":"Tactician+1","floor":11.0},{"not_picked":["Flying Knee","Bane"],"picked":"Prepared+1","floor":13.0},{"not_picked":["Tools of the Trade","Bullet Time+1"],"picked":"Malaise+1","floor":16.0},{"not_picked":["PiercingWail+1","Bane"],"picked":"Noxious Fumes","floor":18.0},{"not_picked":["Poisoned Stab","Riddle With Holes"],"picked":"Cloak And Dagger+1","floor":19.0},{"not_picked":["PiercingWail+1","Slice"],"picked":"Distraction+1","floor":20.0}],"player_experience":932290,"relics_obtained":[{"floor":6.0,"key":"MealTicket"},{"floor":8.0,"key":"Mummified Hand"},{"floor":9.0,"key":"Toxic Egg 2"},{"floor":11.0,"key":"Blood Vial"}],"event_choices":[],"is_beta":false,"boss_relics":[{"not_picked":["Runic Pyramid","Tiny House"],"picked":"HoveringKite"}],"items_purged_floors":[14],"is_endless":false,"potions_floor_spawned":[2,3,6,11,13,20],"killed_by":"Sentry and Sphere","ascension_level":20}}