{"host":"q206iib20se9i6w7","time":1611273648,"event":{"mods":["AchievementEnabler","BaseMod","Bestiary","Block Reminder","Colored Map","Colored Powertips","Curses Come First","Highlight Path","Key Reminder","Minty Spire (QoL Compilation)","Quick Restart","Random Character Button","Relic Stats","StSLib","SuperFastMode","Unceasing Turn Reminder"],"gold_per_floor":[113,126,143,143,159,184,184,184,231,292,292,306,338,349,349,446,446,465,479,479,404,404,437,36,69,95,109,109,128,128,138,138,237,237,254,1,353,164,164,189,189,218,243,20,39,39,54,88,88,88,88,88,19,52,52],"floor_reached":56,"language":"ENG","playtime":4560,"items_purged":["Strike_B","Strike_B","Defend_B"],"score":1702,"play_id":"b6031b91-da19-4aed-8b89-7ce6f2a1fa92","local_time":"20210121180048","is_ascension_mode":true,"campfire_choices":[{"data":"Dualcast","floor":7,"key":"SMITH"},{"floor":15,"key":"REST"},{"floor":28,"key":"REST"},{"floor":32,"key":"RECALL"},{"floor":41,"key":"REST"},{"floor":49,"key":"REST"},{"floor":52,"key":"REST"}],"circlet_count":0,"master_deck":["Strike_B+1","Defend_B","Dualcast+1","Cold Snap+1","Conserve Battery","Machine Learning","Compile Driver","Steam","Doom and Gloom+1","Auto Shields","Ball Lightning","Glacier","Electrodynamics","Ball Lightning+1","Seek","Glacier","Compile Driver+1","Defragment","Hologram+1","Thunder Strike","Reboot+1","Undo+1","Seek+1","Conserve Battery+1","Capacitor","Echo Form","Tempest","White Noise","Buffer","Defragment","Glacier"],"relics":["Black Star","InkBottle","Akabeko","Regal Pillow","Omamori","Ornamental Fan","Blue Candle","Fusion Hammer","WarpedTongs","Enchiridion","Nunchaku","Boot","Blood Vial","Pear","Cables","Smiling Mask","Astrolabe","StrikeDummy","Old Coin","Strawberry","Whetstone","Anchor","Unceasing Top","Runic Capacitor","Lantern","Happy Flower","Bronze Scales","Art of War"],"acts_visited":["Exordium","TheCity","TheBeyond","TheEnding"],"potions_floor_usage":[10,13,13,16,23,35,40,55,55,55,55,55,55],"damage_taken":[{"damage":0,"enemies":"2 Louse","floor":1,"turns":3},{"damage":4,"enemies":"Cultist","floor":2,"turns":4},{"damage":0,"enemies":"Jaw Worm","floor":3,"turns":5},{"damage":8,"enemies":"Large Slime","floor":5,"turns":7},{"damage":21,"enemies":"Lagavulin","floor":6,"turns":8},{"damage":1,"enemies":"3 Sentries","floor":10,"turns":6},{"damage":0,"enemies":"3 Louse","floor":12,"turns":1},{"damage":33,"enemies":"Gremlin Nob","floor":13,"turns":5},{"damage":7,"enemies":"Exordium Wildlife","floor":14,"turns":3},{"damage":12,"enemies":"The Guardian","floor":16,"turns":13},{"damage":10,"enemies":"3 Byrds","floor":18,"turns":4},{"damage":0,"enemies":"Spheric Guardian","floor":19,"turns":3},{"damage":19,"enemies":"Book of Stabbing","floor":23,"turns":6},{"damage":0,"enemies":"Gremlin Leader","floor":25,"turns":5},{"damage":0,"enemies":"Snecko","floor":27,"turns":4},{"damage":0,"enemies":"Centurion and Healer","floor":29,"turns":5},{"damage":0,"enemies":"Snake Plant","floor":31,"turns":3},{"damage":8,"enemies":"Collector","floor":33,"turns":7},{"damage":3,"enemies":"3 Darklings","floor":35,"turns":5},{"damage":0,"enemies":"2 Orb Walkers","floor":37,"turns":4},{"damage":5,"enemies":"Reptomancer","floor":40,"turns":8},{"damage":18,"enemies":"Nemesis","floor":42,"turns":6},{"damage":0,"enemies":"Orb Walker","floor":45,"turns":3},{"damage":12,"enemies":"4 Shapes","floor":47,"turns":4},{"damage":2,"enemies":"Giant Head","floor":48,"turns":8},{"damage":4,"enemies":"Time Eater","floor":50,"turns":11},{"damage":48,"enemies":"Shield and Spear","floor":54,"turns":5},{"damage":32,"enemies":"The Heart","floor":55,"turns":10}],"seed_played":"8407914784355744811","potions_obtained":[{"floor":1,"key":"Fire Potion"},{"floor":2,"key":"SpeedPotion"},{"floor":10,"key":"ColorlessPotion"},{"floor":13,"key":"Dexterity Potion"},{"floor":16,"key":"FearPotion"},{"floor":19,"key":"Swift Potion"},{"floor":25,"key":"ColorlessPotion"},{"floor":27,"key":"DistilledChaos"},{"floor":33,"key":"Energy Potion"},{"floor":35,"key":"PotionOfCapacity"},{"floor":45,"key":"EntropicBrew"},{"floor":47,"key":"Dexterity Potion"}],"is_trial":false,"path_per_floor":["M","M","M","?","M","E","R","?","T","?","?","M","E","M","R","B",null,"M","M","?","$","?","E","$","E","T","M","R","M","?","M","R","B",null,"M","$","?","$","?","E","R","E","T","$","M","?","M","E","R","B",null,"R","$","E","B",null],"character_chosen":"DEFECT","items_purchased":["Seek","Blood Vial","StrikeDummy","Capacitor","CultistPotion","Runic Capacitor","Tempest","Defragment"],"campfire_rested":5,"item_purchase_floors":[24,24,36,38,38,44,44,53],"current_hp_per_floor":[68,64,64,64,56,35,35,60,60,59,44,44,11,4,41,29,64,54,54,54,54,38,19,19,31,31,33,73,75,75,77,77,71,82,81,81,83,83,83,87,92,74,74,74,76,92,80,80,92,88,91,92,92,44,14],"gold":52,"neow_bonus":"BOSS_RELIC","is_daily":false,"chose_seed":false,"campfire_upgraded":1,"win_rate":0.0,"timestamp":1611273648,"path_taken":["M","M","M","?","?","E","R","?","T","?","?","M","E","?","R","BOSS","M","M","?","?","?","E","$","E","T","?","R","M","?","M","R","BOSS","M","$","?","$","?","E","R","E","T","?","M","?","?","E","R","BOSS","R","$","E","BOSS"],"items_purchased_type":["Card","Relic","Relic","Card","Potion","Relic","Card","Card"],"build_version":"2020-12-22","purchased_purges":3,"victory":true,"max_hp_per_floor":[75,75,75,75,75,75,75,75,75,75,75,75,75,75,75,75,75,75,75,75,75,75,75,75,85,85,85,85,85,85,85,85,85,85,85,85,85,85,85,92,92,92,92,92,92,92,92,92,92,92,92,92,92,92,92],"relic_stats":{"Regal Pillow":30,"Happy Flower":[8],"counters":[28,156],"Blue Candle":[0],"Astrolabe":["Reboot","Undo","Seek"],"Whetstone":["Doom and Gloom","Compile Driver"],"Boot":[85],"Smiling Mask":75,"WarpedTongs":[94],"Cables":[71,43,27,1,0],"Blood Vial":22,"Nunchaku":[12],"Ornamental Fan":[72],"Bronze Scales":[144],"Black Star":8,"Art of War":[4],"obtain_stats":[{"Regal Pillow":9,"Lantern":48,"Enchiridion":22,"Runic Capacitor":44,"Whetstone":40,"Boot":23,"Smiling Mask":26,"Old Coin":37,"Blood Vial":24,"Nunchaku":23,"Strawberry":40,"Fusion Hammer":17,"Cracked Core":0,"InkBottle":6,"Pear":25,"Happy Flower":48,"Blue Candle":13,"Astrolabe":34,"Omamori":10,"Akabeko":6,"WarpedTongs":20,"Cables":25,"keyreminder:keyreminder":32,"Anchor":42,"Ornamental Fan":13,"Bronze Scales":54,"Black Star":0,"Art of War":54,"StrikeDummy":36,"Unceasing Top":42},{"Regal Pillow":5,"Lantern":25,"Enchiridion":12,"Runic Capacitor":22,"Whetstone":21,"Boot":13,"Smiling Mask":14,"Old Coin":20,"Blood Vial":13,"Nunchaku":13,"Strawberry":21,"Fusion Hammer":10,"Cracked Core":0,"InkBottle":5,"Pear":14,"Happy Flower":25,"Blue Candle":8,"Astrolabe":18,"Omamori":6,"Akabeko":5,"WarpedTongs":12,"Cables":14,"keyreminder:keyreminder":17,"Anchor":22,"Ornamental Fan":8,"Bronze Scales":27,"Black Star":0,"Art of War":27,"StrikeDummy":19,"Unceasing Top":22},{"Regal Pillow":27,"Lantern":130,"Enchiridion":62,"Runic Capacitor":115,"Whetstone":109,"Boot":68,"Smiling Mask":73,"Old Coin":101,"Blood Vial":68,"Nunchaku":68,"Strawberry":109,"Fusion Hammer":55,"Cracked Core":0,"InkBottle":27,"Pear":73,"Happy Flower":130,"Blue Candle":39,"Astrolabe":92,"Omamori":33,"Akabeko":27,"WarpedTongs":62,"Cables":73,"keyreminder:keyreminder":85,"Anchor":115,"Ornamental Fan":39,"Bronze Scales":146,"Black Star":0,"Art of War":146,"StrikeDummy":97,"Unceasing Top":115}],"InkBottle":[49],"Unceasing Top":[0]},"card_choices":[{"not_picked":["Stack","Barrage"],"picked":"Cold Snap","floor":1},{"not_picked":["Redo","Tempest"],"picked":"Conserve Battery","floor":2},{"not_picked":["Go for the Eyes","Rebound"],"picked":"Machine Learning","floor":3},{"not_picked":["Conserve Battery","Coolheaded"],"picked":"Compile Driver","floor":5},{"not_picked":["Force Field","Compile Driver"],"picked":"Steam","floor":6},{"not_picked":["Go for the Eyes","Rebound"],"picked":"Doom and Gloom","floor":10},{"not_picked":["Gash","Barrage"],"picked":"Auto Shields","floor":12},{"not_picked":["FTL","Storm"],"picked":"Ball Lightning","floor":13},{"not_picked":["Self Repair","Auto Shields"],"picked":"Glacier","floor":14},{"not_picked":["Creative AI","Reboot"],"picked":"Electrodynamics","floor":16},{"not_picked":["Redo","Sunder"],"picked":"Ball Lightning+1","floor":18},{"not_picked":["Rebound","Ball Lightning+1","Storm"],"picked":"SKIP","floor":19},{"not_picked":["Redo+1","Recycle","Darkness"],"picked":"SKIP","floor":23},{"not_picked":["Genetic Algorithm","Chaos"],"picked":"Glacier","floor":25},{"not_picked":["Amplify","Turbo"],"picked":"Compile Driver","floor":27},{"not_picked":["Streamline","Recycle"],"picked":"Defragment","floor":29},{"not_picked":["Reprogram+1","Beam Cell"],"picked":"Hologram+1","floor":31},{"not_picked":["Core Surge","Reboot"],"picked":"Thunder Strike","floor":33},{"not_picked":["Gash","Melter+1"],"picked":"Conserve Battery+1","floor":35},{"not_picked":["Leap","Self Repair+1"],"picked":"Echo Form","floor":40},{"not_picked":["Cold Snap","Compile Driver","Rebound"],"picked":"SKIP","floor":42},{"not_picked":["FTL+1","Undo","Reinforced Body"],"picked":"SKIP","floor":45},{"not_picked":["Beam Cell+1","Chill"],"picked":"White Noise","floor":47},{"not_picked":["Undo","Streamline+1"],"picked":"Buffer","floor":48},{"not_picked":["Echo Form","Steam+1"],"picked":"Glacier","floor":54}],"player_experience":267563,"relics_obtained":[{"floor":6,"key":"InkBottle"},{"floor":6,"key":"Akabeko"},{"floor":9,"key":"Regal Pillow"},{"floor":10,"key":"Omamori"},{"floor":13,"key":"Ornamental Fan"},{"floor":13,"key":"Blue Candle"},{"floor":22,"key":"Enchiridion"},{"floor":23,"key":"Nunchaku"},{"floor":23,"key":"Boot"},{"floor":25,"key":"Pear"},{"floor":25,"key":"Cables"},{"floor":26,"key":"Smiling Mask"},{"floor":37,"key":"Old Coin"},{"floor":40,"key":"Strawberry"},{"floor":40,"key":"Whetstone"},{"floor":42,"key":"Anchor"},{"floor":42,"key":"Unceasing Top"},{"floor":48,"key":"Lantern"},{"floor":48,"key":"Happy Flower"},{"floor":54,"key":"Bronze Scales"},{"floor":54,"key":"Art of War"}],"event_choices":[{"damage_healed":0,"gold_gain":0,"player_choice":"Upgraded","damage_taken":0,"max_hp_gain":0,"max_hp_loss":0,"event_name":"Upgrade Shrine","floor":4,"gold_loss":0,"cards_upgraded":["Zap"]},{"damage_healed":25,"gold_gain":0,"player_choice":"Banana","damage_taken":0,"max_hp_gain":0,"max_hp_loss":0,"event_name":"Big Fish","floor":8,"gold_loss":0},{"damage_healed":0,"gold_gain":30,"player_choice":"Searched \u00272\u0027 times","damage_taken":0,"max_hp_gain":0,"max_hp_loss":0,"event_name":"Dead Adventurer","floor":10,"gold_loss":0},{"damage_healed":0,"gold_gain":0,"player_choice":"Entered Light","damage_taken":15,"max_hp_gain":0,"max_hp_loss":0,"event_name":"Shining Light","floor":11,"gold_loss":0,"cards_upgraded":["Strike_B","Cold Snap"]},{"damage_healed":0,"gold_gain":0,"player_choice":"Rummage","damage_taken":0,"relics_obtained":["WarpedTongs"],"max_hp_gain":0,"max_hp_loss":0,"event_name":"Accursed Blacksmith","floor":20,"gold_loss":0,"cards_obtained":["Pain"]},{"damage_healed":0,"gold_gain":0,"player_choice":"Obtained Book","damage_taken":16,"max_hp_gain":0,"max_hp_loss":0,"event_name":"Cursed Tome","floor":22,"gold_loss":0},{"damage_healed":0,"gold_gain":0,"player_choice":"Ignored","damage_taken":0,"max_hp_gain":0,"max_hp_loss":0,"event_name":"Ghosts","floor":30,"gold_loss":0},{"damage_healed":0,"gold_gain":0,"player_choice":"Fight","damage_taken":0,"max_hp_gain":0,"max_hp_loss":0,"event_name":"Mysterious Sphere","floor":37,"gold_loss":0},{"cards_removed":["Zap"],"damage_healed":0,"gold_gain":0,"player_choice":"Removed Skill","damage_taken":0,"max_hp_gain":0,"max_hp_loss":0,"event_name":"Falling","floor":39,"gold_loss":0},{"damage_healed":23,"gold_gain":0,"player_choice":"Writhe","damage_taken":0,"max_hp_gain":0,"max_hp_loss":0,"event_name":"Winding Halls","floor":46,"gold_loss":0,"cards_obtained":["Writhe"]}],"is_beta":false,"boss_relics":[{"not_picked":["Philosopher\u0027s Stone","SacredBark"],"picked":"Fusion Hammer"},{"not_picked":["Pandora\u0027s Box","Velvet Choker"],"picked":"Astrolabe"}],"items_purged_floors":[21,24,38],"is_endless":false,"potions_floor_spawned":[1,2,10,13,16,19,25,27,33,35,45,47],"ascension_level":7}}