{"host":"4ag909k4xupnj24b","time":1611320134,"event":{"mods":["BaseMod","Minty Spire (QoL Compilation)","StSLib"],"gold_per_floor":[99,99,99,32,32,32,32,32,32,32,32,32,32,32,32,32,32,32,32,32,32,32,32,32,32,32],"floor_reached":25,"language":"ENG","playtime":919,"items_purged":[],"score":387,"play_id":"6f4e97f5-6e2f-4a0c-ac1e-47830975549b","local_time":"20210122045534","is_ascension_mode":true,"campfire_choices":[{"floor":6,"key":"REST"},{"data":"Loop","floor":8,"key":"SMITH"},{"floor":11,"key":"REST"},{"data":"Coolheaded","floor":15,"key":"SMITH"},{"floor":23,"key":"REST"}],"circlet_count":0,"master_deck":["AscendersBane","Strike_B","Strike_B","Strike_B","Strike_B","Defend_B","Defend_B","Defend_B","Defend_B","Zap","Dualcast","Gash","Loop+1","Coolheaded+1","Ball Lightning","Gash","Auto Shields","Sweeping Beam","Glacier","Seek","Defragment","Loop+1"],"relics":["Ectoplasm","Darkstone Periapt","Sundial","Shuriken","Happy Flower","Inserter"],"acts_visited":["Exordium","TheCity"],"potions_floor_usage":[7,10,16,21,25],"damage_taken":[{"damage":9,"enemies":"Small Slimes","floor":1,"turns":4},{"damage":5,"enemies":"2 Louse","floor":2,"turns":2},{"damage":13,"enemies":"Jaw Worm","floor":3,"turns":4},{"damage":12,"enemies":"3 Sentries","floor":7,"turns":7},{"damage":22,"enemies":"Gremlin Nob","floor":10,"turns":4},{"damage":0,"enemies":"Large Slime","floor":12,"turns":4},{"damage":4,"enemies":"2 Fungi Beasts","floor":13,"turns":4},{"damage":14,"enemies":"3 Sentries","floor":14,"turns":5},{"damage":26,"enemies":"The Guardian","floor":16,"turns":11},{"damage":0,"enemies":"Chosen","floor":18,"turns":5},{"damage":10,"enemies":"Spheric Guardian","floor":20,"turns":4},{"damage":38,"enemies":"Snake Plant","floor":21,"turns":4},{"damage":28,"enemies":"Slavers","floor":25,"turns":2}],"seed_played":"3716915523083883097","potions_obtained":[{"floor":2,"key":"Fire Potion"},{"floor":7,"key":"BlessingOfTheForge"},{"floor":12,"key":"PowerPotion"},{"floor":16,"key":"ColorlessPotion"},{"floor":20,"key":"LiquidBronze"}],"is_trial":false,"path_per_floor":["M","M","M","?","$","R","E","R","T","E","R","M","M","E","R","B",null,"M","?","M","M","?","R","$","E"],"character_chosen":"DEFECT","items_purchased":[],"campfire_rested":3,"item_purchase_floors":[],"current_hp_per_floor":[55,50,37,37,37,58,46,46,46,24,45,45,41,27,27,1,54,54,54,44,6,6,27,27,0,0],"gold":32,"neow_bonus":"BOSS_RELIC","is_daily":false,"chose_seed":false,"campfire_upgraded":2,"win_rate":0.0,"timestamp":1611320134,"path_taken":["M","M","M","?","$","R","E","R","T","E","R","M","M","E","R","BOSS","M","?","M","M","?","R","$","E"],"items_purchased_type":[],"build_version":"2020-12-22","purchased_purges":0,"victory":false,"max_hp_per_floor":[71,71,71,71,71,71,71,71,71,71,71,71,71,71,71,71,71,71,71,71,71,71,71,71,71,71],"card_choices":[{"not_picked":["Conserve Battery","Cold Snap"],"picked":"Gash","floor":1},{"not_picked":["Auto Shields","Compile Driver"],"picked":"Loop","floor":2},{"not_picked":["White Noise","Chaos"],"picked":"Coolheaded","floor":3},{"not_picked":["Stack","Turbo"],"picked":"Ball Lightning","floor":7},{"not_picked":["Rebound","Coolheaded"],"picked":"Gash","floor":10},{"not_picked":["Rebound","Cold Snap"],"picked":"Auto Shields","floor":12},{"not_picked":["Conserve Battery","Chill"],"picked":"Sweeping Beam","floor":13},{"not_picked":["Conserve Battery","Thunder Strike"],"picked":"Glacier","floor":14},{"not_picked":["Rainbow","Fission"],"picked":"Seek","floor":16},{"not_picked":["Barrage","Fusion"],"picked":"Defragment","floor":18},{"not_picked":["Stack","Sweeping Beam","Ball Lightning"],"picked":"SKIP","floor":20},{"not_picked":["Scrape","Conserve Battery"],"picked":"Loop+1","floor":21}],"player_experience":860838,"relics_obtained":[{"floor":7,"key":"Darkstone Periapt"},{"floor":9,"key":"Sundial"},{"floor":10,"key":"Shuriken"},{"floor":14,"key":"Happy Flower"}],"event_choices":[{"damage_healed":0,"gold_gain":0,"player_choice":"Left Gold","damage_taken":0,"max_hp_gain":0,"max_hp_loss":0,"event_name":"World of Goop","floor":4,"gold_loss":67},{"damage_healed":0,"gold_gain":0,"player_choice":"Ignored","damage_taken":0,"max_hp_gain":0,"max_hp_loss":0,"event_name":"Ghosts","floor":19,"gold_loss":0},{"damage_healed":0,"gold_gain":0,"player_choice":"Ignored","damage_taken":0,"max_hp_gain":0,"max_hp_loss":0,"event_name":"Cursed Tome","floor":22,"gold_loss":0}],"is_beta":false,"boss_relics":[{"not_picked":["Fusion Hammer","Runic Dome"],"picked":"Inserter"}],"items_purged_floors":[],"is_endless":false,"potions_floor_spawned":[2,7,12,16,20],"killed_by":"Slavers","ascension_level":15}}