{"host":"3jpwrwmmgyabjceh","time":1611347379,"event":{"mods":["AchievementEnabler","BaseMod","Colored Map","Colored Powertips","Highlight Path","Minty Spire (QoL Compilation)","Quick Restart","Relic Stats","StSLib","SuperFastMode"],"gold_per_floor":[111,131,131,151,151,151,177,177,177,197,197,197,229,243,243,341,341,353,353,365,365,382,410,410,445,445,445,461,474,474,490,490,490,490],"floor_reached":33,"language":"ENG","playtime":1212,"items_purged":[],"score":386,"play_id":"365365e3-7c10-4f74-8e9a-630201379938","local_time":"20210122232939","is_ascension_mode":true,"campfire_choices":[{"data":"Poisoned Stab","floor":6.0,"key":"SMITH"},{"floor":11.0,"key":"REST"},{"data":"Blade Dance","floor":15.0,"key":"SMITH"},{"floor":24,"key":"REST"},{"data":"Wraith Form v2","floor":27,"key":"SMITH"},{"data":"Wraith Form v2","floor":30,"key":"SMITH"},{"floor":32,"key":"REST"}],"circlet_count":0,"master_deck":["Strike_G+1","Strike_G","Strike_G","Defend_G","Defend_G","Defend_G+1","Defend_G+1","Defend_G","Survivor","Neutralize+1","Wraith Form v2+1","Dagger Throw","Dagger Spray","Poisoned Stab+1","Blade Dance+1","Parasite","Backstab","Wraith Form v2+1","All Out Attack","Die Die Die","Blade Dance","Acrobatics","Deadly Poison","Expertise","Bouncing Flask","Outmaneuver+1"],"relics":["Ring of the Snake","Ancient Tea Set","White Beast Statue","Torii","Busted Crown","Whetstone","Anchor"],"acts_visited":["Exordium","TheCity"],"potions_floor_usage":[18,23,23,25,33,33],"damage_taken":[{"damage":0.0,"enemies":"2 Louse","floor":1.0,"turns":4.0},{"damage":0.0,"enemies":"Small Slimes","floor":2.0,"turns":4.0},{"damage":1.0,"enemies":"Cultist","floor":4.0,"turns":4.0},{"damage":18.0,"enemies":"3 Sentries","floor":7.0,"turns":7.0},{"damage":4.0,"enemies":"Exordium Thugs","floor":10.0,"turns":5.0},{"damage":2.0,"enemies":"Gremlin Nob","floor":13.0,"turns":4.0},{"damage":0.0,"enemies":"Looter","floor":14.0,"turns":2.0},{"damage":29,"enemies":"Slime Boss","floor":16,"turns":10},{"damage":3,"enemies":"2 Thieves","floor":18,"turns":4},{"damage":1,"enemies":"Chosen","floor":20,"turns":5},{"damage":22,"enemies":"Shelled Parasite and Fungi","floor":22,"turns":7},{"damage":2,"enemies":"Gremlin Leader","floor":23,"turns":4},{"damage":5,"enemies":"Slavers","floor":25,"turns":6},{"damage":0,"enemies":"Chosen and Byrds","floor":28,"turns":5},{"damage":13,"enemies":"Sentry and Sphere","floor":29,"turns":6},{"damage":4,"enemies":"Shelled Parasite and Fungi","floor":31,"turns":5},{"damage":63,"enemies":"Collector","floor":33,"turns":10}],"seed_played":"2081148226303955342","potions_obtained":[{"floor":1.0,"key":"Poison Potion"},{"floor":4.0,"key":"SkillPotion"},{"floor":10.0,"key":"LiquidMemories"},{"floor":13.0,"key":"SpeedPotion"},{"floor":14.0,"key":"DuplicationPotion"},{"floor":18,"key":"Fruit Juice"},{"floor":20,"key":"Swift Potion"},{"floor":22,"key":"PowerPotion"},{"floor":23,"key":"SkillPotion"},{"floor":25,"key":"BlessingOfTheForge"},{"floor":28,"key":"Strength Potion"}],"is_trial":false,"path_per_floor":["M","M","?","M","?","R","E","?","T","M","R","?","E","M","R","B",null,"M","?","M","?","M","E","R","E","T","R","M","M","R","M","R","B"],"character_chosen":"THE_SILENT","items_purchased":[],"campfire_rested":3,"item_purchase_floors":[],"current_hp_per_floor":[45,45,45,44,30,30,12,29,29,25,46,46,44,44,44,15,56,58,44,43,43,21,19,43,38,38,38,38,25,25,21,45,0,0],"gold":490,"neow_bonus":"THREE_RARE_CARDS","is_daily":false,"chose_seed":false,"campfire_upgraded":4,"win_rate":0.0,"timestamp":1611347379,"path_taken":["M","M","?","M","?","R","E","?","T","M","R","?","E","?","R","BOSS","M","?","M","?","M","E","R","E","T","R","M","M","R","M","R","BOSS"],"items_purchased_type":[],"build_version":"2020-12-22","purchased_purges":0,"victory":false,"max_hp_per_floor":[70,70,70,70,70,70,70,70,70,70,70,70,70,70,70,70,70,75,80,80,80,80,80,80,80,80,80,80,80,80,80,80,80,80],"relic_stats":{"Busted Crown":16,"Torii":5,"counters":[17,92],"Whetstone":["Neutralize","Strike_G"],"obtain_stats":[{"Anchor":26,"Busted Crown":17,"Torii":13,"Whetstone":23,"Ancient Tea Set":7,"White Beast Statue":9,"Ring of the Snake":0},{"Anchor":13,"Busted Crown":8,"Torii":6,"Whetstone":12,"Ancient Tea Set":4,"White Beast Statue":4,"Ring of the Snake":0},{"Anchor":66,"Busted Crown":40,"Torii":28,"Whetstone":60,"Ancient Tea Set":19,"White Beast Statue":19,"Ring of the Snake":0}],"Ring of the Snake":[34]},"card_choices":[{"not_picked":["Unload","Venomology"],"picked":"Wraith Form v2","floor":0.0},{"not_picked":["Eviscerate","Acrobatics"],"picked":"Dagger Throw","floor":1.0},{"not_picked":["Flying Knee","Cloak And Dagger"],"picked":"Dagger Spray","floor":2.0},{"not_picked":["Flechettes","Cloak And Dagger"],"picked":"Poisoned Stab","floor":4.0},{"not_picked":["Slice","Bane"],"picked":"Blade Dance","floor":7.0},{"not_picked":["Predator","Bane"],"picked":"Backstab","floor":10.0},{"not_picked":["Escape Plan","Deadly Poison"],"picked":"Wraith Form v2","floor":13.0},{"not_picked":["Eviscerate","Setup"],"picked":"All Out Attack","floor":14.0},{"not_picked":["After Image","Grand Finale"],"picked":"Die Die Die","floor":16},{"not_picked":[],"picked":"Blade Dance","floor":18},{"not_picked":[],"picked":"Acrobatics","floor":20},{"not_picked":["Quick Slash"],"picked":"SKIP","floor":22},{"not_picked":[],"picked":"Bouncing Flask","floor":23},{"not_picked":["Burst"],"picked":"SKIP","floor":25},{"not_picked":["Acrobatics"],"picked":"SKIP","floor":28},{"not_picked":["Slice"],"picked":"SKIP","floor":29},{"not_picked":[],"picked":"Outmaneuver+1","floor":31}],"player_experience":255999,"relics_obtained":[{"floor":7.0,"key":"Ancient Tea Set"},{"floor":9.0,"key":"White Beast Statue"},{"floor":13.0,"key":"Torii"},{"floor":23,"key":"Whetstone"},{"floor":26,"key":"Anchor"}],"event_choices":[{"damage_healed":0.0,"max_hp_gain":0.0,"max_hp_loss":0.0,"gold_gain":0.0,"event_name":"Liars Game","player_choice":"Ignored","floor":3.0,"gold_loss":0.0,"damage_taken":0.0},{"damage_healed":0.0,"max_hp_gain":0.0,"max_hp_loss":0.0,"gold_gain":0.0,"event_name":"Shining Light","player_choice":"Entered Light","floor":5.0,"gold_loss":0.0,"damage_taken":14.0,"cards_upgraded":["Defend_G","Defend_G"]},{"damage_healed":17.0,"max_hp_gain":0.0,"max_hp_loss":0.0,"gold_gain":0.0,"event_name":"Mushrooms","player_choice":"Healed and dodged fight","floor":8.0,"gold_loss":0.0,"damage_taken":0.0,"cards_obtained":["Parasite"]},{"damage_healed":0.0,"max_hp_gain":0.0,"max_hp_loss":0.0,"gold_gain":0.0,"event_name":"FaceTrader","player_choice":"Leave","floor":12.0,"gold_loss":0.0,"damage_taken":0.0},{"damage_healed":0,"gold_gain":0,"player_choice":"Shed Blood","damage_taken":19,"max_hp_gain":5,"max_hp_loss":0,"event_name":"Forgotten Altar","floor":19,"gold_loss":0},{"damage_healed":0,"gold_gain":0,"cards_transformed":["Strike_G","Strike_G"],"player_choice":"Became Test Subject","damage_taken":0,"max_hp_gain":0,"max_hp_loss":0,"event_name":"Drug Dealer","floor":21,"gold_loss":0,"cards_obtained":["Deadly Poison","Expertise"]}],"is_beta":false,"boss_relics":[{"not_picked":["WristBlade","Black Star"],"picked":"Busted Crown"}],"items_purged_floors":[],"is_endless":false,"potions_floor_spawned":[1,4,10,13,14,16,18,20,22,23,25,28,29,31],"killed_by":"Collector","ascension_level":6}}