{"host":"h1qktzcccqnez8tx","time":1611327516,"event":{"mods":["BaseMod","Block Reminder","Colored Map","Colored Powertips","Curses Come First","Highlight Path","Infinite Spire","Minty Spire (QoL Compilation)","Permanent Neow","Quick Restart","Replay The Spire","StSLib","The Jungle"],"gold_per_floor":[116,134,147,112,124,124,156,167,167,167,181,216,216,391,391,391,391],"floor_reached":16,"language":"ENG","playtime":634,"items_purged":[],"score":123,"play_id":"8b49c8e7-2bae-4afa-a556-e02ae3689b1e","local_time":"20210122155836","is_ascension_mode":true,"campfire_choices":[{"data":"Backflip","floor":6,"key":"SMITH"},{"floor":10,"key":"REST"},{"data":"Bouncing Flask","floor":15,"key":"SMITH"},{"data":"Bane","floor":15,"key":"SMITH"}],"circlet_count":0,"master_deck":["Strike_G","Strike_G","Strike_G","Strike_G","Strike_G","Defend_G","Defend_G","Defend_G","Defend_G","Defend_G","Survivor","Neutralize","Bane+1","Cloak And Dagger","Flying Knee","Backflip+1","Poisoned Stab","All Out Attack","Flying Knee","Bouncing Flask+1","Doubt"],"relics":["Ring of the Snake","The Specimen","Pen Nib","Replay:Arrowhead","Unceasing Top"],"acts_visited":["Exordium"],"potions_floor_usage":[7,12,16],"damage_taken":[{"damage":3,"enemies":"Cultist","floor":1,"turns":5},{"damage":4,"enemies":"Small Slimes","floor":2,"turns":4},{"damage":0,"enemies":"2 Louse","floor":3,"turns":3},{"damage":21,"enemies":"Large Slime","floor":5,"turns":9},{"damage":24,"enemies":"Gremlin Nob","floor":7,"turns":5},{"damage":0,"enemies":"Looter","floor":8,"turns":5},{"damage":0,"enemies":"Red Slaver","floor":11,"turns":3},{"damage":8,"enemies":"Lagavulin","floor":12,"turns":5},{"damage":44,"enemies":"Fading Forest","floor":16,"turns":10}],"seed_played":"-6484061499359562963","potions_obtained":[{"floor":3,"key":"CultistPotion"},{"floor":7,"key":"Dexterity Potion"},{"floor":11,"key":"AttackPotion"},{"floor":12,"key":"Elixir"}],"is_trial":false,"path_per_floor":["M","M","M","?","M","R","E","M","T","R","M","E","?","?","R","B"],"character_chosen":"THE_SILENT","items_purchased":[],"campfire_rested":1,"item_purchase_floors":[],"current_hp_per_floor":[46,42,42,59,38,38,14,14,14,35,35,27,27,27,27,0,0],"gold":391,"neow_bonus":"ONE_RARE_RELIC","is_daily":false,"chose_seed":false,"campfire_upgraded":3,"win_rate":0.0,"timestamp":1611327516,"path_taken":["M","M","M","?","M","R","E","M","T","R","M","E","?","?","R","BOSS"],"items_purchased_type":[],"build_version":"2020-12-22","purchased_purges":0,"victory":false,"max_hp_per_floor":[70,70,70,70,70,70,70,70,70,70,70,70,70,70,70,70,70],"card_choices":[{"not_picked":["Acrobatics","ReplayTheSpireMod:The Works"],"picked":"Bane","floor":1},{"not_picked":["Blade Dance","Masterful Stab"],"picked":"Cloak And Dagger","floor":2},{"not_picked":["Sucker Punch","Quick Slash"],"picked":"Flying Knee","floor":3},{"not_picked":["ReplayTheSpireMod:Necrosis","Deflect"],"picked":"Backflip","floor":5},{"not_picked":["Flying Knee","Dodge and Roll"],"picked":"Poisoned Stab","floor":7},{"not_picked":["ReplayTheSpireMod:Shiv Toss","Hidden Blade"],"picked":"All Out Attack","floor":8},{"not_picked":["Caltrops","Poison Darts"],"picked":"Flying Knee","floor":11},{"not_picked":["Toxin Wave","Reflex"],"picked":"Bouncing Flask","floor":12}],"player_experience":95859,"relics_obtained":[{"floor":7,"key":"Pen Nib"},{"floor":9,"key":"Replay:Arrowhead"},{"floor":12,"key":"Unceasing Top"}],"event_choices":[{"damage_healed":17,"gold_gain":0,"player_choice":"Healed","damage_taken":0,"max_hp_gain":0,"max_hp_loss":0,"event_name":"The Cleric","floor":4,"gold_loss":35},{"damage_healed":0,"gold_gain":0,"player_choice":"Fled","damage_taken":0,"max_hp_gain":0,"max_hp_loss":0,"event_name":"Scrap Ooze","floor":13,"gold_loss":0},{"damage_healed":0,"gold_gain":175,"player_choice":"AGREE","damage_taken":0,"max_hp_gain":0,"max_hp_loss":0,"event_name":"Liars Game","floor":14,"gold_loss":0,"cards_obtained":["Doubt"]}],"is_beta":false,"boss_relics":[],"items_purged_floors":[],"is_endless":false,"potions_floor_spawned":[3,7,11,12],"killed_by":"Fading Forest","ascension_level":2}}