{"host":"d61fcf2p3sjwe6yo","time":1611318528,"event":{"mods":["AchievementEnabler","BaseMod","Colored Map","Downfall","Minty Spire (QoL Compilation)","StSLib","SuperFastMode"],"gold_per_floor":[99,99,116,116,26,54,54,54,69,244,144,171,171,171,171,171],"floor_reached":14,"language":"ENG","playtime":531,"items_purged":["bronze:Strike"],"score":141,"play_id":"006ab62d-1e69-42d2-878c-601c4a0ea2b0","local_time":"20210122152848","is_ascension_mode":true,"campfire_choices":[{"floor":1.0,"key":"RECALL"},{"floor":8.0,"key":"REST"},{"data":"bronze:Replicate","floor":11.0,"key":"SMITH"}],"circlet_count":0,"master_deck":["AscendersBane","bronze:Strike","bronze:Strike","bronze:Strike","bronze:Defend","bronze:Defend","bronze:Defend","bronze:Replicate+1","bronze:Goto","bronze:Constructor","bronze:WhirlingStrike"],"relics":["bronze:BronzeCore","Ice Cream","Darkstone Periapt","Singing Bowl","Matryoshka","downfall:HeartBlessingRed","bronze:Mallet"],"acts_visited":["Exordium"],"potions_floor_usage":[12,12],"damage_taken":[{"damage":0.0,"enemies":"2 Louse","floor":3.0,"turns":3.0},{"damage":0.0,"enemies":"downfall:FleeingMerchant","floor":5.0,"turns":4.0},{"damage":25.0,"enemies":"3 Sentries","floor":6.0,"turns":12.0},{"damage":2.0,"enemies":"Jaw Worm","floor":9.0,"turns":3.0},{"damage":20,"enemies":"Gremlin Nob","floor":12,"turns":3},{"damage":13,"enemies":"3 Sentries","floor":14,"turns":4}],"seed_played":"8590163442798504673","potions_obtained":[{"floor":3.0,"key":"GamblersBrew"},{"floor":9.0,"key":"FearPotion"}],"is_trial":false,"path_per_floor":["R","?","M","?","$","E","T","R","M","?","R","E","?","E"],"character_chosen":"THE_AUTOMATON","items_purchased":[],"campfire_rested":1,"item_purchase_floors":[],"current_hp_per_floor":[45,27,27,27,27,2,2,23,23,29,29,11,11,0,0,0],"gold":171,"neow_bonus":"ONE_RARE_RELIC","is_daily":false,"chose_seed":false,"campfire_upgraded":1,"win_rate":0.0,"timestamp":1611318528,"path_taken":["R","?","M","?","?","E","T","R","?","?","R","E","?","E"],"items_purchased_type":[],"build_version":"2020-12-22","purchased_purges":1,"victory":false,"max_hp_per_floor":[70,70,70,70,70,70,70,70,72,78,78,80,80,80,80,80],"card_choices":[{"not_picked":["bronze:CloningBeam","bronze:BugBarrage","bronze:Refactor"],"picked":"SKIP","floor":3.0},{"not_picked":["bronze:WhirlingStrike","bronze:HyperBeam"],"picked":"bronze:Constructor","floor":5.0},{"not_picked":["bronze:Shield","bronze:Return"],"picked":"bronze:WhirlingStrike","floor":6.0},{"not_picked":["bronze:BugBarrage","bronze:Invalidate","bronze:BuggyMess"],"picked":"Singing Bowl","floor":9.0},{"not_picked":["bronze:BurnOut","bronze:GetLatest","bronze:DelayedSlice"],"picked":"Singing Bowl","floor":12}],"player_experience":658422,"relics_obtained":[{"floor":6.0,"key":"Singing Bowl"},{"floor":7.0,"key":"Matryoshka"},{"floor":12,"key":"bronze:Mallet"}],"event_choices":[{"damage_healed":0.0,"max_hp_gain":0.0,"max_hp_loss":0.0,"gold_gain":0.0,"event_name":"Scrap Ooze","player_choice":"Success","floor":2.0,"gold_loss":0.0,"damage_taken":18.0,"relics_obtained":["Darkstone Periapt"]},{"cards_removed":["bronze:Defend"],"damage_healed":0.0,"max_hp_gain":0.0,"max_hp_loss":0.0,"gold_gain":0.0,"event_name":"The Cleric","player_choice":"Card Removal","floor":4.0,"gold_loss":0.0,"damage_taken":0.0},{"cards_removed":["Doubt"],"damage_healed":0,"gold_gain":0,"player_choice":"Forget","damage_taken":0,"max_hp_gain":0,"max_hp_loss":0,"event_name":"Living Wall","floor":13,"gold_loss":0}],"is_beta":false,"boss_relics":[],"items_purged_floors":[5],"is_endless":false,"potions_floor_spawned":[3,9],"killed_by":"3 Sentries","ascension_level":10}}