{"host":"2brg86hfzr3u5cix","time":1611340180,"event":{"mods":["AchievementEnabler","Ascension Unlocker","BaseMod","CapriCore","DeckTracker","Highlight Path","Keyboard Shortcuts","Minty Spire (QoL Compilation)","Permanent Neow","Relic Stats","StSLib","Twitch Utils","Uncapped","UnlockEverythingMod"],"gold_per_floor":[109,129,129,109,34,34,59,97,97,120,120,141,141,39,39,134,134,134,134],"floor_reached":18,"language":"KOR","playtime":560,"items_purged":["Strike_R"],"score":320,"play_id":"956ece2a-bd95-4651-ad90-bbbab285bc01","local_time":"20210123032940","is_ascension_mode":true,"campfire_choices":[{"data":"Immolate","floor":6.0,"key":"SMITH"},{"data":"1","floor":11.0,"key":"LIFT"},{"data":"2","floor":13.0,"key":"LIFT"},{"data":"3","floor":15.0,"key":"LIFT"}],"circlet_count":0,"master_deck":["AscendersBane","Strike_R","Strike_R","Strike_R","Strike_R","Defend_R","Defend_R","Defend_R","Defend_R","Bash","Immolate+1","Wild Strike","Sever Soul","Pommel Strike","Burning Pact","Iron Wave","Reckless Charge","Purity","Juggernaut"],"relics":["Black Blood","Golden Idol","Girya","Calipers"],"acts_visited":["Exordium","TheCity"],"potions_floor_usage":[],"damage_taken":[{"damage":9.0,"enemies":"Jaw Worm","floor":1.0,"turns":3.0},{"damage":0.0,"enemies":"Cultist","floor":2.0,"turns":2.0},{"damage":0.0,"enemies":"2 Louse","floor":7.0,"turns":2.0},{"damage":18.0,"enemies":"Lagavulin","floor":8.0,"turns":5.0},{"damage":15.0,"enemies":"Large Slime","floor":10.0,"turns":4.0},{"damage":1.0,"enemies":"2 Fungi Beasts","floor":12.0,"turns":2.0},{"damage":29.0,"enemies":"Hexaghost","floor":16.0,"turns":9.0},{"damage":59,"enemies":"3 Byrds","floor":18,"turns":7}],"seed_played":"839168513512712418","potions_obtained":[{"floor":2.0,"key":"Energy Potion"},{"floor":4.0,"key":"Block Potion"},{"floor":12.0,"key":"PowerPotion"}],"is_trial":false,"path_per_floor":["M","M","?","?","$","R","M","E","T","M","R","M","R","$","R","B",null,"M"],"character_chosen":"IRONCLAD","items_purchased":["Purity"],"campfire_rested":0,"item_purchase_floors":[14],"current_hp_per_floor":[65,71,45,45,45,45,51,39,39,30,30,35,35,35,35,12,59,0,0],"gold":134,"neow_bonus":"ONE_RANDOM_RARE_CARD","is_daily":false,"chose_seed":false,"campfire_upgraded":1,"win_rate":0.0,"timestamp":1611340180,"path_taken":["M","M","?","?","$","R","?","E","T","M","R","M","R","$","R","BOSS","M"],"items_purchased_type":["Card"],"build_version":"2020-12-22","purchased_purges":1,"victory":false,"max_hp_per_floor":[75,75,75,75,75,75,75,75,75,75,75,75,75,75,75,75,75,75,75],"relic_stats":{"counters":[8,34],"Golden Idol":41,"Black Blood":42,"obtain_stats":[{"Girya":8,"Calipers":9,"Golden Idol":3,"Black Blood":17,"Burning Blood":0},{"Girya":4,"Calipers":4,"Golden Idol":2,"Black Blood":7,"Burning Blood":0},{"Girya":12,"Calipers":12,"Golden Idol":5,"Black Blood":27,"Burning Blood":0}]},"card_choices":[{"not_picked":["Heavy Blade","Twin Strike"],"picked":"Wild Strike","floor":1.0},{"not_picked":["Metallicize","Blood for Blood"],"picked":"Sever Soul","floor":2.0},{"not_picked":["Anger","Spot Weakness"],"picked":"Pommel Strike","floor":7.0},{"not_picked":["Dropkick","Cleave"],"picked":"Burning Pact","floor":8.0},{"not_picked":["Heavy Blade","Perfected Strike"],"picked":"Iron Wave","floor":10.0},{"not_picked":["Intimidate","Warcry"],"picked":"Reckless Charge","floor":12.0},{"not_picked":["Demon Form","Brutality"],"picked":"Juggernaut","floor":16.0}],"player_experience":330469,"relics_obtained":[{"floor":8.0,"key":"Girya"},{"floor":9.0,"key":"Calipers"}],"event_choices":[{"damage_healed":0.0,"max_hp_gain":0.0,"max_hp_loss":0.0,"gold_gain":0.0,"event_name":"Golden Idol","player_choice":"Take Damage","floor":3.0,"gold_loss":0.0,"damage_taken":26.0,"relics_obtained":["Golden Idol"]},{"damage_healed":0.0,"max_hp_gain":0.0,"max_hp_loss":0.0,"gold_gain":0.0,"event_name":"The Woman in Blue","player_choice":"Bought 1 Potion","floor":4.0,"gold_loss":0.0,"damage_taken":0.0}],"is_beta":false,"boss_relics":[{"not_picked":["Astrolabe","Runic Cube"],"picked":"Black Blood"}],"items_purged_floors":[5],"is_endless":false,"potions_floor_spawned":[2,7,12],"killed_by":"3 Byrds","ascension_level":20}}