{"host":"2yqfi47fogfu1ic4","time":1611320055,"event":{"mods":["AchievementEnabler","BaseMod","Colored Map","Colored Powertips","Highlight Path","Minty Spire (QoL Compilation)","Permanent Neow","Relic Stats","StSLib"],"gold_per_floor":[111,34,44,44,59,59,71,105,182,198,208,224,237,272,272,347,347,357,37,37,47,64,98,98,118,165,183,195,195,195,214,214,289,289,304,81,41,55,72,72,99,113,139,154,154,154,203,219,219,219,219],"floor_reached":50,"language":"DEU","playtime":3569,"items_purged":["Strike_G","Strike_G"],"score":1074,"play_id":"eaae6164-2c05-48ae-9875-2f542ce49d6d","local_time":"20210122135415","is_ascension_mode":true,"campfire_choices":[{"data":"Crippling Poison","floor":6.0,"key":"SMITH"},{"data":"Crippling Poison","floor":15.0,"key":"SMITH"},{"data":"Bouncing Flask","floor":24.0,"key":"SMITH"},{"data":"Acrobatics","floor":30.0,"key":"SMITH"},{"data":"Acrobatics","floor":32.0,"key":"SMITH"},{"data":"Wraith Form v2","floor":40.0,"key":"SMITH"},{"floor":45,"key":"RECALL"},{"data":"Leg Sweep","floor":49,"key":"SMITH"}],"circlet_count":0,"master_deck":["AscendersBane","Strike_G","Strike_G","Strike_G","Defend_G","Defend_G","Defend_G","Defend_G","Defend_G","Survivor","Neutralize","Crippling Poison+1","Dash","Poisoned Stab","Crippling Poison+1","Predator","PiercingWail","PiercingWail","Bullet Time","Acrobatics+1","Bouncing Flask+1","Bullet Time","Acrobatics+1","Tools of the Trade","Wraith Form v2+1","PiercingWail","Leg Sweep+1","Footwork","Dash","Underhanded Strike","Catalyst+1","Writhe","Bouncing Flask+1","Acrobatics"],"relics":["Snecko Eye","WingedGreaves","Strawberry","Coffee Dripper","Frozen Eye","Mercury Hourglass","Orichalcum","HoveringKite","Anchor","Snake Skull","Ginger"],"acts_visited":["Exordium","TheCity","TheBeyond"],"potions_floor_usage":[41],"damage_taken":[{"damage":3.0,"enemies":"Cultist","floor":1.0,"turns":4.0},{"damage":0.0,"enemies":"Small Slimes","floor":3.0,"turns":2.0},{"damage":0.0,"enemies":"2 Louse","floor":5.0,"turns":4.0},{"damage":4.0,"enemies":"Looter","floor":7.0,"turns":4.0},{"damage":3.0,"enemies":"3 Sentries","floor":8.0,"turns":7.0},{"damage":0.0,"enemies":"Red Slaver","floor":10.0,"turns":3.0},{"damage":6.0,"enemies":"3 Louse","floor":11.0,"turns":2.0},{"damage":0.0,"enemies":"Blue Slaver","floor":12.0,"turns":3.0},{"damage":6.0,"enemies":"Looter","floor":13.0,"turns":4.0},{"damage":0.0,"enemies":"Gremlin Nob","floor":14.0,"turns":3.0},{"damage":39.0,"enemies":"Hexaghost","floor":16.0,"turns":10.0},{"damage":0.0,"enemies":"Spheric Guardian","floor":18.0,"turns":4.0},{"damage":0.0,"enemies":"Shell Parasite","floor":21.0,"turns":4.0},{"damage":4.0,"enemies":"Centurion and Healer","floor":22.0,"turns":5.0},{"damage":4.0,"enemies":"Gremlin Leader","floor":23.0,"turns":6.0},{"damage":0.0,"enemies":"Snake Plant","floor":25.0,"turns":3.0},{"damage":9.0,"enemies":"Shelled Parasite and Fungi","floor":27.0,"turns":3.0},{"damage":0.0,"enemies":"Sentry and Sphere","floor":28.0,"turns":4.0},{"damage":6.0,"enemies":"Chosen and Byrds","floor":31.0,"turns":4.0},{"damage":64.0,"enemies":"Automaton","floor":33.0,"turns":11.0},{"damage":2.0,"enemies":"Orb Walker","floor":35.0,"turns":2.0},{"damage":0.0,"enemies":"3 Darklings","floor":38.0,"turns":3.0},{"damage":0.0,"enemies":"Spire Growth","floor":39.0,"turns":5.0},{"damage":51,"enemies":"Nemesis","floor":41,"turns":9},{"damage":0,"enemies":"Jaw Worm Horde","floor":42,"turns":3},{"damage":0,"enemies":"Maw","floor":44,"turns":4},{"damage":0,"enemies":"2 Orb Walkers","floor":47,"turns":4},{"damage":0,"enemies":"3 Darklings","floor":48,"turns":4},{"damage":20,"enemies":"Awakened One","floor":50,"turns":2}],"seed_played":"6821984874471813311","potions_obtained":[{"floor":5.0,"key":"SkillPotion"},{"floor":7.0,"key":"Poison Potion"},{"floor":10.0,"key":"FearPotion"},{"floor":11.0,"key":"FairyPotion"},{"floor":16.0,"key":"SpeedPotion"},{"floor":21.0,"key":"Block Potion"},{"floor":23.0,"key":"Energy Potion"},{"floor":28.0,"key":"LiquidMemories"},{"floor":37.0,"key":"LiquidMemories"},{"floor":37.0,"key":"CultistPotion"},{"floor":44,"key":"BlessingOfTheForge"}],"is_trial":false,"path_per_floor":["M","$","M","$","M","R","M","E","T","M","M","M","M","E","R","B",null,"M","$","?","M","M","E","R","M","T","M","M","?","R","M","R","B",null,"M","$","?","M","M","R","E","M","T","M","R","?","?","M","R","B"],"character_chosen":"THE_SILENT","items_purchased":["Dash","Bouncing Flask","Frozen Eye","Leg Sweep","Footwork"],"campfire_rested":0,"item_purchase_floors":[2,19,19,36,36],"current_hp_per_floor":[56,56,56,56,56,56,52,49,49,49,43,43,37,44,44,5,56,56,56,56,56,52,48,48,48,48,39,39,39,39,33,33,10,57,55,55,55,55,55,55,4,4,4,4,4,19,19,19,19,0,0],"gold":219,"neow_bonus":"BOSS_RELIC","is_daily":false,"chose_seed":false,"campfire_upgraded":7,"win_rate":0.0,"timestamp":1611320055,"path_taken":["M","?","M","?","M","R","M","E","T","M","M","M","M","E","R","BOSS","M","$","?","?","M","E","R","?","T","?","M","?","R","M","R","BOSS","M","$","?","M","?","R","E","M","T","M","R","?","?","M","R","BOSS"],"items_purchased_type":["Card","Card","Relic","Card","Card"],"build_version":"2020-12-22","purchased_purges":2,"victory":false,"max_hp_per_floor":[66,66,66,66,66,66,66,66,66,66,66,66,66,73,73,73,73,73,73,73,73,73,73,73,73,73,73,73,73,73,73,73,73,73,73,73,73,73,73,73,73,73,73,73,73,73,73,73,73,73,73],"relic_stats":{"counters":[29,126],"Snecko Eye":[236,246,238,250],"HoveringKite":[26],"Snake Skull":[35],"Ginger":[0],"Orichalcum":[132],"obtain_stats":[{"Frozen Eye":19,"Anchor":41,"Strawberry":14,"Snecko Eye":0,"HoveringKite":34,"WingedGreaves":8,"Snake Skull":43,"Coffee Dripper":17,"Ginger":47,"Orichalcum":26,"Ring of the Snake":0,"Mercury Hourglass":23},{"Frozen Eye":12,"Anchor":24,"Strawberry":10,"Snecko Eye":0,"HoveringKite":20,"WingedGreaves":5,"Snake Skull":25,"Coffee Dripper":11,"Ginger":27,"Orichalcum":16,"Ring of the Snake":0,"Mercury Hourglass":15},{"Frozen Eye":50,"Anchor":109,"Strawberry":36,"Snecko Eye":0,"HoveringKite":90,"WingedGreaves":21,"Snake Skull":112,"Coffee Dripper":46,"Ginger":120,"Orichalcum":68,"Ring of the Snake":0,"Mercury Hourglass":65}],"Mercury Hourglass":[218]},"card_choices":[{"not_picked":["Dagger Spray","Underhanded Strike"],"picked":"Crippling Poison","floor":1.0},{"not_picked":["Deflect","Masterful Stab","Cloak And Dagger"],"picked":"SKIP","floor":3.0},{"not_picked":["Heel Hook","Cloak And Dagger"],"picked":"Poisoned Stab","floor":5.0},{"not_picked":["Backflip","Caltrops"],"picked":"Crippling Poison","floor":7.0},{"not_picked":["Envenom","Prepared","Bane"],"picked":"SKIP","floor":8.0},{"not_picked":["Envenom","Prepared","Bane"],"picked":"SKIP","floor":8.0},{"not_picked":["Caltrops","Deadly Poison","Quick Slash"],"picked":"SKIP","floor":10.0},{"not_picked":["Flechettes","Concentrate","Sucker Punch"],"picked":"SKIP","floor":11.0},{"not_picked":["Caltrops","Prepared"],"picked":"Predator","floor":12.0},{"not_picked":["Poisoned Stab","Dodge and Roll"],"picked":"PiercingWail","floor":13.0},{"not_picked":["Riddle With Holes","Distraction"],"picked":"PiercingWail","floor":14.0},{"not_picked":["Doppelganger","After Image"],"picked":"Bullet Time","floor":16.0},{"not_picked":["Dagger Throw","Quick Slash+1"],"picked":"Acrobatics","floor":18.0},{"not_picked":["Cloak And Dagger","Poisoned Stab","Sucker Punch"],"picked":"SKIP","floor":21.0},{"not_picked":["Flying Knee+1","Infinite Blades","Calculated Gamble"],"picked":"SKIP","floor":22.0},{"not_picked":["Dagger Spray","Terror","Sucker Punch"],"picked":"SKIP","floor":23.0},{"not_picked":["Outmaneuver","Flechettes","Bane"],"picked":"SKIP","floor":25.0},{"not_picked":["Deflect","Quick Slash+1","Prepared"],"picked":"SKIP","floor":27.0},{"not_picked":["Sucker Punch","Slice","Concentrate+1"],"picked":"SKIP","floor":28.0},{"not_picked":["PiercingWail","Backstab"],"picked":"Tools of the Trade","floor":31.0},{"not_picked":["After Image","Adrenaline"],"picked":"Wraith Form v2","floor":33.0},{"not_picked":["Outmaneuver","Deadly Poison+1"],"picked":"PiercingWail","floor":35.0},{"not_picked":["Deflect","Bane+1"],"picked":"Dash","floor":38.0},{"not_picked":["Deadly Poison+1","Dagger Throw","Cloak And Dagger"],"picked":"SKIP","floor":39.0},{"not_picked":["Dagger Throw","Adrenaline"],"picked":"Underhanded Strike","floor":41},{"not_picked":["Acrobatics","Eviscerate+1"],"picked":"Catalyst+1","floor":42},{"not_picked":["Slice","Choke","Flying Knee"],"picked":"SKIP","floor":44},{"not_picked":["Acrobatics","Concentrate"],"picked":"Bouncing Flask+1","floor":47},{"not_picked":["Caltrops","Dagger Spray"],"picked":"Acrobatics","floor":48}],"player_experience":1578529,"relics_obtained":[{"floor":8.0,"key":"WingedGreaves"},{"floor":14.0,"key":"Strawberry"},{"floor":23.0,"key":"Mercury Hourglass"},{"floor":26.0,"key":"Orichalcum"},{"floor":41,"key":"Anchor"},{"floor":43,"key":"Snake Skull"},{"floor":47,"key":"Ginger"}],"event_choices":[{"damage_healed":0.0,"max_hp_gain":0.0,"max_hp_loss":0.0,"gold_gain":0.0,"event_name":"Duplicator","player_choice":"Copied","floor":20.0,"gold_loss":0.0,"damage_taken":0.0,"cards_obtained":["Bullet Time"]},{"damage_healed":0.0,"max_hp_gain":0.0,"max_hp_loss":0.0,"gold_gain":0.0,"event_name":"The Library","player_choice":"Read","floor":29.0,"gold_loss":0.0,"damage_taken":0.0,"cards_obtained":["Acrobatics"]},{"damage_healed":0.0,"max_hp_gain":0.0,"max_hp_loss":0.0,"gold_gain":0.0,"event_name":"The Woman in Blue","player_choice":"Bought 3 Potions","floor":37.0,"gold_loss":0.0,"damage_taken":0.0},{"damage_healed":15,"gold_gain":0,"player_choice":"Writhe","damage_taken":0,"max_hp_gain":0,"max_hp_loss":0,"event_name":"Winding Halls","floor":46,"gold_loss":0,"cards_obtained":["Writhe"]},{"damage_healed":0,"gold_gain":0,"player_choice":"Fight","damage_taken":0,"max_hp_gain":0,"max_hp_loss":0,"event_name":"Mysterious Sphere","floor":47,"gold_loss":0}],"is_beta":false,"boss_relics":[{"not_picked":["Astrolabe","Cursed Key"],"picked":"Coffee Dripper"},{"not_picked":["Busted Crown","Runic Dome"],"picked":"HoveringKite"}],"items_purged_floors":[19,36],"is_endless":false,"potions_floor_spawned":[5,7,10,11,16,21,23,28,31,38,44],"killed_by":"Awakened One","ascension_level":20}}