{"host":"a3oe3gstxz77c7qu","time":1611345777,"event":{"mods":["2.2 Compatiblity","Act Like it!","Astrologer","BaseMod","Bestiary","Better Altar","Better Match","Better Note","Better Skull","Better Third Choice","Block Reminder","Curses Come First","Custom Start","Dark Map","Downfall","Fox Events","Friendly Minions","GifTheSpireLib","Hallownest","Hermit","Jorbs\u0027s Wanderer Trilogy","Lobotomy","LobotomyExtend","Marisa????????","Minty Spire (QoL Compilation)","Permanent Neow","Quick Restart","Relic Stats","Spire Arcade","StSLib","The Bug Knight","The Cursed","The Disciple","The Jungle","Uncapped","Unknown Chances","Wandering Minibosses"],"gold_per_floor":[99,115,130,130,16,26,26,53,79,106,106,116,116,126,140,236,236,236,246,215,234,234,234,234,234,245,273,273,5,36,30,51,160,160,60,60,75,92,167,167,193,193,206,227,255,255,273,295,313,313,313],"floor_reached":52,"language":"ENG","playtime":3729,"items_purged":["Pain","Slimebound:Strike_Slimebound","Slimebound:Tackle"],"score":815,"play_id":"d84ff409-aa78-4b18-a117-277edb1082a9","local_time":"20210122200257","is_ascension_mode":true,"campfire_choices":[{"data":"Slimebound:Split","floor":1.0,"key":"SMITH"},{"data":"Slimebound:Darklings","floor":11.0,"key":"SMITH"},{"data":"Slimebound:LevelUp","floor":13.0,"key":"SMITH"},{"data":"Slimebound:LeechEnergy","floor":18,"key":"SMITH"},{"floor":23,"key":"REST"},{"data":"Slimebound:MinionMaster","floor":25,"key":"SMITH"},{"data":"Slimebound:MassFeed","floor":35,"key":"SMITH"},{"floor":40,"key":"REST"}],"circlet_count":0,"master_deck":["Slimebound:Strike_Slimebound","Slimebound:Strike_Slimebound","Slimebound:Defend_Slimebound","Slimebound:Defend_Slimebound","Slimebound:Defend_Slimebound","Slimebound:Defend_Slimebound","Slimebound:Split+1","Slimebound:CorrosiveSpit+1","Slimebound:RainOfGoop","Slimebound:GoopSpray","Slimebound:Darklings+1","Slimebound:Replication","Slimebound:LevelUp+1","Slimebound:LeechEnergy+1","Slimebound:MinionMaster+1","Slimebound:LivingWall+1","Slimebound:FormOfPuddle+1","Slimebound:PressTheAttack","Slimebound:PressTheAttack+1","Slimebound:MassFeed+1","Slimebound:ForwardTackle+1","Slimebound:PressTheAttack+1","Slimebound:LevelUp","Slimebound:SlimeBarrage+1"],"relics":["Slimebound:AbsorbEndCombat","WarpedTongs","Guardian:GemstoneGun","Regal Pillow","Odd Mushroom","SlaversCollar","HollowMod:LifeEnderRelic","Centennial Puzzle","Art of War","CeramicFish","sneckomod:SneckoTalon","wanderingMiniBosses:ThiefScarf","Bag of Preparation","downfall:HeartBlessingGreen","MealTicket","Membership Card","Anchor"],"acts_visited":["Exordium","TheCity","TheBeyond"],"potions_floor_usage":[20,26,30,31,33,39,47,50],"damage_taken":[{"damage":0.0,"enemies":"Cultist","floor":2.0,"turns":3.0},{"damage":10.0,"enemies":"Small Slimes","floor":3.0,"turns":3.0},{"damage":4.0,"enemies":"downfall:FleeingMerchant","floor":5.0,"turns":4.0},{"damage":0.0,"enemies":"Jaw Worm","floor":6.0,"turns":3.0},{"damage":10.0,"enemies":"Gremlin Nob","floor":8.0,"turns":3.0},{"damage":17.0,"enemies":"The Mushroom Lair","floor":9.0,"turns":4.0},{"damage":5.0,"enemies":"3 Sentries","floor":10.0,"turns":5.0},{"damage":0.0,"enemies":"Exordium Wildlife","floor":12.0,"turns":2.0},{"damage":0.0,"enemies":"2 Fungi Beasts","floor":14.0,"turns":3.0},{"damage":5.0,"enemies":"Blue Slaver","floor":15.0,"turns":3.0},{"damage":21.0,"enemies":"SI_SHIV_ARCHETYPE","floor":16.0,"turns":8.0},{"damage":12,"enemies":"Spheric Guardian","floor":19,"turns":4},{"damage":29,"enemies":"Snake Plant","floor":20,"turns":6},{"damage":28,"enemies":"Sentry and Sphere","floor":21,"turns":6},{"damage":13,"enemies":"Cultist and Chosen","floor":26,"turns":6},{"damage":20,"enemies":"HollowMod:Nosk","floor":27,"turns":6},{"damage":0,"enemies":"downfall:FleeingMerchant","floor":29,"turns":4},{"damage":16,"enemies":"Gremlin Leader","floor":30,"turns":6},{"damage":0,"enemies":"downfall:FleeingMerchant","floor":31,"turns":4},{"damage":2,"enemies":"Snecko","floor":32,"turns":5},{"damage":28,"enemies":"WA_ARCHETYPE_CALM","floor":33,"turns":10},{"damage":32,"enemies":"3 Darklings","floor":37,"turns":5},{"damage":7,"enemies":"Orb Walker","floor":38,"turns":4},{"damage":23,"enemies":"3 Darklings","floor":39,"turns":7},{"damage":2,"enemies":"Sphere and 2 Shapes","floor":43,"turns":4},{"damage":21,"enemies":"Transient","floor":44,"turns":5},{"damage":19,"enemies":"downfall:FleeingMerchant","floor":45,"turns":4},{"damage":24,"enemies":"3 Darklings","floor":47,"turns":5},{"damage":0,"enemies":"Writhing Mass","floor":48,"turns":4},{"damage":2,"enemies":"Jaw Worm Horde","floor":49,"turns":3},{"damage":31,"enemies":"DF_ARCHETYPE_ORBS","floor":50,"turns":7}],"seed_played":"-3010358924599676605","potions_obtained":[{"floor":8.0,"key":"Strength Potion"},{"floor":9.0,"key":"FairyPotion"},{"floor":12.0,"key":"Slimebound:SpawnSlimePotion"},{"floor":20,"key":"FearPotion"},{"floor":21,"key":"Slimebound:SpawnSlimePotion"},{"floor":27,"key":"Swift Potion"},{"floor":30,"key":"LiquidMemories"},{"floor":38,"key":"Fire Potion"},{"floor":44,"key":"Slimebound:SlimedPotion"},{"floor":49,"key":"PowerPotion"}],"is_trial":false,"path_per_floor":["R","M","M","?","$","M","T","E","?","E","R","M","R","M","M","B",null,"R","M","M","M","?","R","T","R","M","E","?","$","E","$","M","B",null,"R","?","M","M","M","R","T","?","M","M","$","?","M","M","M","B",null,null],"character_chosen":"SLIMEBOUND","items_purchased":["Slimebound:GoopSpray","Art of War","Membership Card","Anchor","Slimebound:LevelUp"],"campfire_rested":2,"item_purchase_floors":[5,29,45,45,45],"current_hp_per_floor":[65,65,59,59,61,63,63,59,50,53,53,55,55,61,58,45,65,65,53,30,10,18,52,52,52,47,35,35,43,35,41,45,25,65,65,65,33,34,19,53,53,53,57,42,46,46,30,32,38,15,15],"gold":313,"neow_bonus":"UPGRADE_CARD","is_daily":false,"chose_seed":false,"campfire_upgraded":6,"win_rate":0.0,"timestamp":1611345777,"path_taken":["R","M","?","?","?","M","T","E","?","E","R","M","R","M","M","BOSS","R","M","M","M","?","R","T","R","M","E","?","$","E","$","M","BOSS","R","?","M","M","M","R","T","?","?","M","$","?","M","M","M","BOSS"],"items_purchased_type":["Card","Relic","Relic","Relic","Card"],"build_version":"2020-12-22","purchased_purges":3,"victory":true,"max_hp_per_floor":[65,65,65,65,65,65,65,65,65,65,65,65,65,65,65,65,65,65,65,65,65,65,65,65,65,65,65,65,65,65,65,65,65,65,65,65,65,65,65,65,65,65,65,65,65,65,65,65,65,65,65],"relic_stats":{"Regal Pillow":30,"Centennial Puzzle":[36],"counters":[31,140],"CeramicFish":63,"MealTicket":15,"Art of War":[17],"Bag of Preparation":[26],"obtain_stats":[{"Regal Pillow":8,"Calipers":48,"CeramicFish":30,"downfall:HeartBlessingGreen":35,"Bag of Preparation":10,"Frozen Eye":43,"Centennial Puzzle":27,"Mummified Hand":47,"MealTicket":41,"Prayer Wheel":45,"HollowMod:LifeEnderRelic":24,"wanderingMiniBosses:ThiefScarf":39,"Guardian:GemstoneGun":7,"Blue Candle":44,"Dead Branch":48,"Omamori":50,"Odd Mushroom":9,"sneckomod:SneckoTalon":34,"Question Card":44,"WarpedTongs":4,"Peace Pipe":49,"SlaversCollar":17,"Anchor":45,"Turnip":49,"Slimebound:AbsorbEndCombat":0,"LetterFromLob":27,"Art of War":29,"Membership Card":45,"Toy Ornithopter":43,"TungstenRod":47,"Meat on the Bone":45},{"Regal Pillow":5,"Calipers":28,"CeramicFish":18,"downfall:HeartBlessingGreen":21,"Bag of Preparation":7,"Frozen Eye":24,"Centennial Puzzle":16,"Mummified Hand":27,"MealTicket":24,"Prayer Wheel":26,"HollowMod:LifeEnderRelic":14,"wanderingMiniBosses:ThiefScarf":24,"Guardian:GemstoneGun":4,"Blue Candle":25,"Dead Branch":28,"Omamori":30,"Odd Mushroom":6,"sneckomod:SneckoTalon":21,"Question Card":25,"WarpedTongs":2,"Peace Pipe":29,"SlaversCollar":11,"Anchor":27,"Turnip":29,"Slimebound:AbsorbEndCombat":0,"LetterFromLob":16,"Art of War":17,"Membership Card":27,"Toy Ornithopter":24,"TungstenRod":27,"Meat on the Bone":26},{"Regal Pillow":15,"Calipers":126,"CeramicFish":75,"downfall:HeartBlessingGreen":94,"Bag of Preparation":24,"Frozen Eye":109,"Centennial Puzzle":65,"Mummified Hand":122,"MealTicket":109,"Prayer Wheel":118,"HollowMod:LifeEnderRelic":54,"wanderingMiniBosses:ThiefScarf":109,"Guardian:GemstoneGun":12,"Blue Candle":113,"Dead Branch":126,"Omamori":133,"Odd Mushroom":19,"sneckomod:SneckoTalon":94,"Question Card":113,"WarpedTongs":6,"Peace Pipe":130,"SlaversCollar":38,"Anchor":122,"Turnip":130,"Slimebound:AbsorbEndCombat":0,"LetterFromLob":65,"Art of War":69,"Membership Card":122,"Toy Ornithopter":109,"TungstenRod":122,"Meat on the Bone":118}],"WarpedTongs":[133]},"card_choices":[{"not_picked":["Slimebound:SamplingLick","Slimebound:SplitLeeching","Slimebound:Prepare"],"picked":"SKIP","floor":2.0},{"not_picked":["Slimebound:SplitMire","Slimebound:ComboTackle"],"picked":"Slimebound:RainOfGoop","floor":3.0},{"not_picked":["Slimebound:MinionMaster","Slimebound:SlimeTap","Slimebound:RollThrough"],"picked":"SKIP","floor":5.0},{"not_picked":["Slimebound:ItLooksTasty","Slimebound:TongueLash"],"picked":"Slimebound:Prepare","floor":6.0},{"not_picked":["Slimebound:BestDefense","Slimebound:SlimeBarrage"],"picked":"Slimebound:Darklings","floor":8.0},{"not_picked":["Slimebound:ViciousTackle","Slimebound:ComboTackle"],"picked":"Slimebound:Replication","floor":9.0},{"not_picked":["Slimebound:SlimeBrawl","Slimebound:HauntingLick","Slimebound:SamplingLick"],"picked":"SKIP","floor":10.0},{"not_picked":["Slimebound:GoopTackle","Slimebound:WasteNot"],"picked":"Slimebound:LevelUp","floor":12.0},{"not_picked":["Slimebound:ComboTackle","Slimebound:RollThrough"],"picked":"Slimebound:LeechEnergy","floor":14.0},{"not_picked":["Slimebound:ComboTackle","Slimebound:Schlurp","Slimebound:SpikyOuterGoop"],"picked":"SKIP","floor":15.0},{"not_picked":["Slimebound:WasteNot","Slimebound:SelfFormingGoo"],"picked":"Slimebound:MinionMaster","floor":16.0},{"not_picked":["Slimebound:SplitLeeching","Slimebound:Gluttony","Slimebound:Chomp"],"picked":"SKIP","floor":19},{"not_picked":["Slimebound:RollThrough","Slimebound:SplitLeeching+1","Slimebound:Schlurp"],"picked":"SKIP","floor":20},{"not_picked":["Slimebound:Prepare","Slimebound:DisruptingSlam"],"picked":"Slimebound:LivingWall+1","floor":21},{"not_picked":["Slimebound:GoopTackle+1","Slimebound:Replication"],"picked":"Slimebound:FormOfPuddle+1","floor":26},{"not_picked":["Slimebound:HungryTackle","Slimebound:SplitAcid","Slimebound:ServeAndProtect"],"picked":"SKIP","floor":27},{"not_picked":["Slimebound:HauntingLick","Slimebound:DivideAndConquer+1","Slimebound:RollThrough"],"picked":"SKIP","floor":29},{"not_picked":["Slimebound:MegaLick","Slimebound:FlameTackle","Slimebound:DuplicatedForm"],"picked":"SKIP","floor":30},{"not_picked":["Slimebound:Schlurp+1","Slimebound:SplitMire"],"picked":"Slimebound:PressTheAttack","floor":31},{"not_picked":["Slimebound:GoopTackle","Slimebound:SlimeSpikes+1"],"picked":"Slimebound:PressTheAttack","floor":32},{"not_picked":["Slimebound:CheckThePlaybook","Slimebound:TagTeam"],"picked":"Slimebound:MassFeed","floor":33},{"not_picked":["Slimebound:Schlurp+1","Slimebound:MegaLick","Slimebound:LivingWall+1"],"picked":"SKIP","floor":37},{"not_picked":["Slimebound:SplitAcid","Slimebound:Prepare+1","Slimebound:SamplingLick+1"],"picked":"SKIP","floor":38},{"not_picked":["Slimebound:Prepare","Slimebound:ViciousTackle"],"picked":"Slimebound:ForwardTackle+1","floor":39},{"not_picked":["Slimebound:HauntingLick","Slimebound:BestDefense","Slimebound:FlameTackle+1"],"picked":"SKIP","floor":43},{"not_picked":["Slimebound:AcidTongue+1","Slimebound:Darklings"],"picked":"Slimebound:PressTheAttack+1","floor":44},{"not_picked":["Slimebound:LivingWall+1","Slimebound:MegaLick","Slimebound:PressTheAttack+1"],"picked":"SKIP","floor":45},{"not_picked":["Slimebound:GoopTackle+1","Slimebound:Nibble+1","Slimebound:SplitAcid+1"],"picked":"SKIP","floor":47},{"not_picked":["Slimebound:SplitLeeching","Slimebound:SplitBruiser+1"],"picked":"Slimebound:SlimeBarrage+1","floor":48},{"not_picked":["Slimebound:Schlurp","Slimebound:SplitLeeching","Slimebound:SplitAcid"],"picked":"SKIP","floor":49}],"player_experience":1075797,"relics_obtained":[{"floor":7.0,"key":"Guardian:GemstoneGun"},{"floor":8.0,"key":"Regal Pillow"},{"floor":9.0,"key":"Odd Mushroom"},{"floor":10.0,"key":"Bag of Preparation"},{"floor":24,"key":"HollowMod:LifeEnderRelic"},{"floor":27,"key":"Centennial Puzzle"},{"floor":27,"key":"LetterFromLob"},{"floor":30,"key":"CeramicFish"},{"floor":39,"key":"wanderingMiniBosses:ThiefScarf"},{"floor":39,"key":"Bag of Preparation"},{"floor":39,"key":"downfall:HeartBlessingGreen"},{"floor":41,"key":"MealTicket"}],"event_choices":[{"damage_healed":0.0,"max_hp_gain":0.0,"max_hp_loss":0.0,"gold_gain":0.0,"event_name":"Accursed Blacksmith","player_choice":"Rummage","floor":4.0,"gold_loss":0.0,"damage_taken":0.0,"relics_obtained":["WarpedTongs"],"cards_obtained":["Pain"]},{"damage_healed":0.0,"max_hp_gain":0.0,"max_hp_loss":0.0,"gold_gain":0.0,"event_name":"Mushrooms","player_choice":"Fought Mushrooms","floor":9.0,"gold_loss":0.0,"damage_taken":0.0},{"cards_removed":["Slimebound:Prepare"],"damage_healed":0,"gold_gain":0,"player_choice":"Removed Skill","damage_taken":0,"max_hp_gain":0,"max_hp_loss":0,"event_name":"Falling","floor":36,"gold_loss":0}],"is_beta":false,"boss_relics":[{"not_picked":["SacredBark","Runic Dome"],"picked":"SlaversCollar"},{"not_picked":["Velvet Choker","Pandora\u0027s Box"],"picked":"sneckomod:SneckoTalon"}],"items_purged_floors":[5,29,45],"is_endless":false,"potions_floor_spawned":[8,9,12,15,16,20,21,27,30,38,44,49],"ascension_level":4}}