{"host":"bg8va46pgqgvtzim","time":1611283642,"event":{"mods":["BaseMod","Minty Spire (QoL Compilation)","Quick Restart","StSLib","SuperFastMode"],"gold_per_floor":[111,123,139,153,173,201,201,236,236,249,249,267,267,283,283,380,380,396,414,430,119,131,131,164,164,188,48,48,64,98,110,110,206,206,218,218,273,291,310,345,355,355,355,388,399,127,142,82,82,82,82,82,82,116,116],"floor_reached":56,"language":"ZHS","playtime":2866,"items_purged":["Strike_G","Strike_G","Strike_G"],"score":1498,"play_id":"2ddb5cd7-bdfd-49bf-a442-1bb57472f2ee","local_time":"20210122104722","is_ascension_mode":true,"campfire_choices":[{"data":"Accuracy","floor":13.0,"key":"SMITH"},{"data":"Calculated Gamble","floor":15.0,"key":"SMITH"},{"data":"Apotheosis","floor":23.0,"key":"SMITH"},{"data":"Malaise","floor":25.0,"key":"SMITH"},{"floor":32.0,"key":"REST"},{"floor":42.0,"key":"RECALL"},{"data":"Tactician","floor":49.0,"key":"SMITH"},{"data":"Tools of the Trade","floor":52.0,"key":"SMITH"}],"circlet_count":0,"master_deck":["Defend_G","Defend_G","Survivor","Neutralize","Underhanded Strike","Accuracy+1","Terror","Infinite Blades","Calculated Gamble+1","Malaise+1","Well Laid Plans+1","Cloak And Dagger+1","Finisher+1","Eviscerate","PiercingWail+1","Apotheosis+1","Tactician+1","Prepared+1","Footwork","Venomology+1","Reflex+1","Tools of the Trade+1","Reflex+1","Escape Plan+1","Blade Dance+1","Malaise+1","After Image"],"relics":["Ring of the Snake","Ancient Tea Set","Shuriken","Astrolabe","Lantern","Bag of Marbles","Toxic Egg 2","Coffee Dripper","Oddly Smooth Stone","Vajra","InkBottle","Meat on the Bone","ClockworkSouvenir","Happy Flower"],"acts_visited":["Exordium","TheCity","TheBeyond","TheEnding"],"potions_floor_usage":[55,55,55],"damage_taken":[{"damage":0.0,"enemies":"Small Slimes","floor":1.0,"turns":4.0},{"damage":0.0,"enemies":"2 Louse","floor":2.0,"turns":2.0},{"damage":1.0,"enemies":"Cultist","floor":3.0,"turns":3.0},{"damage":0.0,"enemies":"Exordium Wildlife","floor":4.0,"turns":4.0},{"damage":0.0,"enemies":"Looter","floor":5.0,"turns":2.0},{"damage":28.0,"enemies":"Lagavulin","floor":6.0,"turns":8.0},{"damage":14.0,"enemies":"Gremlin Nob","floor":8.0,"turns":3.0},{"damage":3.0,"enemies":"Exordium Thugs","floor":10.0,"turns":4.0},{"damage":6.0,"enemies":"Red Slaver","floor":12.0,"turns":4.0},{"damage":4.0,"enemies":"2 Fungi Beasts","floor":14.0,"turns":3.0},{"damage":6.0,"enemies":"Hexaghost","floor":16.0,"turns":7.0},{"damage":4.0,"enemies":"3 Byrds","floor":18.0,"turns":5.0},{"damage":6.0,"enemies":"Chosen","floor":19.0,"turns":4.0},{"damage":1.0,"enemies":"Sentry and Sphere","floor":20.0,"turns":4.0},{"damage":12.0,"enemies":"Shelled Parasite and Fungi","floor":22.0,"turns":4.0},{"damage":1.0,"enemies":"Book of Stabbing","floor":24.0,"turns":5.0},{"damage":6.0,"enemies":"Snake Plant","floor":29.0,"turns":3.0},{"damage":0.0,"enemies":"Gremlin Leader","floor":30.0,"turns":10.0},{"damage":11.0,"enemies":"3 Cultists","floor":31.0,"turns":5.0},{"damage":0.0,"enemies":"Champ","floor":33.0,"turns":11.0},{"damage":2.0,"enemies":"Orb Walker","floor":35.0,"turns":4.0},{"damage":0.0,"enemies":"3 Shapes","floor":38.0,"turns":4.0},{"damage":1.0,"enemies":"Maw","floor":39.0,"turns":5.0},{"damage":0.0,"enemies":"Nemesis","floor":40.0,"turns":3.0},{"damage":12.0,"enemies":"4 Shapes","floor":41.0,"turns":7.0},{"damage":0.0,"enemies":"Giant Head","floor":44.0,"turns":4.0},{"damage":0.0,"enemies":"Jaw Worm Horde","floor":45.0,"turns":2.0},{"damage":0.0,"enemies":"Sphere and 2 Shapes","floor":47.0,"turns":3.0},{"damage":4.0,"enemies":"Awakened One","floor":50.0,"turns":6.0},{"damage":0.0,"enemies":"Shield and Spear","floor":54.0,"turns":3.0},{"damage":0,"enemies":"The Heart","floor":55,"turns":5}],"seed_played":"784110440725907762","potions_obtained":[{"floor":1.0,"key":"ColorlessPotion"},{"floor":2.0,"key":"Block Potion"},{"floor":6.0,"key":"SpeedPotion"},{"floor":12.0,"key":"SteroidPotion"},{"floor":14.0,"key":"Weak Potion"},{"floor":29.0,"key":"PowerPotion"},{"floor":30.0,"key":"Explosive Potion"},{"floor":31.0,"key":"ColorlessPotion"},{"floor":33.0,"key":"LiquidMemories"},{"floor":38.0,"key":"Dexterity Potion"},{"floor":39.0,"key":"Ancient Potion"},{"floor":45.0,"key":"GamblersBrew"}],"is_trial":false,"path_per_floor":["M","M","M","M","M","E","?","E","T","M","?","M","R","M","R","B",null,"M","M","M","$","M","R","E","R","T","$","?","M","E","M","R","B",null,"M","?","T","M","M","E","M","R","T","E","M","$","M","?","R","B",null,"R","$","E","B",null],"character_chosen":"THE_SILENT","items_purchased":["Apotheosis","Tactician","Footwork","ClockworkSouvenir"],"campfire_rested":1,"item_purchase_floors":[21,21,27,46],"current_hp_per_floor":[63,63,62,62,62,34,34,20,20,17,17,11,11,7,7,1,63,59,53,52,52,40,40,39,39,39,39,39,33,33,22,40,40,63,61,61,61,61,60,60,48,48,48,48,48,48,48,48,48,44,63,63,63,63,63],"gold":116,"neow_bonus":"THREE_RARE_CARDS","is_daily":false,"chose_seed":false,"campfire_upgraded":6,"win_rate":0.0,"timestamp":1611283642,"path_taken":["M","M","M","M","M","E","?","E","T","M","?","M","R","?","R","BOSS","M","M","M","$","M","R","E","R","T","$","?","M","E","M","R","BOSS","M","?","?","M","M","E","M","R","T","E","M","$","?","?","R","BOSS","R","$","E","BOSS"],"items_purchased_type":["Card","Card","Card","Relic"],"build_version":"2020-12-22","purchased_purges":3,"victory":true,"max_hp_per_floor":[63,63,63,63,63,63,63,63,63,63,63,63,63,63,63,63,63,63,63,63,63,63,63,63,63,63,63,63,63,63,63,63,63,63,63,63,63,63,63,63,63,63,63,63,63,63,63,63,63,63,63,63,63,63,63],"card_choices":[{"not_picked":["Venomology","Storm of Steel"],"picked":"Glass Knife","floor":0.0},{"not_picked":["Quick Slash","Finisher"],"picked":"Underhanded Strike","floor":1.0},{"not_picked":["Setup","Bane"],"picked":"Accuracy","floor":2.0},{"not_picked":["Heel Hook","Underhanded Strike","Deflect"],"picked":"SKIP","floor":3.0},{"not_picked":["Dodge and Roll","Crippling Poison","Sucker Punch"],"picked":"SKIP","floor":4.0},{"not_picked":["Underhanded Strike","Bane"],"picked":"Terror","floor":5.0},{"not_picked":["Flying Knee","Deadly Poison"],"picked":"Infinite Blades","floor":6.0},{"not_picked":["Backstab","Dagger Spray","Unload"],"picked":"SKIP","floor":8.0},{"not_picked":["Blur","Quick Slash","PiercingWail"],"picked":"SKIP","floor":10.0},{"not_picked":["Bouncing Flask","Dodge and Roll","Deadly Poison"],"picked":"SKIP","floor":12.0},{"not_picked":["Deflect","PiercingWail"],"picked":"Calculated Gamble","floor":14.0},{"not_picked":["Phantasmal Killer","Night Terror"],"picked":"Malaise","floor":16.0},{"not_picked":["Backflip+1","Predator"],"picked":"Eviscerate","floor":18.0},{"not_picked":["Outmaneuver","Slice+1","Dodge and Roll"],"picked":"SKIP","floor":19.0},{"not_picked":["Flying Knee+1","Deadly Poison"],"picked":"PiercingWail+1","floor":20.0},{"not_picked":["Quick Slash","Slice"],"picked":"Prepared+1","floor":22.0},{"not_picked":["Outmaneuver","Dagger Spray","Slice"],"picked":"SKIP","floor":24.0},{"not_picked":["Dagger Spray","Skewer+1","Dagger Throw"],"picked":"SKIP","floor":29.0},{"not_picked":["Bane","Distraction+1"],"picked":"Venomology+1","floor":30.0},{"not_picked":["Expertise+1","Noxious Fumes"],"picked":"Reflex+1","floor":31.0},{"not_picked":["Die Die Die","Phantasmal Killer+1"],"picked":"Tools of the Trade","floor":33.0},{"not_picked":["Blade Dance+1","Outmaneuver+1"],"picked":"Reflex+1","floor":35.0},{"not_picked":["Dagger Spray+1","All Out Attack","Bouncing Flask+1"],"picked":"SKIP","floor":38.0},{"not_picked":["Sucker Punch","Crippling Poison+1","Deadly Poison+1"],"picked":"SKIP","floor":39.0},{"not_picked":["PiercingWail+1","Sucker Punch+1","Caltrops"],"picked":"SKIP","floor":40.0},{"not_picked":["Quick Slash","Noxious Fumes+1"],"picked":"Escape Plan+1","floor":41.0},{"not_picked":["Finisher+1","Deadly Poison+1","Eviscerate"],"picked":"SKIP","floor":44.0},{"not_picked":["Bane","Catalyst+1","Sucker Punch"],"picked":"SKIP","floor":45.0},{"not_picked":["Sucker Punch","PiercingWail+1"],"picked":"Blade Dance+1","floor":47.0},{"not_picked":["Deadly Poison+1","Backflip+1","Flechettes"],"picked":"SKIP","floor":54.0}],"player_experience":2296500,"relics_obtained":[{"floor":6.0,"key":"Ancient Tea Set"},{"floor":8.0,"key":"Shuriken"},{"floor":24.0,"key":"Lantern"},{"floor":26.0,"key":"Bag of Marbles"},{"floor":30.0,"key":"Toxic Egg 2"},{"floor":37.0,"key":"Oddly Smooth Stone"},{"floor":40.0,"key":"Vajra"},{"floor":43.0,"key":"InkBottle"},{"floor":44.0,"key":"Meat on the Bone"},{"floor":54.0,"key":"Happy Flower"}],"event_choices":[{"damage_healed":0.0,"max_hp_gain":0.0,"max_hp_loss":0.0,"gold_gain":0.0,"event_name":"Liars Game","player_choice":"Ignored","floor":7.0,"gold_loss":0.0,"damage_taken":0.0},{"damage_healed":0.0,"max_hp_gain":0.0,"max_hp_loss":0.0,"gold_gain":0.0,"event_name":"NoteForYourself","player_choice":"Ignored","floor":11.0,"gold_loss":0.0,"damage_taken":0.0},{"damage_healed":0.0,"max_hp_gain":0.0,"max_hp_loss":0.0,"gold_gain":0.0,"event_name":"Vampires","player_choice":"Ignored","floor":28.0,"gold_loss":0.0,"damage_taken":0.0},{"cards_removed":["Defend_G"],"damage_healed":0.0,"max_hp_gain":0.0,"max_hp_loss":0.0,"gold_gain":0.0,"event_name":"Falling","player_choice":"Removed Skill","floor":36.0,"gold_loss":0.0,"damage_taken":0.0},{"damage_healed":0.0,"max_hp_gain":0.0,"max_hp_loss":0.0,"gold_gain":0.0,"cards_transformed":["Defend_G","Defend_G"],"event_name":"Designer","player_choice":"Transformed Cards","floor":48.0,"gold_loss":60.0,"damage_taken":0.0,"cards_obtained":["Malaise","After Image"]}],"is_beta":false,"boss_relics":[{"not_picked":["Sozu","SacredBark"],"picked":"Astrolabe"},{"not_picked":["Snecko Eye","Cursed Key"],"picked":"Coffee Dripper"}],"items_purged_floors":[21,27,46],"is_endless":false,"potions_floor_spawned":[1,2,6,12,14,29,30,31,33,38,39,45,47,54],"ascension_level":1}}