{"host":"4jpe1m3cviuzvkch","time":1611286523,"event":{"mods":["BaseMod","Marisa£®ÏF”Í°°ƒß¿Ì…≥£©","Minty Spire (QoL Compilation)","Remilia£®¿Ÿ√◊¿Ú—«£©","StSLib","The Servant 0.9.4","Youmu£®ªÍ∆«—˝√Œ£©"],"gold_per_floor":[10,10,10,10,34,77,77,95,120,120,120,140,180,180,180,308,308,331,355,82,82,103,103,141,141,166,166,166,184,184,199,199,322,322,336,355,83,83,83,127,143,143,143,143,11,25,25,49,49,49],"floor_reached":51,"language":"ZHS","playtime":3700,"items_purged":["Defend_YM","Regret","HumanKnowledgeSword"],"score":751,"play_id":"e37dc52a-33f4-4468-8055-d4889f34ab83","local_time":"20210122113523","is_ascension_mode":true,"campfire_choices":[{"data":"Strike_YM","floor":7.0,"key":"PURGE"},{"data":"Defend_YM","floor":10.0,"key":"PURGE"},{"floor":15.0,"key":"REST"},{"data":"Strike_YM","floor":23.0,"key":"PURGE"},{"data":"Defend_YM+1","floor":25.0,"key":"PURGE"},{"data":"HumanGodSword","floor":28.0,"key":"SMITH"},{"floor":30.0,"key":"REST"},{"data":"TenKingsRetributionOnThePreta","floor":32.0,"key":"SMITH"},{"data":"VoidnessSword","floor":44,"key":"SMITH"},{"data":"HumanKnowledgeSword+1","floor":47,"key":"PURGE"},{"floor":49,"key":"REST"}],"circlet_count":0,"master_deck":["SlashOfPresentWorld","WheelOfPainOfLivingAndDead+1","CrescentMoonSlash+1","SlashOfMeditation+1","SwordExtraction+1","LightFlashOfTheNetherworld","ASingleThoughtAndInfiniteKalpas","DoubleWheelOfPain+1","FiveSignsOfTheDyingDeva+1","TurningAngelCut","ObsessionWithThePresentWorld","HumanGodSword+1","EchoesOfTheInclemencyOfAllBeings+1","HeavenlyHaloSlash","PretaSword","TenKingsRetributionOnThePreta+1","VoidnessSword+1","SlashOfAscensionToBuddhahood+1","FourBirthsSword","ThreeKonsSevenHakus+1","BizarrenessOfSixRealms","IrresoluteSoul","HumanGodSword","CrescentMoonSlash+1"],"relics":["HalfPhantom","Peace Pipe","Golden Idol","Toy Ornithopter","Omamori","War Paint","Smiling Mask","Astrolabe","Sling","Boot","Bird Faced Urn","Art of War","Centennial Puzzle","Philosopher\u0027s Stone","Bronze Scales","Bottled Lightning","Gremlin Horn"],"acts_visited":["Exordium","TheCity","TheBeyond"],"potions_floor_usage":[48],"damage_taken":[{"damage":7.0,"enemies":"Jaw Worm","floor":1.0,"turns":4.0},{"damage":2.0,"enemies":"2 Louse","floor":5.0,"turns":2.0},{"damage":27.0,"enemies":"3 Sentries","floor":6.0,"turns":6.0},{"damage":3.0,"enemies":"Small Slimes","floor":8.0,"turns":4.0},{"damage":0.0,"enemies":"Blue Slaver","floor":12.0,"turns":4.0},{"damage":17.0,"enemies":"Lagavulin","floor":13.0,"turns":7.0},{"damage":34.0,"enemies":"Hexaghost","floor":16.0,"turns":11.0},{"damage":2.0,"enemies":"Chosen","floor":18.0,"turns":3.0},{"damage":10.0,"enemies":"Shell Parasite","floor":19.0,"turns":2.0},{"damage":9.0,"enemies":"Centurion and Healer","floor":22.0,"turns":7.0},{"damage":13.0,"enemies":"Book of Stabbing","floor":24.0,"turns":3.0},{"damage":14.0,"enemies":"Snecko","floor":29.0,"turns":5.0},{"damage":6.0,"enemies":"Shelled Parasite and Fungi","floor":31.0,"turns":2.0},{"damage":18.0,"enemies":"Automaton","floor":33.0,"turns":9.0},{"damage":10.0,"enemies":"3 Darklings","floor":35.0,"turns":3.0},{"damage":26.0,"enemies":"3 Shapes","floor":36.0,"turns":3.0},{"damage":2.0,"enemies":"Nemesis","floor":40.0,"turns":3.0},{"damage":0.0,"enemies":"Writhing Mass","floor":41.0,"turns":3.0},{"damage":11,"enemies":"3 Darklings","floor":46,"turns":2},{"damage":0,"enemies":"Maw","floor":48,"turns":5},{"damage":12,"enemies":"Awakened One","floor":50,"turns":5}],"seed_played":"-7278249979954498072","potions_obtained":[{"floor":1.0,"key":"Weak Potion"},{"floor":8.0,"key":"Strength Potion"},{"floor":12.0,"key":"Weak Potion"},{"floor":18.0,"key":"Ancient Potion"},{"floor":19.0,"key":"Fire Potion"},{"floor":29.0,"key":"Energy Potion"},{"floor":33.0,"key":"Energy Potion"},{"floor":36.0,"key":"Explosive Potion"}],"is_trial":false,"path_per_floor":["M","?","?","$","M","E","R","M","T","R","?","M","E","?","R","B",null,"M","M","$","?","M","R","E","R","T","?","R","M","R","M","R","B",null,"M","M","$","?","?","E","M","?","T","R","$","M","R","M","R","B",null],"character_chosen":"YOUMU","items_purchased":["HumanGodSword","Sling","FourBirthsSword","Bronze Scales","HumanGodSword"],"campfire_rested":3,"item_purchase_floors":[20,20,37,37,45],"current_hp_per_floor":[68,68,68,68,66,44,44,41,41,41,26,26,19,19,41,7,75,73,63,63,63,54,54,41,41,41,41,41,31,53,49,49,40,75,67,47,47,47,47,49,51,51,51,51,51,46,46,59,75,69],"gold":49,"neow_bonus":"ONE_RARE_RELIC","is_daily":false,"chose_seed":false,"campfire_upgraded":3,"win_rate":0.0,"timestamp":1611286523,"path_taken":["M","?","?","?","M","E","R","M","T","R","?","M","E","?","R","BOSS","M","M","?","?","M","R","E","R","T","?","R","M","R","?","R","BOSS","M","M","$","?","?","E","?","?","T","R","$","M","R","M","R","BOSS"],"items_purchased_type":["Card","Relic","Card","Relic","Card"],"build_version":"2020-12-22","purchased_purges":3,"victory":true,"max_hp_per_floor":[75,75,75,75,75,75,75,75,75,75,75,75,75,75,75,75,75,75,75,75,75,75,75,75,75,75,75,75,75,75,75,75,75,75,75,75,75,75,75,75,75,75,75,75,75,75,75,75,75,75],"card_choices":[{"not_picked":["DispleasureOfTheSevenHakus","AsTheSilentNirvana"],"picked":"CrescentMoonSlash","floor":1.0},{"not_picked":["LowerRealmReflectionSlash","TwoHundredYojanaInOneSlash"],"picked":"SlashOfMeditation","floor":5.0},{"not_picked":["CrescentMoonSlash","HiganSword"],"picked":"SwordExtraction","floor":6.0},{"not_picked":["LowerRealmReflectionSlash","GhostSword"],"picked":"HumanKnowledgeSword","floor":8.0},{"not_picked":["SanzenSekai","SlashOfMeditation"],"picked":"HellFireSword","floor":12.0},{"not_picked":["FiveSignsOfTheDyingDeva","SlashClearingTheSixSenses"],"picked":"LightFlashOfTheNetherworld","floor":13.0},{"not_picked":["SuddenDivineSeveringOfKarmicWind","FastingOfTheYoungPreta"],"picked":"ASingleThoughtAndInfiniteKalpas","floor":16.0},{"not_picked":["ThreeKonsSevenHakus","BloodOfAsura+1"],"picked":"TurningAngelCut","floor":18.0},{"not_picked":["CrescentMoonSlash","LifeCuttingSword"],"picked":"ObsessionWithThePresentWorld","floor":19.0},{"not_picked":["LifeCuttingSword","LowerRealmReflectionSlash+1"],"picked":"EchoesOfTheInclemencyOfAllBeings+1","floor":22.0},{"not_picked":["SpiritCuttingSword","ASingleThoughtAndInfiniteKalpas"],"picked":"HeavenlyHaloSlash","floor":24.0},{"not_picked":["EchoesOfTheInclemencyOfAllBeings","KarmicPunishmentOfTheIdleAndUnfocused"],"picked":"PretaSword","floor":29.0},{"not_picked":["ThreeKonsSevenHakus","DispleasureOfTheSevenHakus"],"picked":"TenKingsRetributionOnThePreta","floor":31.0},{"not_picked":["HeavenSword","CherryBlossomSword"],"picked":"VoidnessSword","floor":33.0},{"not_picked":["SwordOfBindingDesires+1","SlashOfMeditation","SanzenSekai+1"],"picked":"SKIP","floor":35.0},{"not_picked":["TwoHundredYojanaInOneSlash","ThoughtCuttingSword+1"],"picked":"SlashOfAscensionToBuddhahood+1","floor":36.0},{"not_picked":["SanzenSekai+1","HellRealmSword","LifeCuttingSword"],"picked":"SKIP","floor":40.0},{"not_picked":["ConstancyOfTheConventionalTruth+1","CrescentMoonSlash+1"],"picked":"ThreeKonsSevenHakus+1","floor":41.0},{"not_picked":["FourBirthsSword+1","SlashOfMeditation+1","CrescentMoonSlash"],"picked":"SKIP","floor":46},{"not_picked":["DispleasureOfTheSevenHakus","SpiritCuttingSword+1"],"picked":"CrescentMoonSlash+1","floor":48}],"player_experience":298281,"relics_obtained":[{"floor":6.0,"key":"Omamori"},{"floor":9.0,"key":"War Paint"},{"floor":13.0,"key":"Smiling Mask"},{"floor":24.0,"key":"Bird Faced Urn"},{"floor":26.0,"key":"Art of War"},{"floor":40.0,"key":"Bottled Lightning"},{"floor":43,"key":"Gremlin Horn"}],"event_choices":[{"damage_healed":0.0,"max_hp_gain":0.0,"max_hp_loss":0.0,"gold_gain":0.0,"event_name":"Golden Idol","player_choice":"Take Wound","floor":2.0,"gold_loss":0.0,"damage_taken":0.0,"relics_obtained":["Golden Idol"],"cards_obtained":["Injury"]},{"damage_healed":0.0,"max_hp_gain":0.0,"max_hp_loss":0.0,"gold_gain":0.0,"event_name":"Big Fish","player_choice":"Box","floor":3.0,"gold_loss":0.0,"damage_taken":0.0,"relics_obtained":["Toy Ornithopter"],"cards_obtained":["Regret"]},{"damage_healed":0.0,"max_hp_gain":0.0,"max_hp_loss":0.0,"gold_gain":0.0,"event_name":"Shining Light","player_choice":"Entered Light","floor":11.0,"gold_loss":0.0,"damage_taken":15.0,"cards_upgraded":["SlashOfMeditation","WheelOfPainOfLivingAndDead"]},{"damage_healed":0.0,"max_hp_gain":0.0,"max_hp_loss":0.0,"gold_gain":0.0,"event_name":"Accursed Blacksmith","player_choice":"Forge","floor":14.0,"gold_loss":0.0,"damage_taken":0.0,"cards_upgraded":["CrescentMoonSlash"]},{"damage_healed":0.0,"max_hp_gain":0.0,"max_hp_loss":0.0,"gold_gain":0.0,"event_name":"Addict","player_choice":"Stole Relic","floor":21.0,"gold_loss":0.0,"damage_taken":0.0,"relics_obtained":["Boot"],"cards_obtained":["Shame"]},{"damage_healed":0.0,"max_hp_gain":0.0,"max_hp_loss":0.0,"gold_gain":0.0,"event_name":"WeMeetAgain","player_choice":"Gave Potion","floor":27.0,"gold_loss":0.0,"damage_taken":0.0,"relics_obtained":["Centennial Puzzle"]},{"cards_removed":["HellFireSword"],"damage_healed":0.0,"max_hp_gain":0.0,"max_hp_loss":0.0,"gold_gain":0.0,"event_name":"Falling","player_choice":"Removed Power","floor":38.0,"gold_loss":0.0,"damage_taken":0.0},{"cards_removed":["Injury"],"damage_healed":0.0,"max_hp_gain":0.0,"max_hp_loss":0.0,"gold_gain":0.0,"event_name":"Purifier","player_choice":"Purged","floor":39.0,"gold_loss":0.0,"damage_taken":0.0},{"damage_healed":0,"gold_gain":0,"player_choice":"2 cards matched","damage_taken":0,"max_hp_gain":0,"max_hp_loss":0,"event_name":"Match and Keep!","floor":42,"gold_loss":0,"cards_obtained":["BizarrenessOfSixRealms","IrresoluteSoul"]}],"is_beta":false,"boss_relics":[{"not_picked":["Calling Bell","SacredBark"],"picked":"Astrolabe"},{"not_picked":["Tiny House","Velvet Choker"],"picked":"Philosopher\u0027s Stone"}],"items_purged_floors":[20,37,45],"is_endless":false,"potions_floor_spawned":[1,8,12,18,19,29,33,36,40],"ascension_level":3}}