{"host":"tm3ghj8mno6gwywm","time":1611306942,"event":{"mods":["2.2 Compatiblity","AchievementEnabler","Bard","BaseMod","Beaked The Cultist","Better Third Choice","Colored Map","Colored Powertips","Conspire","Downfall","Glutton Mod","GungeonMod","Halation","Hermit","Hubris","Infinite Spire","Jorbs\u0027s Wanderer Trilogy","Mad Scientist","Marisa????????","Marked Mod","Mimic Mod","Minty Spire (QoL Compilation)","Potionbrewer","Quick Restart","Shade Mod","Shop Mod","Somnambulant","Spicy Shops","StSLib","SuperFastMode","The Bug Knight","The Construct","The Cursed","The Disciple","The Hierophant","The IronCluck","The Judge","The Jungle","The Necromancer","The Runesmith","The Servant 0.9.4","egg"],"gold_per_floor":[99,109,29,29,14,43,43,43,78,78,78,78,78,92,103,222,222,22,40,63,63,26,26,99,121,149,149,49,61,61,77,95,215,215,215,236,253,71,92,23,46,46,88,88,88,103,123,123,145,147,147,147],"floor_reached":50,"language":"ENG","playtime":1644,"items_purged":["Parasite"],"score":582,"play_id":"6e3c0076-c1ec-420e-b6bf-f42e7e2bdc90","local_time":"20210122041542","is_ascension_mode":false,"campfire_choices":[{"floor":1,"key":"RECALL"},{"floor":8,"key":"REST"},{"data":"bronze:Goto","floor":13,"key":"SMITH"},{"data":"bronze:Replicate","floor":18,"key":"SMITH"},{"floor":23,"key":"REST"},{"data":"bronze:Defend","floor":28,"key":"SMITH"},{"data":"bronze:Defend","floor":30,"key":"SMITH"},{"data":"bronze:Defend","floor":35,"key":"SMITH"},{"floor":42,"key":"REST"},{"floor":45,"key":"REST"}],"circlet_count":0,"master_deck":["bronze:Strike","bronze:Strike","bronze:Strike","bronze:Defend","bronze:Defend+1","bronze:Defend+1","bronze:Defend+1","bronze:Replicate+1","bronze:Goto+1","bronze:Overheat+1","bronze:Philosophize+1","bronze:BronzeOrb+1","bronze:WildBeam+1","bronze:Flail+1","bronze:DarkDash+1","bronze:Refactor+1","bronze:Frontload+1","bronze:Repulsor+1","bronze:ShipIt+1","bronze:WildBeam+1","bronze:Philosophize+1","bronze:ForLoop+1","bronze:BuggyMess+1","bronze:DelayedSlice+1","bronze:Fortify+1","bronze:Safeguard+1","bronze:BugBarrage+1","bronze:BuggyMess+1","bronze:RecursiveStrike+1","bronze:Deprecate+1","bronze:BronzeArmor+1","bronze:Turbo+1","bronze:ClassDefault+1","bronze:Allocate+1","bronze:Boost+1","bronze:DelayedSlice+1","Shame","bronze:InfiniteLoop+1","bronze:Iterate+1","bronze:BuggyMess+1","bronze:InfiniteBeams+1","bronze:Shield+1","bronze:Turbo+1","bronze:Separator+1","bronze:GetLatest+1"],"relics":["bronze:BronzeCore","Membership Card","Frozen Egg 2","Toxic Egg 2","Molten Egg 2","Black Star","Mummified Hand","Lizard Tail","WingedGreaves","Lantern","DemoMod:Antibody","bronze:ProtectiveGoggles","HollowMod:StagPassRelic","halation:IllGainedPizza","downfall:HeartBlessingRed","downfall:HeartBlessingGreen","DemoMod:OrangeGuonStone","downfall:HeartBlessingBlue","halation:PromiseList","sneckomod:BlankCard","Letter Opener","Toolbox","Omamori","Bag of Marbles","halation:AfternoonTea","Guardian:PocketSentry"],"acts_visited":["Exordium","TheCity","TheBeyond"],"potions_floor_usage":[16,16,33,33,33,38,50],"damage_taken":[{"damage":2,"enemies":"conspire:RoseBush","floor":2,"turns":3},{"damage":0,"enemies":"downfall:FleeingMerchant","floor":3,"turns":4},{"damage":5,"enemies":"downfall:FleeingMerchant","floor":5,"turns":4},{"damage":15,"enemies":"Gremlin Nob","floor":6,"turns":3},{"damage":9,"enemies":"HollowMod:MossKnight","floor":9,"turns":6},{"damage":0,"enemies":"Small Slimes","floor":14,"turns":1},{"damage":0,"enemies":"Cultist","floor":15,"turns":3},{"damage":126,"enemies":"DF_ARCHETYPE_STREAMLINE","floor":16,"turns":15},{"damage":9,"enemies":"Chosen","floor":19,"turns":2},{"damage":25,"enemies":"conspire:FuzzyDice","floor":20,"turns":5},{"damage":0,"enemies":"downfall:FleeingMerchant","floor":22,"turns":4},{"damage":9,"enemies":"Snake Plant","floor":25,"turns":2},{"damage":0,"enemies":"Chosen and Byrds","floor":26,"turns":4},{"damage":0,"enemies":"Centurion and Healer","floor":29,"turns":3},{"damage":0,"enemies":"Shelled Parasite and Fungi","floor":31,"turns":2},{"damage":20,"enemies":"conspire:HollyBat","floor":32,"turns":8},{"damage":38,"enemies":"SI_MIRROR_ARCHETYPE","floor":33,"turns":10},{"damage":0,"enemies":"Orb Walker","floor":36,"turns":4},{"damage":0,"enemies":"3 Shapes","floor":37,"turns":3},{"damage":0,"enemies":"downfall:FleeingMerchant","floor":38,"turns":4},{"damage":30,"enemies":"Writhing Mass","floor":39,"turns":8},{"damage":0,"enemies":"downfall:FleeingMerchant","floor":40,"turns":4},{"damage":48,"enemies":"Reptomancer","floor":43,"turns":5},{"damage":0,"enemies":"Jaw Worm Horde","floor":46,"turns":4},{"damage":27,"enemies":"Sphere and 2 Shapes","floor":47,"turns":4},{"damage":14,"enemies":"3 Darklings","floor":49,"turns":3},{"damage":64,"enemies":"IC_BLOCK_ARCHETYPE","floor":50,"turns":4}],"seed_played":"-3214676612516916982","potions_obtained":[{"floor":6,"key":"SteroidPotion"},{"floor":9,"key":"LiquidMemories"},{"floor":14,"key":"Regen Potion"},{"floor":19,"key":"Block Potion"},{"floor":25,"key":"Fire Potion"},{"floor":32,"key":"AttackPotion"},{"floor":33,"key":"hexamod:SoulburnPotion"},{"floor":39,"key":"PowerPotion"},{"floor":46,"key":"potionbrewer:DiscountPotion"},{"floor":47,"key":"Regen Potion"}],"is_trial":false,"path_per_floor":["R","M","$","?","$","E","T","R","E","?","?","?","R","M","M","B",null,"R","M","M","?","$","R","T","M","M","?","R","M","R","M","M","B",null,"R","M","M","$","M","$","T","R","E","?","R","M","M","?","M","B"],"character_chosen":"THE_AUTOMATON","items_purchased":["bronze:WildBeam+1","Lantern","bronze:BuggyMess+1","bronze:ClassDefault+1","bronze:Allocate+1","halation:PromiseList","sneckomod:BlankCard","bronze:InfiniteLoop+1","bronze:Iterate+1","Letter Opener","Toolbox","bronze:BuggyMess+1","bronze:InfiniteBeams+1"],"campfire_rested":4,"item_purchase_floors":[3,3,22,38,38,38,40,40,40,40,40,40,40],"current_hp_per_floor":[70,68,68,68,63,48,48,70,61,61,61,61,61,61,61,52,70,70,61,36,36,36,57,57,48,48,70,80,80,80,80,60,22,80,80,80,80,80,50,50,50,77,29,29,52,68,41,77,63,0,0,0],"gold":147,"neow_bonus":"THREE_CARDS","is_daily":false,"chose_seed":false,"campfire_upgraded":5,"win_rate":0.0,"timestamp":1611306942,"path_taken":["R","M","$","?","$","E","T","R","E","?","?","?","R","M","M","BOSS","R","M","M","?","$","R","T","?","M","?","R","M","R","M","M","BOSS","R","M","M","?","M","$","T","R","E","?","R","M","?","?","M","BOSS"],"items_purchased_type":["Card","Relic","Card","Card","Card","Relic","Relic","Card","Card","Relic","Relic","Card","Card"],"build_version":"2020-12-22","purchased_purges":1,"victory":false,"max_hp_per_floor":[70,70,70,70,70,70,70,70,70,70,70,70,70,70,70,70,70,70,70,70,70,70,70,70,70,70,70,80,80,80,80,80,80,80,80,80,80,80,80,77,77,77,77,77,77,77,77,77,77,77,77,77],"card_choices":[{"not_picked":["bronze:Allocate","bronze:BronzeArmor"],"picked":"bronze:Overheat","floor":0},{"not_picked":["bronze:Backtrace+1","bronze:Invalidate+1"],"picked":"bronze:Philosophize+1","floor":2},{"not_picked":["bronze:Invalidate+1","bronze:FineTuning+1"],"picked":"bronze:BronzeOrb+1","floor":3},{"not_picked":["bronze:Optimize+1","bronze:Invalidate+1"],"picked":"bronze:Flail+1","floor":5},{"not_picked":["bronze:NullPointer+1","bronze:Optimize+1"],"picked":"bronze:DarkDash+1","floor":6},{"not_picked":["bronze:CutThrough+1","bronze:BitShift+1"],"picked":"bronze:Refactor+1","floor":9},{"not_picked":["bronze:FineTuning+1","bronze:Terminator+1"],"picked":"bronze:Frontload+1","floor":14},{"not_picked":["bronze:Hardcode+1","bronze:Deprecate+1"],"picked":"bronze:Repulsor+1","floor":15},{"not_picked":["bronze:Mutator+1","bronze:SpaghettiCode+1"],"picked":"bronze:ShipIt+1","floor":16},{"not_picked":["bronze:Iterate+1","bronze:CutThrough+1"],"picked":"bronze:WildBeam+1","floor":19},{"not_picked":["bronze:CutThrough+1","bronze:Flail+1"],"picked":"bronze:Philosophize+1","floor":20},{"not_picked":["bronze:WildBeam+1","bronze:Turbo+1"],"picked":"bronze:ForLoop+1","floor":22},{"not_picked":["bronze:BuggyMess+1","bronze:BronzeOrb+1"],"picked":"bronze:DelayedSlice+1","floor":25},{"not_picked":["bronze:Invalidate+1","bronze:Philosophize+1"],"picked":"bronze:Fortify+1","floor":26},{"not_picked":["bronze:Optimize+1","bronze:FollowUp+1"],"picked":"bronze:Safeguard+1","floor":29},{"not_picked":["bronze:Branch+1","bronze:CutThrough+1"],"picked":"bronze:BugBarrage+1","floor":31},{"not_picked":["bronze:Separator+1","bronze:Shell+1"],"picked":"bronze:BuggyMess+1","floor":32},{"not_picked":["bronze:Hardcode+1","bronze:ShipIt+1"],"picked":"bronze:RecursiveStrike+1","floor":33},{"not_picked":["bronze:Overheat+1","bronze:Fortify+1"],"picked":"bronze:Deprecate+1","floor":36},{"not_picked":["bronze:Branch+1","bronze:CutThrough+1"],"picked":"bronze:BronzeArmor+1","floor":37},{"not_picked":["bronze:Deprecate+1","bronze:GetLatest+1"],"picked":"bronze:Turbo+1","floor":38},{"not_picked":["bronze:Invalidate+1","bronze:Shell+1"],"picked":"bronze:Boost+1","floor":39},{"not_picked":["bronze:WildBeam+1","bronze:Overheat+1"],"picked":"bronze:DelayedSlice+1","floor":40},{"not_picked":["bronze:FindAndReplace+1","bronze:Overheat+1"],"picked":"bronze:Shield+1","floor":43},{"not_picked":["bronze:Constructor+1","bronze:Overheat+1"],"picked":"bronze:Turbo+1","floor":46},{"not_picked":["bronze:ForLoop+1","bronze:Terminator+1"],"picked":"bronze:Separator+1","floor":47},{"not_picked":["bronze:Separator+1","bronze:CloningBeam+1"],"picked":"bronze:GetLatest+1","floor":49}],"player_experience":825320,"relics_obtained":[{"floor":6,"key":"DemoMod:Antibody"},{"floor":6,"key":"bronze:ProtectiveGoggles"},{"floor":9,"key":"HollowMod:StagPassRelic"},{"floor":9,"key":"halation:IllGainedPizza"},{"floor":24,"key":"DemoMod:OrangeGuonStone"},{"floor":41,"key":"Omamori"},{"floor":43,"key":"Bag of Marbles"},{"floor":43,"key":"halation:AfternoonTea"},{"floor":44,"key":"Guardian:PocketSentry"}],"event_choices":[{"damage_healed":0,"gold_gain":0,"player_choice":"Disagree","damage_taken":0,"max_hp_gain":0,"max_hp_loss":0,"event_name":"conspire:LoneGhost","floor":12,"gold_loss":0},{"damage_healed":22,"gold_gain":0,"player_choice":"Full Heal","damage_taken":0,"max_hp_gain":0,"max_hp_loss":0,"event_name":"Wheel of Change","floor":27,"gold_loss":0},{"damage_healed":0,"gold_gain":0,"player_choice":"Relic","damage_taken":0,"max_hp_gain":0,"max_hp_loss":0,"event_name":"Wheel of Change","floor":44,"gold_loss":0}],"is_beta":false,"boss_relics":[{"not_picked":["Velvet Choker","conspire:RunicOctahedron","infinitespire:Cupcake"]},{"not_picked":["beaked:MawFillet","conspire:SlowCooker","Busted Crown"]}],"items_purged_floors":[40],"is_endless":false,"potions_floor_spawned":[6,9,14,15,19,25,32,33,39,46,47],"killed_by":"IC_BLOCK_ARCHETYPE","ascension_level":0}}