{"host":"f0gpob8hq9vgebej","time":1611292963,"event":{"mods":["AchievementEnabler","BaseMod","Minty Spire (QoL Compilation)","Quick Restart","SuperFastMode"],"gold_per_floor":[113,132,149,164,164,195,195,195,195],"floor_reached":8,"language":"KOR","playtime":171,"items_purged":[],"score":81,"play_id":"7529f13b-3b9c-4d18-916e-aefc90145525","local_time":"20210122142243","is_ascension_mode":true,"campfire_choices":[{"data":"Blade Dance","floor":7,"key":"SMITH"}],"circlet_count":0,"master_deck":["Strike_G","Strike_G","Strike_G","Strike_G","Strike_G","Defend_G","Defend_G","Defend_G","Defend_G","Defend_G","Survivor","Neutralize","Tools of the Trade","Poisoned Stab","Flying Knee","Escape Plan","Blade Dance+1"],"relics":["Ring of the Snake","Dead Branch"],"acts_visited":["Exordium"],"potions_floor_usage":[6],"damage_taken":[{"damage":1,"enemies":"2 Louse","floor":1,"turns":3},{"damage":1,"enemies":"Jaw Worm","floor":2,"turns":4},{"damage":0,"enemies":"Cultist","floor":3,"turns":4},{"damage":9,"enemies":"Blue Slaver","floor":4,"turns":5},{"damage":32,"enemies":"Gremlin Nob","floor":6,"turns":5},{"damage":24,"enemies":"3 Sentries","floor":8,"turns":4}],"seed_played":"-6530672333269919025","potions_obtained":[{"floor":2,"key":"SpeedPotion"},{"floor":4,"key":"DistilledChaos"},{"floor":6,"key":"BlessingOfTheForge"}],"is_trial":false,"path_per_floor":["M","M","M","M","?","E","R","E"],"character_chosen":"THE_SILENT","items_purchased":[],"campfire_rested":0,"item_purchase_floors":[],"current_hp_per_floor":[62,61,61,52,52,20,20,0,0],"gold":195,"neow_bonus":"ONE_RANDOM_RARE_CARD","is_daily":false,"chose_seed":false,"campfire_upgraded":1,"win_rate":0.0,"timestamp":1611292963,"path_taken":["M","M","M","M","?","E","R","E"],"items_purchased_type":[],"build_version":"2020-12-22","purchased_purges":0,"victory":false,"max_hp_per_floor":[70,70,70,70,70,70,70,70,70],"card_choices":[{"not_picked":["Masterful Stab","All Out Attack"],"picked":"Poisoned Stab","floor":1},{"not_picked":["Skewer","Expertise"],"picked":"Flying Knee","floor":2},{"not_picked":["Poisoned Stab","Dagger Throw","All Out Attack"],"picked":"SKIP","floor":3},{"not_picked":["Predator","All Out Attack"],"picked":"Escape Plan","floor":4},{"not_picked":["Setup","Deadly Poison"],"picked":"Blade Dance","floor":6}],"player_experience":203857,"relics_obtained":[{"floor":6,"key":"Dead Branch"}],"event_choices":[{"damage_healed":0,"gold_gain":0,"player_choice":"Ignored","damage_taken":0,"max_hp_gain":0,"max_hp_loss":0,"event_name":"Golden Idol","floor":5,"gold_loss":0}],"is_beta":false,"boss_relics":[],"items_purged_floors":[],"is_endless":false,"potions_floor_spawned":[2,4,6],"killed_by":"3 Sentries","ascension_level":8}}