{"host":"p9t7qd83igtcp2bh","time":1611356961,"event":{"mods":["2.2 Compatiblity","AchievementEnabler","BaseMod","Colored Map","Colored Powertips","Custom Start","DeckTracker","Keyboard Shortcuts","Minty Spire (QoL Compilation)","Permanent Neow","StSLib","SuperFastMode","everything is the same but u backflip on backflip"],"gold_per_floor":[20,32,32,44,44,79,79,96,148,148,174,242,242,252,252,329,329,344,358,16,28,28,41,41,41],"floor_reached":24,"language":"KOR","playtime":855,"items_purged":["Strike_B"],"score":416,"play_id":"1a48b329-6b43-42cb-97d3-4ca63629aeb3","local_time":"20210123080921","is_ascension_mode":true,"campfire_choices":[{"data":"Apotheosis","floor":7.0,"key":"SMITH"},{"data":"Skim","floor":10.0,"key":"SMITH"},{"floor":15.0,"key":"REST"}],"circlet_count":0,"master_deck":["AscendersBane","Defend_B","Defend_B","Defend_B","Zap","Dualcast","Apotheosis+1","Beam Cell","Leap","Echo Form","Cold Snap","Core Surge","Skim+1","Cold Snap","Hologram","Buffer","Skim+1","Glacier+1","Blizzard+1","Reboot"],"relics":["Cracked Core","InkBottle","Strawberry","Anchor","Singing Bowl","Astrolabe","Eternal Feather"],"acts_visited":["Exordium","TheCity"],"potions_floor_usage":[19,24],"damage_taken":[{"damage":0.0,"enemies":"Small Slimes","floor":1.0,"turns":2.0},{"damage":12.0,"enemies":"Jaw Worm","floor":2.0,"turns":2.0},{"damage":0.0,"enemies":"Cultist","floor":4.0,"turns":3.0},{"damage":27.0,"enemies":"3 Sentries","floor":6.0,"turns":9.0},{"damage":0.0,"enemies":"Large Slime","floor":8.0,"turns":3.0},{"damage":24.0,"enemies":"Lagavulin","floor":11.0,"turns":6.0},{"damage":0.0,"enemies":"Exordium Wildlife","floor":14.0,"turns":5.0},{"damage":17.0,"enemies":"Slime Boss","floor":16.0,"turns":14.0},{"damage":0.0,"enemies":"Chosen","floor":18.0,"turns":6.0},{"damage":23,"enemies":"3 Byrds","floor":19,"turns":7},{"damage":4,"enemies":"Centurion and Healer","floor":21,"turns":11},{"damage":0,"enemies":"Snake Plant","floor":23,"turns":5},{"damage":50,"enemies":"Slavers","floor":24,"turns":6}],"seed_played":"6072906307506902579","potions_obtained":[{"floor":6.0,"key":"Energy Potion"},{"floor":11.0,"key":"Dexterity Potion"},{"floor":16.0,"key":"BlessingOfTheForge"},{"floor":23,"key":"Weak Potion"}],"is_trial":false,"path_per_floor":["M","M","?","M","?","E","R","M","T","R","E","?","T","M","R","B",null,"M","M","$","M","?","M","E"],"character_chosen":"DEFECT","items_purchased":["Eternal Feather"],"campfire_rested":1,"item_purchase_floors":[20],"current_hp_per_floor":[64,52,52,52,52,25,25,25,32,32,8,8,8,8,31,14,62,64,43,43,41,41,41,0,0],"gold":41,"neow_bonus":"RANDOM_COLORLESS_2","is_daily":false,"chose_seed":false,"campfire_upgraded":2,"win_rate":0.0,"timestamp":1611356961,"path_taken":["M","M","?","M","?","E","R","?","T","R","E","?","?","M","R","BOSS","M","M","$","M","?","M","E"],"items_purchased_type":["Relic"],"build_version":"2020-12-22","purchased_purges":1,"victory":false,"max_hp_per_floor":[71,71,71,71,71,71,71,71,78,78,78,78,78,78,78,78,78,80,82,82,84,84,84,84,84],"card_choices":[{"not_picked":["Secret Weapon","Sadistic Nature"],"picked":"Apotheosis","floor":0.0},{"not_picked":["Steam Power","Barrage"],"picked":"Beam Cell","floor":1.0},{"not_picked":["Turbo","Recycle"],"picked":"Leap","floor":2.0},{"not_picked":["Gash","Go for the Eyes"],"picked":"Cold Snap","floor":4.0},{"not_picked":["Compile Driver","Stack"],"picked":"Core Surge","floor":6.0},{"not_picked":["Recycle","Steam"],"picked":"Skim","floor":8.0},{"not_picked":["Loop","Leap"],"picked":"Cold Snap","floor":11.0},{"not_picked":["Turbo","Hello World"],"picked":"Hologram","floor":14.0},{"not_picked":["Creative AI","Multi-Cast"],"picked":"Buffer","floor":16.0},{"not_picked":["Compile Driver","Gash","Go for the Eyes"],"picked":"Singing Bowl","floor":18.0},{"not_picked":["Sweeping Beam","Go for the Eyes","Chaos"],"picked":"Singing Bowl","floor":19},{"not_picked":["Redo","Stack","Melter"],"picked":"Singing Bowl","floor":21},{"not_picked":["Storm","Cold Snap"],"picked":"Reboot","floor":23}],"player_experience":668217,"relics_obtained":[{"floor":6.0,"key":"InkBottle"},{"floor":9.0,"key":"Strawberry"},{"floor":11.0,"key":"Anchor"},{"floor":13.0,"key":"Singing Bowl"}],"event_choices":[{"damage_healed":0.0,"max_hp_gain":0.0,"max_hp_loss":0.0,"gold_gain":0.0,"cards_transformed":["Strike_B"],"event_name":"Living Wall","player_choice":"Change","floor":3.0,"gold_loss":0.0,"damage_taken":0.0,"cards_obtained":["Echo Form"]},{"damage_healed":0.0,"max_hp_gain":0.0,"max_hp_loss":0.0,"gold_gain":0.0,"event_name":"WeMeetAgain","player_choice":"Ignored","floor":5.0,"gold_loss":0.0,"damage_taken":0.0},{"damage_healed":0.0,"max_hp_gain":0.0,"max_hp_loss":0.0,"gold_gain":68.0,"event_name":"Golden Wing","player_choice":"Gained Gold","floor":12.0,"gold_loss":0.0,"damage_taken":0.0},{"damage_healed":0,"gold_gain":0,"player_choice":"Ignored","damage_taken":0,"max_hp_gain":0,"max_hp_loss":0,"event_name":"Ghosts","floor":22,"gold_loss":0}],"is_beta":false,"boss_relics":[{"not_picked":["Inserter","Empty Cage"],"picked":"Astrolabe"}],"items_purged_floors":[20],"is_endless":false,"potions_floor_spawned":[6,11,16,23],"killed_by":"Slavers","ascension_level":20}}