{"host":"nbmmy2ys5j9alw05","time":1611285328,"event":{"mods":["AchievementEnabler","BaseMod","Bestiary","Better Vampires","Colored Map","Colored Powertips","Googly Eyes","Minty Spire (QoL Compilation)","Quick Restart","StSLib","The Hierophant","The IronCluck","everything is the same but u backflip on backflip"],"gold_per_floor":[112,112,17,31,31,31,42,56,80,90,165,185,220,94,94,195,195,195,195],"floor_reached":18,"language":"ENG","playtime":511,"items_purged":["Strike_B","Strike_B"],"score":240,"play_id":"14a28b1f-9d18-4247-967d-31fb0c9755f8","local_time":"20210121191528","is_ascension_mode":true,"campfire_choices":[{"data":"Zap","floor":6,"key":"SMITH"},{"data":"Machine Learning","floor":15,"key":"SMITH"}],"circlet_count":0,"master_deck":["AscendersBane","Strike_B","Strike_B","Defend_B","Defend_B","Defend_B","Defend_B","Zap+1","Dualcast","Sunder+1","Leap","Streamline","Undo","Machine Learning+1","Glacier","Recycle","FTL","Biased Cognition"],"relics":["Cracked Core","Smiling Mask","Juzu Bracelet","Bottled Flame","Odd Mushroom","Blood Vial","Fusion Hammer"],"acts_visited":["Exordium","TheCity"],"potions_floor_usage":[13,16,17],"damage_taken":[{"damage":0,"enemies":"2 Louse","floor":1,"turns":3},{"damage":9,"enemies":"Jaw Worm","floor":4,"turns":3},{"damage":1,"enemies":"Cultist","floor":7,"turns":3},{"damage":2,"enemies":"Exordium Thugs","floor":8,"turns":3},{"damage":5,"enemies":"2 Fungi Beasts","floor":10,"turns":3},{"damage":8,"enemies":"The Mushroom Lair","floor":12,"turns":5},{"damage":10,"enemies":"Gremlin Nob","floor":13,"turns":4},{"damage":8,"enemies":"Slime Boss","floor":16,"turns":11},{"damage":12,"enemies":"3 Byrds","floor":18,"turns":3}],"seed_played":"-1088088192017912491","potions_obtained":[{"floor":8,"key":"Weak Potion"},{"floor":13,"key":"LiquidMemories"},{"floor":16,"key":"Fruit Juice"}],"is_trial":false,"path_per_floor":["M","?","$","M","?","R","M","M","T","M","T","?","E","$","R","B",null,"M"],"character_chosen":"DEFECT","items_purchased":["Leap","FTL"],"campfire_rested":0,"item_purchase_floors":[3,14],"current_hp_per_floor":[68,73,73,64,64,64,63,61,61,56,56,48,38,38,38,32,73,63,63],"gold":195,"neow_bonus":"RANDOM_COMMON_RELIC","is_daily":false,"chose_seed":false,"campfire_upgraded":2,"win_rate":0.0,"timestamp":1611285328,"path_taken":["M","?","$","M","?","R","?","M","T","M","?","?","E","$","R","BOSS","M"],"items_purchased_type":["Card","Card"],"build_version":"2020-12-22","purchased_purges":2,"victory":false,"max_hp_per_floor":[75,80,80,80,80,80,80,80,80,80,80,80,80,80,80,80,85,85,85],"card_choices":[{"not_picked":["Streamline","Heatsinks"],"picked":"Sunder","floor":1},{"not_picked":["Auto Shields","Barrage"],"picked":"Streamline","floor":4},{"not_picked":["Streamline","Go for the Eyes"],"picked":"Undo","floor":7},{"not_picked":["Chaos","Tempest"],"picked":"Machine Learning","floor":8},{"not_picked":["Sunder","Rip and Tear"],"picked":"Glacier","floor":10},{"not_picked":["Redo","Gash"],"picked":"Recycle","floor":12},{"not_picked":["Ball Lightning","Go for the Eyes","Cold Snap"],"picked":"SKIP","floor":13},{"not_picked":["Creative AI","Rainbow"],"picked":"Biased Cognition","floor":16}],"player_experience":527144,"relics_obtained":[{"floor":9,"key":"Juzu Bracelet"},{"floor":11,"key":"Bottled Flame"},{"floor":12,"key":"Odd Mushroom"},{"floor":13,"key":"Blood Vial"}],"event_choices":[{"damage_healed":0,"gold_gain":0,"player_choice":"Donut","damage_taken":0,"max_hp_gain":5,"max_hp_loss":0,"event_name":"Big Fish","floor":2,"gold_loss":0},{"damage_healed":0,"gold_gain":0,"player_choice":"Upgraded","damage_taken":0,"max_hp_gain":0,"max_hp_loss":0,"event_name":"Upgrade Shrine","floor":5,"gold_loss":0,"cards_upgraded":["Sunder"]},{"damage_healed":0,"gold_gain":0,"player_choice":"Fought Mushrooms","damage_taken":0,"max_hp_gain":0,"max_hp_loss":0,"event_name":"Mushrooms","floor":12,"gold_loss":0}],"is_beta":false,"boss_relics":[{"not_picked":["Velvet Choker","SacredBark"],"picked":"Fusion Hammer"}],"items_purged_floors":[3,14],"is_endless":false,"potions_floor_spawned":[8,13,16],"killed_by":"3 Byrds","ascension_level":10}}