{"host":"njruw0b0uprlitpx","time":1611341696,"event":{"mods":["2.2 Compatiblity","Bartender","BaseMod","Better Altar","Better Match","Better Note","Better Sensory Stone","Better Skull","Better Third Choice","BetterRewards","Block Reminder","Colored Map","Colored Powertips","Energized Spire","Hermit","Jedi Mod","Keyboard Shortcuts","Minty Spire (QoL Compilation)","Quick Restart","Rare Cards Sparkle","Relic Stats","Replay The Spire","SacredBarkPlus","Spicy Shops","StSLib","SuperFastMode","The Blackbeard","The Bug Knight","The Construct","The Dragon Tamer","The Forsaken","The Mystic","The Necromancer"],"gold_per_floor":[118,118,15,15,15,15,55,55,128,169,169,193,217,237,237,357,357,370,388,388,388,388,431,445,445,445,463,463,484,3,3,3,128,128,153,153,169,15,348,348,360,391,416,416,434,447,42,77,77,77],"floor_reached":51,"language":"ENG","playtime":1945,"items_purged":["theForsaken:TheForsaken_Strike","Pain"],"score":1212,"play_id":"bb630598-8414-45b1-bffe-d38264a7fa5e","local_time":"20210122125456","is_ascension_mode":true,"campfire_choices":[{"data":"theForsaken:ShieldBash","floor":6.0,"key":"SMITH"},{"data":"theForsaken:HealingLight","floor":8.0,"key":"SMITH"},{"data":"theForsaken:FuryStrikes","floor":15.0,"key":"SMITH"},{"data":"theForsaken:Prudence","floor":25,"key":"SMITH"},{"floor":28,"key":"REST"},{"data":"theForsaken:WrathOfGod","floor":32,"key":"SMITH"},{"data":"theForsaken:WrathOfGod+1","floor":40,"key":"SMITH"},{"data":"theForsaken:Bolster","floor":49,"key":"SMITH"},{"data":"theForsaken:WrathOfGod+2","floor":49,"key":"SMITH"}],"circlet_count":0,"master_deck":["AscendersBane","theForsaken:TheForsaken_Strike","theForsaken:TheForsaken_Strike+1","theForsaken:TheForsaken_Strike","theForsaken:TheForsaken_Defend+1","theForsaken:TheForsaken_Defend","theForsaken:TheForsaken_Defend","theForsaken:Smite+1","theForsaken:Penitence","theForsaken:ShieldBash+1","theForsaken:HealingLight+1","theForsaken:FuryStrikes+1","theForsaken:Eulogy","theForsaken:Retribution","theForsaken:Riposte","theForsaken:PreciseStrike","Moonsault_Kick","theForsaken:Prudence+1","theForsaken:ScorchingSunlight","theForsaken:WrathOfGod+3","theForsaken:Bolster+1","Discovery","theForsaken:ShieldBash+1","theForsaken:Horror","theForsaken:Thunderbolt","theForsaken:Eulogy+1","theForsaken:DefensiveStance+1","theForsaken:InspiringBlow","theForsaken:Enfeeble+1","theForsaken:WordsOfMight","theForsaken:SiphonStrike+1"],"relics":["theForsaken:JudgementScales","NeowsBlessing","Replay:Towering Pillar of Hats","jedi:crownofsimplicity","HornCleat","Whetstone","Ornamental Fan","ChewingGum","Snack Pack","White Beast Statue","Cursed Key","Membership Card","Replay:Arrowhead","jedi:arcanewood","FossilizedHelix","Replay:Bottled Snecko","jedi:shrinkray"],"acts_visited":["Exordium","TheCity","TheBeyond"],"potions_floor_usage":[24,33,33,33,42,42,48,50],"damage_taken":[{"damage":0.0,"enemies":"Cultist","floor":1.0,"turns":1.0},{"damage":0.0,"enemies":"Lagavulin","floor":7.0,"turns":3.0},{"damage":0.0,"enemies":"Replay:BlueRogue","floor":10.0,"turns":1.0},{"damage":0.0,"enemies":"Jaw Worm","floor":12.0,"turns":3.0},{"damage":0.0,"enemies":"2 Louse","floor":13.0,"turns":2.0},{"damage":16.0,"enemies":"Large Slime","floor":14.0,"turns":4.0},{"damage":11.0,"enemies":"Slime Boss","floor":16.0,"turns":8.0},{"damage":0.0,"enemies":"Spheric Guardian","floor":18.0,"turns":3.0},{"damage":20.0,"enemies":"Shell Parasite","floor":19.0,"turns":5.0},{"damage":50,"enemies":"Slavers","floor":23,"turns":6},{"damage":16,"enemies":"Shelled Parasite and Fungi","floor":24,"turns":4},{"damage":15,"enemies":"Snake Plant","floor":27,"turns":4},{"damage":0,"enemies":"Snecko","floor":29,"turns":4},{"damage":47,"enemies":"Automaton","floor":33,"turns":13},{"damage":6,"enemies":"Orb Walker","floor":35,"turns":5},{"damage":0,"enemies":"3 Shapes","floor":37,"turns":4},{"damage":22,"enemies":"Maw","floor":41,"turns":8},{"damage":31,"enemies":"Giant Head","floor":42,"turns":10},{"damage":28,"enemies":"Spire Growth","floor":45,"turns":5},{"damage":36,"enemies":"Sphere and 2 Shapes","floor":46,"turns":8},{"damage":0,"enemies":"Nemesis","floor":48,"turns":7},{"damage":60,"enemies":"Donu and Deca","floor":50,"turns":15}],"seed_played":"-8815805172045791692","potions_obtained":[{"floor":10.0,"key":"Elixir"},{"floor":14.0,"key":"Dexterity Potion"},{"floor":16.0,"key":"Ancient Potion"},{"floor":23,"key":"EssenceOfSteel"},{"floor":27,"key":"SpeedPotion"},{"floor":29,"key":"Weak Potion"},{"floor":33,"key":"SpeedPotion"},{"floor":35,"key":"ColorlessPotion"},{"floor":41,"key":"Block Potion"},{"floor":42,"key":"SmokeBomb"},{"floor":48,"key":"jedi:hoardpotion"}],"is_trial":false,"path_per_floor":["M","T","$","?","?","R","E","R","T","E","T","M","M","M","R","B",null,"M","M","?","?","?","E","M","R","T","M","R","M","$","?","R","B",null,"M","?","M","$","?","R","M","E","T","?","M","M","$","E","R","B",null],"character_chosen":"THE_FORSAKEN","items_purchased":["SneckoOil","theForsaken:WrathOfGod","theForsaken:Bolster","Discovery","PowerPotion","Energy Potion","Membership Card","theForsaken:WordsOfMight","FossilizedHelix","Replay:Bottled Snecko","jedi:StrikingPotion"],"campfire_rested":1,"item_purchase_floors":[3,30,30,30,30,30,38,47,47,47,47],"current_hp_per_floor":[59,59,59,59,59,59,59,59,59,59,59,63,63,58,58,65,65,65,56,56,56,56,31,34,34,34,36,55,65,65,65,65,46,60,65,65,65,65,65,65,43,35,35,38,27,11,11,65,65,56],"gold":77,"neow_bonus":"THREE_ENEMY_KILL","is_daily":false,"chose_seed":false,"campfire_upgraded":8,"win_rate":0.0,"timestamp":1611341696,"path_taken":["M","?","$","?","?","R","E","R","T","E","?","M","?","M","R","BOSS","M","M","?","?","?","E","?","R","T","M","R","M","$","?","R","BOSS","M","?","?","$","?","R","M","E","T","?","M","M","$","E","R","BOSS"],"items_purchased_type":["Potion","Card","Card","Card","Potion","Potion","Relic","Card","Relic","Relic","Potion"],"build_version":"2020-12-22","purchased_purges":2,"victory":true,"max_hp_per_floor":[65,65,65,65,65,65,65,65,65,65,65,65,65,65,65,65,65,65,65,65,65,65,65,65,65,65,65,65,65,65,65,65,65,65,65,65,65,65,65,65,65,65,65,65,65,65,65,65,65,65],"relic_stats":{"counters":[25,132],"Ornamental Fan":[232],"Whetstone":["theForsaken:Smite","theForsaken:TheForsaken_Strike"],"Cursed Key":1,"obtain_stats":[{"NeowsBlessing":0,"Replay:Towering Pillar of Hats":2,"ReplayTheSpireMod:CursedCoin":2,"Golden Idol":4,"jedi:crownofsimplicity":7,"Whetstone":10,"Cursed Key":34,"White Beast Statue":26,"Replay:Arrowhead":42,"jedi:shrinkray":48,"HornCleat":9,"Ornamental Fan":11,"ChewingGum":17,"Snack Pack":23,"Membership Card":38,"Replay:Bottled Snecko":47,"theForsaken:JudgementScales":0,"jedi:arcanewood":43,"FossilizedHelix":47},{"NeowsBlessing":3,"Replay:Towering Pillar of Hats":4,"ReplayTheSpireMod:CursedCoin":1,"Golden Idol":4,"jedi:crownofsimplicity":5,"Whetstone":6,"Cursed Key":17,"White Beast Statue":14,"Replay:Arrowhead":21,"jedi:shrinkray":24,"HornCleat":5,"Ornamental Fan":6,"ChewingGum":10,"Snack Pack":13,"Membership Card":19,"Replay:Bottled Snecko":23,"theForsaken:JudgementScales":0,"jedi:arcanewood":21,"FossilizedHelix":23},{"NeowsBlessing":9,"Replay:Towering Pillar of Hats":10,"ReplayTheSpireMod:CursedCoin":1,"Golden Idol":10,"jedi:crownofsimplicity":13,"Whetstone":14,"Cursed Key":70,"White Beast Statue":49,"Replay:Arrowhead":97,"jedi:shrinkray":117,"HornCleat":13,"Ornamental Fan":14,"ChewingGum":31,"Snack Pack":45,"Membership Card":79,"Replay:Bottled Snecko":110,"theForsaken:JudgementScales":0,"jedi:arcanewood":97,"FossilizedHelix":110}]},"card_choices":[{"not_picked":["theForsaken:Parry","theForsaken:PowerUp"],"picked":"theForsaken:ShieldBash","floor":1.0},{"not_picked":["theForsaken:BlessedWeapon","theForsaken:WordOfPower"],"picked":"theForsaken:HealingLight","floor":7.0},{"not_picked":["theForsaken:Devotion","theForsaken:BattleHymn","theForsaken:BlightOfFamine"],"picked":"SKIP","floor":10.0},{"not_picked":["theForsaken:WardingHymn","theForsaken:RainingSunlight"],"picked":"theForsaken:FuryStrikes","floor":12.0},{"not_picked":["theForsaken:CreepingInfection","theForsaken:HorrifyingStrike","theForsaken:CorruptedWord"],"picked":"SKIP","floor":13.0},{"not_picked":["theForsaken:MagicWeapon","theForsaken:StoreUp"],"picked":"theForsaken:Eulogy","floor":14.0},{"not_picked":["theForsaken:FountainOfLife","theForsaken:CorruptDeck"],"picked":"theForsaken:Retribution","floor":16.0},{"not_picked":["theForsaken:NobleSacrifice","theForsaken:Thunderbolt+1"],"picked":"theForsaken:Riposte","floor":18.0},{"not_picked":["theForsaken:Thunderbolt","theForsaken:Backlash"],"picked":"theForsaken:PreciseStrike","floor":19.0},{"not_picked":["theForsaken:Riposte","theForsaken:Preservation+1","theForsaken:SpinAttack"],"picked":"SKIP","floor":23},{"not_picked":["theForsaken:BindingThorns","theForsaken:Parry"],"picked":"theForsaken:Prudence","floor":24},{"not_picked":["theForsaken:NobleSacrifice","theForsaken:ShieldCharge"],"picked":"theForsaken:ScorchingSunlight","floor":27},{"not_picked":["theForsaken:StoreUp+1","theForsaken:QuickAttack","theForsaken:PowerUp+1"],"picked":"SKIP","floor":29},{"not_picked":["theForsaken:Temperance","theForsaken:DivineGuidance"],"picked":"theForsaken:Horror","floor":33},{"not_picked":["theForsaken:QuickAttack+1","theForsaken:HymnOfPatience"],"picked":"theForsaken:Thunderbolt","floor":35},{"not_picked":["theForsaken:ScorchingSunlight+1","theForsaken:Terrorize+1"],"picked":"theForsaken:Eulogy+1","floor":37},{"not_picked":["theForsaken:Riposte+1","theForsaken:HorrifyingStrike+1"],"picked":"theForsaken:DefensiveStance+1","floor":41},{"not_picked":["theForsaken:ChargeAttack","theForsaken:StoreUp"],"picked":"theForsaken:InspiringBlow","floor":42},{"not_picked":["theForsaken:HorrifyingStrike","theForsaken:Backlash","theForsaken:ChargeAttack"],"picked":"SKIP","floor":45},{"not_picked":["theForsaken:Retribution","theForsaken:DarkBargain+1"],"picked":"theForsaken:Enfeeble+1","floor":46},{"not_picked":["theForsaken:DarkBargain+1","theForsaken:SpinAttack+1"],"picked":"theForsaken:SiphonStrike+1","floor":48}],"player_experience":1879671,"relics_obtained":[{"floor":2.0,"key":"Replay:Towering Pillar of Hats"},{"floor":7.0,"key":"jedi:crownofsimplicity"},{"floor":9.0,"key":"HornCleat"},{"floor":10.0,"key":"Whetstone"},{"floor":11.0,"key":"Ornamental Fan"},{"floor":23,"key":"Snack Pack"},{"floor":26,"key":"White Beast Statue"},{"floor":42,"key":"Replay:Arrowhead"},{"floor":43,"key":"jedi:arcanewood"},{"floor":48,"key":"jedi:shrinkray"}],"event_choices":[{"damage_healed":0.0,"max_hp_gain":0.0,"max_hp_loss":0.0,"gold_gain":0.0,"event_name":"Golden Idol","player_choice":"Take Wound","floor":4.0,"gold_loss":0.0,"damage_taken":0.0,"relics_obtained":["Golden Idol"],"cards_obtained":["Injury"]},{"cards_removed":["theForsaken:Smite"],"damage_healed":0.0,"max_hp_gain":0.0,"max_hp_loss":0.0,"gold_gain":0.0,"event_name":"betterNote:BetterNote","player_choice":"Take \u0026 Give","floor":20.0,"gold_loss":0.0,"damage_taken":0.0,"cards_obtained":["Moonsault_Kick"]},{"cards_removed":["Injury"],"damage_healed":0.0,"max_hp_gain":0.0,"max_hp_loss":0.0,"gold_gain":0.0,"event_name":"betterThird:BetterWriting","player_choice":"Elegance","floor":21.0,"gold_loss":0.0,"damage_taken":0.0},{"damage_healed":0.0,"max_hp_gain":0.0,"max_hp_loss":0.0,"gold_gain":0.0,"event_name":"Ghosts","player_choice":"Ignored","floor":22.0,"gold_loss":0.0,"damage_taken":0.0},{"damage_healed":0,"gold_gain":0,"player_choice":"Copied","damage_taken":0,"max_hp_gain":0,"max_hp_loss":0,"event_name":"Duplicator","floor":31,"gold_loss":0,"cards_obtained":["theForsaken:ShieldBash"]},{"cards_removed":["theForsaken:TheForsaken_Defend"],"damage_healed":0,"gold_gain":0,"player_choice":"Offered Basic","damage_taken":0,"max_hp_gain":0,"max_hp_loss":0,"event_name":"Bonfire Elementals","floor":36,"gold_loss":0},{"damage_healed":0,"gold_gain":333,"player_choice":"Gave Idol","damage_taken":0,"max_hp_gain":0,"max_hp_loss":0,"event_name":"The Moai Head","floor":39,"relics_lost":["Golden Idol"],"gold_loss":0},{"damage_healed":3,"gold_gain":0,"player_choice":"LEAVE ","damage_taken":0,"relics_obtained":[],"max_hp_gain":0,"max_hp_loss":0,"event_name":"betterSkull:BetterSkull","floor":44,"gold_loss":0,"cards_upgraded":[]}],"is_beta":false,"boss_relics":[{"not_picked":["Sozu","Coffee Dripper"],"picked":"ChewingGum"},{"not_picked":["energizedSpire:HugeHouse","Black Star"],"picked":"Cursed Key"}],"items_purged_floors":[30,47],"is_endless":false,"potions_floor_spawned":[10,14,16,18,23,27,29,33,35,37,41,42,45,46,48],"ascension_level":10}}