{"host":"2brg86hfzr3u5cix","time":1611342040,"event":{"mods":["AchievementEnabler","Ascension Unlocker","BaseMod","CapriCore","DeckTracker","Highlight Path","Keyboard Shortcuts","Minty Spire (QoL Compilation)","Permanent Neow","Relic Stats","StSLib","Twitch Utils","Uncapped","UnlockEverythingMod"],"gold_per_floor":[115,115,74,23,42,72,72,107,107,137,137,137,155,0,0,0,0],"floor_reached":16,"language":"KOR","playtime":647,"items_purged":[],"score":282,"play_id":"5c136736-0cd1-47f6-8a99-c96d0bbbde5e","local_time":"20210123040040","is_ascension_mode":true,"campfire_choices":[{"data":"Armaments","floor":7.0,"key":"SMITH"},{"data":"True Grit","floor":15,"key":"SMITH"}],"circlet_count":0,"master_deck":["AscendersBane","Strike_R","Strike_R","Strike_R","Strike_R+1","Defend_R","Defend_R+1","Defend_R","Defend_R","Bash","Battle Trance","Rupture","Armaments+1","Dark Embrace","Disarm","Feel No Pain","True Grit+1","Carnage"],"relics":["Burning Blood","NeowsBlessing","FossilizedHelix","Shuriken","StoneCalendar","Potion Belt","Membership Card"],"acts_visited":["Exordium"],"potions_floor_usage":[],"damage_taken":[{"damage":0.0,"enemies":"Jaw Worm","floor":1.0,"turns":1.0},{"damage":0.0,"enemies":"Cultist","floor":5.0,"turns":1.0},{"damage":0.0,"enemies":"Lagavulin","floor":6.0,"turns":2.0},{"damage":13.0,"enemies":"3 Sentries","floor":8.0,"turns":13.0},{"damage":19.0,"enemies":"Lagavulin","floor":10.0,"turns":10.0},{"damage":7,"enemies":"Small Slimes","floor":13,"turns":4},{"damage":42,"enemies":"Slime Boss","floor":16,"turns":11}],"seed_played":"-8712781392246824623","potions_obtained":[{"floor":1.0,"key":"HeartOfIron"},{"floor":5.0,"key":"BloodPotion"}],"is_trial":false,"path_per_floor":["M","?","$","$","M","E","R","E","T","E","?","?","M","$","R","B"],"character_chosen":"IRONCLAD","items_purchased":["Rupture","Armaments","Membership Card"],"campfire_rested":0,"item_purchase_floors":[3,4,14],"current_hp_per_floor":[74,74,74,74,75,75,75,68,68,70,70,47,46,46,46,4,4],"gold":0,"neow_bonus":"THREE_ENEMY_KILL","is_daily":false,"chose_seed":false,"campfire_upgraded":2,"win_rate":0.0,"timestamp":1611342040,"path_taken":["M","?","?","$","M","E","R","E","T","E","?","?","M","?","R","BOSS"],"items_purchased_type":["Card","Card","Relic"],"build_version":"2020-12-22","purchased_purges":0,"victory":false,"max_hp_per_floor":[75,75,75,75,75,75,75,75,75,75,75,75,75,75,75,75,75],"relic_stats":{"counters":[7,42],"Shuriken":[1],"StoneCalendar":[156],"obtain_stats":[{"Potion Belt":10,"NeowsBlessing":0,"Shuriken":8,"StoneCalendar":9,"Membership Card":14,"Burning Blood":0,"FossilizedHelix":6},{"Potion Belt":5,"NeowsBlessing":0,"Shuriken":4,"StoneCalendar":4,"Membership Card":6,"Burning Blood":0,"FossilizedHelix":3},{"Potion Belt":27,"NeowsBlessing":0,"Shuriken":17,"StoneCalendar":17,"Membership Card":31,"Burning Blood":0,"FossilizedHelix":4}],"Burning Blood":25},"card_choices":[{"not_picked":["Ghostly Armor","Sword Boomerang"],"picked":"Battle Trance","floor":1.0},{"not_picked":["Flex","Searing Blow"],"picked":"Dark Embrace","floor":5.0},{"not_picked":["Sentinel","Dark Embrace"],"picked":"Disarm","floor":6.0},{"not_picked":["Body Slam","Bloodletting"],"picked":"Feel No Pain","floor":8.0},{"not_picked":["Thunderclap","Iron Wave"],"picked":"True Grit","floor":10.0},{"not_picked":["Sever Soul","Armaments"],"picked":"Carnage","floor":13}],"player_experience":332068,"relics_obtained":[{"floor":6.0,"key":"FossilizedHelix"},{"floor":8.0,"key":"Shuriken"},{"floor":9.0,"key":"StoneCalendar"},{"floor":10.0,"key":"Potion Belt"}],"event_choices":[{"cards_removed":["Strike_R"],"damage_healed":0.0,"max_hp_gain":0.0,"max_hp_loss":0.0,"gold_gain":0.0,"event_name":"Wheel of Change","player_choice":"Card Removal","floor":2.0,"gold_loss":0.0,"damage_taken":0.0},{"damage_healed":0,"gold_gain":0,"player_choice":"Searched \u00270\u0027 times","damage_taken":0,"max_hp_gain":0,"max_hp_loss":0,"event_name":"Dead Adventurer","floor":11,"gold_loss":0},{"damage_healed":0,"gold_gain":0,"player_choice":"Entered Light","damage_taken":23,"max_hp_gain":0,"max_hp_loss":0,"event_name":"Shining Light","floor":12,"gold_loss":0,"cards_upgraded":["Defend_R","Strike_R"]}],"is_beta":false,"boss_relics":[],"items_purged_floors":[],"is_endless":false,"potions_floor_spawned":[1,5],"killed_by":"Slime Boss","ascension_level":20}}