{"host":"qxt9611uhnemh1bn","time":1611348321,"event":{"mods":["BaseMod","Hermit","Marisa（霧雨　魔理沙）","Minty Spire (QoL Compilation)","Remilia（蕾米莉?）","StSLib","The Bug Knight","The Cursed","The Hierophant","The Servant 0.9.4"],"gold_per_floor":[214,227,65,78,97,97,97,107,152,152,152],"floor_reached":10,"language":"ENG","playtime":828,"items_purged":["Strike_S"],"score":60,"play_id":"ec49cb01-aa47-4043-a0e5-7230229d3c05","local_time":"20210122144521","is_ascension_mode":false,"campfire_choices":[{"data":"Revamp","floor":6,"key":"SMITH"}],"circlet_count":0,"master_deck":["Strike_S","Strike_S","Strike_S","Defend_S","Defend_S","Defend_S+1","Defend_S+1","KidneyShot","Exchange","Contraction","Revamp+1","Starlight","WasteNot","Luminosity","SurpressingFire"],"relics":["Uniform","War Paint"],"acts_visited":["Exordium"],"potions_floor_usage":[],"damage_taken":[{"damage":3,"enemies":"Small Slimes","floor":1,"turns":3},{"damage":4,"enemies":"2 Louse","floor":2,"turns":5},{"damage":5,"enemies":"Jaw Worm","floor":4,"turns":6},{"damage":7,"enemies":"Gremlin Gang","floor":5,"turns":12},{"damage":11,"enemies":"Large Slime","floor":8,"turns":11},{"damage":37,"enemies":"Gremlin Nob","floor":10,"turns":6}],"seed_played":"-7040332395736475928","potions_obtained":[{"floor":1,"key":"LiquidMemories"},{"floor":4,"key":"Swift Potion"}],"is_trial":false,"path_per_floor":["M","M","$","M","M","R","$","M","T","E"],"character_chosen":"THE_SERVANT","items_purchased":["Starlight","WasteNot"],"campfire_rested":0,"item_purchase_floors":[3,3],"current_hp_per_floor":[62,58,58,53,46,46,46,35,35,0,0],"gold":152,"neow_bonus":"HUNDRED_GOLD","is_daily":false,"chose_seed":false,"campfire_upgraded":1,"win_rate":0.0,"timestamp":1611348321,"path_taken":["M","M","$","M","M","R","$","M","T","E"],"items_purchased_type":["Card","Card"],"build_version":"2020-12-22","purchased_purges":1,"victory":false,"max_hp_per_floor":[65,65,65,65,65,65,65,65,65,65,65],"card_choices":[{"not_picked":["Unruled","Defy"],"picked":"Contraction","floor":1},{"not_picked":["Ricochet","Alleviate"],"picked":"Revamp","floor":2},{"not_picked":["Spin","DoubleEdge"],"picked":"Luminosity","floor":4},{"not_picked":["ReturningBlade","Revamp","Alleviate"],"picked":"SKIP","floor":5},{"not_picked":["Revamp","FastForward"],"picked":"SurpressingFire","floor":8}],"player_experience":214885,"relics_obtained":[{"floor":9,"key":"War Paint"}],"event_choices":[],"is_beta":false,"boss_relics":[],"items_purged_floors":[3],"is_endless":false,"potions_floor_spawned":[1,4],"killed_by":"Gremlin Nob","ascension_level":0}}