{"host":"n7mxhpjy89lltbhc","time":1611327848,"event":{"mods":["2.2 Compatiblity","Act Like it!","BaseMod","Better Match","Better Sensory Stone","Better Synergies","BetterRewards","Colored Map","Colored Powertips","Downfall","Exacting","Gensokyo","Infinite Spire","Jedi Mod","Marisa????????","Minty Spire (QoL Compilation)","Permanent Neow","Rare Cards Sparkle","Relic Stats","Shop Mod","Small Relic Pack","Spicy Shops","Spire Arcade","StSLib","The Blue Laboratory","The Servant 0.9.4","Waifu the Spire","Wandering Minibosses"],"gold_per_floor":[99,109,129,129,141,151,229,261,292,430,430,440,459,459,485,589,589,589,602,602,238,252,152,152,185,20,31,31,48,59,159,179,284,284,284,0,11,11,11,26,26,43,71,71,115,145,145,162,182,182],"floor_reached":51,"language":"ENG","playtime":2446,"items_purged":["bronze:Strike","bronze:Strike"],"score":849,"play_id":"b5e4f9b8-acaf-436b-8f61-12de9635d6d8","local_time":"25640122220408","is_ascension_mode":true,"campfire_choices":[{"data":"bronze:Format","floor":1,"key":"SMITH"},{"data":"bronze:Terminator","floor":11,"key":"SMITH"},{"floor":18,"key":"RECALL"},{"floor":23,"key":"REST"},{"floor":35,"key":"REST"},{"floor":47,"key":"REST"}],"circlet_count":0,"master_deck":["bronze:Defend","bronze:Defend","bronze:Defend","bronze:Defend","bronze:Replicate+1","bronze:Goto+1","bronze:Format+1","bronze:WhirlingStrike+1","bronze:Branch","bronze:Backtrace","bronze:Optimize","bronze:ForLoop","bronze:Terminator+1","bronze:FineTuning","bronze:FineTuning","bronze:SpaghettiCode","bronze:Spike","bronze:DazingPulse","bronze:Turbo","bronze:Return","bronze:ThunderWave","bronze:ChildClass","bronze:BitShift+1","bronze:Safeguard","bronze:Separator+1","bronze:DelayedSlice+1","bronze:Separator+1","bronze:InfiniteLoop","expansioncontent:QuickStudy+1","Violence","bronze:Optimize+1"],"relics":["bronze:BronzeCore","Meat on the Bone","Fusion Hammer","Sling","Frozen Egg 2","downfall:HeartBlessingRed","jedi:heavyjacket","Bag of Preparation","Chemical X","Toy Ornithopter","Empty Cage","FossilizedHelix","Happy Flower","InkBottle","Bronze Scales","wanderingMiniBosses:LockLocket","Akabeko"],"acts_visited":["Exordium","TheCity","TheBeyond"],"potions_floor_usage":[31,31,50],"damage_taken":[{"damage":2,"enemies":"Jaw Worm","floor":2,"turns":3},{"damage":0,"enemies":"Cultist","floor":3,"turns":2},{"damage":0,"enemies":"Small Slimes","floor":5,"turns":2},{"damage":0,"enemies":"Exordium Wildlife","floor":6,"turns":1},{"damage":0,"enemies":"Large Slime","floor":8,"turns":4},{"damage":2,"enemies":"Red Slaver","floor":9,"turns":3},{"damage":0,"enemies":"2 Fungi Beasts","floor":10,"turns":6},{"damage":1,"enemies":"Exordium Wildlife","floor":12,"turns":4},{"damage":0,"enemies":"Exordium Thugs","floor":13,"turns":2},{"damage":15,"enemies":"Exordium Thugs","floor":14,"turns":5},{"damage":5,"enemies":"Lots of Slimes","floor":15,"turns":3},{"damage":10,"enemies":"SI_SHIV_ARCHETYPE","floor":16,"turns":5},{"damage":0,"enemies":"Spheric Guardian","floor":19,"turns":2},{"damage":0,"enemies":"downfall:FleeingMerchant","floor":21,"turns":4},{"damage":0,"enemies":"3 Byrds","floor":22,"turns":4},{"damage":17,"enemies":"Slavers","floor":25,"turns":4},{"damage":0,"enemies":"downfall:FleeingMerchant","floor":26,"turns":4},{"damage":0,"enemies":"Centurion and Healer","floor":27,"turns":4},{"damage":0,"enemies":"Cultist and Chosen","floor":29,"turns":2},{"damage":10,"enemies":"Snecko","floor":30,"turns":4},{"damage":0,"enemies":"downfall:LadyInBlue","floor":31,"turns":5},{"damage":3,"enemies":"Snake Plant","floor":32,"turns":3},{"damage":27,"enemies":"WA_ARCHETYPE_CALM","floor":33,"turns":7},{"damage":0,"enemies":"downfall:FleeingMerchant","floor":36,"turns":6},{"damage":0,"enemies":"Orb Walker","floor":37,"turns":3},{"damage":0,"enemies":"3 Darklings","floor":40,"turns":5},{"damage":0,"enemies":"Spire Growth","floor":42,"turns":2},{"damage":6,"enemies":"Nemesis","floor":43,"turns":5},{"damage":13,"enemies":"4 Shapes","floor":45,"turns":2},{"damage":0,"enemies":"Giant Head","floor":46,"turns":6},{"damage":0,"enemies":"Writhing Mass","floor":48,"turns":3},{"damage":0,"enemies":"3 Darklings","floor":49,"turns":1},{"damage":38,"enemies":"DF_ARCHETYPE_ORBS","floor":50,"turns":6}],"seed_played":"-7728670417763163014","potions_obtained":[{"floor":3,"key":"blueLaboratory:HorrorPotion"},{"floor":5,"key":"blueLaboratory:BottleOfVodka"},{"floor":6,"key":"blueLaboratory:LouseDecoction"},{"floor":14,"key":"jedi:StrikingPotion"},{"floor":25,"key":"SkillPotion"},{"floor":28,"key":"CultistPotion"},{"floor":31,"key":"blueLaboratory:ArtificerPotion"},{"floor":31,"key":"bronze:FreeFunctionsPotion"},{"floor":37,"key":"Dexterity Potion"}],"is_trial":false,"path_per_floor":["R","M","M","?","M","M","T","M","M","M","R","M","M","?","M","B",null,"R","M","?","$","M","R","T","E","$","M","?","M","M","?","M","B",null,"R","$","M","?","?","M","T","M","E","$","M","E","R","M","M","B",null],"character_chosen":"THE_AUTOMATON","items_purchased":["Sling","Frozen Egg 2","Chemical X","FossilizedHelix","Happy Flower","expansioncontent:QuickStudy+1"],"campfire_rested":3,"item_purchase_floors":[21,21,26,36,36,36],"current_hp_per_floor":[63,61,61,61,61,61,61,61,59,59,59,58,58,43,38,40,63,63,63,63,63,63,63,63,46,46,46,46,46,36,36,33,18,63,63,63,63,63,63,63,63,63,57,57,44,44,62,62,62,37],"gold":182,"neow_bonus":"THREE_RARE_CARDS","is_daily":false,"chose_seed":false,"campfire_upgraded":2,"win_rate":0.0,"timestamp":1611327848,"path_taken":["R","M","M","?","?","M","T","M","M","M","R","M","M","?","M","BOSS","R","M","?","$","M","R","T","E","?","M","?","M","M","?","M","BOSS","R","$","M","?","?","M","T","?","E","?","M","E","R","?","M","BOSS"],"items_purchased_type":["Relic","Relic","Relic","Relic","Relic","Card"],"build_version":"2020-12-22","purchased_purges":2,"victory":true,"max_hp_per_floor":[63,63,63,63,63,63,63,63,63,63,63,63,63,63,63,63,63,63,63,63,63,63,63,63,63,63,63,63,63,63,63,63,63,63,63,63,63,63,63,63,63,63,63,63,63,63,63,63,63,63],"relic_stats":{"Happy Flower":[11],"counters":[33,122],"Bronze Scales":[24],"Bag of Preparation":[34],"Chemical X":[31],"obtain_stats":[{"bronze:BronzeCore":0,"downfall:HeartBlessingRed":23,"Happy Flower":36,"Bag of Preparation":25,"Frozen Egg 2":21,"Sling":21,"Empty Cage":34,"Akabeko":46,"jedi:heavyjacket":24,"Bronze Scales":43,"Fusion Hammer":17,"Chemical X":26,"wanderingMiniBosses:LockLocket":45,"Toy Ornithopter":31,"FossilizedHelix":36,"InkBottle":41,"Meat on the Bone":7},{"bronze:BronzeCore":0,"downfall:HeartBlessingRed":15,"Happy Flower":24,"Bag of Preparation":16,"Frozen Egg 2":14,"Sling":14,"Empty Cage":23,"Akabeko":30,"jedi:heavyjacket":15,"Bronze Scales":28,"Fusion Hammer":12,"Chemical X":17,"wanderingMiniBosses:LockLocket":29,"Toy Ornithopter":21,"FossilizedHelix":24,"InkBottle":26,"Meat on the Bone":4},{"bronze:BronzeCore":0,"downfall:HeartBlessingRed":50,"Happy Flower":89,"Bag of Preparation":54,"Frozen Egg 2":46,"Sling":46,"Empty Cage":83,"Akabeko":112,"jedi:heavyjacket":50,"Bronze Scales":104,"Fusion Hammer":40,"Chemical X":58,"wanderingMiniBosses:LockLocket":106,"Toy Ornithopter":73,"FossilizedHelix":89,"InkBottle":97,"Meat on the Bone":8}],"Toy Ornithopter":1,"InkBottle":[18],"Meat on the Bone":36},"card_choices":[{"not_picked":["bronze:BurnOut","bronze:Assembly"],"picked":"bronze:Format","floor":0},{"not_picked":["bronze:Overheat","bronze:MaxOutput"],"picked":"bronze:WhirlingStrike","floor":2},{"not_picked":["bronze:BitShift","bronze:DelayedGuard"],"picked":"bronze:Branch","floor":3},{"not_picked":["bronze:Fortify","bronze:OilSpill"],"picked":"bronze:Backtrace","floor":5},{"not_picked":["bronze:WildBeam","bronze:DelayedGuard"],"picked":"bronze:Optimize","floor":6},{"not_picked":["bronze:Frontload","bronze:MaxOutput"],"picked":"bronze:ForLoop","floor":8},{"not_picked":["bronze:Frontload","bronze:ForceShield"],"picked":"bronze:Terminator","floor":9},{"not_picked":["bronze:Shield","bronze:ForceShield"],"picked":"bronze:FineTuning","floor":10},{"not_picked":["bronze:DigitalCarnage","bronze:Frontload"],"picked":"bronze:FineTuning","floor":12},{"not_picked":["bronze:Frontload","bronze:Backtrace"],"picked":"bronze:SpaghettiCode","floor":13},{"not_picked":[],"picked":"bronze:Spike","floor":14},{"not_picked":[],"picked":"bronze:DazingPulse","floor":14},{"not_picked":["bronze:CloningBeam","bronze:Fortify"],"picked":"bronze:Turbo","floor":14},{"not_picked":["bronze:Repulsor","bronze:CutThrough"],"picked":"bronze:Return","floor":15},{"not_picked":["bronze:Format","bronze:BurnOut"],"picked":"bronze:ThunderWave","floor":16},{"not_picked":["bronze:Branch","bronze:Frontload"],"picked":"bronze:ChildClass","floor":19},{"not_picked":["bronze:Shield","bronze:BuggyMess","bronze:Frontload+1"],"picked":"SKIP","floor":21},{"not_picked":["bronze:BuggyMess","bronze:BugBarrage","bronze:WildBeam"],"picked":"SKIP","floor":22},{"not_picked":["bronze:CutThrough+1","bronze:Frontload"],"picked":"bronze:BitShift+1","floor":25},{"not_picked":["bronze:ThunderWave","bronze:BuggyMess"],"picked":"bronze:Safeguard","floor":26},{"not_picked":["bronze:Allocate+1","bronze:BitShift+1"],"picked":"bronze:Separator+1","floor":27},{"not_picked":["bronze:WhirlingStrike","bronze:OilSpill","bronze:Branch"],"picked":"SKIP","floor":29},{"not_picked":["bronze:Invalidate","bronze:Safeguard+1"],"picked":"bronze:DelayedSlice+1","floor":30},{"not_picked":["bronze:DelayedGuard+1","bronze:Shield"],"picked":"bronze:Separator+1","floor":31},{"not_picked":["bronze:GetLatest","bronze:WhirlingStrike","bronze:Frontload"],"picked":"SKIP","floor":32},{"not_picked":["bronze:ShipIt","bronze:Break"],"picked":"bronze:InfiniteLoop","floor":33},{"not_picked":["bronze:BugBarrage+1","bronze:NullPointer","bronze:Optimize+1"],"picked":"SKIP","floor":36},{"not_picked":["bronze:DelayedSlice","bronze:Shield","bronze:ClassDefault+1"],"picked":"SKIP","floor":37},{"not_picked":["Secret Technique","Swift Strike"],"picked":"Violence","floor":39},{"not_picked":["bronze:DelayedGuard+1","bronze:CutThrough","bronze:NullPointer+1"],"picked":"SKIP","floor":40},{"not_picked":["bronze:Frontload","bronze:DelayedGuard+1","bronze:Branch"],"picked":"SKIP","floor":42},{"not_picked":["bronze:ItsAFeature+1","bronze:Overheat","bronze:BuggyMess+1"],"picked":"SKIP","floor":43},{"not_picked":["bronze:Shield+1","bronze:BuggyMess","bronze:Invalidate"],"picked":"SKIP","floor":45},{"not_picked":["bronze:Invalidate","bronze:HyperBeam","bronze:WhirlingStrike"],"picked":"SKIP","floor":46},{"not_picked":["bronze:WhirlingStrike+1","bronze:Optimize+1","bronze:Separator"],"picked":"SKIP","floor":48},{"not_picked":["bronze:WhirlingStrike+1","bronze:Separator"],"picked":"bronze:Optimize+1","floor":48},{"not_picked":["bronze:Invalidate+1","bronze:BurnOut","bronze:Constructor"],"picked":"SKIP","floor":49}],"player_experience":1018689,"relics_obtained":[{"floor":7,"key":"Meat on the Bone"},{"floor":24,"key":"jedi:heavyjacket"},{"floor":25,"key":"Bag of Preparation"},{"floor":31,"key":"Toy Ornithopter"},{"floor":41,"key":"InkBottle"},{"floor":43,"key":"Bronze Scales"},{"floor":45,"key":"wanderingMiniBosses:LockLocket"},{"floor":46,"key":"Akabeko"}],"event_choices":[{"damage_healed":0,"gold_gain":3,"player_choice":"1","damage_taken":0,"max_hp_gain":0,"max_hp_loss":0,"event_name":"betterStone:BetterStone","floor":39,"gold_loss":0}],"is_beta":false,"boss_relics":[{"not_picked":["SacredBark","Runic Dome"],"picked":"Fusion Hammer"},{"not_picked":["infinitespire:Cupcake","relicPack:ShieldShield"],"picked":"Empty Cage"}],"items_purged_floors":[21,36],"is_endless":false,"potions_floor_spawned":[3,5,6,13,14,15,25,27,29,31,37,43,48,49],"ascension_level":2}}