{"host":"xnrw1j8ho83czkv7","time":1611358681,"event":{"mods":["AchievementEnabler","BaseMod","Colored Map","Colored Powertips","Minty Spire (QoL Compilation)","Quick Restart","StSLib"],"gold_per_floor":[113,128,53,53,53,53,53,53,126,126,126,136,36,70,70,70,70],"floor_reached":16,"language":"ENG","playtime":644,"items_purged":["Strike_R","Strike_R"],"score":110,"play_id":"d07c30a4-2fd6-4db2-a777-e125314134a9","local_time":"20210122233801","is_ascension_mode":true,"campfire_choices":[{"data":"Juggernaut","floor":6.0,"key":"SMITH"},{"data":"Dual Wield","floor":8.0,"key":"SMITH"},{"data":"Ghostly Armor","floor":10.0,"key":"SMITH"},{"data":"Defend_R","floor":15.0,"key":"SMITH"}],"circlet_count":0,"master_deck":["Strike_R+1","Strike_R","Defend_R","Defend_R","Defend_R","Defend_R+1","Bash+1","Juggernaut+1","Dual Wield+1","Ghostly Armor+1"],"relics":["Burning Blood","HornCleat","Tiny Chest","Boot"],"acts_visited":["Exordium"],"potions_floor_usage":[16],"damage_taken":[{"damage":9.0,"enemies":"Jaw Worm","floor":1.0,"turns":5.0},{"damage":8.0,"enemies":"Small Slimes","floor":2.0,"turns":4.0},{"damage":0.0,"enemies":"2 Louse","floor":12.0,"turns":4.0},{"damage":26.0,"enemies":"Lagavulin","floor":14.0,"turns":9.0},{"damage":25,"enemies":"Slime Boss","floor":16,"turns":3}],"seed_played":"7693672180879412748","potions_obtained":[{"floor":1.0,"key":"LiquidBronze"},{"floor":2.0,"key":"SmokeBomb"},{"floor":14.0,"key":"Strength Potion"}],"is_trial":false,"path_per_floor":["M","M","$","?","?","R","$","R","T","R","?","M","$","E","R","B"],"character_chosen":"IRONCLAD","items_purchased":[],"campfire_rested":0,"item_purchase_floors":[],"current_hp_per_floor":[69,67,67,60,46,46,46,46,46,46,34,40,40,20,20,0,0],"gold":70,"neow_bonus":"THREE_RARE_CARDS","is_daily":false,"chose_seed":false,"campfire_upgraded":4,"win_rate":0.0,"timestamp":1611358681,"path_taken":["M","M","$","?","?","R","?","R","T","R","?","?","$","E","R","BOSS"],"items_purchased_type":[],"build_version":"2020-12-22","purchased_purges":2,"victory":false,"max_hp_per_floor":[72,72,72,72,72,72,72,72,72,72,72,72,72,72,72,72,72],"card_choices":[{"not_picked":["Offering","Fiend Fire"],"picked":"Juggernaut","floor":0.0},{"not_picked":["Headbutt","True Grit"],"picked":"Dual Wield","floor":1.0},{"not_picked":["Anger","Heavy Blade"],"picked":"Ghostly Armor","floor":2.0},{"not_picked":["Dropkick","Armaments","Spot Weakness"],"picked":"SKIP","floor":12.0},{"not_picked":["Pommel Strike","Bloodletting","Warcry"],"picked":"SKIP","floor":14.0}],"player_experience":50228,"relics_obtained":[{"floor":9.0,"key":"HornCleat"},{"floor":14.0,"key":"Boot"}],"event_choices":[{"cards_removed":["Strike_R"],"damage_healed":0.0,"max_hp_gain":0.0,"max_hp_loss":0.0,"gold_gain":0.0,"event_name":"Golden Wing","player_choice":"Card Removal","floor":4.0,"gold_loss":0.0,"damage_taken":7.0},{"damage_healed":0.0,"max_hp_gain":0.0,"max_hp_loss":0.0,"gold_gain":0.0,"event_name":"Shining Light","player_choice":"Entered Light","floor":5.0,"gold_loss":0.0,"damage_taken":14.0,"cards_upgraded":["Bash","Strike_R"]},{"damage_healed":0.0,"max_hp_gain":0.0,"max_hp_loss":0.0,"gold_gain":0.0,"event_name":"Scrap Ooze","player_choice":"Success","floor":11.0,"gold_loss":0.0,"damage_taken":12.0,"relics_obtained":["Tiny Chest"]}],"is_beta":false,"boss_relics":[],"items_purged_floors":[3,13],"is_endless":false,"potions_floor_spawned":[1,2,14],"killed_by":"Slime Boss","ascension_level":3}}