{"host":"15dd7v8o90xso62x","time":1611278970,"event":{"mods":["BaseMod","Minty Spire (QoL Compilation)","Quick Restart","StSLib"],"gold_per_floor":[116,132,132,57,57,101,119,44,94,94,118,18,18,51,51,149,149,172,352,367,50,82,82,133,154,177,195,195,238,266,284,284,380,380,400,250,75,75,75,75,93,93,93,93,111,127,143,0,0,0,0],"floor_reached":50,"language":"KOR","playtime":2063,"items_purged":["Strike_G","Strike_G","Strike_G","Strike_G","Defend_G"],"score":994,"play_id":"18f1c907-49dd-44c3-9a54-61179af587c0","local_time":"20210122102930","is_ascension_mode":true,"campfire_choices":[{"data":"Poisoned Stab","floor":10.0,"key":"SMITH"},{"data":"Deadly Poison","floor":13.0,"key":"SMITH"},{"data":"Neutralize","floor":15.0,"key":"SMITH"},{"data":"Prepared","floor":23.0,"key":"SMITH"},{"data":"Acrobatics","floor":28.0,"key":"SMITH"},{"data":"Calculated Gamble","floor":32.0,"key":"SMITH"},{"data":"Reflex","floor":40,"key":"SMITH"},{"data":"Grand Finale","floor":42,"key":"SMITH"},{"data":"Well Laid Plans","floor":49,"key":"SMITH"}],"circlet_count":0,"master_deck":["AscendersBane","Defend_G","Defend_G","Defend_G+1","Defend_G","Survivor","Neutralize+1","Deadly Poison+1","Poisoned Stab+1","Leg Sweep+1","Reflex+1","Acrobatics+1","Grand Finale+1","CurseOfTheBell","Calculated Gamble+1","Master of Strategy","Prepared+1","Well Laid Plans+1","Escape Plan"],"relics":["Ring of the Snake","NeowsBlessing","Golden Idol","Tiny Chest","War Paint","Akabeko","Calling Bell","CeramicFish","Meat on the Bone","Lizard Tail","MealTicket","CaptainsWheel","Sozu","Frozen Egg 2","White Beast Statue","Red Mask"],"acts_visited":["Exordium","TheCity","TheBeyond"],"potions_floor_usage":[33],"damage_taken":[{"damage":0.0,"enemies":"Cultist","floor":1.0,"turns":1.0},{"damage":0.0,"enemies":"Jaw Worm","floor":2.0,"turns":1.0},{"damage":0.0,"enemies":"Gremlin Nob","floor":6.0,"turns":1.0},{"damage":1.0,"enemies":"2 Louse","floor":7.0,"turns":3.0},{"damage":5.0,"enemies":"Gremlin Gang","floor":11.0,"turns":6.0},{"damage":14.0,"enemies":"Lagavulin","floor":14.0,"turns":7.0},{"damage":3.0,"enemies":"The Guardian","floor":16.0,"turns":10.0},{"damage":12.0,"enemies":"Shell Parasite","floor":18.0,"turns":5.0},{"damage":16.0,"enemies":"Spheric Guardian","floor":20.0,"turns":4.0},{"damage":0.0,"enemies":"Snecko","floor":22.0,"turns":5.0},{"damage":0.0,"enemies":"Centurion and Healer","floor":25.0,"turns":7.0},{"damage":14.0,"enemies":"Shelled Parasite and Fungi","floor":27.0,"turns":6.0},{"damage":5.0,"enemies":"Book of Stabbing","floor":29.0,"turns":4.0},{"damage":9.0,"enemies":"Snake Plant","floor":30.0,"turns":5.0},{"damage":0.0,"enemies":"3 Cultists","floor":31.0,"turns":1.0},{"damage":19,"enemies":"Collector","floor":33,"turns":8},{"damage":11,"enemies":"3 Darklings","floor":35,"turns":3},{"damage":1,"enemies":"3 Shapes","floor":41,"turns":1},{"damage":6,"enemies":"Spire Growth","floor":45,"turns":4},{"damage":12,"enemies":"Maw","floor":46,"turns":4},{"damage":23,"enemies":"4 Shapes","floor":47,"turns":2},{"damage":29,"enemies":"Time Eater","floor":50,"turns":5}],"seed_played":"1797189013790920116","potions_obtained":[{"floor":1.0,"key":"Weak Potion"},{"floor":2.0,"key":"EssenceOfSteel"},{"floor":16.0,"key":"Explosive Potion"},{"floor":20.0,"key":"Weak Potion"},{"floor":27.0,"key":"Fire Potion"},{"floor":30.0,"key":"Block Potion"}],"is_trial":false,"path_per_floor":["M","M","?","$","$","E","M","?","T","R","M","$","R","E","R","B",null,"M","?","M","$","M","R","T","M","T","M","R","E","M","M","R","B",null,"M","$","$","?","$","R","M","R","T","T","M","M","M","?","R","B"],"character_chosen":"THE_SILENT","items_purchased":["Master of Strategy"],"campfire_rested":0,"item_purchase_floors":[21],"current_hp_per_floor":[59,59,36,36,36,36,35,35,35,35,30,30,30,16,16,13,53,41,22,18,18,30,30,30,42,42,40,40,35,38,38,38,31,57,46,61,66,63,63,63,62,62,62,62,56,44,33,33,33,4,4],"gold":0,"neow_bonus":"THREE_ENEMY_KILL","is_daily":false,"chose_seed":false,"campfire_upgraded":9,"win_rate":0.0,"timestamp":1611278970,"path_taken":["M","?","?","?","$","E","M","?","T","R","M","$","R","E","R","BOSS","M","?","?","$","M","R","?","M","T","M","R","E","M","M","R","BOSS","M","?","$","?","?","R","M","R","T","?","M","M","M","?","R","BOSS"],"items_purchased_type":["Card"],"build_version":"2020-12-22","purchased_purges":5,"victory":false,"max_hp_per_floor":[66,66,66,66,66,66,66,66,66,66,66,66,66,66,66,66,66,66,66,66,66,66,66,66,66,66,66,66,66,66,66,66,66,66,66,66,66,63,63,63,63,63,63,63,63,63,63,63,63,63,63],"card_choices":[{"not_picked":["Heel Hook","PiercingWail"],"picked":"Deadly Poison","floor":1.0},{"not_picked":["Bane","PiercingWail"],"picked":"Poisoned Stab","floor":2.0},{"not_picked":["Deadly Poison","A Thousand Cuts"],"picked":"Leg Sweep","floor":6.0},{"not_picked":["Poisoned Stab","Backflip","Setup"],"picked":"SKIP","floor":7.0},{"not_picked":["Cloak And Dagger","Quick Slash"],"picked":"Reflex","floor":11.0},{"not_picked":["Expertise","Heel Hook"],"picked":"Acrobatics","floor":14.0},{"not_picked":["Doppelganger","Tools of the Trade"],"picked":"Grand Finale","floor":16.0},{"not_picked":["Poisoned Stab","Backflip"],"picked":"Calculated Gamble","floor":18.0},{"not_picked":["Flying Knee","Heel Hook","Bane"],"picked":"SKIP","floor":20.0},{"not_picked":["Setup","Endless Agony"],"picked":"Prepared","floor":22.0},{"not_picked":["Outmaneuver","Prepared","Noxious Fumes"],"picked":"SKIP","floor":25.0},{"not_picked":["Heel Hook","Masterful Stab","Die Die Die"],"picked":"SKIP","floor":27.0},{"not_picked":["Underhanded Strike","Blade Dance"],"picked":"Well Laid Plans","floor":29.0},{"not_picked":["Riddle With Holes+1","Dagger Throw"],"picked":"Escape Plan","floor":30.0},{"not_picked":["Cloak And Dagger+1","Poisoned Stab","Prepared+1"],"picked":"SKIP","floor":31.0},{"not_picked":["Noxious Fumes","Flechettes","Deflect"],"picked":"SKIP","floor":35},{"not_picked":["Dagger Throw","Bane","Finisher+1"],"picked":"SKIP","floor":41},{"not_picked":["Poisoned Stab","Leg Sweep","PiercingWail+1"],"picked":"SKIP","floor":45},{"not_picked":["Slice","Distraction","Deadly Poison"],"picked":"SKIP","floor":46},{"not_picked":["Outmaneuver+1","Prepared","Deflect"],"picked":"SKIP","floor":47}],"player_experience":1053518,"relics_obtained":[{"floor":6.0,"key":"Tiny Chest"},{"floor":9.0,"key":"War Paint"},{"floor":14.0,"key":"Akabeko"},{"floor":17.0,"key":"CeramicFish"},{"floor":17.0,"key":"Meat on the Bone"},{"floor":17.0,"key":"Lizard Tail"},{"floor":26.0,"key":"MealTicket"},{"floor":29.0,"key":"CaptainsWheel"},{"floor":43,"key":"Frozen Egg 2"},{"floor":44,"key":"White Beast Statue"}],"event_choices":[{"damage_healed":0.0,"max_hp_gain":0.0,"max_hp_loss":0.0,"gold_gain":0.0,"event_name":"Golden Idol","player_choice":"Take Damage","floor":3.0,"gold_loss":0.0,"damage_taken":23.0,"relics_obtained":["Golden Idol"]},{"cards_removed":["Strike_G"],"damage_healed":0.0,"max_hp_gain":0.0,"max_hp_loss":0.0,"gold_gain":0.0,"event_name":"The Cleric","player_choice":"Card Removal","floor":8.0,"gold_loss":75.0,"damage_taken":0.0},{"damage_healed":0.0,"max_hp_gain":0.0,"max_hp_loss":0.0,"gold_gain":180.0,"event_name":"Knowing Skull","player_choice":"GOLD GOLD ","floor":19.0,"potions_obtained":[],"gold_loss":0.0,"damage_taken":19.0,"cards_obtained":[]},{"damage_healed":0,"gold_gain":0,"player_choice":"Max HP","damage_taken":0,"max_hp_gain":0,"max_hp_loss":3,"event_name":"Winding Halls","floor":38,"gold_loss":0},{"damage_healed":0,"gold_gain":0,"player_choice":"Paid","damage_taken":0,"relics_obtained":["Red Mask"],"max_hp_gain":0,"max_hp_loss":0,"event_name":"Tomb of Lord Red Mask","floor":48,"gold_loss":143}],"is_beta":false,"boss_relics":[{"not_picked":["Fusion Hammer","WristBlade"],"picked":"Calling Bell"},{"not_picked":["Runic Pyramid","SlaversCollar"],"picked":"Sozu"}],"items_purged_floors":[4,12,21,36,37],"is_endless":false,"potions_floor_spawned":[1,2,16,20,27,30,35,45,46,47],"killed_by":"Time Eater","ascension_level":20}}