{"host":"yciysiy0jlorh0h5","time":1611350413,"event":{"mods":["2.2 Compatiblity","Act Like it!","BaseMod","Bestiary","Better Match","BetterRewards","Curses Come First","Downfall","Elementarium","Friendly Minions","Hallownest","Hermit","Hubris","Infinite Spire","Minty Spire (QoL Compilation)","Rare Cards Sparkle","Shade Mod","StSLib","The Alterego","The Construct","The Cursed","The Hierophant","The Judge","The Mystic","The Runesmith","The Servant 0.9.4","Wandering Minibosses","vexMod"],"gold_per_floor":[99,99,199,219,239,239,265,10,39,39,53,4,4,4,14,107,107,107,55,73,73,75,361,361,395,195,206,280,291,191,201,211,211,211,211],"floor_reached":33,"language":"ENG","playtime":3112,"items_purged":["Guardian:Repulse"],"score":317,"play_id":"c799b76a-eb36-4771-83d7-17d4cc1aee03","local_time":"20210122152013","is_ascension_mode":false,"campfire_choices":[{"floor":1,"key":"RECALL"},{"data":"Guardian:Preprogram","floor":10,"key":"SMITH"},{"data":"Guardian:TimeBomb","floor":13,"key":"SMITH"},{"data":"Guardian:StasisStrike","floor":18,"key":"SMITH"},{"data":"Guardian:RefractedBeam","floor":26,"key":"SMITH"},{"data":"Guardian:SphericShield","floor":30,"key":"SMITH"}],"circlet_count":0,"master_deck":["Guardian:Strike_Guardian","Guardian:Strike_Guardian","Guardian:Strike_Guardian","Guardian:Strike_Guardian","Guardian:Defend_Guardian","Guardian:Defend_Guardian","Guardian:Defend_Guardian","Guardian:Defend_Guardian","Guardian:CurlUp","Guardian:TwinSlam","Guardian:Preprogram+1","Guardian:Clone","Guardian:ShieldCharger","Guardian:VentSteam","Guardian:Harden","Guardian:EvasiveProtocol","Guardian:Incinerate","Guardian:TemporalShield","Guardian:ShieldCharger","Guardian:TimeBomb+1","Guardian:StasisStrike+1","Guardian:SphericShield+1","Guardian:WalkerClaw+1","Guardian:GuardianWhirl+1","Guardian:RefractedBeam+1","Guardian:TemporalStrike","Guardian:CrystalBeam","Guardian:BaubleBeam","Guardian:Gem_Green"],"relics":["Guardian:ModeShifter","hubris:Towel","Bag of Marbles","Strange Spoon","Thread and Needle","vexMod:TanglingVine","wanderingMiniBosses:MasterThiefsPresence","infinitespire:Lucky Rock","PreservedInsect","Chemical X","hubris:Metronome","Sundial","downfall:HeartBlessingRed","downfall:HeartBlessingGreen","downfall:HeartBlessingBlue"],"acts_visited":["Exordium","TheCity"],"potions_floor_usage":[8,8,19,19,19,19,20,23,23,25,33],"damage_taken":[{"damage":2,"enemies":"Small Slimes","floor":4,"turns":4},{"damage":7,"enemies":"2 Louse","floor":5,"turns":4},{"damage":0,"enemies":"downfall:FleeingMerchant","floor":8,"turns":4},{"damage":39,"enemies":"Gremlin Nob","floor":9,"turns":6},{"damage":7,"enemies":"Jaw Worm","floor":11,"turns":2},{"damage":0,"enemies":"downfall:FleeingMerchant","floor":12,"turns":4},{"damage":2,"enemies":"3 Louse","floor":15,"turns":5},{"damage":15,"enemies":"WA_ARCHETYPE_RETAIN","floor":16,"turns":9},{"damage":10,"enemies":"3 Byrds","floor":19,"turns":6},{"damage":11,"enemies":"Spheric Guardian","floor":20,"turns":4},{"damage":21,"enemies":"Cultist and Chosen","floor":22,"turns":6},{"damage":0,"enemies":"downfall:FleeingMerchant","floor":23,"turns":6},{"damage":9,"enemies":"Nightmare","floor":25,"turns":6},{"damage":7,"enemies":"Snake Plant","floor":27,"turns":2},{"damage":0,"enemies":"Sentry and Sphere","floor":29,"turns":5},{"damage":0,"enemies":"Snecko","floor":31,"turns":3},{"damage":16,"enemies":"Centurion and Healer","floor":32,"turns":4},{"damage":29,"enemies":"IC_MUSHROOM_ARCHETYPE","floor":33,"turns":4}],"seed_played":"-5632392185747459591","potions_obtained":[{"floor":4,"key":"PowerPotion"},{"floor":5,"key":"Explosive Potion"},{"floor":9,"key":"Dexterity Potion"},{"floor":15,"key":"SpeedPotion"},{"floor":16,"key":"EntropicBrew"},{"floor":19,"key":"Swift Potion"},{"floor":20,"key":"bronze:BurnAndBuffPotion"},{"floor":29,"key":"GamblersBrew"},{"floor":32,"key":"AttackPotion"}],"is_trial":false,"path_per_floor":["R","?","?","M","M","?","T","$","E","R","M","$","R","?","M","B",null,"R","M","M","?","M","$","T","NM","R","M","T","M","R","M","M","B"],"character_chosen":"GUARDIAN","items_purchased":["Strange Spoon","Guardian:Incinerate","Guardian:TimeBomb","infinitespire:Lucky Rock","PreservedInsect","Chemical X"],"campfire_rested":0,"item_purchase_floors":[8,8,12,23,23,23],"current_hp_per_floor":[88,88,88,86,79,79,79,79,40,40,33,33,33,33,31,16,88,88,78,67,67,46,46,46,37,37,30,30,30,40,40,24,0,0,0],"gold":211,"neow_bonus":"TEN_PERCENT_HP_BONUS","is_daily":false,"chose_seed":false,"campfire_upgraded":5,"win_rate":0.0,"timestamp":1611350413,"path_taken":["R","?","?","?","M","?","T","$","E","R","M","$","R","?","M","BOSS","R","M","M","?","M","?","T","NM","R","M","?","M","R","?","M","BOSS"],"items_purchased_type":["Relic","Card","Card","Relic","Relic","Relic"],"build_version":"2020-12-22","purchased_purges":1,"victory":false,"max_hp_per_floor":[88,88,88,88,88,88,88,88,88,88,88,88,88,88,88,88,88,88,88,88,88,88,88,88,88,88,88,88,88,98,98,98,98,98,98],"card_choices":[{"not_picked":["Guardian:PolyBeam","Guardian:WalkerClaw"],"picked":"Guardian:Gem_Crimson","floor":4},{"not_picked":["Guardian:TemporalStrike","Guardian:WalkerClaw"],"picked":"Guardian:Harden","floor":5},{"not_picked":["Guardian:Incinerate","Guardian:Suspension"],"picked":"Guardian:EvasiveProtocol","floor":8},{"not_picked":["Guardian:FloatingOrbs","Guardian:Incinerate"],"picked":"Guardian:Gem_Cyan","floor":9},{"not_picked":["Guardian:PrimingBeam","Guardian:Planning"],"picked":"Guardian:TemporalShield","floor":11},{"not_picked":["Guardian:PiercingHide","Guardian:Suspension"],"picked":"Guardian:ShieldCharger","floor":12},{"not_picked":["Guardian:Planning","Guardian:ArmoredProtocol"],"picked":"Guardian:StasisStrike","floor":15},{"not_picked":["Guardian:AncientConstruct","Guardian:BaubleBeam"],"picked":"Guardian:SphericShield","floor":16},{"not_picked":["Guardian:PrismaticBarrier","Guardian:Harden+1"],"picked":"Guardian:Gem_Cyan","floor":19},{"not_picked":["Guardian:VentSteam","Guardian:Suspension+1"],"picked":"Guardian:WalkerClaw+1","floor":20},{"not_picked":["Guardian:Recover","Guardian:Planning"],"picked":"Guardian:GuardianWhirl+1","floor":22},{"not_picked":["Guardian:WalkerClaw","Guardian:ShieldSpikes+1"],"picked":"Guardian:RefractedBeam","floor":23},{"not_picked":["Guardian:ExploitGems","Guardian:PrismaticBarrier","Guardian:ChargeCore"],"picked":"SKIP","floor":25},{"not_picked":["Guardian:Suspension","Guardian:Recover"],"picked":"Guardian:TemporalStrike","floor":27},{"not_picked":["Guardian:WalkerClaw","Guardian:BodySlam+1"],"picked":"Guardian:CrystalBeam","floor":29},{"not_picked":["Guardian:Preprogram","Guardian:PrimingBeam"],"picked":"Guardian:BaubleBeam","floor":31},{"not_picked":["Guardian:RefractedBeam","Guardian:DonusPower"],"picked":"Guardian:Gem_Green","floor":32}],"player_experience":348048,"relics_obtained":[{"floor":7,"key":"Bag of Marbles"},{"floor":9,"key":"Thread and Needle"},{"floor":23,"key":"wanderingMiniBosses:MasterThiefsPresence"},{"floor":24,"key":"hubris:Metronome"},{"floor":25,"key":"Sundial"}],"event_choices":[],"is_beta":false,"boss_relics":[{"not_picked":["hubris:CrackedHourglass","hubris:BlackHole"],"picked":"vexMod:TanglingVine"}],"items_purged_floors":[8],"is_endless":true,"potions_floor_spawned":[4,5,9,15,16,19,20,29,32],"killed_by":"IC_MUSHROOM_ARCHETYPE","ascension_level":0}}