{"host":"0mk07bycsqo1qk03","time":1611313195,"event":{"mods":["BaseMod","Downfall","Hermit","Hubris","Minty Spire (QoL Compilation)","StSLib","The Cursed"],"gold_per_floor":[99,117,132,41,41,41,90,90,109,140,140,159,159,174,190,286,286,286,296,315,315,326,326,326,340,340,36,50,69,69,69,69,69,69],"floor_reached":32,"language":"ENG","playtime":1785,"items_purged":[],"score":281,"play_id":"904c0c65-245f-4c7c-b7cf-b1746dd01d9e","local_time":"20210122115955","is_ascension_mode":true,"campfire_choices":[{"data":"Mayhem","floor":1,"key":"SMITH"},{"data":"Slimebound:CorrosiveSpit","floor":8,"key":"SMITH"},{"data":"Slimebound:Gluttony","floor":11,"key":"SMITH"},{"floor":13,"key":"REST"},{"data":"Slimebound:DuplicatedForm","floor":18,"key":"SMITH"},{"data":"Slimebound:WasteNot","floor":26,"key":"SMITH"},{"floor":30,"key":"REST"}],"circlet_count":0,"master_deck":["Slimebound:Strike_Slimebound","Slimebound:Strike_Slimebound","Slimebound:Strike_Slimebound","Slimebound:Tackle","Slimebound:Defend_Slimebound","Slimebound:Defend_Slimebound","Slimebound:Defend_Slimebound","Slimebound:Defend_Slimebound","Slimebound:Split+1","Slimebound:CorrosiveSpit+1","Mayhem+1","Slimebound:RejuvenatingLick","Slimebound:SamplingLick","Slimebound:WasteNot+1","Slimebound:Gluttony+1","Slimebound:MegaLick","Slimebound:Repurpose","Slimebound:GoopSpray","Slimebound:SlimeSpikes","Slimebound:SlimeSpikes","Slimebound:DuplicatedForm+1","Slimebound:SlimeSpikes","Slimebound:Schlurp","Slimebound:LevelUp","hubris:NaturalOne","Slimebound:Grow","Slimebound:SplitSpecialist","Slimebound:HauntingLick","Slimebound:MinionMaster","Slimebound:TongueLash"],"relics":["Slimebound:AbsorbEndCombat","hubris:Icosahedron","Orichalcum","Nunchaku","Philosopher\u0027s Stone","Lantern","Pantograph"],"acts_visited":["Exordium","TheCity"],"potions_floor_usage":[16,20,28,29,29],"damage_taken":[{"damage":1,"enemies":"Small Slimes","floor":2,"turns":4},{"damage":8,"enemies":"Cultist","floor":3,"turns":4},{"damage":0,"enemies":"downfall:FleeingMerchant","floor":4,"turns":4},{"damage":20,"enemies":"Jaw Worm","floor":9,"turns":4},{"damage":20,"enemies":"Lagavulin","floor":10,"turns":6},{"damage":7,"enemies":"Blue Slaver","floor":12,"turns":4},{"damage":3,"enemies":"2 Fungi Beasts","floor":14,"turns":4},{"damage":0,"enemies":"Large Slime","floor":15,"turns":5},{"damage":31,"enemies":"IC_STATUS_ARCHETYPE","floor":16,"turns":10},{"damage":15,"enemies":"Spheric Guardian","floor":19,"turns":4},{"damage":26,"enemies":"Snake Plant","floor":20,"turns":4},{"damage":0,"enemies":"Centurion and Healer","floor":22,"turns":7},{"damage":23,"enemies":"Shelled Parasite and Fungi","floor":25,"turns":6},{"damage":25,"enemies":"downfall:FleeingMerchant","floor":27,"turns":4},{"damage":8,"enemies":"Snake Plant","floor":28,"turns":4},{"damage":30,"enemies":"Centurion and Healer","floor":29,"turns":5},{"damage":47,"enemies":"3 Cultists","floor":32,"turns":4}],"seed_played":"-4520775538309086232","potions_obtained":[{"floor":2,"key":"SkillPotion"},{"floor":3,"key":"Guardian:BlockOnCardUsePotion"},{"floor":16,"key":"Guardian:BlockOnCardUsePotion"},{"floor":25,"key":"Guardian:BlockOnCardUsePotion"},{"floor":28,"key":"GamblersBrew"}],"is_trial":false,"path_per_floor":["R","M","M","$","?","?","T","R","M","E","R","M","R","M","M","B",null,"R","M","M","?","M","?","T","M","R","$","M","M","R","?","M"],"character_chosen":"SLIMEBOUND","items_purchased":["Slimebound:Gluttony","Pantograph","Slimebound:SplitSpecialist"],"campfire_rested":2,"item_purchase_floors":[4,27,27],"current_hp_per_floor":[47,48,46,52,52,52,52,52,34,20,20,17,36,39,43,20,65,65,65,43,43,51,51,51,36,36,32,28,19,38,38,0,0,0],"gold":69,"neow_bonus":"RANDOM_COLORLESS_2","is_daily":false,"chose_seed":false,"campfire_upgraded":5,"win_rate":0.0,"timestamp":1611313195,"path_taken":["R","M","M","$","?","?","T","R","M","E","R","M","R","M","M","BOSS","R","M","?","?","M","?","T","M","R","$","M","M","R","?","M"],"items_purchased_type":["Card","Relic","Card"],"build_version":"2020-12-22","purchased_purges":0,"victory":false,"max_hp_per_floor":[65,65,65,65,65,65,65,65,65,65,65,65,65,65,65,65,65,65,65,65,65,65,65,65,65,65,65,65,65,65,65,65,65,65],"card_choices":[{"not_picked":["Master of Strategy","hubris:EnhanceAbility"],"picked":"Mayhem","floor":0},{"not_picked":["Slimebound:DisruptingSlam","Slimebound:MegaLick"],"picked":"Slimebound:RejuvenatingLick","floor":2},{"not_picked":["Slimebound:SlimeSpikes","Slimebound:ItLooksTasty"],"picked":"Slimebound:SamplingLick","floor":3},{"not_picked":["Slimebound:PressTheAttack","Slimebound:LeechEnergy"],"picked":"Slimebound:WasteNot","floor":4},{"not_picked":["Slimebound:PressTheAttack","Slimebound:GoopSpray"],"picked":"Slimebound:MegaLick","floor":9},{"not_picked":["Slimebound:Prepare","Slimebound:RejuvenatingLick"],"picked":"Slimebound:Repurpose","floor":10},{"not_picked":["Slimebound:SplitLeeching","Slimebound:SplitAcid"],"picked":"Slimebound:GoopSpray","floor":12},{"not_picked":["Slimebound:OneTwoCombo","Slimebound:Nibble"],"picked":"Slimebound:SlimeSpikes","floor":14},{"not_picked":["Slimebound:SamplingLick","Slimebound:Dissolve"],"picked":"Slimebound:SlimeSpikes","floor":15},{"not_picked":["Slimebound:OneTwoCombo","Slimebound:DouseInSlime"],"picked":"Slimebound:DuplicatedForm","floor":16},{"not_picked":["Slimebound:SplitBruiser+1","Slimebound:ComboTackle"],"picked":"Slimebound:SlimeSpikes","floor":19},{"not_picked":["Slimebound:SlimeSpikes+1","Slimebound:ItLooksTasty"],"picked":"Slimebound:Schlurp","floor":20},{"not_picked":["Slimebound:Chomp","Slimebound:ComboTackle+1","Slimebound:GoopSpray"],"picked":"SKIP","floor":22},{"not_picked":["Slimebound:Replication+1","Slimebound:BestDefense"],"picked":"Slimebound:LevelUp","floor":25},{"not_picked":["Slimebound:ProtectTheBoss","Slimebound:Recollect"],"picked":"Slimebound:Grow","floor":27},{"not_picked":["Slimebound:FinishingTackle","Slimebound:LeechingTouch"],"picked":"Slimebound:HauntingLick","floor":28},{"not_picked":["Slimebound:Chomp","Slimebound:SplitSpecialist+1"],"picked":"Slimebound:MinionMaster","floor":29}],"player_experience":947372,"relics_obtained":[{"floor":7,"key":"Orichalcum"},{"floor":10,"key":"Nunchaku"},{"floor":24,"key":"Lantern"}],"event_choices":[{"damage_healed":0,"gold_gain":0,"player_choice":"Forge","damage_taken":0,"max_hp_gain":0,"max_hp_loss":0,"event_name":"Accursed Blacksmith","floor":6,"gold_loss":0,"cards_upgraded":["Slimebound:Split"]},{"damage_healed":0,"gold_gain":0,"player_choice":"Read","damage_taken":0,"max_hp_gain":0,"max_hp_loss":0,"event_name":"The Library","floor":31,"gold_loss":0,"cards_obtained":["Slimebound:TongueLash"]}],"is_beta":false,"boss_relics":[{"not_picked":["Sozu","Tiny House"],"picked":"Philosopher\u0027s Stone"}],"items_purged_floors":[],"is_endless":false,"potions_floor_spawned":[2,3,16,25,28],"killed_by":"3 Cultists","ascension_level":3}}