{"host":"fgbtpmpkiyhboxpi","time":1611341910,"event":{"mods":["BaseMod","Downfall","Minty Spire (QoL Compilation)","StSLib"],"gold_per_floor":[99,115,130,230,230,244,268,268,268,92,192,23,23,34,49,49,49,49],"floor_reached":16,"language":"ENG","playtime":1938,"items_purged":["champ:Strike"],"score":90,"play_id":"2d303c65-c654-40bc-8fba-4aeac128fb91","local_time":"20210122105830","is_ascension_mode":false,"campfire_choices":[{"data":"champ:Taunt","floor":1,"key":"SMITH"},{"data":"champ:EnragedBash","floor":9,"key":"SMITH"},{"data":"champ:GladiatorForm","floor":13,"key":"SMITH"}],"circlet_count":0,"master_deck":["champ:Strike","champ:Defend","champ:Defend","champ:Defend","champ:Defend","champ:Execute","champ:Taunt+1","champ:EnragedBash+1","champ:TornadoPunch","champ:ShieldWall","champ:Encircle","champ:FaceSlap+1","champ:Backstep","champ:FocusedBerserking","champ:CrookedStrike","champ:RecklessLeap","champ:GladiatorForm+1","champ:SteelEdge","champ:AdrenalArmor"],"relics":["champ:ChampionCrown","Nunchaku","Omamori","champ:LiftRelic"],"acts_visited":["Exordium"],"potions_floor_usage":[11,14,16],"damage_taken":[{"damage":12,"enemies":"Small Slimes","floor":2,"turns":4},{"damage":19,"enemies":"2 Louse","floor":3,"turns":2},{"damage":36,"enemies":"Jaw Worm","floor":6,"turns":5},{"damage":25,"enemies":"downfall:FleeingMerchant","floor":10,"turns":4},{"damage":46,"enemies":"downfall:Heads","floor":11,"turns":5},{"damage":20,"enemies":"downfall:FleeingMerchant","floor":12,"turns":4},{"damage":21,"enemies":"2 Fungi Beasts","floor":14,"turns":3},{"damage":10,"enemies":"Gremlin Gang","floor":15,"turns":4},{"damage":40,"enemies":"WA_ARCHETYPE_RETAIN","floor":16,"turns":6}],"seed_played":"5360210666569069308","potions_obtained":[{"floor":2,"key":"Block Potion"},{"floor":3,"key":"BlessingOfTheForge"},{"floor":11,"key":"Regen Potion"},{"floor":15,"key":"GamblersBrew"}],"is_trial":false,"path_per_floor":["R","M","M","?","?","M","T","?","R","$","?","$","R","M","M","B"],"character_chosen":"THE_CHAMP","items_purchased":["champ:FaceSlap","champ:Backstep","champ:GladiatorForm"],"campfire_rested":0,"item_purchase_floors":[10,10,12],"current_hp_per_floor":[99,97,93,93,68,62,62,62,62,62,41,41,41,40,40,0,0,0],"gold":49,"neow_bonus":"TEN_PERCENT_HP_BONUS","is_daily":false,"chose_seed":false,"campfire_upgraded":3,"win_rate":0.0,"timestamp":1611341910,"path_taken":["R","M","M","?","?","M","T","?","R","$","?","?","R","?","M","BOSS"],"items_purchased_type":["Card","Card","Card"],"build_version":"2020-12-22","purchased_purges":1,"victory":false,"max_hp_per_floor":[99,99,99,99,99,99,99,99,99,99,99,99,99,99,99,99,99,99],"card_choices":[{"not_picked":["champ:RecklessLeap","champ:AdrenalArmor"],"picked":"champ:EnragedBash","floor":2},{"not_picked":["champ:BerserkersShout","champ:Lariat"],"picked":"champ:TornadoPunch","floor":3},{"not_picked":["champ:BerserkersShout","champ:IronFortress"],"picked":"champ:ShieldWall","floor":6},{"not_picked":["champ:CrownThrow","champ:Shatter"],"picked":"champ:Encircle","floor":10},{"not_picked":["champ:GutPunch","champ:FocusedBerserking"],"picked":"champ:CrookedStrike","floor":11},{"not_picked":["champ:FocusedBerserking","champ:EnGarde"],"picked":"champ:RecklessLeap","floor":12},{"not_picked":["champ:BerserkersShout","champ:Haymaker"],"picked":"champ:SteelEdge","floor":14},{"not_picked":["champ:HeartStrike","champ:Shatter"],"picked":"champ:AdrenalArmor","floor":15}],"player_experience":593585,"relics_obtained":[{"floor":7,"key":"Omamori"}],"event_choices":[{"damage_healed":0,"gold_gain":0,"player_choice":"Success","damage_taken":25,"relics_obtained":["Nunchaku"],"max_hp_gain":0,"max_hp_loss":0,"event_name":"Scrap Ooze","floor":5,"gold_loss":0}],"is_beta":false,"boss_relics":[],"items_purged_floors":[10],"is_endless":false,"potions_floor_spawned":[2,3,11,15],"killed_by":"WA_ARCHETYPE_RETAIN","ascension_level":0}}