{"host":"7sni158j623xchr2","time":1611297947,"event":{"mods":["BaseMod","Colored Map","Highlight Path","Minty Spire (QoL Compilation)","Permanent Neow","Potion Indicator Mod","Rare Cards Sparkle","Relic Sorter","Relic Stats","StSLib","everything is the same but u backflip on backflip"],"gold_per_floor":[18,18,18,93,108,146,146,171,197,197,7,50,70,111,111,234,234,247,247,297,6,27,68,68,122,122,122,165,199,71,71,71,196,196,209,34,52,70,70,70,135,135,161,197,215,215,260,300,300,300,300,300,8,44,44],"floor_reached":56,"language":"ENG","playtime":1992,"items_purged":["Strike_P","Strike_P","Strike_P"],"score":1515,"play_id":"6a6609fc-aa56-4987-9fb9-120b249606cc","local_time":"20210122004547","is_ascension_mode":true,"campfire_choices":[{"data":"Eruption","floor":7,"key":"SMITH"},{"data":"Adaptation","floor":10,"key":"SMITH"},{"data":"CrushJoints","floor":15,"key":"SMITH"},{"data":"TalkToTheHand","floor":24,"key":"SMITH"},{"data":"Tantrum","floor":27,"key":"SMITH"},{"floor":32,"key":"REST"},{"floor":40,"key":"REST"},{"floor":42,"key":"RECALL"},{"floor":46,"key":"REST"},{"floor":49,"key":"REST"},{"floor":52,"key":"REST"}],"circlet_count":0,"master_deck":["Defend_P","Defend_P","Eruption+1","Vigilance","Wireheading","Brilliance","Adaptation+1","SashWhip","CutThroughFate","Halt","FollowUp","Sanctity","CrushJoints+1","TalkToTheHand+1","Wish","Tantrum+1","CrushJoints","Halt+1","EmptyMind","ThirdEye","Wallop","Scrawl","MentalFortress+1","FearNoEvil","TalkToTheHand+1","Fasting2+1","Tantrum+1","FlurryOfBlows+1","JustLucky+1","TalkToTheHand","Omniscience","Wish"],"relics":["PureWater","Golden Idol","Regal Pillow","Strawberry","Membership Card","Darkstone Periapt","Bottled Flame","SlaversCollar","Ice Cream","Toolbox","Gremlin Horn","Ginger","Kunai","Art of War","Fusion Hammer","DollysMirror","Omamori","PreservedInsect","Happy Flower","Calipers","Orrery","Gambling Chip"],"acts_visited":["Exordium","TheCity","TheBeyond","TheEnding"],"potions_floor_usage":[6,14,18,18,23,23,25,29,30,33,33,37,50],"damage_taken":[{"damage":6,"enemies":"Jaw Worm","floor":1,"turns":3},{"damage":0,"enemies":"Small Slimes","floor":5,"turns":2},{"damage":0,"enemies":"Gremlin Nob","floor":6,"turns":2},{"damage":1,"enemies":"Cultist","floor":8,"turns":3},{"damage":0,"enemies":"3 Sentries","floor":12,"turns":3},{"damage":6,"enemies":"Lots of Slimes","floor":13,"turns":3},{"damage":0,"enemies":"Gremlin Nob","floor":14,"turns":2},{"damage":17,"enemies":"Hexaghost","floor":16,"turns":9},{"damage":2,"enemies":"Spheric Guardian","floor":18,"turns":3},{"damage":13,"enemies":"Shell Parasite","floor":20,"turns":4},{"damage":29,"enemies":"Sentry and Sphere","floor":22,"turns":4},{"damage":9,"enemies":"Gremlin Leader","floor":23,"turns":6},{"damage":14,"enemies":"Book of Stabbing","floor":25,"turns":4},{"damage":13,"enemies":"Shelled Parasite and Fungi","floor":28,"turns":5},{"damage":6,"enemies":"Slavers","floor":29,"turns":4},{"damage":0,"enemies":"Automaton","floor":33,"turns":7},{"damage":7,"enemies":"Orb Walker","floor":35,"turns":2},{"damage":0,"enemies":"3 Darklings","floor":37,"turns":3},{"damage":17,"enemies":"Jaw Worm Horde","floor":38,"turns":2},{"damage":0,"enemies":"Giant Head","floor":41,"turns":5},{"damage":0,"enemies":"Reptomancer","floor":44,"turns":2},{"damage":0,"enemies":"Transient","floor":45,"turns":5},{"damage":0,"enemies":"Writhing Mass","floor":47,"turns":4},{"damage":0,"enemies":"Jaw Worm Horde","floor":48,"turns":3},{"damage":26,"enemies":"Time Eater","floor":50,"turns":7},{"damage":17,"enemies":"Shield and Spear","floor":54,"turns":2},{"damage":1,"enemies":"The Heart","floor":55,"turns":8}],"seed_played":"-2051729116267855091","potions_obtained":[{"floor":5,"key":"Ambrosia"},{"floor":12,"key":"SpeedPotion"},{"floor":13,"key":"FearPotion"},{"floor":16,"key":"Explosive Potion"},{"floor":18,"key":"Regen Potion"},{"floor":22,"key":"SkillPotion"},{"floor":23,"key":"DuplicationPotion"},{"floor":29,"key":"Fruit Juice"},{"floor":35,"key":"DistilledChaos"},{"floor":37,"key":"FearPotion"},{"floor":48,"key":"DistilledChaos"}],"is_trial":false,"path_per_floor":["M","$","?","?","M","E","R","M","T","R","$","E","M","E","R","B",null,"M","?","M","$","M","E","R","E","T","R","M","E","$","?","R","B",null,"M","$","M","M","T","R","E","R","T","E","M","R","M","M","R","B",null,"R","$","E","B",null],"character_chosen":"WATCHER","items_purchased":["Membership Card","FollowUp","BottledMiracle","Ice Cream","EmptyMind","Toolbox","Weak Potion","SkillPotion","SteroidPotion","FearNoEvil","DollysMirror","TalkToTheHand","Calipers","Orrery","SpeedPotion"],"campfire_rested":5,"item_purchase_floors":[11,11,11,21,21,21,30,30,30,36,36,53,53,53,53],"current_hp_per_floor":[66,66,48,37,37,37,37,36,43,43,43,43,37,37,37,20,79,77,77,64,64,35,41,41,27,27,27,14,8,13,13,53,53,84,77,77,77,60,60,84,84,84,84,84,84,84,84,84,84,58,84,84,84,67,66],"gold":44,"neow_bonus":"TRANSFORM_TWO_CARDS","is_daily":false,"chose_seed":false,"campfire_upgraded":5,"win_rate":0.0,"timestamp":1611297947,"path_taken":["M","$","?","?","M","E","R","?","T","R","$","E","M","E","R","BOSS","M","?","M","$","M","E","R","E","T","R","?","E","?","?","R","BOSS","M","$","?","M","?","R","E","R","T","E","M","R","M","M","R","BOSS","R","$","E","BOSS"],"items_purchased_type":["Relic","Card","Potion","Relic","Card","Relic","Potion","Potion","Potion","Card","Relic","Card","Relic","Relic","Potion"],"build_version":"2020-12-22","purchased_purges":3,"victory":true,"max_hp_per_floor":[72,72,72,72,72,72,72,72,79,79,79,79,79,79,79,79,79,79,79,79,79,79,79,79,79,79,79,79,79,84,84,84,84,84,84,84,84,84,84,84,84,84,84,84,84,84,84,84,84,84,84,84,84,84,84],"relic_stats":{"Darkstone Periapt":0,"Regal Pillow":15,"Gremlin Horn":[15,15],"Happy Flower":[9],"counters":[27,107],"Golden Idol":221,"Gambling Chip":[2],"PreservedInsect":125,"Art of War":[2],"Ginger":[6],"Kunai":[48],"obtain_stats":[{"Darkstone Periapt":12,"Ice Cream":21,"Regal Pillow":6,"Calipers":53,"Gremlin Horn":23,"Happy Flower":44,"Golden Idol":3,"PreservedInsect":43,"Omamori":41,"Ginger":25,"SlaversCollar":17,"Bottled Flame":14,"DollysMirror":36,"Strawberry":9,"Gambling Chip":54,"Toolbox":21,"Orrery":53,"Fusion Hammer":34,"Art of War":29,"Membership Card":11,"Kunai":26,"PureWater":0},{"Darkstone Periapt":5,"Ice Cream":10,"Regal Pillow":3,"Calipers":25,"Gremlin Horn":12,"Happy Flower":21,"Golden Idol":1,"PreservedInsect":20,"Omamori":20,"Ginger":13,"SlaversCollar":8,"Bottled Flame":7,"DollysMirror":17,"Strawberry":4,"Gambling Chip":26,"Toolbox":10,"Orrery":25,"Fusion Hammer":16,"Art of War":15,"Membership Card":4,"Kunai":13,"PureWater":0},{"Darkstone Periapt":13,"Ice Cream":34,"Regal Pillow":7,"Calipers":97,"Gremlin Horn":44,"Happy Flower":78,"Golden Idol":3,"PreservedInsect":76,"Omamori":76,"Ginger":48,"SlaversCollar":27,"Bottled Flame":18,"DollysMirror":66,"Strawberry":10,"Gambling Chip":99,"Toolbox":34,"Orrery":97,"Fusion Hammer":64,"Art of War":57,"Membership Card":10,"Kunai":48,"PureWater":0}]},"card_choices":[{"not_picked":["FlurryOfBlows","MentalFortress"],"picked":"Adaptation","floor":1},{"not_picked":["Prostrate","ClearTheMind"],"picked":"SashWhip","floor":5},{"not_picked":["WheelKick","Vengeance"],"picked":"CutThroughFate","floor":6},{"not_picked":["EmptyBody","Pray"],"picked":"Halt","floor":8},{"not_picked":["EmptyBody","Consecrate"],"picked":"Sanctity","floor":12},{"not_picked":["Wireheading","EmptyFist"],"picked":"CrushJoints","floor":13},{"not_picked":["Pray","Collect"],"picked":"TalkToTheHand","floor":14},{"not_picked":["Judgement","SpiritShield"],"picked":"Wish","floor":16},{"not_picked":["Perseverance","CarveReality+1"],"picked":"Tantrum","floor":18},{"not_picked":["EmptyFist","Crescendo"],"picked":"Halt+1","floor":20},{"not_picked":["BowlingBash","PathToVictory+1","Protect"],"picked":"SKIP","floor":22},{"not_picked":["BowlingBash+1","FollowUp"],"picked":"ThirdEye","floor":23},{"not_picked":["Alpha","WreathOfFlame","WheelKick"],"picked":"SKIP","floor":25},{"not_picked":["Protect","ThirdEye"],"picked":"Wallop","floor":28},{"not_picked":["Halt+1","Perseverance","Protect+1"],"picked":"SKIP","floor":29},{"not_picked":["DeusExMachina","ConjureBlade"],"picked":"Scrawl","floor":33},{"not_picked":["CarveReality+1","EmptyBody"],"picked":"MentalFortress+1","floor":35},{"not_picked":["CutThroughFate","JustLucky+1"],"picked":"Fasting2+1","floor":37},{"not_picked":["WheelKick+1","Evaluate"],"picked":"Tantrum+1","floor":38},{"not_picked":["PathToVictory","Evaluate","FollowUp"],"picked":"SKIP","floor":41},{"not_picked":["Halt","Establishment","FollowUp+1"],"picked":"SKIP","floor":44},{"not_picked":["Evaluate+1","EmptyBody","BattleHymn+1"],"picked":"SKIP","floor":45},{"not_picked":["Fasting2","FlurryOfBlows+1","SashWhip"],"picked":"SKIP","floor":47},{"not_picked":["Fasting2","SashWhip"],"picked":"FlurryOfBlows+1","floor":47},{"not_picked":["BowlingBash","EmptyFist+1","JustLucky+1"],"picked":"SKIP","floor":48},{"not_picked":["BowlingBash","EmptyFist+1"],"picked":"JustLucky+1","floor":48},{"not_picked":["Adaptation","FollowUp+1"],"picked":"Omniscience","floor":53},{"not_picked":["SandsOfTime","PathToVictory"],"picked":"Wish","floor":54}],"player_experience":1671689,"relics_obtained":[{"floor":6,"key":"Regal Pillow"},{"floor":9,"key":"Strawberry"},{"floor":12,"key":"Darkstone Periapt"},{"floor":14,"key":"Bottled Flame"},{"floor":23,"key":"Gremlin Horn"},{"floor":25,"key":"Ginger"},{"floor":26,"key":"Kunai"},{"floor":29,"key":"Art of War"},{"floor":41,"key":"Omamori"},{"floor":43,"key":"PreservedInsect"},{"floor":44,"key":"Happy Flower"},{"floor":54,"key":"Gambling Chip"}],"event_choices":[{"damage_healed":0,"gold_gain":0,"player_choice":"Take Damage","damage_taken":18,"relics_obtained":["Golden Idol"],"max_hp_gain":0,"max_hp_loss":0,"event_name":"Golden Idol","floor":3,"gold_loss":0},{"damage_healed":0,"gold_gain":75,"player_choice":"Gather Gold","damage_taken":11,"max_hp_gain":0,"max_hp_loss":0,"event_name":"World of Goop","floor":4,"gold_loss":0},{"damage_healed":0,"gold_gain":0,"cards_transformed":["Strike_P"],"player_choice":"Transformed","damage_taken":0,"max_hp_gain":0,"max_hp_loss":0,"event_name":"Transmorgrifier","floor":19,"gold_loss":0,"cards_obtained":["CrushJoints"]},{"damage_healed":0,"gold_gain":0,"player_choice":"Ignored","damage_taken":0,"max_hp_gain":0,"max_hp_loss":0,"event_name":"NoteForYourself","floor":31,"gold_loss":0}],"is_beta":false,"boss_relics":[{"not_picked":["HolyWater","Astrolabe"],"picked":"SlaversCollar"},{"not_picked":["Coffee Dripper","Runic Pyramid"],"picked":"Fusion Hammer"}],"items_purged_floors":[21,30,36],"is_endless":false,"potions_floor_spawned":[5,12,13,16,18,22,23,29,35,37,48],"ascension_level":1}}