{"host":"06e3yyzgn8o619wl","time":1611337251,"event":{"mods":["BaseMod","Block Reminder","Colored Map","Colored Powertips","DeckTracker","Minty Spire (QoL Compilation)","Relic Stats","StSLib"],"gold_per_floor":[117,137,147,72,72,97,112,112,112,124,24,24,43,53,53,156,156,181,204,233,245,257,269,301,313,325,337,367,379,18,30,30,129,129,149,199,199,199,49,49,63,63,63,82,82,107,107,121,121,121],"floor_reached":51,"language":"JPN","playtime":3059,"items_purged":["Strike_P","Strike_P","Strike_P","Pain"],"score":777,"play_id":"4f884a16-5a05-4de8-890b-9956f26cebeb","local_time":"20210123024051","is_ascension_mode":true,"campfire_choices":[{"data":"Vigilance","floor":8.0,"key":"SMITH"},{"data":"BattleHymn","floor":12.0,"key":"SMITH"},{"data":"Tantrum","floor":15.0,"key":"SMITH"},{"floor":23.0,"key":"REST"},{"floor":27.0,"key":"REST"},{"floor":29.0,"key":"REST"},{"data":"ThirdEye","floor":32.0,"key":"SMITH"},{"data":"TalkToTheHand","floor":40.0,"key":"SMITH"},{"data":"Eruption","floor":42.0,"key":"SMITH"},{"data":"Establishment","floor":45.0,"key":"SMITH"},{"floor":49,"key":"REST"}],"circlet_count":0,"master_deck":["Strike_P","Defend_P","Defend_P","Defend_P","Defend_P","Vigilance+1","Wireheading","Tantrum+1","BattleHymn+1","InnerPeace","Adaptation","TalkToTheHand+1","Establishment+1","CurseOfTheBell","TalkToTheHand+1","ClearTheMind","ThirdEye+1","LikeWater+1","FearNoEvil+1","CrushJoints+1"],"relics":["HolyWater","Akabeko","Darkstone Periapt","Kunai","Bottled Flame","Calling Bell","MawBank","Matryoshka","Calipers","Mercury Hourglass","Blood Vial","White Beast Statue","Meat on the Bone","TeardropLocket","GoldenEye","WarpedTongs","Molten Egg 2","Bag of Marbles"],"acts_visited":["Exordium","TheCity","TheBeyond"],"potions_floor_usage":[50,50],"damage_taken":[{"damage":19.0,"enemies":"Jaw Worm","floor":1.0,"turns":2.0},{"damage":7.0,"enemies":"Cultist","floor":2.0,"turns":3.0},{"damage":0.0,"enemies":"Small Slimes","floor":3.0,"turns":1.0},{"damage":0.0,"enemies":"Gremlin Nob","floor":6.0,"turns":2.0},{"damage":0.0,"enemies":"Exordium Wildlife","floor":7.0,"turns":2.0},{"damage":4.0,"enemies":"Blue Slaver","floor":10.0,"turns":3.0},{"damage":0.0,"enemies":"3 Louse","floor":13.0,"turns":2.0},{"damage":0.0,"enemies":"Red Slaver","floor":14.0,"turns":1.0},{"damage":8.0,"enemies":"The Guardian","floor":16.0,"turns":10.0},{"damage":12.0,"enemies":"2 Thieves","floor":18.0,"turns":2.0},{"damage":17.0,"enemies":"3 Byrds","floor":19.0,"turns":5.0},{"damage":45.0,"enemies":"Snake Plant","floor":20.0,"turns":5.0},{"damage":34.0,"enemies":"Centurion and Healer","floor":24.0,"turns":5.0},{"damage":14.0,"enemies":"Sentry and Sphere","floor":28.0,"turns":4.0},{"damage":5.0,"enemies":"Snecko","floor":31.0,"turns":3.0},{"damage":52.0,"enemies":"Automaton","floor":33.0,"turns":9.0},{"damage":10.0,"enemies":"3 Darklings","floor":35.0,"turns":5.0},{"damage":12.0,"enemies":"Mind Bloom Boss Battle","floor":36.0,"turns":8.0},{"damage":0.0,"enemies":"Orb Walker","floor":41.0,"turns":1.0},{"damage":0.0,"enemies":"4 Shapes","floor":44.0,"turns":6.0},{"damage":48.0,"enemies":"Reptomancer","floor":46.0,"turns":5.0},{"damage":5.0,"enemies":"Transient","floor":48.0,"turns":5.0},{"damage":32,"enemies":"Awakened One","floor":50,"turns":11}],"seed_played":"1503220329165353178","potions_obtained":[{"floor":2.0,"key":"GamblersBrew"},{"floor":3.0,"key":"Explosive Potion"},{"floor":6.0,"key":"Regen Potion"},{"floor":10.0,"key":"ColorlessPotion"},{"floor":14.0,"key":"Regen Potion"},{"floor":19.0,"key":"Swift Potion"},{"floor":28.0,"key":"SteroidPotion"},{"floor":31.0,"key":"PowerPotion"},{"floor":33.0,"key":"ColorlessPotion"},{"floor":41.0,"key":"SneckoOil"},{"floor":46.0,"key":"Ancient Potion"},{"floor":48.0,"key":"EssenceOfSteel"}],"is_trial":false,"path_per_floor":["M","M","M","$","?","E","M","R","T","M","$","R","M","M","R","B",null,"M","M","M","?","?","R","M","T","T","R","M","R","$","M","R","B",null,"M","?","?","?","$","R","M","R","T","M","R","E","?","M","R","B",null],"character_chosen":"WATCHER","items_purchased":["TeardropLocket"],"campfire_rested":4,"item_purchase_floors":[30],"current_hp_per_floor":[53,46,46,46,46,46,46,46,46,42,42,42,42,42,42,34,78,66,49,18,18,18,41,7,7,7,30,30,53,53,50,50,17,78,68,58,58,64,64,64,66,66,66,68,68,34,34,43,68,50],"gold":121,"neow_bonus":"RANDOM_COMMON_RELIC","is_daily":false,"chose_seed":false,"campfire_upgraded":7,"win_rate":0.0,"timestamp":1611337251,"path_taken":["M","M","M","$","?","E","M","R","T","M","$","R","M","M","R","BOSS","M","?","M","?","?","R","M","?","T","R","M","R","?","M","R","BOSS","M","?","?","?","$","R","?","R","T","M","R","E","?","M","R","BOSS"],"items_purchased_type":["Relic"],"build_version":"2020-12-22","purchased_purges":4,"victory":true,"max_hp_per_floor":[72,72,72,72,72,72,72,72,72,72,72,72,72,72,72,72,78,78,78,78,78,78,78,78,78,78,78,78,78,78,78,78,78,78,78,78,78,84,84,84,84,84,84,84,84,84,84,84,84,84],"relic_stats":{"Darkstone Periapt":12,"Blood Vial":18,"counters":[23,100],"Kunai":[36],"MawBank":156,"GoldenEye":[21],"obtain_stats":[{"Darkstone Periapt":5,"Calipers":17,"TeardropLocket":30,"MawBank":17,"GoldenEye":36,"Akabeko":0,"White Beast Statue":26,"Mercury Hourglass":25,"WarpedTongs":38,"Calling Bell":17,"Blood Vial":25,"Bottled Flame":9,"Matryoshka":17,"HolyWater":34,"Molten Egg 2":43,"Bag of Marbles":46,"Kunai":6,"PureWater":0,"Meat on the Bone":26},{"Darkstone Periapt":3,"Calipers":9,"TeardropLocket":14,"MawBank":9,"GoldenEye":18,"Akabeko":0,"White Beast Statue":13,"Mercury Hourglass":13,"WarpedTongs":18,"Calling Bell":9,"Blood Vial":13,"Bottled Flame":5,"Matryoshka":9,"HolyWater":16,"Molten Egg 2":19,"Bag of Marbles":21,"Kunai":4,"PureWater":0,"Meat on the Bone":13},{"Darkstone Periapt":6,"Calipers":26,"TeardropLocket":47,"MawBank":26,"GoldenEye":72,"Akabeko":0,"White Beast Statue":43,"Mercury Hourglass":43,"WarpedTongs":72,"Calling Bell":26,"Blood Vial":43,"Bottled Flame":10,"Matryoshka":26,"HolyWater":59,"Molten Egg 2":73,"Bag of Marbles":84,"Kunai":8,"PureWater":0,"Meat on the Bone":43}],"Mercury Hourglass":[243],"Meat on the Bone":60,"WarpedTongs":[28]},"card_choices":[{"not_picked":["EmptyFist","EmptyBody"],"picked":"Wireheading","floor":1.0},{"not_picked":["Fasting2","InnerPeace"],"picked":"Tantrum","floor":2.0},{"not_picked":["ThirdEye","PathToVictory"],"picked":"BattleHymn","floor":3.0},{"not_picked":["CarveReality","Consecrate"],"picked":"InnerPeace","floor":6.0},{"not_picked":["CutThroughFate","Fasting2"],"picked":"Adaptation","floor":7.0},{"not_picked":["Evaluate","ReachHeaven"],"picked":"TalkToTheHand","floor":10.0},{"not_picked":["SashWhip","Study","WreathOfFlame"],"picked":"SKIP","floor":13.0},{"not_picked":["Omniscience","Evaluate","Weave"],"picked":"SKIP","floor":14.0},{"not_picked":["Vault","LessonLearned"],"picked":"Establishment","floor":16.0},{"not_picked":["SashWhip","Conclude","FlurryOfBlows"],"picked":"SKIP","floor":18.0},{"not_picked":["Halt","Consecrate","Crescendo"],"picked":"SKIP","floor":19.0},{"not_picked":["Swivel","Wish"],"picked":"TalkToTheHand+1","floor":20.0},{"not_picked":["Indignation","ThirdEye"],"picked":"ClearTheMind","floor":24.0},{"not_picked":["FlyingSleeves","FlurryOfBlows"],"picked":"ThirdEye","floor":28.0},{"not_picked":["FlyingSleeves+1","FlurryOfBlows"],"picked":"LikeWater+1","floor":31.0},{"not_picked":["Consecrate+1","ClearTheMind+1"],"picked":"FearNoEvil+1","floor":35.0},{"not_picked":["CutThroughFate","ReachHeaven","JustLucky+1"],"picked":"SKIP","floor":41.0},{"not_picked":["Indignation+1","Evaluate","Crescendo"],"picked":"SKIP","floor":44.0},{"not_picked":["FlurryOfBlows+1","Adaptation"],"picked":"CrushJoints+1","floor":46.0},{"not_picked":["Wish","ClearTheMind+1","Evaluate+1"],"picked":"SKIP","floor":48.0}],"player_experience":108875,"relics_obtained":[{"floor":6.0,"key":"Kunai"},{"floor":9.0,"key":"Bottled Flame"},{"floor":17.0,"key":"MawBank"},{"floor":17.0,"key":"Matryoshka"},{"floor":17.0,"key":"Calipers"},{"floor":25.0,"key":"Mercury Hourglass"},{"floor":25.0,"key":"Blood Vial"},{"floor":26.0,"key":"White Beast Statue"},{"floor":26.0,"key":"Meat on the Bone"},{"floor":36.0,"key":"GoldenEye"},{"floor":43.0,"key":"Molten Egg 2"},{"floor":46.0,"key":"Bag of Marbles"}],"event_choices":[{"damage_healed":0.0,"max_hp_gain":0.0,"max_hp_loss":0.0,"gold_gain":0.0,"event_name":"WeMeetAgain","player_choice":"Gave Potion","floor":5.0,"gold_loss":0.0,"damage_taken":0.0,"relics_obtained":["Darkstone Periapt"]},{"damage_healed":0.0,"max_hp_gain":0.0,"max_hp_loss":0.0,"gold_gain":0.0,"event_name":"Vampires","player_choice":"Ignored","floor":21.0,"gold_loss":0.0,"damage_taken":0.0},{"damage_healed":0.0,"max_hp_gain":0.0,"max_hp_loss":0.0,"gold_gain":0.0,"event_name":"Ghosts","player_choice":"Ignored","floor":22.0,"gold_loss":0.0,"damage_taken":0.0},{"damage_healed":0.0,"max_hp_gain":0.0,"max_hp_loss":0.0,"gold_gain":0.0,"event_name":"MindBloom","player_choice":"Fight","floor":36.0,"gold_loss":0.0,"damage_taken":0.0},{"damage_healed":0.0,"max_hp_gain":0.0,"max_hp_loss":0.0,"gold_gain":0.0,"event_name":"Tomb of Lord Red Mask","player_choice":"Ignored","floor":37.0,"gold_loss":0.0,"damage_taken":0.0},{"damage_healed":0.0,"max_hp_gain":0.0,"max_hp_loss":0.0,"gold_gain":0.0,"event_name":"Accursed Blacksmith","player_choice":"Rummage","floor":38.0,"gold_loss":0.0,"damage_taken":0.0,"relics_obtained":["WarpedTongs"],"cards_obtained":["Pain"]},{"cards_removed":["Eruption"],"damage_healed":0.0,"max_hp_gain":0.0,"max_hp_loss":0.0,"gold_gain":0.0,"event_name":"Falling","player_choice":"Removed Attack","floor":47.0,"gold_loss":0.0,"damage_taken":0.0}],"is_beta":false,"boss_relics":[{"not_picked":["Fusion Hammer","Runic Pyramid"],"picked":"Calling Bell"},{"not_picked":["Snecko Eye","SacredBark"],"picked":"HolyWater"}],"items_purged_floors":[4,11,30,39],"is_endless":false,"potions_floor_spawned":[2,3,6,10,14,19,28,31,33,35,36,41,44,46,48],"ascension_level":3}}