{"host":"1x0iiauhsd6tfigj","time":1611291122,"event":{"mods":["AchievementEnabler","BaseMod","Block Reminder","Colored Map","Colored Powertips","DeckTracker","Googly Eyes","Highlight Path","Minty Spire (QoL Compilation)","Permanent Neow","Quick Restart","Relic Sorter","Relic Stats","Slay-I","StSLib"],"gold_per_floor":[118,128,138,149,163,163,191,191,191,191,9,9,20,32,32,134,134,151,60,60,49,49,49,81,81,81,92,44,44,44,54,54,54,54],"floor_reached":33,"language":"ENG","playtime":1503,"items_purged":[],"score":332,"play_id":"9379f1a0-6c5c-40dc-874a-950f99b6d453","local_time":"20210121215202","is_ascension_mode":true,"campfire_choices":[{"floor":6,"key":"REST"},{"floor":8,"key":"REST"},{"data":"Conclude","floor":10,"key":"SMITH"},{"floor":15,"key":"REST"},{"floor":23,"key":"REST"},{"floor":25,"key":"REST"},{"floor":29,"key":"REST"},{"floor":32,"key":"REST"}],"circlet_count":0,"master_deck":["Strike_P","Strike_P","Strike_P","Strike_P","Defend_P","Defend_P","Defend_P","Defend_P","Eruption","Vigilance","Protect","BowlingBash","CutThroughFate","EmptyFist","BowlingBash","Conclude+1","Dramatic Entrance","Consecrate","ThirdEye","Devotion","CurseOfTheBell","ThirdEye","BowlingBash","BattleHymn","Evaluate","EmptyBody+1","BowlingBash+1","Panacea","JustLucky+1"],"relics":["PureWater","Ancient Tea Set","Ornamental Fan","TeardropLocket","Calling Bell","Orichalcum","Pantograph","Torii","Shovel"],"acts_visited":["Exordium","TheCity"],"potions_floor_usage":[4,14,16,16,24,24,31,33,33],"damage_taken":[{"damage":0,"enemies":"Cultist","floor":1,"turns":2},{"damage":0,"enemies":"2 Louse","floor":2,"turns":2},{"damage":0,"enemies":"Small Slimes","floor":3,"turns":3},{"damage":2,"enemies":"Gremlin Gang","floor":4,"turns":6},{"damage":20,"enemies":"Exordium Wildlife","floor":5,"turns":7},{"damage":32,"enemies":"Gremlin Nob","floor":7,"turns":4},{"damage":0,"enemies":"Lots of Slimes","floor":13,"turns":1},{"damage":0,"enemies":"Looter","floor":14,"turns":1},{"damage":26,"enemies":"The Guardian","floor":16,"turns":12},{"damage":0,"enemies":"3 Byrds","floor":18,"turns":4},{"damage":22,"enemies":"2 Thieves","floor":21,"turns":4},{"damage":27,"enemies":"Slavers","floor":24,"turns":3},{"damage":15,"enemies":"Cultist and Chosen","floor":27,"turns":6},{"damage":16,"enemies":"Snake Plant","floor":31,"turns":6},{"damage":77,"enemies":"Champ","floor":33,"turns":10}],"seed_played":"-4056346189372104619","potions_obtained":[{"floor":3,"key":"Block Potion"},{"floor":7,"key":"Fire Potion"},{"floor":22,"key":"ColorlessPotion"},{"floor":22,"key":"StancePotion"},{"floor":22,"key":"Ambrosia"},{"floor":27,"key":"Block Potion"}],"is_trial":false,"path_per_floor":["M","M","M","M","M","R","E","R","T","R","$","?","M","M","R","B",null,"M","$","?","M","?","R","E","R","T","M","$","R","?","M","R","B"],"character_chosen":"WATCHER","items_purchased":["Dramatic Entrance","Strength Potion","AttackPotion","BowlingBash","BattleHymn","PowerPotion"],"campfire_rested":7,"item_purchase_floors":[11,11,11,19,19,28],"current_hp_per_floor":[72,72,72,70,50,71,39,60,60,60,60,60,60,60,72,46,72,72,72,59,37,37,60,33,56,56,41,41,64,64,48,71,0,0],"gold":54,"neow_bonus":"RANDOM_COMMON_RELIC","is_daily":false,"chose_seed":false,"campfire_upgraded":1,"win_rate":0.0,"timestamp":1611291122,"path_taken":["M","M","M","?","M","R","E","R","T","R","$","?","M","M","R","BOSS","M","$","?","M","?","R","E","R","T","?","$","R","?","M","R","BOSS"],"items_purchased_type":["Card","Potion","Potion","Card","Card","Potion"],"build_version":"2020-12-22","purchased_purges":0,"victory":false,"max_hp_per_floor":[72,72,72,72,72,72,72,72,72,72,72,72,72,72,72,72,72,72,72,77,77,77,77,77,77,77,77,77,77,77,77,77,77,77],"relic_stats":{"Shovel":0,"Torii":8,"counters":[15,71],"Ornamental Fan":[96],"Pantograph":6,"Orichalcum":[18],"obtain_stats":[{"Calling Bell":17,"Shovel":24,"Torii":17,"Ornamental Fan":7,"Pantograph":17,"TeardropLocket":9,"PureWater":0,"Orichalcum":17,"Ancient Tea Set":0},{"Calling Bell":9,"Shovel":12,"Torii":9,"Ornamental Fan":6,"Pantograph":9,"TeardropLocket":6,"PureWater":0,"Orichalcum":9,"Ancient Tea Set":0},{"Calling Bell":38,"Shovel":49,"Torii":38,"Ornamental Fan":24,"Pantograph":38,"TeardropLocket":24,"PureWater":0,"Orichalcum":38,"Ancient Tea Set":0}]},"card_choices":[{"not_picked":["DeceiveReality","CutThroughFate"],"picked":"Protect","floor":1},{"not_picked":["Protect","WheelKick"],"picked":"BowlingBash","floor":2},{"not_picked":["WaveOfTheHand","Halt"],"picked":"CutThroughFate","floor":3},{"not_picked":["CrushJoints","Halt"],"picked":"EmptyFist","floor":4},{"not_picked":["FlyingSleeves","Prostrate"],"picked":"BowlingBash","floor":5},{"not_picked":["Vault","Indignation"],"picked":"Conclude","floor":7},{"not_picked":["FearNoEvil","Crescendo"],"picked":"Consecrate","floor":13},{"not_picked":["ReachHeaven","WreathOfFlame"],"picked":"ThirdEye","floor":14},{"not_picked":["Wish","Establishment"],"picked":"Devotion","floor":16},{"not_picked":["FollowUp","Sanctity+1"],"picked":"ThirdEye","floor":18},{"not_picked":["ClearTheMind","Worship"],"picked":"Evaluate","floor":21},{"not_picked":["BowlingBash","Crescendo"],"picked":"EmptyBody+1","floor":24},{"not_picked":["Establishment","Evaluate"],"picked":"BowlingBash+1","floor":27},{"not_picked":["Prostrate","Vengeance"],"picked":"JustLucky+1","floor":31}],"player_experience":1578164,"relics_obtained":[{"floor":7,"key":"Ornamental Fan"},{"floor":9,"key":"TeardropLocket"},{"floor":17,"key":"Orichalcum"},{"floor":17,"key":"Pantograph"},{"floor":17,"key":"Torii"},{"floor":24,"key":"Shovel"}],"event_choices":[{"damage_healed":0,"gold_gain":0,"player_choice":"Ignored","damage_taken":0,"max_hp_gain":0,"max_hp_loss":0,"event_name":"Golden Idol","floor":12,"gold_loss":0},{"damage_healed":0,"gold_gain":0,"player_choice":"Shed Blood","damage_taken":18,"max_hp_gain":5,"max_hp_loss":0,"event_name":"Forgotten Altar","floor":20,"gold_loss":0},{"damage_healed":0,"gold_gain":0,"player_choice":"Got Potions","damage_taken":0,"max_hp_gain":0,"max_hp_loss":0,"event_name":"Lab","floor":22,"gold_loss":0},{"damage_healed":0,"gold_gain":0,"player_choice":"1 cards matched","damage_taken":0,"max_hp_gain":0,"max_hp_loss":0,"event_name":"Match and Keep!","floor":30,"gold_loss":0,"cards_obtained":["Panacea"]}],"is_beta":false,"boss_relics":[{"not_picked":["Busted Crown","Runic Dome"],"picked":"Calling Bell"}],"items_purged_floors":[],"is_endless":false,"potions_floor_spawned":[3,7,13,27],"killed_by":"Champ","ascension_level":3}}