{"host":"p5axfb00mxhraew6","time":1611322087,"event":{"mods":["Abigail Mod","Act Like it!","BaseMod","CapriCore","Friendly Minions","GifTheSpireLib","Jedi Mod","KomeijiMod","Lobotomy","Marisa（霧雨　魔理沙）","Minty Spire (QoL Compilation)","Prisma Mod","Reimu（博??梦）","Remilia（蕾米莉?）","SOS（斯巴?之子）","StSLib","Td1madao Mod","The Alterego","The Immortal","The Problem Sleuth","Yakumo Yukari mod"],"gold_per_floor":[116,116,216,235,255,255,33,33,85,85,85],"floor_reached":10,"language":"ENG","playtime":330,"items_purged":["alterego_mod:Strike"],"score":95,"play_id":"00a66862-55a5-48bf-9830-c67f292317e1","local_time":"20210122222807","is_ascension_mode":true,"campfire_choices":[{"data":"alterego_mod:Punishment","floor":6,"key":"SMITH"},{"data":"alterego_mod:BigMeatyClaws","floor":8,"key":"SMITH"}],"circlet_count":0,"master_deck":["AscendersBane","alterego_mod:Strike","alterego_mod:Strike","alterego_mod:Strike","alterego_mod:Defend","alterego_mod:Defend","alterego_mod:Defend","alterego_mod:Defend","alterego_mod:BigMeatyClaws+1","alterego_mod:BrynhildrsRune","alterego_mod:MaintainEyeContact","alterego_mod:Punishment","alterego_mod:Punishment+1"],"relics":["alterego_mod:MasochisticConstitution","ClockworkSouvenir","jedi:cryingmask"],"acts_visited":["Exordium"],"potions_floor_usage":[],"damage_taken":[{"damage":9,"enemies":"Jaw Worm","floor":1,"turns":6},{"damage":4,"enemies":"Small Slimes","floor":4,"turns":5},{"damage":6,"enemies":"Cultist","floor":5,"turns":6},{"damage":13,"enemies":"3 Sentries","floor":10,"turns":3}],"seed_played":"-7288006140499656864","potions_obtained":[{"floor":1,"key":"jedi:wingpotion"},{"floor":4,"key":"SkillPotion"}],"is_trial":false,"path_per_floor":["M","?","?","M","M","R","$","R","T","E"],"character_chosen":"The_Alterego","items_purchased":["ClockworkSouvenir"],"campfire_rested":0,"item_purchase_floors":[7],"current_hp_per_floor":[58,63,63,67,69,69,69,69,69,56,56],"gold":85,"neow_bonus":"REMOVE_CARD","is_daily":false,"chose_seed":false,"campfire_upgraded":2,"win_rate":0.0,"timestamp":1611322087,"path_taken":["M","?","?","M","M","R","$","R","T","E"],"items_purchased_type":["Relic"],"build_version":"2020-12-22","purchased_purges":1,"victory":false,"max_hp_per_floor":[66,71,71,72,73,73,73,73,73,73,73],"card_choices":[{"not_picked":["alterego_mod:DestructionOfProperty","alterego_mod:TrashNCrash"],"picked":"alterego_mod:MaintainEyeContact","floor":1},{"not_picked":["alterego_mod:SuperDuperMasochism","alterego_mod:TrashNCrash"],"picked":"alterego_mod:Punishment","floor":4},{"not_picked":["alterego_mod:Clap","alterego_mod:Mirror"],"picked":"alterego_mod:Punishment","floor":5}],"player_experience":1263052,"relics_obtained":[{"floor":9,"key":"jedi:cryingmask"}],"event_choices":[{"damage_healed":0,"gold_gain":0,"player_choice":"Donut","damage_taken":0,"max_hp_gain":5,"max_hp_loss":0,"event_name":"Big Fish","floor":2,"gold_loss":0},{"damage_healed":0,"gold_gain":100,"player_choice":"Pray","damage_taken":0,"max_hp_gain":0,"max_hp_loss":0,"event_name":"Golden Shrine","floor":3,"gold_loss":0}],"is_beta":false,"boss_relics":[],"items_purged_floors":[7],"is_endless":false,"potions_floor_spawned":[1,4],"killed_by":"3 Sentries","ascension_level":14}}