{"host":"7r2n0tv442aowt09","time":1611313752,"event":{"mods":["BaseMod","Custom Start","Exacting","Highlight Path","Infinite Spire","Minty Spire (QoL Compilation)","Relic Sorter","StS++","StSLib"],"gold_per_floor":[138,118,118,178,211,301,301,301],"floor_reached":7,"language":"JPN","playtime":890,"items_purged":[],"score":102,"play_id":"18fa4f88-7756-4f29-9818-1f8d5cd95730","local_time":"20210122200912","daily_mods":["Flight","Midas"],"is_ascension_mode":true,"campfire_choices":[],"circlet_count":0,"master_deck":["AscendersBane","Strike_P","Strike_P","Strike_P","Strike_P","Defend_P","Defend_P","Defend_P","Defend_P","Eruption+1","Vigilance","Protect+1","StSpp:Renounce+1","Pray+1","Evaluate+1"],"relics":["PureWater","Darkstone Periapt","Champion Belt","Singing Bowl","Toxic Egg 2","Juzu Bracelet","Nuclear Battery","Peace Pipe","Question Card"],"acts_visited":["Exordium"],"potions_floor_usage":[6,7],"damage_taken":[{"damage":3,"enemies":"2 Louse","floor":1,"turns":4},{"damage":6,"enemies":"infinitespire:Voidling","floor":4,"turns":4},{"damage":6,"enemies":"Small Slimes","floor":5,"turns":5},{"damage":29,"enemies":"Lagavulin","floor":6,"turns":12},{"damage":30,"enemies":"3 Sentries","floor":7,"turns":10}],"seed_played":"-7130318628980107514","potions_obtained":[{"floor":2,"key":"Strength Potion"},{"floor":4,"key":"Dexterity Potion"}],"is_trial":true,"path_per_floor":["M","?","?","M","M","E","E"],"character_chosen":"WATCHER","items_purchased":[],"campfire_rested":0,"item_purchase_floors":[],"current_hp_per_floor":[58,58,58,57,51,22,0,0],"gold":301,"neow_bonus":"","is_daily":false,"chose_seed":false,"campfire_upgraded":0,"win_rate":0.0,"timestamp":1611313752,"path_taken":["M","?","?","M","M","E","E"],"items_purchased_type":[],"build_version":"2020-12-22","purchased_purges":0,"victory":false,"max_hp_per_floor":[68,68,68,68,68,68,68,68],"card_choices":[{"not_picked":["Collect+1","Wallop"],"picked":"Protect+1","floor":1},{"not_picked":["StSpp:LatentStrike","TalkToTheHand"],"picked":"StSpp:Renounce+1","floor":4},{"not_picked":["StSpp:Renounce+1","Protect+1"],"picked":"Pray+1","floor":5},{"not_picked":["StSpp:LatentStrike","Wireheading"],"picked":"Evaluate+1","floor":6}],"player_experience":2221362,"relics_obtained":[{"floor":6,"key":"Question Card"}],"event_choices":[{"damage_healed":0,"gold_gain":0,"player_choice":"Bought 1 Potion","damage_taken":0,"max_hp_gain":0,"max_hp_loss":0,"event_name":"The Woman in Blue","floor":2,"gold_loss":0},{"damage_healed":0,"gold_gain":0,"player_choice":"Grow","damage_taken":0,"max_hp_gain":0,"max_hp_loss":0,"event_name":"Living Wall","floor":3,"gold_loss":0,"cards_upgraded":["Eruption"]}],"is_beta":false,"boss_relics":[],"items_purged_floors":[],"is_endless":false,"potions_floor_spawned":[4],"killed_by":"3 Sentries","ascension_level":20}}