{"host":"kvo7eymyd21g9abd","time":1611345956,"event":{"mods":["AchievementEnabler","BaseMod","Bestiary","Colored Map","Minty Spire (QoL Compilation)","StSLib"],"gold_per_floor":[118,118,132,147,158,158,168,168,168,168,168,13,46,65,65,161,161,180,11,31,31,45,45,45,45,100,110,123,123,123,123],"floor_reached":30,"language":"ENG","playtime":962,"items_purged":[],"score":290,"play_id":"fb71127c-267f-44da-86d3-5f1a3af6829a","local_time":"20210122150556","is_ascension_mode":true,"campfire_choices":[{"floor":6,"key":"RECALL"},{"floor":8,"key":"REST"},{"floor":15,"key":"REST"},{"floor":23,"key":"REST"},{"floor":29,"key":"REST"}],"circlet_count":0,"master_deck":["Strike_B","Strike_B","Strike_B","Strike_B","Defend_B","Defend_B+1","Defend_B+1","Defend_B","Zap","Redo","Sweeping Beam","Conserve Battery","Electrodynamics","Redo","Rainbow","Loop","Conserve Battery","Creative AI","Doom and Gloom","Static Discharge","Ball Lightning","Force Field+1","Ball Lightning","Redo"],"relics":["SlaversCollar","Torii","Nuclear Battery","Potion Belt"],"acts_visited":["Exordium","TheCity"],"potions_floor_usage":[18,28],"damage_taken":[{"damage":5,"enemies":"Small Slimes","floor":1,"turns":6},{"damage":6,"enemies":"Cultist","floor":3,"turns":4},{"damage":18,"enemies":"Jaw Worm","floor":4,"turns":4},{"damage":6,"enemies":"Large Slime","floor":5,"turns":6},{"damage":12,"enemies":"2 Fungi Beasts","floor":7,"turns":3},{"damage":48,"enemies":"Gremlin Nob","floor":13,"turns":5},{"damage":11,"enemies":"Looter","floor":14,"turns":3},{"damage":2,"enemies":"Slime Boss","floor":16,"turns":9},{"damage":19,"enemies":"2 Thieves","floor":18,"turns":4},{"damage":16,"enemies":"Shell Parasite","floor":20,"turns":5},{"damage":26,"enemies":"Snake Plant","floor":22,"turns":4},{"damage":24,"enemies":"Chosen and Byrds","floor":27,"turns":6},{"damage":12,"enemies":"Cultist and Chosen","floor":28,"turns":4},{"damage":32,"enemies":"Centurion and Healer","floor":30,"turns":4}],"seed_played":"-2517589892004461594","potions_obtained":[{"floor":4,"key":"Strength Potion"},{"floor":7,"key":"Energy Potion"},{"floor":27,"key":"Ancient Potion"},{"floor":28,"key":"LiquidBronze"}],"is_trial":false,"path_per_floor":["M","?","M","M","M","R","M","R","T","?","?","$","E","M","R","B",null,"M","$","M","?","M","R","?","$","T","M","M","R","M"],"character_chosen":"DEFECT","items_purchased":["Rainbow","FairyPotion","Static Discharge"],"campfire_rested":4,"item_purchase_floors":[12,19,19],"current_hp_per_floor":[70,70,64,46,40,40,28,50,50,75,60,60,12,1,23,21,62,43,43,27,27,1,23,23,23,23,22,10,32,0,0],"gold":123,"neow_bonus":"BOSS_RELIC","is_daily":false,"chose_seed":false,"campfire_upgraded":0,"win_rate":0.0,"timestamp":1611345956,"path_taken":["M","?","M","M","?","R","M","R","T","?","?","$","E","M","R","BOSS","M","$","M","?","M","R","?","$","T","?","M","R","M"],"items_purchased_type":["Card","Potion","Card"],"build_version":"2020-12-22","purchased_purges":0,"victory":false,"max_hp_per_floor":[75,75,75,75,75,75,75,75,75,75,75,75,75,75,75,75,75,75,75,75,75,75,75,75,75,75,75,75,75,75,75],"card_choices":[{"not_picked":["Hologram","Melter"],"picked":"Redo","floor":1},{"not_picked":["Gash","Rebound"],"picked":"Sweeping Beam","floor":3},{"not_picked":["Turbo","Go for the Eyes"],"picked":"Conserve Battery","floor":4},{"not_picked":["Barrage","Force Field"],"picked":"Electrodynamics","floor":5},{"not_picked":["Hologram","Beam Cell"],"picked":"Redo","floor":7},{"not_picked":["Leap","Gash"],"picked":"Loop","floor":13},{"not_picked":["Stack","Chaos"],"picked":"Conserve Battery","floor":14},{"not_picked":["Meteor Strike","Machine Learning"],"picked":"Creative AI","floor":16},{"not_picked":["Glacier+1","Storm"],"picked":"Doom and Gloom","floor":18},{"not_picked":["Doom and Gloom+1","Steam+1"],"picked":"Ball Lightning","floor":20},{"not_picked":["Loop","Gash"],"picked":"Force Field+1","floor":22},{"not_picked":["Rebound+1","Streamline+1"],"picked":"Ball Lightning","floor":27},{"not_picked":["Hologram","Fusion"],"picked":"Redo","floor":28}],"player_experience":411218,"relics_obtained":[{"floor":13,"key":"Torii"},{"floor":26,"key":"Potion Belt"}],"event_choices":[{"cards_removed":["Dualcast"],"damage_healed":0,"gold_gain":0,"player_choice":"Offered Basic","damage_taken":0,"max_hp_gain":0,"max_hp_loss":0,"event_name":"Bonfire Elementals","floor":2,"gold_loss":0},{"damage_healed":25,"gold_gain":0,"player_choice":"Banana","damage_taken":0,"max_hp_gain":0,"max_hp_loss":0,"event_name":"Big Fish","floor":10,"gold_loss":0},{"damage_healed":0,"gold_gain":0,"player_choice":"Entered Light","damage_taken":15,"max_hp_gain":0,"max_hp_loss":0,"event_name":"Shining Light","floor":11,"gold_loss":0,"cards_upgraded":["Defend_B","Defend_B"]},{"damage_healed":0,"gold_gain":0,"player_choice":"Ignored","damage_taken":0,"max_hp_gain":0,"max_hp_loss":0,"event_name":"N\u0027loth","floor":24,"gold_loss":0}],"is_beta":false,"boss_relics":[{"not_picked":["Astrolabe","Snecko Eye"],"picked":"Nuclear Battery"}],"items_purged_floors":[],"is_endless":false,"potions_floor_spawned":[4,7,27,28],"killed_by":"Centurion and Healer","ascension_level":5}}