{"host":"jmumkimrafwvkspb","time":1611340988,"event":{"mods":["AchievementEnabler","BaseMod","Colored Map","Minty Spire (QoL Compilation)","Replay The Spire","StSLib"],"gold_per_floor":[109,125,140,140,150,160,160,185,185,220,220,238,250,265,265,265,265],"floor_reached":16,"language":"ENG","playtime":656,"items_purged":[],"score":232,"play_id":"99a3595f-6e37-4c38-bfad-984fb87c365c","local_time":"20210122194308","is_ascension_mode":true,"campfire_choices":[{"data":"Streamline","floor":7,"key":"SMITH"},{"data":"BasicCrystalCard","floor":11,"key":"SMITH"},{"floor":15,"key":"REST"}],"circlet_count":0,"master_deck":["AscendersBane","Strike_B","Strike_B","Strike_B","Strike_B","Defend_B","Defend_B","Defend_B","Defend_B","Zap","Dualcast","Melter","Streamline+1","Rebound","Auto Shields","Meteor Strike","BasicCrystalCard+1","Self Repair","Fission","Panic Button","FTL"],"relics":["Cracked Core","Geode","ReplayTheSpireMod:Lightbulb","Chameleon Ring","TungstenRod"],"acts_visited":["Exordium"],"potions_floor_usage":[8,10],"damage_taken":[{"damage":12,"enemies":"Small Slimes","floor":1,"turns":3},{"damage":1,"enemies":"Cultist","floor":2,"turns":3},{"damage":2,"enemies":"2 Louse","floor":3,"turns":2},{"damage":1,"enemies":"Large Slime","floor":5,"turns":4},{"damage":7,"enemies":"Looter","floor":6,"turns":3},{"damage":13,"enemies":"Lagavulin","floor":8,"turns":6},{"damage":15,"enemies":"3 Sentries","floor":10,"turns":7},{"damage":8,"enemies":"Red Slaver","floor":12,"turns":2},{"damage":6,"enemies":"Large Slime","floor":13,"turns":3},{"damage":10,"enemies":"2 Fungi Beasts","floor":14,"turns":3},{"damage":32,"enemies":"Slime Boss","floor":16,"turns":3}],"seed_played":"-7208491938576164305","potions_obtained":[{"floor":1,"key":"Fire Potion"},{"floor":5,"key":"Dexterity Potion"},{"floor":6,"key":"SkillPotion"},{"floor":8,"key":"FearPotion"},{"floor":12,"key":"FocusPotion"}],"is_trial":false,"path_per_floor":["M","M","M","?","M","M","R","E","T","E","R","M","M","M","R","B"],"character_chosen":"DEFECT","items_purchased":[],"campfire_rested":1,"item_purchase_floors":[],"current_hp_per_floor":[59,58,56,56,55,48,48,35,35,20,20,12,13,3,26,0,0],"gold":265,"neow_bonus":"TEN_PERCENT_HP_BONUS","is_daily":false,"chose_seed":false,"campfire_upgraded":2,"win_rate":0.0,"timestamp":1611340988,"path_taken":["M","M","M","?","M","?","R","E","T","E","R","M","?","M","R","BOSS"],"items_purchased_type":[],"build_version":"2020-12-22","purchased_purges":0,"victory":false,"max_hp_per_floor":[78,78,78,78,78,78,78,78,78,78,78,78,78,78,78,78,78],"card_choices":[{"not_picked":["ReplaySort","Compile Driver"],"picked":"Melter","floor":1},{"not_picked":["Steam","Coolheaded"],"picked":"Streamline","floor":2},{"not_picked":["Aggregate","Steam"],"picked":"Rebound","floor":3},{"not_picked":["Sweeping Beam","Leap"],"picked":"Auto Shields","floor":5},{"not_picked":["ReplayTheSpireMod:GoodbyeWorld","Barrage"],"picked":"Meteor Strike","floor":6},{"not_picked":["ReplayRNGCard","Steam"],"picked":"BasicCrystalCard","floor":8},{"not_picked":["Reprogram","Coolheaded"],"picked":"Self Repair","floor":10},{"not_picked":["Skim","ReplayTheSpireMod:System Scan"],"picked":"Fission","floor":12},{"not_picked":["Barrage","Sweeping Beam"],"picked":"Panic Button","floor":13},{"not_picked":["Conserve Battery","Leap"],"picked":"FTL","floor":14}],"player_experience":1580291,"relics_obtained":[{"floor":8,"key":"ReplayTheSpireMod:Lightbulb"},{"floor":9,"key":"Chameleon Ring"},{"floor":10,"key":"TungstenRod"}],"event_choices":[{"damage_healed":0,"gold_gain":0,"player_choice":"Gave Potion","damage_taken":0,"relics_obtained":["Geode"],"max_hp_gain":0,"max_hp_loss":0,"event_name":"WeMeetAgain","floor":4,"gold_loss":0}],"is_beta":false,"boss_relics":[],"items_purged_floors":[],"is_endless":false,"potions_floor_spawned":[1,5,6,8,12],"killed_by":"Slime Boss","ascension_level":20}}