{"host":"usrgk25etjl0nf5i","time":1611286455,"event":{"mods":["2.2 Compatiblity","BaseMod","Downfall","Hubris","Minty Spire (QoL Compilation)","StSLib","SuperFastMode"],"gold_per_floor":[113,113,113,113,129,172,197,240,264,284,284,34,72,90,90,218,218,239,239,239,239,217,256,256,256,256],"floor_reached":25,"language":"ENG","playtime":709,"items_purged":["Injury"],"score":382,"play_id":"b7034477-f39a-4007-ae52-d307adf13859","local_time":"20210121193415","is_ascension_mode":true,"campfire_choices":[{"floor":11,"key":"REST"},{"floor":15,"key":"REST"}],"circlet_count":0,"master_deck":["AscendersBane","Strike_B","Strike_B","Strike_B","Defend_B","Defend_B","Defend_B","Defend_B","Zap","Dualcast","Go for the Eyes","Genetic Algorithm","Electrodynamics","Auto Shields","Self Repair","hubris:Ukulele","Self Repair","Bandage Up","Leap","Buffer","Stack+1","Conserve Battery","Defragment","Defragment"],"relics":["Cracked Core","Bag of Preparation","hubris:Towel","Golden Idol","Lantern","hubris:GlazedTorus","Ancient Tea Set","Happy Flower","Black Star","Nloth\u0027s Gift","hubris:SlimyHat","Symbiotic Virus"],"acts_visited":["Exordium","TheCity"],"potions_floor_usage":[6,10,22,22],"damage_taken":[{"damage":0,"enemies":"Small Slimes","floor":1,"turns":3},{"damage":0,"enemies":"Jaw Worm","floor":5,"turns":3},{"damage":48,"enemies":"Gremlin Nob","floor":6,"turns":5},{"damage":0,"enemies":"2 Louse","floor":7,"turns":1},{"damage":16,"enemies":"Lagavulin","floor":8,"turns":8},{"damage":0,"enemies":"2 Fungi Beasts","floor":10,"turns":1},{"damage":20,"enemies":"3 Sentries","floor":13,"turns":4},{"damage":0,"enemies":"3 Louse","floor":14,"turns":1},{"damage":12,"enemies":"Slime Boss","floor":16,"turns":8},{"damage":1,"enemies":"Chosen","floor":18,"turns":5},{"damage":17,"enemies":"2 Thieves","floor":22,"turns":5},{"damage":71,"enemies":"Slavers","floor":23,"turns":5},{"damage":12,"enemies":"Gremlin Leader","floor":25,"turns":2}],"seed_played":"-206382764787554771","potions_obtained":[{"floor":1,"key":"DuplicationPotion"},{"floor":5,"key":"Regen Potion"},{"floor":6,"key":"Weak Potion"},{"floor":18,"key":"ColorlessPotion"},{"floor":23,"key":"FearPotion"}],"is_trial":false,"path_per_floor":["M","?","?","?","M","E","M","E","T","M","R","$","E","M","R","B",null,"M","?","?","?","M","E","?","E"],"character_chosen":"DEFECT","items_purchased":["Self Repair","Bandage Up"],"campfire_rested":2,"item_purchase_floors":[12,12],"current_hp_per_floor":[68,61,61,61,61,27,27,11,11,11,33,33,31,31,53,59,71,75,75,75,75,72,12,12,0,0],"gold":256,"neow_bonus":"RANDOM_COMMON_RELIC","is_daily":false,"chose_seed":false,"campfire_upgraded":0,"win_rate":0.0,"timestamp":1611286455,"path_taken":["M","?","?","?","M","E","M","E","T","M","R","$","E","M","R","BOSS","M","?","?","?","?","E","?","E"],"items_purchased_type":["Card","Card"],"build_version":"2020-12-22","purchased_purges":1,"victory":false,"max_hp_per_floor":[75,75,75,75,75,75,75,75,75,75,75,75,75,75,75,75,75,75,75,75,75,75,75,75,75,75],"card_choices":[{"not_picked":["Recycle","Redo"],"picked":"Go for the Eyes","floor":1},{"not_picked":["Cold Snap","Turbo"],"picked":"Genetic Algorithm","floor":5},{"not_picked":["Storm","Steam"],"picked":"Electrodynamics","floor":6},{"not_picked":["Gash","Conserve Battery"],"picked":"Auto Shields","floor":7},{"not_picked":["Coolheaded","Glacier"],"picked":"Self Repair","floor":8},{"not_picked":["Sweeping Beam","Hologram"],"picked":"hubris:Ukulele","floor":10},{"not_picked":["Beam Cell","hubris:PowerSurge","Chill"],"picked":"SKIP","floor":13},{"not_picked":["Sweeping Beam","Stack"],"picked":"Leap","floor":14},{"not_picked":["hubris:SpecializedCircuitry","Machine Learning"],"picked":"Buffer","floor":16},{"not_picked":["Steam Power","Redo"],"picked":"Stack+1","floor":18},{"not_picked":["Self Repair","Ball Lightning"],"picked":"Defragment","floor":22},{"not_picked":["Cold Snap","Amplify"],"picked":"Defragment","floor":23}],"player_experience":659444,"relics_obtained":[{"floor":6,"key":"Lantern"},{"floor":8,"key":"hubris:GlazedTorus"},{"floor":9,"key":"Ancient Tea Set"},{"floor":13,"key":"Happy Flower"},{"floor":23,"key":"hubris:SlimyHat"},{"floor":23,"key":"Symbiotic Virus"}],"event_choices":[{"cards_removed":["Strike_B"],"damage_healed":0,"gold_gain":0,"player_choice":"Card Removal","damage_taken":7,"max_hp_gain":0,"max_hp_loss":0,"event_name":"Golden Wing","floor":2,"gold_loss":0},{"damage_healed":0,"gold_gain":0,"player_choice":"Take Wound","damage_taken":0,"relics_obtained":["Golden Idol"],"max_hp_gain":0,"max_hp_loss":0,"event_name":"Golden Idol","floor":4,"gold_loss":0,"cards_obtained":["Injury"]},{"damage_healed":0,"gold_gain":0,"player_choice":"Read","damage_taken":0,"max_hp_gain":0,"max_hp_loss":0,"event_name":"The Library","floor":20,"gold_loss":0,"cards_obtained":["Conserve Battery"]},{"damage_healed":0,"gold_gain":0,"player_choice":"Traded Relic","damage_taken":0,"relics_obtained":["Nloth\u0027s Gift"],"max_hp_gain":0,"max_hp_loss":0,"event_name":"N\u0027loth","floor":21,"relics_lost":["hubris:Icosahedron"],"gold_loss":0},{"damage_healed":0,"gold_gain":0,"player_choice":"Ignored","damage_taken":0,"max_hp_gain":0,"max_hp_loss":0,"event_name":"Vampires","floor":24,"gold_loss":0}],"is_beta":false,"boss_relics":[{"not_picked":["Busted Crown","hubris:ScarierMask"],"picked":"Black Star"}],"items_purged_floors":[12],"is_endless":false,"potions_floor_spawned":[1,5,6,18,23],"killed_by":"Gremlin Leader","ascension_level":12}}