{"host":"atu1skz5iq69e5lr","time":1611353730,"event":{"mods":["AchievementEnabler","Aspiration","BaseMod","Better Third Choice","Colored Map","Conspire","Evolution","Friendly Minions","Halation","Highlight Path","HololiveMod","Hubris","Infinite Spire","Keyboard Shortcuts","Lobotomy","Minty Spire (QoL Compilation)","Replay The Spire","Shop Mod","StSLib"],"gold_per_floor":[77,27,49,49,71,117,155,155,180,229,258,300,350,197,197,384,384,413,413,413,413,449,480,492,527,582,614,671,691,716,739,739,841,841,880,880,880,894,894,924,955,984,984,1014,1059,1072,1130,1151,1151,1165,1165],"floor_reached":52,"language":"ENG","playtime":2634,"items_purged":["Hololive_Drill"],"score":1412,"play_id":"ae704eed-d7ec-4228-82df-ac853ede9ccd","local_time":"20210122231530","is_ascension_mode":true,"campfire_choices":[{"data":"Hololive_CallHoushouMarine","floor":8,"key":"SMITH"},{"data":"Hololive_CallOmaruPolka","floor":15,"key":"SMITH"},{"data":"Hololive_BeCareful","floor":32,"key":"SMITH"},{"data":"hubris:InfiniteBlow+25","floor":49,"key":"SMITH"}],"circlet_count":0,"master_deck":["Hololive_Strike","Hololive_Strike","Hololive_Defend","Hololive_Defend","Hololive_Teleport","Hololive_CallRosalyn","Hololive_CallHoushouMarine+1","Hololive_CallYogiri","Hololive_CallTokinoSora","Hololive_CallSakuraMiko","conspire:SpireCoStock","Hololive_CallFriendA","Hololive_CocoNews","Hololive_BeCareful+1","Hololive_CallOmaruPolka+1","ReplayTheSpireMod:Haul","hubris:InfiniteBlow+26","Hololive_CallShishiroBotan","Hololive_CallYukihanaLamy+1","Hololive_DDD","Hololive_HuntDinosaur+1","hubris:DuctTapeCard","Hololive_CallMomosuzuNene+5","Pot Of Greed","Hololive_Thief","Hololive_CallDoris+1"],"relics":["Hololive_TheStar","EVO:Axolotl","Potion Belt","Blood Vial","Tiny Chest","Chameleon Ring","Replay:Grab Bag","Philosopher\u0027s Stone","infinitespire:Cupcake","SacredBark","Replay:Bottled Snecko","Calipers","Replay:Wax Seal","infinitespire:CursedDice","Grinning Jar","infinitespire:Bottled Soul","Question Card","Black Star","Happy Flower","hubris:SphereOfDissonance","Replay:Bottled Flurry","conspire:Boomerang","hubris:DuctTape","conspire:Flyswatter","halation:PrussianBluePaint","Smiling Mask","Blue Doll","Replay:Mystery Machine","Torii","Bottled Tornado"],"acts_visited":["Exordium","TheCity","TheBeyond"],"potions_floor_usage":[16,18,18,29,41,41,47,48,50,50,50],"damage_taken":[{"damage":0.0,"enemies":"Jaw Worm","floor":1.0,"turns":3.0},{"damage":0.0,"enemies":"Cultist","floor":3.0,"turns":3.0},{"damage":0.0,"enemies":"2 Louse","floor":5.0,"turns":3.0},{"damage":0.0,"enemies":"Lagavulin","floor":6.0,"turns":5.0},{"damage":0.0,"enemies":"Looter","floor":7.0,"turns":4.0},{"damage":0,"enemies":"3 Sentries","floor":10,"turns":6},{"damage":0,"enemies":"Lots of Slimes","floor":11,"turns":4},{"damage":0,"enemies":"conspire:2 RoseBushes","floor":12,"turns":3},{"damage":0,"enemies":"Gremlin Nob","floor":13,"turns":3},{"damage":0,"enemies":"Fading Forest","floor":16,"turns":11},{"damage":2,"enemies":"3 Byrds","floor":18,"turns":2},{"damage":0,"enemies":"conspire:FuzzyDice","floor":22,"turns":3},{"damage":0,"enemies":"conspire:SneckoGhost","floor":23,"turns":1},{"damage":0,"enemies":"Shelled Parasite and Fungi","floor":24,"turns":3},{"damage":0,"enemies":"Nightmare","floor":25,"turns":1},{"damage":0,"enemies":"Centurion and Healer","floor":27,"turns":2},{"damage":0,"enemies":"Gremlin Leader","floor":28,"turns":4},{"damage":0,"enemies":"3 Cultists","floor":29,"turns":3},{"damage":0,"enemies":"Replay:Snechameleon","floor":30,"turns":3},{"damage":0,"enemies":"conspire:HollyBat","floor":31,"turns":4},{"damage":0,"enemies":"hubris:MusketHawk","floor":33,"turns":1},{"damage":0,"enemies":"3 Shapes","floor":35,"turns":3},{"damage":0,"enemies":"Orb Walker","floor":38,"turns":1},{"damage":0,"enemies":"Nightmare","floor":40,"turns":1},{"damage":1,"enemies":"3 Darklings","floor":41,"turns":3},{"damage":0,"enemies":"R_Hoarder","floor":42,"turns":1},{"damage":0,"enemies":"Reptomancer","floor":44,"turns":2},{"damage":0,"enemies":"Transient","floor":45,"turns":4},{"damage":0,"enemies":"Spire Growth","floor":46,"turns":1},{"damage":0,"enemies":"Nemesis","floor":47,"turns":5},{"damage":0,"enemies":"Jaw Worm Horde","floor":48,"turns":3},{"damage":1,"enemies":"Awakened One","floor":50,"turns":4}],"seed_played":"-4292419203723436316","potions_obtained":[{"floor":3.0,"key":"Adrenaline Potion"},{"floor":4.0,"key":"Toxic Potion"},{"floor":4.0,"key":"Weak Potion"},{"floor":5.0,"key":"Adrenaline Potion"},{"floor":11,"key":"Toxic Potion"},{"floor":16,"key":"AttackPotion"},{"floor":23,"key":"Milkshake"},{"floor":25,"key":"FearPotion"},{"floor":29,"key":"LiquidMemories"},{"floor":30,"key":"Dexterity Potion"},{"floor":31,"key":"PowerPotion"},{"floor":42,"key":"Block Potion"},{"floor":46,"key":"Weak Potion"},{"floor":47,"key":"ColorlessPotion"}],"is_trial":false,"path_per_floor":["M","?","M","?","M","E","M","R","T","E","M","M","E","$","R","B",null,"M","T","?","AVR","M","E","M","NM","T","M","E","M","E","M","R","B",null,"M","AVR","?","M","T","NM","M","E","T","E","M","M","E","M","R","B",null,null],"character_chosen":"Hololive_HololiveCharacter","items_purchased":["Hololive_CallOmaruPolka"],"campfire_rested":0,"item_purchase_floors":[14],"current_hp_per_floor":[35,35,35,35,35,35,35,35,35,35,35,35,35,35,35,35,35,33,33,25,25,27,29,31,33,33,35,35,35,35,35,35,35,35,35,35,35,35,35,35,34,35,35,35,35,35,35,35,35,34,34],"gold":1165,"neow_bonus":"","is_daily":false,"chose_seed":false,"campfire_upgraded":4,"win_rate":0.0,"timestamp":1611353730,"path_taken":["M","?","M","?","M","E","M","R","T","E","M","M","E","$","R","BOSS","M","?","?","AVR","M","E","M","NM","T","M","E","M","E","M","R","BOSS","M","AVR","?","M","?","NM","M","E","T","E","M","M","E","M","R","BOSS"],"items_purchased_type":["Card"],"build_version":"2020-12-22","purchased_purges":1,"victory":true,"max_hp_per_floor":[35,35,35,35,35,35,35,35,35,35,35,35,35,35,35,35,35,35,35,35,35,35,35,35,35,35,35,35,35,35,35,35,35,35,35,35,35,35,35,35,35,35,35,35,35,35,35,35,35,35,35],"card_choices":[{"not_picked":["Hololive_OvertimeWork","Hololive_CallAZKi","Hololive_Breathe"],"picked":"Hololive_Drill","floor":1.0},{"not_picked":["Hololive_ManjiGathering","Hololive_Breathe","Hololive_CallAkaiHaato"],"picked":"Hololive_CallFriendA","floor":3.0},{"not_picked":["Hololive_Psychosis","Hololive_CallAyundaRisu","Hololive_CallHoushouMarine","Hololive_CallYuzukiChoco"],"picked":"SKIP","floor":5.0},{"not_picked":["Hololive_DevilCharm","Hololive_CallHimemoriLuna","Hololive_Teleport","Hololive_CallNekomataOkayu"],"picked":"SKIP","floor":6.0},{"not_picked":["Hololive_Psychosis","Hololive_CallNatsuiroMatsuri","Hololive_Sequa","Hololive_DiamondStrike"],"picked":"SKIP","floor":7},{"not_picked":["Hololive_Trident","Hololive_Rebound","Hololive_Sequa","Hololive_CallAZKi"],"picked":"SKIP","floor":10},{"not_picked":["Hololive_Breathe","Hololive_SummonFox","Hololive_CallShiranuiFlare"],"picked":"Hololive_CocoNews","floor":11},{"not_picked":["Hololive_LuckPotion","Hololive_HuntDinosaur","Hololive_FlareMind","Hololive_Drill"],"picked":"SKIP","floor":12},{"not_picked":["Hololive_Drill","Hololive_CallFriendA","Hololive_Rebound"],"picked":"Hololive_BeCareful","floor":13},{"not_picked":["Hololive_CandyCastle","Hololive_Rebound","Hololive_CallNatsuiroMatsuri","Hololive_RevenueBasedLive"],"picked":"SKIP","floor":18},{"not_picked":["infinitespire:Oblivion","ReplayTheSpireMod:Chaos Vortex"],"picked":"ReplayTheSpireMod:Haul","floor":20},{"not_picked":["Hololive_HuntDinosaur+1","Hololive_CallUruhaRushia","Hololive_OvertimeWork","Hololive_StrengthChampion"],"picked":"SKIP","floor":22},{"not_picked":["Hololive_LuckPotion","Hololive_DurableLive","Hololive_StrengthChampion"],"picked":"Hololive_CallShishiroBotan","floor":23},{"not_picked":["Hololive_StrengthChampion","Hololive_CallYuzukiChoco","Hololive_CallShiranuiFlare","Hololive_Watashimo"],"picked":"SKIP","floor":24},{"not_picked":["infinitespire:Execution","ReplayTheSpireMod:Chaos Vortex"],"picked":"infinitespire:Gouge","floor":25},{"not_picked":["Hololive_RevenueBasedLive","Hololive_Rebound","Hololive_CallMoonaHoshinova","Hololive_StrengthChampion"],"picked":"SKIP","floor":25},{"not_picked":["Hololive_Recruit","Hololive_Sequa","Hololive_CallShishiroBotan","Hololive_FlyingPonyTail+1"],"picked":"SKIP","floor":27},{"not_picked":["Hololive_Sequa","Hololive_Trident","Hololive_Nanodesu","Hololive_IdolExercise"],"picked":"SKIP","floor":28},{"not_picked":["Hololive_OvertimeWork+1","Hololive_Drill+1","Hololive_CocoNews","Hololive_CallTokinoSora"],"picked":"SKIP","floor":29},{"not_picked":["Hololive_CallManoAloe","Hololive_CallKiryuuCoco","Hololive_HuntDinosaur"],"picked":"Hololive_CallYukihanaLamy+1","floor":30},{"not_picked":["Hololive_CocoNews+1","Hololive_Trident+1","Hololive_CallHoushouMarine","Hololive_CallShiranuiFlare","Hololive_Rebound"],"picked":"SKIP","floor":31},{"not_picked":["Hololive_IdolExercise","Hololive_StarCraft","Hololive_DiamondStrike","Hololive_ASMR"],"picked":"Hololive_DDD","floor":33},{"not_picked":["Hololive_CallAkaiHaato+1","Hololive_Trident+1","Hololive_Breathe+1","Hololive_FlyingPonyTail+1","Hololive_CallNekomataOkayu"],"picked":"SKIP","floor":35},{"not_picked":["Hololive_Rebound","Hololive_CallNakiriAyame+1","Hololive_CallKiryuuCoco+1","Hololive_Psychosis"],"picked":"Hololive_HuntDinosaur+1","floor":38},{"not_picked":["Hololive_Trident","Hololive_DevilCharm+1","Hololive_Breathe","Hololive_CocoNews+1","Hololive_CallRosalyn"],"picked":"SKIP","floor":40},{"not_picked":["Hololive_CallInugamiKorone","Hololive_Sequa","Hololive_SummonFox","Hololive_HuntDinosaur"],"picked":"Hololive_CallMomosuzuNene+1","floor":41},{"not_picked":["Hololive_Psychosis+1","Hololive_CallMurasakiShion","Hololive_CallHimemoriLuna","Hololive_CallShirakamiFubuki+1"],"picked":"Hololive_Thief","floor":42},{"not_picked":["Hololive_DevilCharm","Hololive_OvertimeWork+1","Hololive_Drill","Hololive_HuntDinosaur+1","Hololive_DDD"],"picked":"SKIP","floor":44},{"not_picked":["Hololive_DevilCharm","Hololive_OvertimeWork+1","Hololive_Drill","Hololive_HuntDinosaur+1","Hololive_DDD"],"picked":"SKIP","floor":44},{"not_picked":["Hololive_SummonFox+1","Hololive_CallMoonaHoshinova","Hololive_CallAkaiHaato","Hololive_Trident","Hololive_Psychosis+1"],"picked":"SKIP","floor":45},{"not_picked":["Hololive_CallDoris+1","Hololive_Sequa+1","Hololive_HuntDinosaur+1","Hololive_OvertimeWork","Hololive_Trident+1"],"picked":"SKIP","floor":46},{"not_picked":["Hololive_Sequa+1","Hololive_HuntDinosaur+1","Hololive_OvertimeWork","Hololive_Trident+1"],"picked":"Hololive_CallDoris+1","floor":46},{"not_picked":["Hololive_HuntDinosaur","Hololive_LuckPotion","Hololive_CallSakuraMiko+1","Hololive_Breathe+1","Hololive_RevenueBasedLive"],"picked":"SKIP","floor":47},{"not_picked":["Hololive_CallNakiriAyame+1","Hololive_CallYogiri+1","Hololive_IdolExercise","Hololive_CallSpadeEcho+1","Hololive_Breathe"],"picked":"SKIP","floor":48}],"player_experience":42415,"relics_obtained":[{"floor":6.0,"key":"Potion Belt"},{"floor":9,"key":"Blood Vial"},{"floor":10,"key":"Tiny Chest"},{"floor":13,"key":"Chameleon Ring"},{"floor":19,"key":"Replay:Bottled Snecko"},{"floor":23,"key":"Replay:Wax Seal"},{"floor":25,"key":"infinitespire:CursedDice"},{"floor":26,"key":"Grinning Jar"},{"floor":28,"key":"infinitespire:Bottled Soul"},{"floor":30,"key":"Question Card"},{"floor":39,"key":"Replay:Bottled Flurry"},{"floor":40,"key":"conspire:Boomerang"},{"floor":40,"key":"hubris:DuctTape"},{"floor":42,"key":"conspire:Flyswatter"},{"floor":42,"key":"halation:PrussianBluePaint"},{"floor":43,"key":"Smiling Mask"},{"floor":44,"key":"Blue Doll"},{"floor":44,"key":"Replay:Mystery Machine"},{"floor":47,"key":"Torii"},{"floor":47,"key":"Bottled Tornado"}],"event_choices":[{"damage_healed":0.0,"max_hp_gain":0.0,"max_hp_loss":0.0,"gold_gain":0.0,"event_name":"conspire:Investor","player_choice":"Invest 1","floor":2.0,"gold_loss":0.0,"damage_taken":0.0},{"damage_healed":0.0,"max_hp_gain":0.0,"max_hp_loss":0.0,"gold_gain":0.0,"event_name":"Lab","player_choice":"Got Potions","floor":4.0,"gold_loss":0.0,"damage_taken":0.0},{"cards_removed":["Pot Of Greed"],"damage_healed":0,"gold_gain":0,"player_choice":"Gave Card","damage_taken":0,"relics_obtained":["hubris:SphereOfDissonance"],"max_hp_gain":0,"max_hp_loss":0,"event_name":"WeMeetAgain","floor":37,"gold_loss":0}],"is_beta":false,"boss_relics":[{"not_picked":["Ectoplasm","Tiny House"],"picked":"Replay:Grab Bag"},{"not_picked":["conspire:RoyalGoblet","halation:IncompleteEncyclopedia"],"picked":"Philosopher\u0027s Stone"},{"not_picked":["Fusion Hammer","hubris:VirtuousBlindfold"],"picked":"infinitespire:Cupcake"},{"not_picked":["halation:HeavySnake","Replay:Drink Me"],"picked":"SacredBark"},{"not_picked":["Replay:Ancient Bell","halation:SmartPhone"],"picked":"Black Star"}],"items_purged_floors":[14],"is_endless":false,"potions_floor_spawned":[3,5,11,16,23,25,29,30,31,33,38,40,42,46,47],"ascension_level":1}}