{"host":"1qxljlv0g0hslid3","time":1611323612,"event":{"mods":["2.2 Compatiblity","AchievementEnabler","Act Like it!","Astrologer","BaseMod","Beaked The Cultist","BetterRewards","Clawfect","Conspire","Custom Start","Dio Mod","Elementarium","Energized Spire","Googly Eyes","GungeonMod","Hallownest","Hermit","Hero for Fun","Hubris","Infinite Spire","Lobotomy","LobotomyExtend","Magitek Elite","Marisa????????","Minty Spire (QoL Compilation)","Prisma Mod","Remilia??????","Replay The Spire","Shop Mod","StSLib","The Administrix","The Alterego","The Animator","The Bug Knight","The Cursed","The Death Knight","The Elementalist","The Hierophant","The Jungle","The Necromancer","The Runesmith","The Senshi","The Servant 0.9.4","Wandering Minibosses","Yuri Mod","everything is the same but u backflip on backflip","slay the spire mod where everything is the same but ironclad has a cowboy hat"],"gold_per_floor":[118,66,66,66,66,92,92,92,144,118,134,152,184,202,202,302,302,315,328,328,328,340,340,340],"floor_reached":23,"language":"ENG","playtime":1978,"items_purged":[],"score":224,"play_id":"9b63f860-b4fa-4d36-a452-0019dab35f5e","local_time":"20210122075332","is_ascension_mode":false,"campfire_choices":[{"data":"alterego_mod:BreastValley","floor":7,"key":"SMITH"}],"circlet_count":0,"master_deck":["alterego_mod:Strike","alterego_mod:Strike","alterego_mod:Strike","alterego_mod:Strike","alterego_mod:Defend","alterego_mod:Defend","alterego_mod:Defend","alterego_mod:Defend","alterego_mod:Impale","alterego_mod:BigMeatyClaws","alterego_mod:BrynhildrsRune","MeatLantern","alterego_mod:BreastValley+1","alterego_mod:Bounce","FairyFestival","alterego_mod:Birthday","alterego_mod:Punishment","OldLady","Wellcheers","alterego_mod:Bounce","ShyLook","alterego_mod:Rip","LaLuna","alterego_mod:Palingenesis","alterego_mod:Birthday+1","RedShoes","alterego_mod:Punishment","Amnesia","QueenOfHatred","alterego_mod:GachaTicket+1"],"relics":["alterego_mod:MasochisticConstitution","CogitoBucket","LetterFromLob","hubris:Towel","Sundial","Gaze_r","Anchor","Toy Ornithopter","SkinProphecy","Fusion Hammer","MutagenicStrength","ReplayTheSpireMod:Ring of Collecting"],"acts_visited":["Exordium","TheCity"],"potions_floor_usage":[14,19,19],"damage_taken":[{"damage":13,"enemies":"2 Louse","floor":1,"turns":4},{"damage":32,"enemies":"Gremlin Nob","floor":6,"turns":5},{"damage":25,"enemies":"Small Slimes","floor":8,"turns":14},{"damage":6,"enemies":"Small Slimes","floor":11,"turns":4},{"damage":5,"enemies":"Jaw Worm","floor":12,"turns":5},{"damage":7,"enemies":"3 Sentries","floor":13,"turns":7},{"damage":4,"enemies":"Red Slaver","floor":14,"turns":4},{"damage":46,"enemies":"Fading Forest","floor":16,"turns":11},{"damage":21,"enemies":"Spheric Guardian","floor":18,"turns":6},{"damage":13,"enemies":"3 Byrds","floor":19,"turns":7},{"damage":67,"enemies":"Snake Plant","floor":22,"turns":9},{"damage":40,"enemies":"Book of Stabbing","floor":23,"turns":1}],"seed_played":"7267845183625980371","potions_obtained":[{"floor":12,"key":"Strength Potion"},{"floor":16,"key":"Fire Potion"},{"floor":18,"key":"GamblersBrew"}],"is_trial":false,"path_per_floor":["M","$","?","?","?","E","R","M","T","$","M","M","E","M","R","B",null,"M","M","?","?","M","E"],"character_chosen":"The_Alterego","items_purchased":["alterego_mod:Bounce","alterego_mod:Punishment"],"campfire_rested":0,"item_purchase_floors":[2,10],"current_hp_per_floor":[71,71,71,71,71,40,40,33,33,33,32,33,29,36,36,14,80,65,86,86,86,28,0,0],"gold":340,"neow_bonus":"","is_daily":false,"chose_seed":false,"campfire_upgraded":1,"win_rate":0.0,"timestamp":1611323612,"path_taken":["M","$","?","?","?","E","R","M","T","$","M","M","E","M","R","BOSS","M","?","?","?","M","E"],"items_purchased_type":["Card","Card"],"build_version":"2020-12-22","purchased_purges":0,"victory":false,"max_hp_per_floor":[71,71,71,71,71,72,72,73,73,73,74,75,76,77,77,80,80,83,86,86,86,89,91,91],"card_choices":[{"not_picked":["WallGazer","SpiderBud"],"picked":"MeatLantern","floor":1},{"not_picked":["alterego_mod:1TonWallop","alterego_mod:MagicResistance"],"picked":"alterego_mod:BreastValley","floor":1},{"not_picked":["LittleHelper","LongBird"],"picked":"FairyFestival","floor":6},{"not_picked":["alterego_mod:BiFurious","alterego_mod:Nekomimi"],"picked":"alterego_mod:Birthday","floor":6},{"not_picked":["Scarecrow","LittleHelper"],"picked":"OldLady","floor":11},{"not_picked":["alterego_mod:Cooking","alterego_mod:MagicResistance","alterego_mod:Nekomimi"],"picked":"SKIP","floor":11},{"not_picked":["ShyLook","CrumblingArmor"],"picked":"Wellcheers","floor":12},{"not_picked":["alterego_mod:HighServant","alterego_mod:Rip"],"picked":"alterego_mod:Bounce","floor":12},{"not_picked":["Porccubus","BlackSwan"],"picked":"ShyLook","floor":13},{"not_picked":["alterego_mod:Maid","alterego_mod:Mirror"],"picked":"alterego_mod:Rip","floor":13},{"not_picked":["Alriune","CrumblingArmor"],"picked":"LaLuna","floor":14},{"not_picked":["alterego_mod:Cooking","alterego_mod:MaintainEyeContact","alterego_mod:DiscoLights"],"picked":"SKIP","floor":14},{"not_picked":["alterego_mod:InsideBaseball","alterego_mod:VirginLaserPalladion"],"picked":"alterego_mod:Palingenesis","floor":16},{"not_picked":["alterego_mod:BiFurious","alterego_mod:Mirror"],"picked":"alterego_mod:Birthday+1","floor":18},{"not_picked":["SpiderBud","LittleHelper"],"picked":"RedShoes","floor":19},{"not_picked":["alterego_mod:Swimsuit","alterego_mod:Pet"],"picked":"alterego_mod:Punishment","floor":19},{"not_picked":["PlagueDoctor","SpiderBud"],"picked":"QueenOfHatred","floor":22},{"not_picked":["alterego_mod:Skirt","alterego_mod:ChallengeComplete"],"picked":"alterego_mod:GachaTicket+1","floor":22}],"player_experience":578944,"relics_obtained":[{"floor":1,"key":"LetterFromLob"},{"floor":6,"key":"Sundial"},{"floor":9,"key":"Anchor"},{"floor":13,"key":"Toy Ornithopter"},{"floor":21,"key":"ReplayTheSpireMod:Ring of Collecting"}],"event_choices":[{"damage_healed":0,"gold_gain":0,"player_choice":"Ignored","damage_taken":0,"max_hp_gain":0,"max_hp_loss":0,"event_name":"Purifier","floor":15,"gold_loss":0},{"damage_healed":0,"gold_gain":0,"player_choice":"Inject Mutagens","damage_taken":0,"relics_obtained":["MutagenicStrength"],"max_hp_gain":0,"max_hp_loss":0,"event_name":"Drug Dealer","floor":20,"gold_loss":0}],"is_beta":false,"boss_relics":[{"not_picked":["Cursed Key","beaked:MawFillet"],"picked":"Fusion Hammer"}],"items_purged_floors":[],"is_endless":false,"potions_floor_spawned":[8,12,16,18],"killed_by":"Book of Stabbing","ascension_level":0}}