{"host":"qmnyg5dk1o6rw6mz","time":1611320472,"event":{"mods":["100% Spire Juice","2.2 Compatiblity","AchievementEnabler","Act Like it!","AlwaysNeverKeys","Arknights The Spire","Ascension Reborn","Aspiration","Astrologer","BaseMod","BetterRewards","CapriCore","Challenge The Spire","Colored Map","Colored Powertips","Conjunction","Conspire","DeckTracker","Defuse TimeMaze Blight","Disable Question Mark Monsters","Energized Spire","Friendly Minions","Gensokyo","GifTheSpireLib","Gremlin Skip","Hermit","Highlight Path","HololiveMod","HornydragonMod","Hubris","Hyrulean Relics","Infinite Spire","Jedi Mod","KinomotoSakuraMod(木之本?)","Kiyohime（清姬）","KomeijiMod","Marisa（霧雨　魔理沙）","Minty Spire (QoL Compilation)","Pale of the Ancients","Permanent Neow","Prisma Mod","Quick Restart","Rare Cards Sparkle","Reimu（博???）","Replay The Spire","Reworked Bosses","Robot Space Explorer","SIMod","StSLib","Stuff the Spire","SuperFastMode","The Alterego","The Animator","The Cursed","The Gatherer","The Immortal","The Jungle","The Marked","The Runesmith","The Showman","Unceasing Turn Reminder","Unknown Chances","Wandering Minibosses","Yuri Mod","vexMod"],"gold_per_floor":[111,3,3,3,18,44,55,114,114,14,14,25,57,75,75,173,123,141,184,258,258,306,378,419,419,467,467,467,522,549,582,636,656,656,772,772,807,807,822,833,878,878,931,931,957,957,991,1024,934,960,960,967,967],"floor_reached":52,"language":"ZHS","playtime":3455,"items_purged":["PrismaMod:IllyaCommonAttack"],"score":784,"play_id":"31f574d6-6407-40ad-871f-c5dc334befeb","local_time":"20210122210112","is_ascension_mode":true,"campfire_choices":[{"data":"PrismaMod:IllyaPartialInstallAssassin","floor":15,"key":"SMITH"},{"data":"PrismaMod:IllyaUberAttackChannel","floor":25,"key":"SMITH"},{"data":"PrismaMod:IllyaCarnivalOrbs","floor":34,"key":"SMITH"},{"data":"PrismaMod:IllyaCheapChannelPoison","floor":42,"key":"SMITH"},{"data":"PrismaMod:IllyaUncommonAttack","floor":44,"key":"SMITH"},{"data":"PrismaMod:IllyaCommandSeal","floor":51,"key":"SMITH"}],"circlet_count":0,"master_deck":["PrismaMod:IllyaCommonAttack","PrismaMod:IllyaCommonDefend","PrismaMod:IllyaCommonAttack","PrismaMod:IllyaCommonDefend","PrismaMod:IllyaCommonAttack","PrismaMod:IllyaCommonDefend","PrismaMod:IllyaCommonAttack","PrismaMod:IllyaCommonDefend","PrismaMod:IllyaCommonDefend","PrismaMod:IllyaUncommonAttack+1","PrismaMod:IllyaUncommonDefend","PrismaMod:IllyaCommandSeal+1","PrismaMod:IllyaGrail","PrismaMod:IllyaBlindPoisonToss","PrismaMod:IllyaPartialInstallAssassin+1","conspire:SpireCoStock","conspire:SpireCoStock","PrismaMod:IllyaCheapChannelPoison+1","PrismaMod:IllyaInstallLancer","PrismaMod:IllyaCarnivalPrismaAstolfo","PrismaMod:IllyaCommonAttack","hubris:EnhanceAbility","PrismaMod:IllyaGun+1","PrismaMod:IllyaGrail","PrismaMod:IllyaGrail","Shame","PrismaMod:IllyaCommandSeal+1","PrismaMod:IllyaUberAttackChannel+1","PrismaMod:IllyaPoisonTippedWeapons+1","PrismaMod:IllyaCarnivalOrbs+1","PrismaMod:IllyaUberPoisonChannel","PrismaMod:IllyaRapidFire+1","PrismaMod:IllyaStunPoison+1","PrismaMod:IllyaUpgradeOrbs+1","PrismaMod:IllyaCheapChannelPoison+1","PrismaMod:IllyaPartialInstallAssassin","PrismaMod:IllyaInstallSaber","PrismaMod:IllyaCarnivalPrismaAstolfo","Gensokyo:CustomPotion","PrismaMod:IllyaCommonEvoke+1"],"relics":["PrismaMod:PrismaRuby","vexMod:ScavengeHelm","Pet Ghost","Iron Hammer","infinitespire:Satchel","CaptainsWheel","hubris:EvacipatedBox","hubris:FruitBowl","StuffTheSpire:Barrel","Orichalcum","energizedSpire:HugeHouse","theJungle:SneckoAutograph","Bottled Flame","Toy Ornithopter","Blood Vial","Omamori","vexMod:MysteryBossChallenge","StuffTheSpire:ModemDavis","Replay:Rubber Ducky","Gremlin Food","StuffTheSpire:NeowsTribute","infinitespire:CheckeredPen"],"acts_visited":["Exordium","Exordium","theJungle:Jungle"],"potions_floor_usage":[12,13,16,20,29,32,33,35,43,47,52],"damage_taken":[{"damage":7,"enemies":"2 Louse","floor":1,"turns":2},{"damage":1,"enemies":"conspire:RoseBush","floor":5,"turns":7},{"damage":16,"enemies":"Replay:BlueRogue","floor":6,"turns":6},{"damage":0,"enemies":"Cultist","floor":7,"turns":4},{"damage":1,"enemies":"3 Sentries","floor":8,"turns":8},{"damage":4,"enemies":"Large Slime","floor":12,"turns":5},{"damage":0,"enemies":"Gremlin Nob","floor":13,"turns":4},{"damage":0,"enemies":"Looter","floor":14,"turns":3},{"damage":0,"enemies":"Slime Boss","floor":16,"turns":9},{"damage":0,"enemies":"Shell Parasite","floor":18,"turns":4},{"damage":0,"enemies":"theJungle:MUSHROOMGANG","floor":19,"turns":4},{"damage":0,"enemies":"theJungle:2_Snecko_Cultists","floor":22,"turns":6},{"damage":0,"enemies":"theJungle:2_Phrogs","floor":23,"turns":6},{"damage":3,"enemies":"theJungle:Snecko_Cultist_And_Trap","floor":24,"turns":4},{"damage":0,"enemies":"theJungle:MamaSnecko","floor":29,"turns":6},{"damage":10,"enemies":"theJungle:SlimyTreeVines","floor":30,"turns":6},{"damage":0,"enemies":"theJungle:2_Snecko_Cultists","floor":31,"turns":4},{"damage":0,"enemies":"theJungle:Cassacara","floor":32,"turns":5},{"damage":6,"enemies":"Snake Plant","floor":33,"turns":3},{"damage":3,"enemies":"theJungle:QueenSpyder","floor":35,"turns":7},{"damage":20,"enemies":"Gensokyo:3_Boulders","floor":37,"turns":6},{"damage":39,"enemies":"Gensokyo:AncientGuardian","floor":39,"turns":7},{"damage":0,"enemies":"Gensokyo:3_Boulders","floor":40,"turns":5},{"damage":9,"enemies":"Gensokyo:Sharpion","floor":41,"turns":5},{"damage":15,"enemies":"Gensokyo:Kasen","floor":43,"turns":8},{"damage":9,"enemies":"conspire:MimicChest","floor":47,"turns":3},{"damage":0,"enemies":"Gensokyo:AtlasGolem","floor":48,"turns":2},{"damage":6,"enemies":"Gensokyo:Marisa","floor":50,"turns":4},{"damage":93,"enemies":"Gensokyo:Scarlet_Devils","floor":52,"turns":6}],"seed_played":"-2050658925574526603","potions_obtained":[{"floor":5,"key":"SpeedPotion"},{"floor":6,"key":"ZuzhouPotion:ReiMu"},{"floor":12,"key":"Fire Potion"},{"floor":13,"key":"Explosive Potion"},{"floor":20,"key":"jedi:mysterypotion"},{"floor":20,"key":"DistilledChaos"},{"floor":29,"key":"Block Potion"},{"floor":30,"key":"Elixir"},{"floor":32,"key":"Block Potion"},{"floor":33,"key":"Energy Potion"},{"floor":40,"key":"Regen Potion"},{"floor":43,"key":"BlessingOfTheForge"}],"is_trial":false,"path_per_floor":["M","$","?","?","M","E","M","?","T","?","$","M","E","M","R","B",null,"M","M","?","?","M","E","M","R","T","PTL","PTL","E","M","M","E","M","R","B",null,"M","?","M","M","M","R","E","R","T","?","?","M","?","E","R","B"],"character_chosen":"ILLYA","items_purchased":["vexMod:ScavengeHelm","Pet Ghost","PrismaMod:IllyaCommandSeal","hubris:EvacipatedBox","hubris:FruitBowl","StuffTheSpire:Barrel"],"campfire_rested":0,"item_purchase_floors":[0,0,2,11,11,11],"current_hp_per_floor":[60,60,70,70,69,56,56,58,58,58,10,19,32,43,43,46,63,63,63,38,38,41,46,43,43,43,43,43,56,56,63,63,63,63,63,63,43,49,17,27,23,23,38,38,38,38,41,43,43,45,45,0,0],"gold":967,"neow_bonus":"","is_daily":false,"chose_seed":false,"campfire_upgraded":6,"win_rate":0.0,"timestamp":1611320472,"path_taken":["M","$","?","?","M","E","?","?","T","?","?","?","E","M","R","BOSS","M","M","?","?","M","E","M","R","T","PTL","PTL","E","M","M","E","M","R","BOSS","M","?","M","M","M","R","E","R","T","?","?","M","?","E","R","BOSS"],"items_purchased_type":["Relic","Relic","Card","Relic","Relic","Relic"],"build_version":"2020-12-22","purchased_purges":1,"victory":false,"max_hp_per_floor":[70,70,70,70,70,70,70,70,70,70,70,70,70,70,70,70,63,63,63,63,63,63,63,63,63,63,63,63,63,63,63,63,63,63,63,63,63,63,63,66,66,66,66,66,66,66,66,66,66,66,66,69,69],"card_choices":[{"not_picked":["PrismaMod:IllyaUberPoisonBlock","PrismaMod:IllyaRubysPotion"],"picked":"PrismaMod:IllyaRapidFire","floor":1},{"not_picked":["PrismaMod:IllyaGrailKun","PrismaMod:IllyaRubysPotion"],"picked":"PrismaMod:IllyaGrail","floor":5},{"not_picked":["PrismaMod:IllyaUberPoisonBlock","PrismaMod:IllyaStunPoison"],"picked":"PrismaMod:IllyaBlindPoisonToss","floor":6},{"not_picked":["PrismaMod:IllyaRapidFire","PrismaMod:IllyaUpgradeOrbs","PrismaMod:IllyaHassanGift"],"picked":"SKIP","floor":7},{"not_picked":["PrismaMod:IllyaCheapDefend","PrismaMod:IllyaGrail"],"picked":"PrismaMod:IllyaPartialInstallAssassin","floor":8},{"not_picked":["PrismaMod:IllyaGun","PrismaMod:IllyaUberPoisonBlock","PrismaMod:IllyaUpgradeOrbs"],"picked":"SKIP","floor":12},{"not_picked":["PrismaMod:IllyaUberChannel","PrismaMod:IllyaUncommonAOEAttack"],"picked":"PrismaMod:IllyaCheapChannelPoison","floor":13},{"not_picked":["PrismaMod:IllyaPoisoningPhantasm","PrismaMod:IllyaBlindPoisonToss"],"picked":"PrismaMod:IllyaInstallLancer","floor":14},{"not_picked":["PrismaMod:IllyaInstallLancer","PrismaMod:IllyaUberDefendChannel"],"picked":"PrismaMod:IllyaCarnivalPrismaAstolfo","floor":16},{"not_picked":["PrismaMod:IllyaDetonatingBlow","PrismaMod:IllyaAssassinRevenge+1"],"picked":"PrismaMod:IllyaGun+1","floor":18},{"not_picked":["PrismaMod:IllyaMinorReinForce","PrismaMod:IllyaRapidFire"],"picked":"PrismaMod:IllyaGrail","floor":19},{"not_picked":["PrismaMod:IllyaUncommonEvoke","PrismaMod:IllyaMinorRapidFire"],"picked":"PrismaMod:IllyaGrail","floor":20},{"not_picked":["PrismaMod:IllyaFriendMaker","PrismaMod:IllyaMinorRapidFire"],"picked":"PrismaMod:IllyaCommandSeal+1","floor":22},{"not_picked":["PrismaMod:IllyaBerserCAR","PrismaMod:IllyaSaphire+1"],"picked":"PrismaMod:IllyaUberAttackChannel","floor":23},{"not_picked":["PrismaMod:IllyaBride","PrismaMod:IllyaStunPoison","PrismaMod:IllyaRapidFire"],"picked":"SKIP","floor":24},{"not_picked":["PrismaMod:IllyaHassanGift","PrismaMod:IllyaDevil+1","PrismaMod:IllyaFriendMaker"],"picked":"SKIP","floor":29},{"not_picked":["PrismaMod:IllyaGun","PrismaMod:IllyaMaid"],"picked":"PrismaMod:IllyaPoisonTippedWeapons+1","floor":30},{"not_picked":["PrismaMod:IllyaGrailKun","PrismaMod:IllyaSaphire"],"picked":"PrismaMod:IllyaCarnivalOrbs","floor":31},{"not_picked":["PrismaMod:IllyaMinorRapidFire","PrismaMod:IllyaMinorZwei","PrismaMod:IllyaRussianRoulette"],"picked":"SKIP","floor":32},{"not_picked":["PrismaMod:IllyaUberChannel","PrismaMod:IllyaUncommonDefend","PrismaMod:IllyaDevil+1"],"picked":"SKIP","floor":33},{"not_picked":["PrismaMod:IllyaUberDefendChannel","PrismaMod:IllyaInstallRuler"],"picked":"PrismaMod:IllyaUberPoisonChannel","floor":35},{"not_picked":["PrismaMod:IllyaReinForce","PrismaMod:IllyaRussianRoulette"],"picked":"PrismaMod:IllyaRapidFire+1","floor":37},{"not_picked":["PrismaMod:IllyaCheapChannelAttack","PrismaMod:IllyaPoisoningPhantasm"],"picked":"PrismaMod:IllyaStunPoison+1","floor":39},{"not_picked":["PrismaMod:IllyaRubysPotion+1","PrismaMod:IllyaReinForce+1"],"picked":"PrismaMod:IllyaUpgradeOrbs+1","floor":40},{"not_picked":["PrismaMod:IllyaUncommonAOEAttack+1","PrismaMod:IllyaStunPoison"],"picked":"PrismaMod:IllyaCheapChannelPoison+1","floor":41},{"not_picked":["PrismaMod:IllyaBoysLove","PrismaMod:IllyaSaphire"],"picked":"PrismaMod:IllyaPartialInstallAssassin","floor":43},{"not_picked":["PrismaMod:IllyaCheapDefend+1","PrismaMod:IllyaDevil+1"],"picked":"PrismaMod:IllyaInstallSaber","floor":47},{"not_picked":["PrismaMod:IllyaGun+1","PrismaMod:IllyaCommonEvoke+1"],"picked":"PrismaMod:IllyaCarnivalPrismaAstolfo","floor":48},{"not_picked":["PrismaMod:IllyaBride+1","PrismaMod:IllyaEvokeAll+1"],"picked":"PrismaMod:IllyaCommonEvoke+1","floor":50}],"player_experience":202460,"relics_obtained":[{"floor":6,"key":"Iron Hammer"},{"floor":8,"key":"infinitespire:Satchel"},{"floor":9,"key":"CaptainsWheel"},{"floor":13,"key":"Orichalcum"},{"floor":23,"key":"Bottled Flame"},{"floor":26,"key":"Toy Ornithopter"},{"floor":29,"key":"Blood Vial"},{"floor":32,"key":"Omamori"},{"floor":43,"key":"Replay:Rubber Ducky"},{"floor":45,"key":"Gremlin Food"},{"floor":47,"key":"StuffTheSpire:NeowsTribute"},{"floor":50,"key":"infinitespire:CheckeredPen"}],"event_choices":[{"cards_removed":["PrismaMod:IllyaRapidFire"],"damage_healed":0,"gold_gain":0,"player_choice":"Offered Uncommon","damage_taken":0,"max_hp_gain":0,"max_hp_loss":0,"event_name":"Bonfire Elementals","floor":4,"gold_loss":0},{"damage_healed":0,"gold_gain":30,"player_choice":"Searched \u00272\u0027 times","damage_taken":0,"max_hp_gain":0,"max_hp_loss":0,"event_name":"Dead Adventurer","floor":8,"gold_loss":0},{"damage_healed":0,"gold_gain":0,"player_choice":"Invest 2","damage_taken":0,"max_hp_gain":0,"max_hp_loss":0,"event_name":"conspire:Investor","floor":10,"gold_loss":0}],"is_beta":false,"boss_relics":[{"not_picked":["Ring of Chaos","vexMod:BigBerry","vexMod:CursedCompass"],"picked":"energizedSpire:HugeHouse"},{"not_picked":["hubris:Backtick","jedi:hotpepper","Philosopher\u0027s Stone"],"picked":"vexMod:MysteryBossChallenge"}],"items_purged_floors":[2],"is_endless":false,"potions_floor_spawned":[5,6,12,13,14,29,30,32,33,40,43],"killed_by":"Gensokyo:Scarlet_Devils","ascension_level":0}}