{"host":"k2mw1od0xoi9pcfj","time":1611354665,"event":{"mods":["100% Spire Juice","Act Like it!","Aspiration","BaseMod","Downfall","Energized Spire","Hermit","Highlight Path","Minty Spire (QoL Compilation)","Permanent Neow","Relic Stats","Retaliation","StSLib","TheHeartMod"],"gold_per_floor":[112,112,127,145,164,198,198,232,312,339,339,367,367,382,382,481,481],"floor_reached":16,"language":"ENG","playtime":1100,"items_purged":[],"score":189,"play_id":"cd2bc158-70d0-442b-a6ab-11b89a0120b3","local_time":"20210122163105","is_ascension_mode":true,"campfire_choices":[{"data":"hermit:LoneWolf","floor":7,"key":"SMITH"},{"floor":11,"key":"REST"},{"floor":13,"key":"REST"},{"floor":15,"key":"RECALL"}],"circlet_count":0,"master_deck":["hermit:Strike_Hermit","hermit:Strike_Hermit+1","hermit:Strike_Hermit","hermit:Strike_Hermit","hermit:Defend_Hermit","hermit:Defend_Hermit","hermit:Defend_Hermit","hermit:Defend_Hermit","hermit:Snapshot","hermit:Covet","Parasite","hermit:Roughhouse+1","hermit:LoneWolf","hermit:Vantage","hermit:LoneWolf+1","hermit:BigShot","hermit:GhostlyPresence","hermit:Snipe","hermit:HighNoon"],"relics":["hermit:Momento","Pear","aspiration:StickyExplosives_weak","Anchor","Gambling Chip"],"acts_visited":["Exordium"],"potions_floor_usage":[8,16],"damage_taken":[{"damage":2,"enemies":"Small Slimes","floor":1,"turns":3},{"damage":0,"enemies":"Jaw Worm","floor":3,"turns":1},{"damage":0,"enemies":"2 Louse","floor":4,"turns":3},{"damage":0,"enemies":"2 Fungi Beasts","floor":5,"turns":3},{"damage":20,"enemies":"3 Sentries","floor":6,"turns":8},{"damage":40,"enemies":"Gremlin Nob","floor":8,"turns":5},{"damage":6,"enemies":"Lagavulin","floor":10,"turns":7},{"damage":18,"enemies":"3 Sentries","floor":12,"turns":8},{"damage":0,"enemies":"3 Louse","floor":14,"turns":3},{"damage":21,"enemies":"Slime Boss","floor":16,"turns":10}],"seed_played":"-4244713197968680700","potions_obtained":[{"floor":5,"key":"Weak Potion"},{"floor":6,"key":"Strength Potion"},{"floor":8,"key":"hermit:BlackBile"},{"floor":12,"key":"hermit:BlackBile"}],"is_trial":false,"path_per_floor":["M","?","M","M","M","E","R","E","T","E","R","E","R","M","R","B"],"character_chosen":"HERMIT","items_purchased":[],"campfire_rested":2,"item_purchase_floors":[],"current_hp_per_floor":[73,58,58,58,58,48,48,8,8,2,27,9,34,34,34,13,13],"gold":481,"neow_bonus":"THREE_RARE_CARDS","is_daily":false,"chose_seed":false,"campfire_upgraded":1,"win_rate":0.0,"timestamp":1611354665,"path_taken":["M","?","M","M","M","E","R","E","T","E","R","E","R","M","R","BOSS"],"items_purchased_type":[],"build_version":"2020-12-22","purchased_purges":0,"victory":false,"max_hp_per_floor":[75,75,75,75,75,85,85,85,85,85,85,85,85,85,85,85,85],"relic_stats":{"counters":[10,51],"Gambling Chip":[8],"obtain_stats":[{"Anchor":10,"Pear":6,"Gambling Chip":12,"hermit:Momento":0,"aspiration:StickyExplosives_weak":8},{"Anchor":7,"Pear":5,"Gambling Chip":8,"hermit:Momento":0,"aspiration:StickyExplosives_weak":6},{"Anchor":30,"Pear":18,"Gambling Chip":38,"hermit:Momento":0,"aspiration:StickyExplosives_weak":23}]},"card_choices":[{"not_picked":["hermit:FatalDesire","hermit:FromBeyond"],"picked":"hermit:Roughhouse","floor":0},{"not_picked":["hermit:Vantage","hermit:Quickdraw"],"picked":"hermit:LoneWolf","floor":1},{"not_picked":["hermit:Deadeye","hermit:Spite"],"picked":"hermit:Vantage","floor":3},{"not_picked":["hermit:Quickdraw","hermit:Desperado","hermit:Manifest"],"picked":"SKIP","floor":4},{"not_picked":["hermit:HoleUp","hermit:LowProfile","hermit:Glare"],"picked":"SKIP","floor":5},{"not_picked":["hermit:PistolWhip","hermit:GhostlyPresence"],"picked":"hermit:LoneWolf","floor":6},{"not_picked":["hermit:TrackingShot","hermit:SprayPray"],"picked":"hermit:BigShot","floor":8},{"not_picked":["hermit:FullyLoaded","hermit:Spite","hermit:GoldenBullet"],"picked":"SKIP","floor":10},{"not_picked":["hermit:DeadMansHand","hermit:Gestalt"],"picked":"hermit:GhostlyPresence","floor":12},{"not_picked":["hermit:Malice","hermit:WideOpen"],"picked":"hermit:Snipe","floor":14},{"not_picked":["hermit:FromBeyond","hermit:RoundhouseKick"],"picked":"hermit:HighNoon","floor":16}],"player_experience":796046,"relics_obtained":[{"floor":6,"key":"Pear"},{"floor":8,"key":"aspiration:StickyExplosives_weak"},{"floor":10,"key":"Anchor"},{"floor":12,"key":"Gambling Chip"}],"event_choices":[{"damage_healed":0,"gold_gain":0,"player_choice":"Entered Light","damage_taken":15,"max_hp_gain":0,"max_hp_loss":0,"event_name":"Shining Light","floor":2,"gold_loss":0,"cards_upgraded":["hermit:Strike_Hermit","hermit:Roughhouse"]}],"is_beta":false,"boss_relics":[],"items_purged_floors":[],"is_endless":false,"potions_floor_spawned":[5,6,8,12],"killed_by":"Slime Boss","ascension_level":1}}