{"host":"mp58o87p0odjvmog","time":1611338195,"event":{"mods":["BaseMod","BetterRewards","Colored Map","Hubris","Infinite Spire","Marisa????????","Minty Spire (QoL Compilation)","Replay The Spire","StSLib","The Servant 0.9.4"],"gold_per_floor":[219,15,15,32,32,32,52,52,52,87,107,107,120,141,141,141,141,265,265,284,284,308,233,19,54,75,98,98,121,159,172,172,172,172,195,195,325,325,340,17,17,41,41,41],"floor_reached":43,"language":"ENG","playtime":1392,"items_purged":["Searing Blow+1","Infernal Blade+1"],"score":534,"play_id":"3540f98d-e0e8-48dd-a7c3-1a2c691a564e","local_time":"20210122115635","is_ascension_mode":true,"campfire_choices":[{"data":"Pommel Strike","floor":6,"key":"SMITH"},{"data":"Seeing Red","floor":8,"key":"SMITH"},{"data":"Inflame","floor":17,"key":"SMITH"},{"data":"Infernal Blade","floor":36,"key":"SMITH"}],"circlet_count":0,"master_deck":["Strike_R","Strike_R","Strike_R+1","Strike_R","Defend_R","Defend_R","Defend_R","Bash+1","Heavy Blade","Pommel Strike+1","Seeing Red+1","Reaper","Inflame+1","Ghostly Armor","Spot Weakness","ReplayTheSpireMod:Stacked+1","Disarm","Flame Barrier","Feed","Heavy Blade","infinitespire:Oblivion","Uppercut+1"],"relics":["Burning Blood","Whetstone","Oddly Smooth Stone","Golden Idol","hubris:VirtuousBlindfold","Replay:Baseball","Strawberry","infinitespire:WardingShard","hubris:SphereOfDissonance","NlothsMask","Painkiller Herb","infinitespire:FocusingShard","Vajra"],"acts_visited":["Exordium","TheCity","TheBeyond"],"potions_floor_usage":[10,11,18,22,25,37,37,43,43],"damage_taken":[{"damage":5,"enemies":"Small Slimes","floor":1,"turns":3},{"damage":0,"enemies":"2 Louse","floor":4,"turns":4},{"damage":6,"enemies":"Cultist","floor":7,"turns":3},{"damage":30,"enemies":"3 Sentries","floor":10,"turns":8},{"damage":5,"enemies":"Looter","floor":11,"turns":2},{"damage":20,"enemies":"Large Slime","floor":13,"turns":5},{"damage":2,"enemies":"Blue Slaver","floor":14,"turns":3},{"damage":60,"enemies":"The Guardian","floor":18,"turns":9},{"damage":27,"enemies":"2 Thieves","floor":20,"turns":4},{"damage":0,"enemies":"Spheric Guardian","floor":22,"turns":3},{"damage":33,"enemies":"Slavers","floor":25,"turns":4},{"damage":14,"enemies":"Centurion and Healer","floor":26,"turns":4},{"damage":12,"enemies":"Snake Plant","floor":27,"turns":4},{"damage":10,"enemies":"3 Cultists","floor":29,"turns":5},{"damage":21,"enemies":"Book of Stabbing","floor":30,"turns":7},{"damage":4,"enemies":"Centurion and Healer","floor":31,"turns":5},{"damage":0,"enemies":"Snake Plant","floor":35,"turns":3},{"damage":45,"enemies":"Collector","floor":37,"turns":8},{"damage":15,"enemies":"3 Darklings","floor":39,"turns":6},{"damage":10,"enemies":"3 Shapes","floor":42,"turns":4},{"damage":42,"enemies":"infinitespire:Three Voidlings","floor":43,"turns":5},{"damage":102,"enemies":"Nightmare_Alpha","floor":43,"turns":7}],"seed_played":"-1628016405210884002","potions_obtained":[{"floor":7,"key":"LiquidMemories"},{"floor":10,"key":"DuplicationPotion"},{"floor":14,"key":"BloodPotion"},{"floor":20,"key":"FearPotion"},{"floor":22,"key":"Fruit Juice"},{"floor":31,"key":"SneckoOil"},{"floor":35,"key":"Swift Potion"},{"floor":42,"key":"BlessingOfTheForge"}],"is_trial":false,"path_per_floor":["M","$","?","M","?","R","M","R","T","E","M","?","M","M","R_BF","PTL","R","B",null,"M","?","M","?","$","E","M","M","T","M","E","M","?","PTL","PTL","M","R","B",null,"?","T","AVR","?","?"],"character_chosen":"IRONCLAD","items_purchased":["Whetstone","Adrenaline Potion","Spot Weakness","Replay:Baseball","infinitespire:FocusingShard"],"campfire_rested":0,"item_purchase_floors":[2,2,24,24,40],"current_hp_per_floor":[80,80,80,80,80,80,80,80,80,56,63,63,49,59,59,59,59,12,74,53,53,64,64,64,59,68,68,68,84,69,86,86,86,86,86,86,70,86,86,86,86,86,0,0],"gold":41,"neow_bonus":"HUNDRED_GOLD","is_daily":false,"chose_seed":false,"campfire_upgraded":4,"win_rate":0.0,"timestamp":1611338195,"path_taken":["M","$","?","M","?","R","M","R","T","E","?","?","M","M","R_BF","PTL","R","BOSS","M","?","M","?","$","E","M","M","T","M","E","M","?","PTL","PTL","M","R","BOSS","?","?","AVR","?","?"],"items_purchased_type":["Relic","Potion","Card","Relic","Relic"],"build_version":"2020-12-22","purchased_purges":2,"victory":false,"max_hp_per_floor":[80,80,80,80,80,80,80,80,80,80,80,74,74,74,74,74,74,74,74,74,74,79,79,79,86,86,86,86,86,86,86,86,86,86,86,86,86,86,86,86,86,90,90,90],"card_choices":[{"not_picked":["Evolve","True Grit"],"picked":"Heavy Blade","floor":1},{"not_picked":["True Grit","Cleave"],"picked":"Pommel Strike","floor":4},{"not_picked":["Entrench","Intimidate"],"picked":"Seeing Red","floor":7},{"not_picked":["Armaments","Perfected Strike"],"picked":"Reaper","floor":10},{"not_picked":["Anger","Warcry","Life Link"],"picked":"SKIP","floor":11},{"not_picked":["Whirlwind","Clash"],"picked":"Inflame","floor":13},{"not_picked":["Perfected Strike","Twin Strike","Evolve"],"picked":"SKIP","floor":14},{"not_picked":["Wild Strike","Burning Pact","Warcry"],"picked":"SKIP","floor":20},{"not_picked":["Sentinel","Havoc"],"picked":"Ghostly Armor","floor":22},{"not_picked":["Power Through","Body Slam"],"picked":"Searing Blow+1","floor":25},{"not_picked":["Second Wind+1","Clothesline"],"picked":"ReplayTheSpireMod:Stacked+1","floor":26},{"not_picked":["True Grit","Wild Strike"],"picked":"Disarm","floor":27},{"not_picked":["Warcry","Thunderclap","Entrench"],"picked":"SKIP","floor":29},{"not_picked":["Entrench","Second Wind","Intimidate+1"],"picked":"SKIP","floor":30},{"not_picked":["Anger","Cleave"],"picked":"Infernal Blade","floor":31},{"not_picked":["Cleave","Body Slam"],"picked":"Flame Barrier","floor":35},{"not_picked":["Exhume","Replay:Many Hands"],"picked":"Feed","floor":37},{"not_picked":["ReplayTheSpireMod:Limb From Limb","Replay:Undeath\u0027s Touch"],"picked":"Heavy Blade","floor":39},{"not_picked":["Rupture","Dual Wield"],"picked":"Uppercut+1","floor":42}],"player_experience":93381,"relics_obtained":[{"floor":10,"key":"Oddly Smooth Stone"},{"floor":25,"key":"Strawberry"},{"floor":28,"key":"infinitespire:WardingShard"},{"floor":30,"key":"hubris:SphereOfDissonance"}],"event_choices":[{"cards_removed":["Defend_R"],"damage_healed":0,"gold_gain":0,"player_choice":"Purged","damage_taken":0,"max_hp_gain":0,"max_hp_loss":0,"event_name":"Purifier","floor":5,"gold_loss":0},{"damage_healed":0,"gold_gain":0,"player_choice":"Lose Max HP","damage_taken":0,"relics_obtained":["Golden Idol"],"max_hp_gain":0,"max_hp_loss":6,"event_name":"Golden Idol","floor":12,"gold_loss":0},{"cards_removed":["Strike_R"],"damage_healed":0,"gold_gain":0,"player_choice":"Gave Gold","damage_taken":0,"max_hp_gain":0,"max_hp_loss":0,"event_name":"Beggar","floor":23,"gold_loss":75},{"damage_healed":0,"gold_gain":0,"player_choice":"Trade","damage_taken":0,"relics_obtained":["NlothsMask"],"max_hp_gain":0,"max_hp_loss":0,"event_name":"FaceTrader","floor":32,"gold_loss":0}],"is_beta":false,"boss_relics":[{"not_picked":["SacredBark","Replay:Wanted Poster"],"picked":"hubris:VirtuousBlindfold"},{"not_picked":["ReplayTheSpireMod:DimensionalGlitch","hubris:HollowSoul"],"picked":"Painkiller Herb"}],"items_purged_floors":[40,41],"is_endless":false,"potions_floor_spawned":[7,10,14,20,22,31,35,42],"killed_by":"Nightmare_Alpha","ascension_level":4}}