{"host":"hcg1n1zeml53gytb","time":1611315405,"event":{"mods":["BaseMod","Better Third Choice","Colored Powertips","Displayed Cursed Tome","Hermit","Highlight Path","Minty Spire (QoL Compilation)","Quick Restart","Rare Cards Sparkle","Relic Stats","Replay The Spire","StSLib","The Cursed"],"gold_per_floor":[115,115,133,146,159,159,184,184,184,259,259,259,285,304,304,403,403,421,421,440,440,241,267,267,267,267,267,280,306,1,28,28,28,28],"floor_reached":33,"language":"ENG","playtime":1958,"items_purged":["Strike_R"],"score":327,"play_id":"3543a228-dd5a-4923-87fe-4fa136d6d16d","local_time":"20210122053645","is_ascension_mode":true,"campfire_choices":[{"data":"Bash","floor":6.0,"key":"SMITH"},{"data":"Burning Pact","floor":11.0,"key":"SMITH"},{"data":"Feel No Pain","floor":15.0,"key":"SMITH"},{"data":"RitualDagger","floor":24.0,"key":"SMITH"},{"data":"Corruption","floor":32.0,"key":"SMITH"}],"circlet_count":0,"master_deck":["Strike_R","Strike_R","Strike_R","Strike_R","Defend_R+1","Defend_R","Defend_R","Defend_R+1","Bash+1","Clash","Cleave+1","Feel No Pain+1","Pommel Strike","Burning Pact+1","Shrug It Off+1","Corruption+1","RitualDagger+1","Uppercut","Ghostly Armor","Power Through","ReplayTheSpireMod:Muscle Training","Sentinel","Sentinel","Flame Barrier","Feel No Pain"],"relics":["Burning Blood","Smiling Mask","Singing Bowl","Replay:Bottled Steam","Matryoshka","Busted Crown","Vajra","War Paint","Ring of Peace","ReplayTheSpireMod:Ring of Exchange","Bag of Marbles","Mirror","FossilizedHelix","Eternal Feather","Orrery","MealTicket"],"acts_visited":["Exordium","TheCity"],"potions_floor_usage":[],"damage_taken":[{"damage":0.0,"enemies":"Small Slimes","floor":1.0,"turns":2.0},{"damage":3.0,"enemies":"Jaw Worm","floor":3.0,"turns":2.0},{"damage":0.0,"enemies":"2 Louse","floor":4.0,"turns":2.0},{"damage":4.0,"enemies":"Blue Slaver","floor":5.0,"turns":3.0},{"damage":20.0,"enemies":"Gremlin Nob","floor":7.0,"turns":4.0},{"damage":18.0,"enemies":"3 Sentries","floor":13.0,"turns":6.0},{"damage":4.0,"enemies":"2 Fungi Beasts","floor":14.0,"turns":3.0},{"damage":34.0,"enemies":"Slime Boss","floor":16.0,"turns":12.0},{"damage":6.0,"enemies":"Chosen","floor":18.0,"turns":6.0},{"damage":9.0,"enemies":"3 Byrds","floor":20.0,"turns":6.0},{"damage":16.0,"enemies":"Book of Stabbing","floor":23.0,"turns":5.0},{"damage":11.0,"enemies":"Snecko","floor":28.0,"turns":8.0},{"damage":20.0,"enemies":"Gremlin Leader","floor":29.0,"turns":8.0},{"damage":28.0,"enemies":"Slavers","floor":31.0,"turns":10.0},{"damage":43,"enemies":"Collector","floor":33,"turns":16}],"seed_played":"-8122143274235057336","potions_obtained":[{"floor":1.0,"key":"FearPotion"},{"floor":4.0,"key":"Regen Potion"},{"floor":13.0,"key":"SkillPotion"},{"floor":14.0,"key":"Block Potion"},{"floor":23.0,"key":"BlessingOfTheForge"}],"is_trial":false,"path_per_floor":["M","?","M","M","M","R","E","T","T","?","R","?","E","M","R","B",null,"M","?","M","?","$","E","R","?","T","T","M","E","$","E","R","B"],"character_chosen":"IRONCLAD","items_purchased":["Vajra","Orrery","Flame Barrier","Feel No Pain"],"campfire_rested":0,"item_purchase_floors":[22,30,30,30],"current_hp_per_floor":[80,80,80,80,80,80,66,66,66,55,55,55,59,61,61,33,82,84,84,83,77,77,67,67,67,67,67,64,52,54,34,49,6,6],"gold":28,"neow_bonus":"THREE_CARDS","is_daily":false,"chose_seed":false,"campfire_upgraded":5,"win_rate":0.0,"timestamp":1611315405,"path_taken":["M","?","M","M","M","R","E","?","T","?","R","?","E","M","R","BOSS","M","?","M","?","$","E","R","?","T","?","?","E","$","E","R","BOSS"],"items_purchased_type":["Relic","Relic","Card","Card"],"build_version":"2020-12-22","purchased_purges":1,"victory":false,"max_hp_per_floor":[80,80,80,80,80,80,80,80,80,80,80,80,82,82,82,82,82,84,84,86,86,86,86,86,86,86,86,88,90,92,94,94,94,94],"relic_stats":{"Busted Crown":24,"Singing Bowl":14,"counters":[15,93],"Eternal Feather":15,"MealTicket":0,"War Paint":["Shrug It Off","Defend_R"],"Smiling Mask":25,"obtain_stats":[{"ReplayTheSpireMod:Ring of Exchange":25,"Singing Bowl":8,"Vajra":22,"Eternal Feather":29,"War Paint":23,"Smiling Mask":7,"Burning Blood":0,"Matryoshka":13,"Busted Crown":17,"Ring of Peace":25,"Orrery":30,"MealTicket":31,"Bag of Marbles":26,"Mirror":27,"FossilizedHelix":27,"Replay:Bottled Steam":9},{"ReplayTheSpireMod:Ring of Exchange":11,"Singing Bowl":5,"Vajra":10,"Eternal Feather":13,"War Paint":11,"Smiling Mask":5,"Burning Blood":0,"Matryoshka":6,"Busted Crown":8,"Ring of Peace":11,"Orrery":13,"MealTicket":14,"Bag of Marbles":11,"Mirror":11,"FossilizedHelix":11,"Replay:Bottled Steam":5},{"ReplayTheSpireMod:Ring of Exchange":51,"Singing Bowl":13,"Vajra":46,"Eternal Feather":67,"War Paint":51,"Smiling Mask":13,"Burning Blood":0,"Matryoshka":19,"Busted Crown":34,"Ring of Peace":51,"Orrery":67,"MealTicket":77,"Bag of Marbles":51,"Mirror":51,"FossilizedHelix":51,"Replay:Bottled Steam":13}],"Burning Blood":67},"card_choices":[{"not_picked":["ReplayTheSpireMod:Strike From Hell","Shrug It Off"],"picked":"Clash","floor":0.0},{"not_picked":["Pommel Strike","Rupture"],"picked":"Cleave","floor":1.0},{"not_picked":["Shrug It Off","Rupture"],"picked":"Feel No Pain","floor":3.0},{"not_picked":["Dual Wield","Body Slam"],"picked":"Pommel Strike","floor":4.0},{"not_picked":["Feel No Pain","Entrench","Evolve"],"picked":"SKIP","floor":5.0},{"not_picked":["Evolve","Headbutt"],"picked":"Burning Pact","floor":7.0},{"not_picked":["Anger","Searing Blow","Pummel"],"picked":"Singing Bowl","floor":13.0},{"not_picked":["Pommel Strike","Body Slam"],"picked":"Shrug It Off","floor":14.0},{"not_picked":["Impervious","Demonic Infusion"],"picked":"Corruption","floor":16.0},{"not_picked":["Sever Soul+1"],"picked":"Singing Bowl","floor":18.0},{"not_picked":["Sword Boomerang+1"],"picked":"Singing Bowl","floor":20.0},{"not_picked":[],"picked":"Ghostly Armor","floor":23.0},{"not_picked":["Thunderclap"],"picked":"Singing Bowl","floor":28.0},{"not_picked":["ReplayTheSpireMod:Strike From Hell+1"],"picked":"Singing Bowl","floor":29.0},{"not_picked":[],"picked":"Power Through","floor":30.0},{"not_picked":[],"picked":"ReplayTheSpireMod:Muscle Training","floor":30.0},{"not_picked":["Headbutt"],"picked":"Singing Bowl","floor":30.0},{"not_picked":[],"picked":"Sentinel","floor":30.0},{"not_picked":[],"picked":"Sentinel","floor":30.0},{"not_picked":["Replay:Undeath\u0027s Touch+1"],"picked":"Singing Bowl","floor":31.0}],"player_experience":492091,"relics_obtained":[{"floor":7.0,"key":"Smiling Mask"},{"floor":8.0,"key":"Singing Bowl"},{"floor":9.0,"key":"Replay:Bottled Steam"},{"floor":13.0,"key":"Matryoshka"},{"floor":23.0,"key":"War Paint"},{"floor":25.0,"key":"Ring of Peace"},{"floor":25.0,"key":"ReplayTheSpireMod:Ring of Exchange"},{"floor":26.0,"key":"Bag of Marbles"},{"floor":27.0,"key":"Mirror"},{"floor":27.0,"key":"FossilizedHelix"},{"floor":29.0,"key":"Eternal Feather"},{"floor":31.0,"key":"MealTicket"}],"event_choices":[{"damage_healed":0.0,"max_hp_gain":0.0,"max_hp_loss":0.0,"gold_gain":75.0,"event_name":"betterThird:BetterGoop","player_choice":"Gold","floor":10.0,"gold_loss":0.0,"damage_taken":11.0},{"damage_healed":0.0,"max_hp_gain":0.0,"max_hp_loss":0.0,"gold_gain":0.0,"event_name":"Living Wall","player_choice":"Grow","floor":12.0,"gold_loss":0.0,"damage_taken":0.0,"cards_upgraded":["Cleave"]},{"damage_healed":0.0,"max_hp_gain":0.0,"max_hp_loss":0.0,"gold_gain":0.0,"event_name":"Ghosts","player_choice":"Ignored","floor":19.0,"gold_loss":0.0,"damage_taken":0.0},{"damage_healed":0.0,"max_hp_gain":0.0,"max_hp_loss":0.0,"gold_gain":0.0,"event_name":"betterThird:BetterNest","player_choice":"Dagger","floor":21.0,"gold_loss":0.0,"damage_taken":6.0,"cards_obtained":["RitualDagger"]}],"is_beta":false,"boss_relics":[{"not_picked":["ReplayTheSpireMod:DimensionalGlitch","Cursed Key"],"picked":"Busted Crown"}],"items_purged_floors":[22],"is_endless":false,"potions_floor_spawned":[1,4,13,14,23],"killed_by":"Collector","ascension_level":1}}