{"host":"6xsbn6ynqlzwllfm","time":1611323345,"event":{"mods":["2.2 Compatiblity","BaseMod","Bestiary","Colored Map","Colored Powertips","Curses Come First","Highlight Path","Keyboard Shortcuts","Minty Spire (QoL Compilation)","Quick Restart","Relic Stats","Slay the Relics Exporter","StSLib","SuperFastMode"],"gold_per_floor":[114,114,39,39,54,88,98,129,152,178,253,279,279,293,293,293,293],"floor_reached":16,"language":"ENG","playtime":501,"items_purged":["Strike_R"],"score":306,"play_id":"7d4594e7-4e10-490c-b87a-4cc96bf05f34","local_time":"20210122084905","is_ascension_mode":true,"campfire_choices":[{"data":"True Grit","floor":15,"key":"SMITH"}],"circlet_count":0,"master_deck":["AscendersBane","Strike_R","Strike_R","Strike_R","Defend_R","Defend_R","Defend_R","Defend_R","Bash","Anger","Thunderclap","Pommel Strike","True Grit+1","Cleave","Whirlwind+1"],"relics":["Burning Blood","NeowsBlessing","Orichalcum","Blood Vial","Akabeko","Ancient Tea Set","Art of War"],"acts_visited":["Exordium"],"potions_floor_usage":[10,12],"damage_taken":[{"damage":0,"enemies":"2 Louse","floor":1,"turns":1},{"damage":0,"enemies":"Small Slimes","floor":5,"turns":1},{"damage":0,"enemies":"Gremlin Nob","floor":6,"turns":1},{"damage":7,"enemies":"Jaw Worm","floor":7,"turns":3},{"damage":31,"enemies":"3 Sentries","floor":8,"turns":11},{"damage":2,"enemies":"Gremlin Nob","floor":10,"turns":3},{"damage":24,"enemies":"Lagavulin","floor":12,"turns":8},{"damage":5,"enemies":"Looter","floor":14,"turns":2},{"damage":60,"enemies":"The Guardian","floor":16,"turns":8}],"seed_played":"-8284035964354037181","potions_obtained":[{"floor":5,"key":"Dexterity Potion"},{"floor":7,"key":"Strength Potion"},{"floor":12,"key":"FairyPotion"}],"is_trial":false,"path_per_floor":["M","?","$","?","M","E","M","E","T","E","?","E","?","M","R","B"],"character_chosen":"IRONCLAD","items_purchased":[],"campfire_rested":0,"item_purchase_floors":[],"current_hp_per_floor":[74,67,67,67,73,75,74,49,49,55,44,28,28,31,31,0,0],"gold":293,"neow_bonus":"THREE_ENEMY_KILL","is_daily":false,"chose_seed":false,"campfire_upgraded":1,"win_rate":0.0,"timestamp":1611323345,"path_taken":["M","?","$","?","M","E","M","E","T","E","?","E","?","?","R","BOSS"],"items_purchased_type":[],"build_version":"2020-12-22","purchased_purges":1,"victory":false,"max_hp_per_floor":[75,75,75,75,75,75,75,75,75,75,75,75,75,75,75,75,75],"relic_stats":{"Blood Vial":8,"counters":[9,38],"Art of War":[1],"Orichalcum":[114],"obtain_stats":[{"Blood Vial":8,"NeowsBlessing":0,"Art of War":12,"Orichalcum":6,"Ancient Tea Set":10,"Burning Blood":0,"Akabeko":9},{"Blood Vial":5,"NeowsBlessing":0,"Art of War":7,"Orichalcum":3,"Ancient Tea Set":6,"Burning Blood":0,"Akabeko":5},{"Blood Vial":17,"NeowsBlessing":0,"Art of War":28,"Orichalcum":3,"Ancient Tea Set":20,"Burning Blood":0,"Akabeko":17}],"Burning Blood":44},"card_choices":[{"not_picked":["Flame Barrier","Spot Weakness"],"picked":"Anger","floor":1},{"not_picked":["Body Slam","Headbutt"],"picked":"Thunderclap","floor":5},{"not_picked":["Flame Barrier","Shockwave"],"picked":"Pommel Strike","floor":6},{"not_picked":["Rupture","Second Wind"],"picked":"True Grit","floor":7},{"not_picked":["Heavy Blade","Evolve"],"picked":"Cleave","floor":8},{"not_picked":["Reckless Charge","Berserk","Iron Wave"],"picked":"SKIP","floor":10},{"not_picked":["Sever Soul","Warcry"],"picked":"Whirlwind","floor":12}],"player_experience":1077139,"relics_obtained":[{"floor":6,"key":"Orichalcum"},{"floor":8,"key":"Blood Vial"},{"floor":9,"key":"Akabeko"},{"floor":10,"key":"Ancient Tea Set"},{"floor":12,"key":"Art of War"}],"event_choices":[{"cards_removed":["Strike_R"],"damage_healed":0,"gold_gain":0,"player_choice":"Card Removal","damage_taken":7,"max_hp_gain":0,"max_hp_loss":0,"event_name":"Golden Wing","floor":2,"gold_loss":0},{"damage_healed":0,"gold_gain":0,"player_choice":"Leave","damage_taken":0,"max_hp_gain":0,"max_hp_loss":0,"event_name":"The Cleric","floor":4,"gold_loss":0},{"damage_healed":0,"gold_gain":75,"player_choice":"Gather Gold","damage_taken":11,"max_hp_gain":0,"max_hp_loss":0,"event_name":"World of Goop","floor":11,"gold_loss":0},{"damage_healed":0,"gold_gain":0,"player_choice":"Grow","damage_taken":0,"max_hp_gain":0,"max_hp_loss":0,"event_name":"Living Wall","floor":13,"gold_loss":0,"cards_upgraded":["Whirlwind"]}],"is_beta":false,"boss_relics":[],"items_purged_floors":[3],"is_endless":false,"potions_floor_spawned":[5,7,12],"killed_by":"The Guardian","ascension_level":20}}