{"host":"19r1ww88x2tc73i0","time":1611295282,"event":{"mods":["BaseMod","BetterRewards","Colored Map","Minty Spire (QoL Compilation)","Relic Stats","StSLib","SuperFastMode","slay the spire mod where everything is the same but ironclad has a cowboy hat"],"gold_per_floor":[115,63,73,73,84,84,100,100,100,133,133,155,186,203,203,274,274,288,203,203,218,233,233,250,9,32,47,47,47],"floor_reached":28,"language":"ENG","playtime":1379,"items_purged":["Strike_B","Strike_B"],"score":660,"play_id":"8134674f-9bd7-4c80-98d8-27170df40f80","local_time":"25640122130122","is_ascension_mode":true,"campfire_choices":[{"data":"Hologram","floor":6.0,"key":"SMITH"},{"data":"Hologram","floor":8.0,"key":"SMITH"},{"data":"Beam Cell","floor":11.0,"key":"SMITH"},{"data":"Sweeping Beam","floor":15,"key":"SMITH"},{"floor":23,"key":"REST"}],"circlet_count":0,"master_deck":["AscendersBane","Defend_B","Defend_B","Defend_B","Defend_B","Zap","Dualcast","Conserve Battery","Hologram+1","Compile Driver","Hologram+1","Conserve Battery","Beam Cell+1","White Noise","Sweeping Beam+1","Echo Form","Rebound","Capacitor","Heatsinks","Go for the Eyes","Recycle"],"relics":["Cracked Core","Lee\u0027s Waffle","Mummified Hand","Lantern","ClockworkSouvenir","Ornamental Fan","Bottled Flame","Odd Mushroom","Tiny Chest","Empty Cage","Pen Nib","Membership Card"],"acts_visited":["Exordium","TheCity"],"potions_floor_usage":[22,24,28],"damage_taken":[{"damage":0.0,"enemies":"2 Louse","floor":1.0,"turns":2.0},{"damage":4.0,"enemies":"Small Slimes","floor":3.0,"turns":3.0},{"damage":2.0,"enemies":"Jaw Worm","floor":5.0,"turns":4.0},{"damage":4.0,"enemies":"Lots of Slimes","floor":7.0,"turns":4.0},{"damage":29.0,"enemies":"Gremlin Nob","floor":10.0,"turns":4.0},{"damage":0.0,"enemies":"The Mushroom Lair","floor":12.0,"turns":4.0},{"damage":18.0,"enemies":"Lagavulin","floor":13.0,"turns":8.0},{"damage":0,"enemies":"Gremlin Gang","floor":14,"turns":4},{"damage":16,"enemies":"Slime Boss","floor":16,"turns":8},{"damage":22,"enemies":"Spheric Guardian","floor":18,"turns":5},{"damage":11,"enemies":"Chosen","floor":21,"turns":4},{"damage":7,"enemies":"Sentry and Sphere","floor":22,"turns":8},{"damage":1,"enemies":"Snake Plant","floor":24,"turns":6},{"damage":10,"enemies":"Snecko","floor":27,"turns":6},{"damage":33,"enemies":"Book of Stabbing","floor":28,"turns":6}],"seed_played":"2042806224278222343","potions_obtained":[{"floor":7.0,"key":"FocusPotion"},{"floor":12.0,"key":"Dexterity Potion"},{"floor":16,"key":"Dexterity Potion"},{"floor":22,"key":"Explosive Potion"}],"is_trial":false,"path_per_floor":["M","$","M","?","M","R","M","R","T","E","R","?","E","M","R","B",null,"M","?","?","M","M","R","M","$","T","M","E"],"character_chosen":"DEFECT","items_purchased":["Lee\u0027s Waffle","Mummified Hand","Lantern","ClockworkSouvenir","Hologram","Membership Card","Go for the Eyes"],"campfire_rested":1,"item_purchase_floors":[0,0,0,0,2,25,25],"current_hp_per_floor":[78,78,74,74,72,72,68,68,68,39,39,39,21,21,21,5,60,38,38,38,27,20,43,42,42,42,32,0,0],"gold":47,"neow_bonus":"","is_daily":false,"chose_seed":false,"campfire_upgraded":4,"win_rate":0.0,"timestamp":1611295282,"path_taken":["M","$","M","?","M","R","M","R","T","E","R","?","E","M","R","BOSS","M","?","?","M","M","R","M","$","T","M","E"],"items_purchased_type":["Relic","Relic","Relic","Relic","Card","Relic","Card"],"build_version":"2020-12-22","purchased_purges":2,"victory":false,"max_hp_per_floor":[78,78,78,78,78,78,78,78,78,78,78,78,78,78,78,78,78,78,78,78,78,78,78,78,78,78,78,78,78],"relic_stats":{"Lee\u0027s Waffle":90,"counters":[52,262],"Mummified Hand":[18],"Ornamental Fan":[216],"Tiny Chest":0,"Pen Nib":[17],"obtain_stats":[{"Lantern":0,"Calipers":0,"Singing Bowl":0,"Vajra":24,"PrismaticShard":21,"Empty Cage":17,"FrozenCore":34,"ClockworkSouvenir":0,"Emotion Chip":0,"HornCleat":9,"Mummified Hand":0,"Tiny Chest":13,"Cracked Core":0,"Lee\u0027s Waffle":0,"Inserter":17,"Pear":9,"Dead Branch":0,"Pen Nib":19,"Omamori":11,"Odd Mushroom":14,"Question Card":40,"Mercury Hourglass":9,"Anchor":0,"Bottled Flame":10,"Shuriken":0,"Ornamental Fan":9,"Turnip":27,"Membership Card":25,"Symbiotic Virus":26,"Pocketwatch":0},{"Lantern":37,"Calipers":15,"Singing Bowl":0,"Vajra":26,"PrismaticShard":9,"Empty Cage":46,"FrozenCore":31,"ClockworkSouvenir":37,"Emotion Chip":15,"HornCleat":4,"Mummified Hand":37,"Tiny Chest":44,"Cracked Core":0,"Lee\u0027s Waffle":15,"Inserter":7,"Pear":14,"Dead Branch":10,"Pen Nib":47,"Omamori":20,"Odd Mushroom":6,"Question Card":36,"Mercury Hourglass":19,"Anchor":10,"Bottled Flame":42,"Shuriken":0,"Ornamental Fan":41,"Turnip":27,"Membership Card":50,"Symbiotic Virus":26,"Pocketwatch":10},{"Lantern":186,"Calipers":85,"Singing Bowl":0,"Vajra":128,"PrismaticShard":62,"Empty Cage":227,"FrozenCore":157,"ClockworkSouvenir":186,"Emotion Chip":85,"HornCleat":18,"Mummified Hand":186,"Tiny Chest":215,"Cracked Core":0,"Lee\u0027s Waffle":85,"Inserter":43,"Pear":82,"Dead Branch":70,"Pen Nib":232,"Omamori":104,"Odd Mushroom":29,"Question Card":183,"Mercury Hourglass":101,"Anchor":70,"Bottled Flame":203,"Shuriken":0,"Ornamental Fan":199,"Turnip":132,"Membership Card":250,"Symbiotic Virus":128,"Pocketwatch":70}]},"card_choices":[{"not_picked":["Loop","Compile Driver"],"picked":"Conserve Battery","floor":1.0},{"not_picked":["Streamline","Barrage"],"picked":"Compile Driver","floor":3.0},{"not_picked":["Redo","Loop"],"picked":"Hologram","floor":5.0},{"not_picked":["Loop","Leap"],"picked":"Conserve Battery","floor":7.0},{"not_picked":["Lockon","Darkness"],"picked":"Beam Cell","floor":10.0},{"not_picked":["Heatsinks","Aggregate"],"picked":"White Noise","floor":13.0},{"not_picked":["Leap","Streamline"],"picked":"Sweeping Beam","floor":14},{"not_picked":["Amplify","Creative AI"],"picked":"Echo Form","floor":16},{"not_picked":["Consume+1","White Noise","Blizzard+1"],"picked":"SKIP","floor":18},{"not_picked":["Doom and Gloom","FTL"],"picked":"Rebound","floor":21},{"not_picked":["Turbo","Tempest"],"picked":"Capacitor","floor":22},{"not_picked":["Doom and Gloom","Turbo"],"picked":"Heatsinks","floor":24},{"not_picked":["Chill","Rebound"],"picked":"Recycle","floor":27}],"player_experience":926436,"relics_obtained":[{"floor":9.0,"key":"Ornamental Fan"},{"floor":10.0,"key":"Bottled Flame"},{"floor":12.0,"key":"Odd Mushroom"},{"floor":13.0,"key":"Tiny Chest"}],"event_choices":[{"damage_healed":0.0,"max_hp_gain":0.0,"max_hp_loss":0.0,"gold_gain":0.0,"event_name":"The Cleric","player_choice":"Leave","floor":4.0,"gold_loss":0.0,"damage_taken":0.0},{"damage_healed":0.0,"max_hp_gain":0.0,"max_hp_loss":0.0,"gold_gain":0.0,"event_name":"Mushrooms","player_choice":"Fought Mushrooms","floor":12.0,"gold_loss":0.0,"damage_taken":0.0},{"damage_healed":0,"gold_gain":0,"player_choice":"Obtained Relic","damage_taken":0,"relics_obtained":["Pen Nib"],"max_hp_gain":0,"max_hp_loss":0,"event_name":"Addict","floor":19,"gold_loss":85},{"damage_healed":0,"gold_gain":0,"player_choice":"Ignored","damage_taken":0,"max_hp_gain":0,"max_hp_loss":0,"event_name":"Vampires","floor":20,"gold_loss":0}],"is_beta":false,"boss_relics":[{"not_picked":["SacredBark","Snecko Eye"],"picked":"Empty Cage"}],"items_purged_floors":[0,25],"is_endless":false,"potions_floor_spawned":[7,12,16,18,22],"killed_by":"Book of Stabbing","ascension_level":20}}