{"host":"vsgmwxc1n8l4tqfd","time":1611278381,"event":{"mods":["AchievementEnabler","BaseMod","Bestiary","Block Reminder","Colored Map","Colored Powertips","Minty Spire (QoL Compilation)","Quick Restart"],"gold_per_floor":[111,125,144,160,66,76,76,89,114,126,151,178,219,247,259,372,384,407,419,56,73,89,89,112,112,112,14,14,26,42,61,61,164,164,183,183,203,35,51,84,84,84,111,111,127,140,45,57,57,57],"floor_reached":51,"language":"ENG","playtime":2368,"items_purged":["Strike_R","Strike_R"],"score":812,"play_id":"8272e067-8adf-4781-9b13-75d5310d56da","local_time":"20210122011941","is_ascension_mode":false,"campfire_choices":[{"data":"Spot Weakness","floor":7,"key":"SMITH"},{"data":"Rupture","floor":10,"key":"SMITH"},{"floor":15,"key":"REST"},{"data":"Bludgeon","floor":23,"key":"SMITH"},{"data":"Seeing Red","floor":25,"key":"SMITH"},{"floor":32,"key":"REST"},{"floor":42,"key":"REST"},{"data":"Hemokinesis","floor":44,"key":"SMITH"},{"floor":49,"key":"REST"}],"circlet_count":0,"master_deck":["Strike_R","Strike_R","Strike_R","Defend_R","Defend_R","Defend_R","Defend_R","Bash","Warcry","Spot Weakness+1","Seeing Red+1","Carnage+1","Flex","Uppercut","Rupture+1","Anger","Feel No Pain","Twin Strike","Heavy Blade","Bludgeon+1","Flame Barrier","Heavy Blade+1","Twin Strike+1","Finesse","Necronomicurse","Flex","Anger","Flame Barrier","Juggernaut","CurseOfTheBell","Anger","Searing Blow","Blood for Blood","Hemokinesis+1","Fire Breathing","Heavy Blade+1","Flex","Impervious","Heavy Blade+1","Spot Weakness","Carnage+1","Rage","Flash of Steel","Feed","Anger+1"],"relics":["Burning Blood","MawBank","CaptainsWheel","Mark of Pain","Lizard Tail","Centennial Puzzle","Pear","Necronomicon","Calling Bell","Oddly Smooth Stone","Matryoshka","Prayer Wheel","Regal Pillow","Bottled Lightning","Pen Nib"],"acts_visited":["Exordium","TheCity","TheBeyond"],"potions_floor_usage":[6,13,13,18,21,22,22,29,30,30,30,31,33,39,39,46,48,50],"damage_taken":[{"damage":8,"enemies":"Cultist","floor":1,"turns":6},{"damage":6,"enemies":"Jaw Worm","floor":2,"turns":6},{"damage":1,"enemies":"2 Louse","floor":3,"turns":4},{"damage":34,"enemies":"Exordium Wildlife","floor":4,"turns":6},{"damage":9,"enemies":"2 Fungi Beasts","floor":6,"turns":4},{"damage":10,"enemies":"Looter","floor":8,"turns":2},{"damage":16,"enemies":"Lots of Slimes","floor":11,"turns":5},{"damage":3,"enemies":"Exordium Thugs","floor":12,"turns":3},{"damage":26,"enemies":"Lagavulin","floor":13,"turns":5},{"damage":11,"enemies":"Gremlin Gang","floor":14,"turns":6},{"damage":51,"enemies":"Slime Boss","floor":16,"turns":11},{"damage":17,"enemies":"2 Thieves","floor":18,"turns":4},{"damage":0,"enemies":"Spheric Guardian","floor":21,"turns":3},{"damage":36,"enemies":"Shelled Parasite and Fungi","floor":22,"turns":7},{"damage":11,"enemies":"Snake Plant","floor":29,"turns":2},{"damage":5,"enemies":"Cultist and Chosen","floor":30,"turns":3},{"damage":0,"enemies":"Centurion and Healer","floor":31,"turns":4},{"damage":52,"enemies":"Collector","floor":33,"turns":5},{"damage":2,"enemies":"Orb Walker","floor":35,"turns":2},{"damage":6,"enemies":"3 Shapes","floor":37,"turns":2},{"damage":25,"enemies":"3 Darklings","floor":39,"turns":5},{"damage":47,"enemies":"Nemesis","floor":40,"turns":7},{"damage":34,"enemies":"Spire Growth","floor":45,"turns":4},{"damage":29,"enemies":"Jaw Worm Horde","floor":46,"turns":4},{"damage":17,"enemies":"4 Shapes","floor":48,"turns":3},{"damage":28,"enemies":"Time Eater","floor":50,"turns":5}],"seed_played":"8037321876124462913","potions_obtained":[{"floor":2,"key":"FearPotion"},{"floor":4,"key":"BloodPotion"},{"floor":11,"key":"Weak Potion"},{"floor":13,"key":"SpeedPotion"},{"floor":16,"key":"ColorlessPotion"},{"floor":22,"key":"EntropicBrew"},{"floor":29,"key":"EntropicBrew"},{"floor":31,"key":"SteroidPotion"},{"floor":33,"key":"LiquidMemories"},{"floor":39,"key":"Ancient Potion"},{"floor":45,"key":"CultistPotion"},{"floor":46,"key":"Explosive Potion"},{"floor":48,"key":"SpeedPotion"}],"is_trial":false,"path_per_floor":["M","M","M","M","$","M","R","M","T","R","M","M","E","M","R","B",null,"M","?","$","M","M","R","T","R","T","$","?","M","M","M","R","B",null,"M","?","M","$","M","E","?","R","T","R","M","M","$","M","R","B",null],"character_chosen":"IRONCLAD","items_purchased":["Flex","Anger","Lizard Tail","Finesse","Fire Breathing","Flash of Steel"],"campfire_rested":4,"item_purchase_floors":[5,5,20,27,38,47],"current_hp_per_floor":[86,86,88,60,60,74,74,70,70,70,60,63,43,38,64,19,88,77,77,77,83,70,70,70,70,80,80,64,59,60,66,95,49,98,98,98,98,98,79,38,38,82,82,82,54,31,31,20,64,42],"gold":57,"neow_bonus":"TEN_PERCENT_HP_BONUS","is_daily":false,"chose_seed":false,"campfire_upgraded":5,"win_rate":0.0,"timestamp":1611278381,"path_taken":["M","M","?","M","$","M","R","?","T","R","?","M","E","M","R","BOSS","M","?","$","M","M","R","?","R","T","$","?","?","M","M","R","BOSS","M","?","M","$","M","E","?","R","T","R","?","M","?","M","R","BOSS"],"items_purchased_type":["Card","Card","Relic","Card","Card","Card"],"build_version":"2020-12-22","purchased_purges":2,"victory":true,"max_hp_per_floor":[88,88,88,88,88,88,88,88,88,88,88,88,88,88,88,88,88,88,88,88,88,88,88,88,88,98,98,98,98,98,98,98,98,98,98,98,98,98,98,98,98,98,98,98,98,98,98,98,98,98],"card_choices":[{"not_picked":["Clash","Wild Strike"],"picked":"Warcry","floor":1},{"not_picked":["Feel No Pain","Reckless Charge"],"picked":"Spot Weakness","floor":2},{"not_picked":["Twin Strike","Disarm"],"picked":"Seeing Red","floor":3},{"not_picked":["Twin Strike","Perfected Strike"],"picked":"Carnage","floor":4},{"not_picked":["Metallicize","Wild Strike"],"picked":"Uppercut","floor":6},{"not_picked":["Iron Wave","Armaments"],"picked":"Rupture","floor":8},{"not_picked":["True Grit","Searing Blow"],"picked":"Anger","floor":11},{"not_picked":["Juggernaut","Ghostly Armor"],"picked":"Feel No Pain","floor":12},{"not_picked":["Cleave","Wild Strike"],"picked":"Twin Strike","floor":13},{"not_picked":["Sword Boomerang","Spot Weakness"],"picked":"Heavy Blade","floor":14},{"not_picked":["Impervious","Berserk"],"picked":"Bludgeon","floor":16},{"not_picked":["Dropkick","True Grit"],"picked":"Flame Barrier","floor":18},{"not_picked":["Flex","Wild Strike+1"],"picked":"Heavy Blade+1","floor":21},{"not_picked":["Shrug It Off","Pommel Strike"],"picked":"Twin Strike+1","floor":22},{"not_picked":["Battle Trance","Iron Wave+1"],"picked":"Flex","floor":29},{"not_picked":["Shrug It Off","Corruption"],"picked":"Anger","floor":30},{"not_picked":["Perfected Strike","Thunderclap"],"picked":"Flame Barrier","floor":31},{"not_picked":["Fiend Fire","Corruption"],"picked":"Juggernaut","floor":33},{"not_picked":["Headbutt","Reckless Charge"],"picked":"Anger","floor":35},{"not_picked":["Dual Wield","Searing Blow","Wild Strike"],"picked":"SKIP","floor":35},{"not_picked":["Dual Wield","Wild Strike"],"picked":"Searing Blow","floor":35},{"not_picked":["Pommel Strike","Anger"],"picked":"Blood for Blood","floor":37},{"not_picked":["Uppercut","Anger"],"picked":"Hemokinesis","floor":37},{"not_picked":["Warcry+1","Intimidate+1"],"picked":"Heavy Blade+1","floor":39},{"not_picked":["Second Wind","Feel No Pain"],"picked":"Flex","floor":39},{"not_picked":["Flame Barrier+1","Iron Wave+1"],"picked":"Impervious","floor":40},{"not_picked":["Clothesline+1","Headbutt"],"picked":"Heavy Blade+1","floor":45},{"not_picked":["Sword Boomerang","Armaments"],"picked":"Spot Weakness","floor":45},{"not_picked":["Rupture","Flame Barrier+1"],"picked":"Carnage+1","floor":46},{"not_picked":["Armaments","Twin Strike"],"picked":"Rage","floor":46},{"not_picked":["Dropkick","Dual Wield+1"],"picked":"Feed","floor":48},{"not_picked":["Sword Boomerang+1","Armaments+1"],"picked":"Anger+1","floor":48}],"player_experience":54650,"relics_obtained":[{"floor":9,"key":"MawBank"},{"floor":13,"key":"CaptainsWheel"},{"floor":24,"key":"Centennial Puzzle"},{"floor":26,"key":"Pear"},{"floor":28,"key":"Necronomicon"},{"floor":34,"key":"Oddly Smooth Stone"},{"floor":34,"key":"Matryoshka"},{"floor":34,"key":"Prayer Wheel"},{"floor":40,"key":"Regal Pillow"},{"floor":43,"key":"Bottled Lightning"},{"floor":43,"key":"Pen Nib"}],"event_choices":[{"damage_healed":0,"gold_gain":0,"player_choice":"Ignored","damage_taken":0,"max_hp_gain":0,"max_hp_loss":0,"event_name":"Vampires","floor":19,"gold_loss":0},{"damage_healed":0,"gold_gain":0,"player_choice":"Obtained Book","damage_taken":16,"max_hp_gain":0,"max_hp_loss":0,"event_name":"Cursed Tome","floor":28,"gold_loss":0},{"cards_removed":["Anger"],"damage_healed":0,"gold_gain":0,"player_choice":"Removed Attack","damage_taken":0,"max_hp_gain":0,"max_hp_loss":0,"event_name":"Falling","floor":36,"gold_loss":0},{"damage_healed":0,"gold_gain":0,"player_choice":"Forge","damage_taken":0,"max_hp_gain":0,"max_hp_loss":0,"event_name":"Accursed Blacksmith","floor":41,"gold_loss":0,"cards_upgraded":["Carnage"]}],"is_beta":false,"boss_relics":[{"not_picked":["Coffee Dripper","Snecko Eye"],"picked":"Mark of Pain"},{"not_picked":["Runic Cube","Astrolabe"],"picked":"Calling Bell"}],"items_purged_floors":[20,38],"is_endless":false,"potions_floor_spawned":[2,4,11,13,16,22,29,31,33,39,45,46,48],"ascension_level":0}}