{"host":"e1wc9sdc4kdvhg3d","time":1611278319,"event":{"mods":["AchievementEnabler","BaseMod","BetterRewards","Highlight Path","Minty Spire (QoL Compilation)","Relic Stats","StSLib"],"gold_per_floor":[115,135,135,149,164,197,197,228,228,248,248,263,290,290,290,387,387,406,406,420,319,339,369,384,83,83,83,83,100,129,204,204,204,204],"floor_reached":33,"language":"ENG","playtime":1821,"items_purged":["Strike_R","Perfected Strike"],"score":583,"play_id":"2d7c3adf-79a6-4ba7-87aa-722f383c5ae3","local_time":"20210121191839","is_ascension_mode":true,"campfire_choices":[{"data":"Flame Barrier","floor":7,"key":"SMITH"},{"data":"Cleave","floor":11,"key":"SMITH"},{"data":"Fire Breathing","floor":15,"key":"SMITH"},{"data":"Berserk","floor":28,"key":"SMITH"},{"data":"Armaments","floor":32,"key":"SMITH"}],"circlet_count":0,"master_deck":["Strike_R","Strike_R","Strike_R","Strike_R","Defend_R","Defend_R","Defend_R","Defend_R","Bash+1","Violence","Cleave+1","Flame Barrier+1","Fire Breathing+1","Reaper","Immolate","CurseOfTheBell","Spot Weakness","Cleave+1","Reaper","Armaments+1","Berserk+1","Writhe","Metallicize+1"],"relics":["Burning Blood","Matryoshka","Magic Flower","HandDrill","Gremlin Horn","Nunchaku","Regal Pillow","Smiling Mask","Art of War","Lantern","MealTicket","Calling Bell","Bag of Marbles","InkBottle","Prayer Wheel","Boot","Shuriken","Tiny Chest","Oddly Smooth Stone","Potion Belt"],"acts_visited":["Exordium","TheCity"],"potions_floor_usage":[5,6,8,16,23,29,30,33],"damage_taken":[{"damage":0,"enemies":"Small Slimes","floor":1,"turns":3},{"damage":1,"enemies":"Cultist","floor":2,"turns":3},{"damage":0,"enemies":"2 Louse","floor":4,"turns":2},{"damage":9,"enemies":"Red Slaver","floor":5,"turns":3},{"damage":28,"enemies":"3 Sentries","floor":6,"turns":6},{"damage":35,"enemies":"Gremlin Nob","floor":8,"turns":5},{"damage":6,"enemies":"Looter","floor":10,"turns":3},{"damage":18,"enemies":"Large Slime","floor":12,"turns":4},{"damage":30,"enemies":"3 Sentries","floor":13,"turns":5},{"damage":39,"enemies":"The Guardian","floor":16,"turns":11},{"damage":23,"enemies":"2 Thieves","floor":18,"turns":4},{"damage":22,"enemies":"Spheric Guardian","floor":20,"turns":4},{"damage":26,"enemies":"Cultist and Chosen","floor":22,"turns":5},{"damage":0,"enemies":"Gremlin Leader","floor":23,"turns":4},{"damage":31,"enemies":"Snecko","floor":24,"turns":4},{"damage":35,"enemies":"Centurion and Healer","floor":29,"turns":5},{"damage":57,"enemies":"Slavers","floor":30,"turns":3},{"damage":89,"enemies":"Automaton","floor":33,"turns":6}],"seed_played":"5779689981285112084","potions_obtained":[{"floor":1,"key":"Fire Potion"},{"floor":2,"key":"AttackPotion"},{"floor":4,"key":"Regen Potion"},{"floor":12,"key":"PowerPotion"},{"floor":14,"key":"BloodPotion"},{"floor":14,"key":"DuplicationPotion"},{"floor":16,"key":"Regen Potion"},{"floor":24,"key":"Weak Potion"},{"floor":29,"key":"Weak Potion"},{"floor":30,"key":"Explosive Potion"}],"is_trial":false,"path_per_floor":["M","M","?","M","M","E","R","E","T","M","R","M","E","?","R","B",null,"M","?","M","$","M","E","M","$","T","?","R","M","E","?","R","B"],"character_chosen":"IRONCLAD","items_purchased":["Matryoshka","HandDrill","Gremlin Horn","Nunchaku","Armaments","Shuriken"],"campfire_rested":0,"item_purchase_floors":[0,0,0,0,21,25],"current_hp_per_floor":[80,80,80,80,80,61,61,49,49,52,52,55,52,52,52,28,67,65,65,52,67,65,80,58,73,73,73,73,47,48,40,40,0,0],"gold":204,"neow_bonus":"","is_daily":false,"chose_seed":false,"campfire_upgraded":5,"win_rate":0.0,"timestamp":1611278319,"path_taken":["M","M","?","M","M","E","R","E","T","M","R","?","E","?","R","BOSS","M","?","?","$","M","E","M","$","T","?","R","M","E","?","R","BOSS"],"items_purchased_type":["Relic","Relic","Relic","Relic","Card","Relic"],"build_version":"2020-12-22","purchased_purges":2,"victory":false,"max_hp_per_floor":[80,80,80,80,80,80,80,80,80,80,80,80,80,80,80,80,80,80,80,80,80,80,80,80,80,80,80,80,80,80,80,80,80,80],"relic_stats":{"Regal Pillow":0,"Gremlin Horn":[17,17],"counters":[99,490],"Magic Flower":[100],"Smiling Mask":150,"Boot":[3],"Burning Blood":587,"Nunchaku":[50],"Shuriken":[77],"MealTicket":72,"Prayer Wheel":5,"Tiny Chest":2,"HandDrill":[12],"Art of War":[4],"obtain_stats":[{"Calipers":21,"Gremlin Horn":26,"Vajra":25,"Whetstone":14,"Ginger":22,"Boot":23,"Old Coin":13,"Blood Vial":10,"Strawberry":37,"Philosopher\u0027s Stone":17,"MealTicket":41,"Prayer Wheel":17,"HandDrill":0,"Toxic Egg 2":6,"Happy Flower":54,"Blue Candle":23,"Oddly Smooth Stone":27,"Eternal Feather":9,"Pen Nib":9,"Charon\u0027s Ashes":41,"Du-Vu Doll":36,"Shuriken":37,"Bronze Scales":37,"Bird Faced Urn":43,"Molten Egg 2":42,"Black Star":17,"Darkstone Periapt":25,"Regal Pillow":25,"Lantern":9,"Singing Bowl":28,"Enchiridion":30,"Magic Flower":0,"Incense Burner":10,"Bag of Preparation":13,"Cursed Key":17,"Smiling Mask":9,"Burning Blood":0,"ClockworkSouvenir":0,"Dream Catcher":27,"Nunchaku":0,"Matryoshka":8,"Mummified Hand":6,"Tiny Chest":2,"Red Mask":20,"Red Skull":8,"InkBottle":17,"Paper Frog":28,"Potion Belt":30,"Thread and Needle":12,"PreservedInsect":0,"The Courier":25,"Omamori":10,"Frozen Egg 2":0,"MawBank":7,"White Beast Statue":6,"Calling Bell":17,"Anchor":43,"Ornamental Fan":54,"Coffee Dripper":34,"Art of War":9,"Bag of Marbles":17,"Bottled Lightning":43,"Champion Belt":23},{"Calipers":11,"Gremlin Horn":13,"Vajra":65,"Whetstone":8,"Ginger":63,"Boot":95,"Old Coin":7,"Blood Vial":32,"Strawberry":72,"Philosopher\u0027s Stone":35,"MealTicket":74,"Prayer Wheel":91,"HandDrill":81,"Toxic Egg 2":30,"Happy Flower":80,"Blue Candle":12,"Oddly Smooth Stone":96,"Eternal Feather":21,"Pen Nib":5,"Charon\u0027s Ashes":74,"Du-Vu Doll":72,"Shuriken":72,"Bronze Scales":45,"Bird Faced Urn":48,"Molten Egg 2":48,"Black Star":61,"Darkstone Periapt":40,"Regal Pillow":13,"Lantern":59,"Singing Bowl":67,"Enchiridion":68,"Magic Flower":81,"Incense Burner":22,"Bag of Preparation":33,"Cursed Key":9,"Smiling Mask":21,"Burning Blood":0,"ClockworkSouvenir":16,"Dream Catcher":14,"Nunchaku":81,"Matryoshka":21,"Mummified Hand":20,"Tiny Chest":17,"Red Mask":11,"Red Skull":32,"InkBottle":91,"Paper Frog":67,"Potion Belt":98,"Thread and Needle":32,"PreservedInsect":0,"The Courier":65,"Omamori":6,"Frozen Egg 2":52,"MawBank":5,"White Beast Statue":57,"Calling Bell":91,"Anchor":74,"Ornamental Fan":80,"Coffee Dripper":43,"Art of War":87,"Bag of Marbles":91,"Bottled Lightning":48,"Champion Belt":64},{"Calipers":52,"Gremlin Horn":63,"Vajra":325,"Whetstone":30,"Ginger":315,"Boot":472,"Old Coin":26,"Blood Vial":159,"Strawberry":361,"Philosopher\u0027s Stone":178,"MealTicket":371,"Prayer Wheel":455,"HandDrill":410,"Toxic Egg 2":150,"Happy Flower":405,"Blue Candle":58,"Oddly Smooth Stone":476,"Eternal Feather":104,"Pen Nib":19,"Charon\u0027s Ashes":371,"Du-Vu Doll":361,"Shuriken":361,"Bronze Scales":236,"Bird Faced Urn":249,"Molten Egg 2":249,"Black Star":306,"Darkstone Periapt":204,"Regal Pillow":63,"Lantern":297,"Singing Bowl":330,"Enchiridion":333,"Magic Flower":410,"Incense Burner":111,"Bag of Preparation":167,"Cursed Key":40,"Smiling Mask":104,"Burning Blood":0,"ClockworkSouvenir":80,"Dream Catcher":71,"Nunchaku":410,"Matryoshka":104,"Mummified Hand":99,"Tiny Chest":85,"Red Mask":52,"Red Skull":159,"InkBottle":455,"Paper Frog":330,"Potion Belt":484,"Thread and Needle":159,"PreservedInsect":0,"The Courier":325,"Omamori":24,"Frozen Egg 2":274,"MawBank":19,"White Beast Statue":292,"Calling Bell":455,"Anchor":371,"Ornamental Fan":405,"Coffee Dripper":226,"Art of War":432,"Bag of Marbles":455,"Bottled Lightning":249,"Champion Belt":321}],"InkBottle":[26]},"card_choices":[{"not_picked":["Clash","Hemokinesis","Heavy Blade"],"picked":"SKIP","floor":1},{"not_picked":["Body Slam","Burning Pact"],"picked":"Cleave","floor":2},{"not_picked":["Havoc","Twin Strike"],"picked":"Perfected Strike","floor":4},{"not_picked":["Havoc","Rampage"],"picked":"Flame Barrier","floor":5},{"not_picked":["Rage","Flex","Dark Embrace"],"picked":"SKIP","floor":6},{"not_picked":["Bloodletting","Ghostly Armor"],"picked":"Fire Breathing","floor":8},{"not_picked":["Power Through","Wild Strike"],"picked":"Reaper","floor":10},{"not_picked":["Headbutt","Thunderclap","Anger"],"picked":"SKIP","floor":12},{"not_picked":["Feel No Pain","Twin Strike","Wild Strike"],"picked":"SKIP","floor":13},{"not_picked":["Exhume","Offering"],"picked":"Immolate","floor":16},{"not_picked":["Dropkick","Sword Boomerang"],"picked":"Spot Weakness","floor":18},{"not_picked":["Twin Strike","Flex"],"picked":"Cleave+1","floor":18},{"not_picked":["Whirlwind+1","Body Slam+1","Second Wind"],"picked":"SKIP","floor":20},{"not_picked":["Heavy Blade","Spot Weakness","Perfected Strike"],"picked":"SKIP","floor":20},{"not_picked":["Dual Wield","Thunderclap","Rampage"],"picked":"SKIP","floor":22},{"not_picked":["Twin Strike","Battle Trance","Clash"],"picked":"SKIP","floor":22},{"not_picked":["Wild Strike","Clash"],"picked":"Berserk","floor":23},{"not_picked":["Burning Pact","Perfected Strike","Twin Strike"],"picked":"SKIP","floor":24},{"not_picked":["Anger+1","Ghostly Armor","Headbutt+1"],"picked":"SKIP","floor":24},{"not_picked":["Wild Strike","Clothesline"],"picked":"Metallicize+1","floor":29},{"not_picked":["Entrench","Headbutt+1","Fire Breathing"],"picked":"SKIP","floor":29},{"not_picked":["Armaments","Sword Boomerang","Feed"],"picked":"SKIP","floor":30}],"player_experience":475304,"relics_obtained":[{"floor":6,"key":"Regal Pillow"},{"floor":8,"key":"Smiling Mask"},{"floor":9,"key":"Art of War"},{"floor":9,"key":"Lantern"},{"floor":13,"key":"MealTicket"},{"floor":17,"key":"Bag of Marbles"},{"floor":17,"key":"InkBottle"},{"floor":17,"key":"Prayer Wheel"},{"floor":23,"key":"Boot"},{"floor":26,"key":"Tiny Chest"},{"floor":30,"key":"Potion Belt"}],"event_choices":[{"damage_healed":0,"gold_gain":0,"player_choice":"Upgraded","damage_taken":0,"max_hp_gain":0,"max_hp_loss":0,"event_name":"Upgrade Shrine","floor":3,"gold_loss":0,"cards_upgraded":["Bash"]},{"damage_healed":0,"gold_gain":0,"player_choice":"Got Potions","damage_taken":0,"max_hp_gain":0,"max_hp_loss":0,"event_name":"Lab","floor":14,"gold_loss":0},{"damage_healed":0,"gold_gain":0,"player_choice":"Copied","damage_taken":0,"max_hp_gain":0,"max_hp_loss":0,"event_name":"Duplicator","floor":19,"gold_loss":0,"cards_obtained":["Reaper"]},{"damage_healed":0,"gold_gain":0,"player_choice":"Opened","damage_taken":0,"relics_obtained":["Oddly Smooth Stone"],"max_hp_gain":0,"max_hp_loss":0,"event_name":"The Mausoleum","floor":27,"gold_loss":0,"cards_obtained":["Writhe"]},{"damage_healed":0,"gold_gain":75,"player_choice":"Touch","damage_taken":8,"max_hp_gain":0,"max_hp_loss":0,"event_name":"FaceTrader","floor":31,"gold_loss":0}],"is_beta":false,"boss_relics":[{"not_picked":["Astrolabe","SacredBark"],"picked":"Calling Bell"}],"items_purged_floors":[21,25],"is_endless":false,"potions_floor_spawned":[1,2,4,12,16,22,24,29,30],"killed_by":"Automaton","ascension_level":7}}