{"host":"neeznpvpgo0qgfkd","time":1611340236,"event":{"mods":["AchievementEnabler","BaseMod","BetterRewards","Colored Map","Colored Powertips","Exacting","Minty Spire (QoL Compilation)","Permanent Neow","Quick Restart","Shop Mod"],"gold_per_floor":[118,118,118,135,153,200,200,235,235,7,26,39,39,39],"floor_reached":13,"language":"ENG","playtime":627,"items_purged":[],"score":166,"play_id":"cefd374d-b9ad-47ab-8e77-45ae2078e958","local_time":"20210122133036","is_ascension_mode":true,"campfire_choices":[{"floor":7,"key":"REST"}],"circlet_count":0,"master_deck":["AscendersBane","Strike_G","Strike_G","Strike_G","Strike_G","Strike_G","Defend_G","Defend_G","Defend_G","Defend_G","Defend_G","Survivor","Neutralize","Apotheosis","Underhanded Strike","Poisoned Stab","Poisoned Stab","Footwork","Bouncing Flask","Deadly Poison","Riddle With Holes+1","Noxious Fumes"],"relics":["Ring of the Snake","Toy Ornithopter","Torii","Peace Pipe","Molten Egg 2","Akabeko"],"acts_visited":["Exordium"],"potions_floor_usage":[6,13],"damage_taken":[{"damage":8,"enemies":"2 Louse","floor":1,"turns":3},{"damage":1,"enemies":"Small Slimes","floor":4,"turns":4},{"damage":11,"enemies":"Cultist","floor":5,"turns":5},{"damage":31,"enemies":"3 Sentries","floor":6,"turns":9},{"damage":17,"enemies":"Gremlin Nob","floor":8,"turns":5},{"damage":2,"enemies":"Blue Slaver","floor":11,"turns":3},{"damage":7,"enemies":"3 Louse","floor":12,"turns":3},{"damage":10,"enemies":"3 Sentries","floor":13,"turns":2}],"seed_played":"5594186595383757460","potions_obtained":[{"floor":1,"key":"DuplicationPotion"},{"floor":5,"key":"Ancient Potion"},{"floor":6,"key":"DuplicationPotion"}],"is_trial":false,"path_per_floor":["M","?","?","M","M","E","R","E","T","$","M","M","E"],"character_chosen":"THE_SILENT","items_purchased":["Akabeko","Bouncing Flask"],"campfire_rested":1,"item_purchase_floors":[10,10],"current_hp_per_floor":[51,51,51,50,39,13,31,14,14,14,12,5,0,0],"gold":39,"neow_bonus":"RANDOM_COLORLESS_2","is_daily":false,"chose_seed":false,"campfire_upgraded":0,"win_rate":0.0,"timestamp":1611340236,"path_taken":["M","?","?","M","M","E","R","E","T","$","M","M","E"],"items_purchased_type":["Relic","Card"],"build_version":"2020-12-22","purchased_purges":0,"victory":false,"max_hp_per_floor":[60,60,60,60,60,60,60,60,60,60,60,60,60,60],"card_choices":[{"not_picked":["Metamorphosis","Mayhem"],"picked":"Apotheosis","floor":0},{"not_picked":["Eviscerate","Flechettes"],"picked":"Underhanded Strike","floor":1},{"not_picked":["All Out Attack","Riddle With Holes"],"picked":"Poisoned Stab","floor":4},{"not_picked":["Calculated Gamble","Eviscerate"],"picked":"Poisoned Stab","floor":5},{"not_picked":["Prepared","Cloak And Dagger"],"picked":"Footwork","floor":6},{"not_picked":["Finisher","Blade Dance","Predator"],"picked":"SKIP","floor":8},{"not_picked":["Prepared","Acrobatics"],"picked":"Deadly Poison","floor":11},{"not_picked":["Deadly Poison","Grand Finale+1"],"picked":"Riddle With Holes+1","floor":12},{"not_picked":["Sucker Punch+1","Deadly Poison"],"picked":"Noxious Fumes","floor":12}],"player_experience":1739033,"relics_obtained":[{"floor":6,"key":"Torii"},{"floor":8,"key":"Peace Pipe"},{"floor":9,"key":"Molten Egg 2"}],"event_choices":[{"damage_healed":0,"gold_gain":0,"player_choice":"Box","damage_taken":0,"relics_obtained":["Toy Ornithopter"],"max_hp_gain":0,"max_hp_loss":0,"event_name":"Big Fish","floor":2,"gold_loss":0,"cards_obtained":["Regret"]},{"cards_removed":["Regret"],"damage_healed":0,"gold_gain":0,"player_choice":"Card Removal","damage_taken":0,"max_hp_gain":0,"max_hp_loss":0,"event_name":"Wheel of Change","floor":3,"gold_loss":0}],"is_beta":false,"boss_relics":[],"items_purged_floors":[],"is_endless":false,"potions_floor_spawned":[1,5,6,8],"killed_by":"3 Sentries","ascension_level":15}}