{"host":"qm4rv4rkpk76sbxu","time":1611338882,"event":{"mods":["BaseMod","Bestiary","Block Reminder","DeckTracker","Filter the Spire","Keyboard Shortcuts","Minty Spire (QoL Compilation)","MonsterHotkey","Quick Restart","Random Character Button","Relic Stats","Slay-I","StSLib","Unceasing Turn Reminder","ojb\u0027s Better Paths Mod","ojb\u0027s Info Mod"],"gold_per_floor":[118,138,138,155,165,198,198,215,215,215,215,175,65,83,83,186,186,197,211,211,211,231,231,258,258,283,315,328,345,3,17,17,120,120,135,10,10,26,26,57,57,69,69,140,140,140,175,186,186,186,186,186,36,67,67,67],"floor_reached":55,"language":"ENG","playtime":1621,"items_purged":["Strike_P","Strike_P","Pain","Doubt"],"score":855,"play_id":"f653d094-d236-46b9-be65-7c883ebd7ab3","local_time":"20210122190802","is_ascension_mode":true,"campfire_choices":[{"data":"Eruption","floor":7.0,"key":"SMITH"},{"data":"Adaptation","floor":11.0,"key":"SMITH"},{"data":"WheelKick","floor":15.0,"key":"SMITH"},{"data":"Vault","floor":23.0,"key":"SMITH"},{"data":"SignatureMove","floor":25.0,"key":"SMITH"},{"data":"TalkToTheHand","floor":32.0,"key":"SMITH"},{"data":"SpiritShield","floor":41,"key":"SMITH"},{"data":"Vigilance","floor":45,"key":"SMITH"},{"floor":49,"key":"RECALL"},{"data":"Defend_P","floor":52,"key":"SMITH"}],"circlet_count":0,"master_deck":["Strike_P+1","Defend_P","Defend_P","Defend_P+1","Defend_P+1","Eruption+1","Vigilance+1","TalkToTheHand+1","Adaptation+1","WheelKick+1","Vengeance+1","SignatureMove+1","Vault+1","Wallop+1","SpiritShield+1","FearNoEvil+1","Vault+1","Doubt"],"relics":["PureWater","Regal Pillow","White Beast Statue","TeardropLocket","Meat on the Bone","Singing Bowl","Black Star","WarpedTongs","Potion Belt","Mercury Hourglass","Boot","War Paint","Yang","Cursed Key","Akabeko","Whetstone","Toxic Egg 2","Frozen Egg 2","Strawberry","Art of War","Mummified Hand","HornCleat"],"acts_visited":["Exordium","TheCity","TheBeyond","TheEnding"],"potions_floor_usage":[33,33,33,42,47,47,47,47,47,47,50,50,50,55,55],"damage_taken":[{"damage":22.0,"enemies":"Jaw Worm","floor":1.0,"turns":2.0},{"damage":2.0,"enemies":"Cultist","floor":2.0,"turns":3.0},{"damage":3.0,"enemies":"Small Slimes","floor":4.0,"turns":2.0},{"damage":32.0,"enemies":"Exordium Thugs","floor":5.0,"turns":3.0},{"damage":28.0,"enemies":"3 Sentries","floor":6.0,"turns":3.0},{"damage":0.0,"enemies":"Blue Slaver","floor":8.0,"turns":2.0},{"damage":0.0,"enemies":"Large Slime","floor":14.0,"turns":4.0},{"damage":22.0,"enemies":"The Guardian","floor":16.0,"turns":8.0},{"damage":10.0,"enemies":"Chosen","floor":18.0,"turns":2.0},{"damage":4.0,"enemies":"Shell Parasite","floor":19.0,"turns":2.0},{"damage":3.0,"enemies":"Centurion and Healer","floor":22.0,"turns":3.0},{"damage":30.0,"enemies":"Gremlin Leader","floor":24.0,"turns":5.0},{"damage":17.0,"enemies":"Book of Stabbing","floor":27.0,"turns":4.0},{"damage":14.0,"enemies":"Snake Plant","floor":28.0,"turns":2.0},{"damage":16.0,"enemies":"Snecko","floor":29.0,"turns":4.0},{"damage":5.0,"enemies":"Shelled Parasite and Fungi","floor":31.0,"turns":3.0},{"damage":45,"enemies":"Champ","floor":33,"turns":10},{"damage":27,"enemies":"3 Darklings","floor":35,"turns":4},{"damage":0,"enemies":"Orb Walker","floor":38,"turns":3},{"damage":0,"enemies":"Reptomancer","floor":40,"turns":3},{"damage":13,"enemies":"4 Shapes","floor":42,"turns":4},{"damage":40,"enemies":"Giant Head","floor":47,"turns":9},{"damage":0,"enemies":"Spire Growth","floor":48,"turns":5},{"damage":41,"enemies":"Time Eater","floor":50,"turns":11},{"damage":88,"enemies":"Shield and Spear","floor":54,"turns":11},{"damage":50,"enemies":"The Heart","floor":55,"turns":3}],"seed_played":"260416135061167715","potions_obtained":[{"floor":1.0,"key":"FairyPotion"},{"floor":4.0,"key":"Weak Potion"},{"floor":5.0,"key":"BlessingOfTheForge"},{"floor":6.0,"key":"Ambrosia"},{"floor":8.0,"key":"Explosive Potion"},{"floor":14.0,"key":"Strength Potion"},{"floor":16.0,"key":"Block Potion"},{"floor":18.0,"key":"SteroidPotion"},{"floor":19.0,"key":"Block Potion"},{"floor":22.0,"key":"BlessingOfTheForge"},{"floor":24.0,"key":"CultistPotion"},{"floor":27.0,"key":"Block Potion"},{"floor":28.0,"key":"Regen Potion"},{"floor":29.0,"key":"LiquidBronze"},{"floor":31.0,"key":"Energy Potion"},{"floor":33,"key":"Strength Potion"},{"floor":35,"key":"EntropicBrew"},{"floor":38,"key":"BottledMiracle"},{"floor":42,"key":"SteroidPotion"},{"floor":47,"key":"SmokeBomb"},{"floor":48,"key":"Dexterity Potion"},{"floor":54,"key":"SteroidPotion"}],"is_trial":false,"path_per_floor":["M","M","?","M","M","E","R","M","T","?","R","$","$","M","R","B",null,"M","M","?","?","M","R","E","R","T","E","M","M","$","M","R","B",null,"M","$","?","M","?","E","R","M","T","T","R","$","E","M","R","B",null,"R","$","E","B"],"character_chosen":"WATCHER","items_purchased":["Vengeance","SignatureMove","Yang"],"campfire_rested":0,"item_purchase_floors":[12,13,30],"current_hp_per_floor":[50,48,48,45,13,21,21,21,21,21,21,21,21,35,35,25,74,66,62,48,48,47,47,31,31,31,28,28,26,26,35,35,17,93,66,66,66,68,68,70,70,59,59,59,59,59,40,54,54,25,110,110,110,36,0,0],"gold":67,"neow_bonus":"RANDOM_COMMON_RELIC","is_daily":false,"chose_seed":false,"campfire_upgraded":9,"win_rate":0.0,"timestamp":1611338882,"path_taken":["M","M","?","M","M","E","R","?","T","?","R","?","$","M","R","BOSS","M","M","?","?","?","R","E","R","T","E","?","M","$","M","R","BOSS","M","$","?","?","?","E","R","?","T","?","R","?","E","M","R","BOSS","R","$","E","BOSS"],"items_purchased_type":["Card","Card","Relic"],"build_version":"2020-12-22","purchased_purges":4,"victory":false,"max_hp_per_floor":[72,72,72,72,72,72,72,72,72,72,72,72,72,74,74,74,74,76,76,81,81,83,83,85,85,85,87,89,91,91,93,93,93,93,93,93,93,95,95,97,97,99,99,99,99,99,108,110,110,110,110,110,110,112,112,112],"relic_stats":{"Regal Pillow":0,"Singing Bowl":28,"counters":[26,113],"Yang":[117],"Whetstone":["Wallop","Strike_P"],"War Paint":["Defend_P","Vengeance"],"Boot":[0],"Cursed Key":2,"WarpedTongs":[56],"Mercury Hourglass":[240],"Mummified Hand":[0],"Black Star":5,"Art of War":[3],"obtain_stats":[{"Potion Belt":24,"Regal Pillow":0,"Singing Bowl":10,"Yang":30,"TeardropLocket":6,"Whetstone":40,"War Paint":27,"Frozen Egg 2":44,"Boot":27,"Cursed Key":34,"White Beast Statue":3,"Akabeko":40,"WarpedTongs":21,"Mercury Hourglass":24,"HornCleat":54,"Mummified Hand":54,"Strawberry":47,"Black Star":17,"Art of War":47,"PureWater":0,"Toxic Egg 2":43,"Meat on the Bone":9},{"Potion Belt":12,"Regal Pillow":0,"Singing Bowl":6,"Yang":15,"TeardropLocket":5,"Whetstone":20,"War Paint":13,"Frozen Egg 2":21,"Boot":13,"Cursed Key":17,"White Beast Statue":2,"Akabeko":20,"WarpedTongs":10,"Mercury Hourglass":12,"HornCleat":25,"Mummified Hand":25,"Strawberry":22,"Black Star":8,"Art of War":22,"PureWater":0,"Toxic Egg 2":21,"Meat on the Bone":6},{"Potion Belt":39,"Regal Pillow":0,"Singing Bowl":15,"Yang":49,"TeardropLocket":13,"Whetstone":71,"War Paint":43,"Frozen Egg 2":75,"Boot":43,"Cursed Key":61,"White Beast Statue":5,"Akabeko":71,"WarpedTongs":31,"Mercury Hourglass":39,"HornCleat":110,"Mummified Hand":110,"Strawberry":84,"Black Star":27,"Art of War":84,"PureWater":0,"Toxic Egg 2":75,"Meat on the Bone":15}],"Meat on the Bone":144},"card_choices":[{"not_picked":["CarveReality","LikeWater"],"picked":"TalkToTheHand","floor":1.0},{"not_picked":["FollowUp","Consecrate"],"picked":"Adaptation","floor":2.0},{"not_picked":["EmptyBody","CutThroughFate"],"picked":"WheelKick","floor":4.0},{"not_picked":["Swivel","ClearTheMind","ThirdEye"],"picked":"SKIP","floor":5.0},{"not_picked":["Alpha","CrushJoints","Crescendo"],"picked":"SKIP","floor":6.0},{"not_picked":["ThirdEye","EmptyBody"],"picked":"FlurryOfBlows","floor":8.0},{"not_picked":["FlyingSleeves","SashWhip","CrushJoints"],"picked":"Singing Bowl","floor":14.0},{"not_picked":["LessonLearned","Ragnarok"],"picked":"Vault","floor":16.0},{"not_picked":["WreathOfFlame","Protect","Indignation"],"picked":"Singing Bowl","floor":18.0},{"not_picked":["CrushJoints","ClearTheMind+1"],"picked":"Wallop","floor":19.0},{"not_picked":["EmptyBody","FlyingSleeves","ClearTheMind"],"picked":"Singing Bowl","floor":22.0},{"not_picked":["ThirdEye","FlyingSleeves+1","Indignation"],"picked":"Singing Bowl","floor":24.0},{"not_picked":["Nirvana","Prostrate","Conclude+1"],"picked":"Singing Bowl","floor":27.0},{"not_picked":["Indignation","FlurryOfBlows","Consecrate"],"picked":"Singing Bowl","floor":28.0},{"not_picked":["FlurryOfBlows","BowlingBash","Consecrate+1"],"picked":"Singing Bowl","floor":29.0},{"not_picked":["ClearTheMind","Halt+1","CarveReality"],"picked":"Singing Bowl","floor":31.0},{"not_picked":["Blasphemy","Omniscience"],"picked":"SpiritShield","floor":33},{"not_picked":["Evaluate","WheelKick"],"picked":"FearNoEvil+1","floor":35},{"not_picked":["FollowUp+1","ClearTheMind+1","CutThroughFate+1"],"picked":"Singing Bowl","floor":38},{"not_picked":["EmptyBody","Fasting2","SashWhip+1"],"picked":"Singing Bowl","floor":40},{"not_picked":["Fasting2","ThirdEye","Pray+1"],"picked":"Singing Bowl","floor":42},{"not_picked":["Swivel+1","FollowUp+1","FlyingSleeves+1"],"picked":"Singing Bowl","floor":47},{"not_picked":["Brilliance","InnerPeace+1","Halt+1"],"picked":"Singing Bowl","floor":48},{"not_picked":["PathToVictory+1","Conclude","Halt+1"],"picked":"Singing Bowl","floor":54}],"player_experience":1373798,"relics_obtained":[{"floor":3.0,"key":"White Beast Statue"},{"floor":6.0,"key":"TeardropLocket"},{"floor":9.0,"key":"Meat on the Bone"},{"floor":24.0,"key":"Potion Belt"},{"floor":24.0,"key":"Mercury Hourglass"},{"floor":27.0,"key":"Boot"},{"floor":27.0,"key":"War Paint"},{"floor":40,"key":"Akabeko"},{"floor":40,"key":"Whetstone"},{"floor":43,"key":"Toxic Egg 2"},{"floor":44,"key":"Frozen Egg 2"},{"floor":47,"key":"Strawberry"},{"floor":47,"key":"Art of War"},{"floor":54,"key":"Mummified Hand"},{"floor":54,"key":"HornCleat"}],"event_choices":[{"damage_healed":0.0,"max_hp_gain":0.0,"max_hp_loss":0.0,"gold_gain":0.0,"event_name":"Wheel of Change","player_choice":"Relic","floor":3.0,"gold_loss":0.0,"damage_taken":0.0},{"cards_removed":["FlurryOfBlows"],"damage_healed":0.0,"max_hp_gain":0.0,"max_hp_loss":0.0,"gold_gain":0.0,"event_name":"WeMeetAgain","player_choice":"Gave Card","floor":10.0,"gold_loss":0.0,"damage_taken":0.0,"relics_obtained":["Singing Bowl"]},{"damage_healed":0.0,"max_hp_gain":5.0,"max_hp_loss":0.0,"gold_gain":0.0,"event_name":"Forgotten Altar","player_choice":"Shed Blood","floor":20.0,"gold_loss":0.0,"damage_taken":19.0},{"damage_healed":0.0,"max_hp_gain":0.0,"max_hp_loss":0.0,"gold_gain":0.0,"event_name":"Accursed Blacksmith","player_choice":"Rummage","floor":21.0,"gold_loss":0.0,"damage_taken":0.0,"relics_obtained":["WarpedTongs"],"cards_obtained":["Pain"]},{"cards_removed":["Strike_P"],"damage_healed":0,"gold_gain":0,"player_choice":"Purged","damage_taken":0,"max_hp_gain":0,"max_hp_loss":0,"event_name":"Purifier","floor":37,"gold_loss":0},{"damage_healed":0,"gold_gain":0,"player_choice":"Copied","damage_taken":0,"max_hp_gain":0,"max_hp_loss":0,"event_name":"Duplicator","floor":39,"gold_loss":0,"cards_obtained":["Vault"]}],"is_beta":false,"boss_relics":[{"not_picked":["Astrolabe","SacredBark"],"picked":"Black Star"},{"not_picked":["Calling Bell","HolyWater"],"picked":"Cursed Key"}],"items_purged_floors":[13,30,36,53],"is_endless":false,"potions_floor_spawned":[1,4,5,6,8,14,16,18,19,22,24,27,28,29,31,33,35,38,40,42,47,48,54],"killed_by":"The Heart","ascension_level":1}}