{"host":"qm4rv4rkpk76sbxu","time":1611337166,"event":{"mods":["BaseMod","Bestiary","Block Reminder","DeckTracker","Filter the Spire","Keyboard Shortcuts","Minty Spire (QoL Compilation)","MonsterHotkey","Quick Restart","Random Character Button","Relic Stats","Slay-I","StSLib","Unceasing Turn Reminder","ojb\u0027s Better Paths Mod","ojb\u0027s Info Mod"],"gold_per_floor":[118,118,118,134,24,42,42,42,66,84,84,84,119,135,135,234,234,249,291,291,310,350,350,18,45,72,89,103,138,138,152,152,250,250,266,132,132,143,156,156,168,185,211,228,72,72,102,114,114,114,114,114,19,45,45],"floor_reached":56,"language":"ENG","playtime":1569,"items_purged":["Regret","Strike_P"],"score":1323,"play_id":"c0c8928b-1ddc-4bf6-81b1-002d1912c5ca","local_time":"20210122183926","is_ascension_mode":true,"campfire_choices":[{"data":"Eruption","floor":7,"key":"SMITH"},{"data":"TalkToTheHand","floor":12,"key":"SMITH"},{"data":"Fasting2","floor":15,"key":"SMITH"},{"data":"Vault","floor":23,"key":"SMITH"},{"floor":30,"key":"REST"},{"data":"Wish","floor":32,"key":"SMITH"},{"data":"Scrawl","floor":40,"key":"SMITH"},{"floor":46,"key":"RECALL"},{"data":"Vengeance","floor":49,"key":"SMITH"},{"data":"Sanctity","floor":52,"key":"SMITH"}],"circlet_count":0,"master_deck":["Strike_P","Strike_P+1","Defend_P+1","Defend_P+1","Defend_P+1","Defend_P+1","Eruption+1","Vigilance+1","Fasting2+1","FearNoEvil+1","TalkToTheHand+1","FlurryOfBlows","EmptyFist+1","Vault+1","Consecrate+1","Wish+1","FlurryOfBlows+1","FlurryOfBlows+1","EmptyFist+1","Meditate+1","Tantrum+1","CrushJoints+1","EmptyFist+1","Vengeance+1","BowlingBash+1","LessonLearned+1","Scrawl+1","FlurryOfBlows+1","Adaptation+1","Sanctity+1","WheelKick+1","FlurryOfBlows+1","Wallop+1","Sanctity+1","CrushJoints+1","Tantrum+1","TalkToTheHand+1"],"relics":["HolyWater","Kunai","Whetstone","Molten Egg 2","Sundial","Sozu","InkBottle","Medical Kit","Red Mask","Question Card","Spirit Poop","Omamori","ClockworkSouvenir","Orichalcum","Eternal Feather"],"acts_visited":["Exordium","TheCity","TheBeyond","TheEnding"],"potions_floor_usage":[16,16,50],"damage_taken":[{"damage":12,"enemies":"Cultist","floor":1,"turns":3},{"damage":7,"enemies":"Small Slimes","floor":4,"turns":5},{"damage":6,"enemies":"Jaw Worm","floor":6,"turns":3},{"damage":0,"enemies":"2 Fungi Beasts","floor":10,"turns":2},{"damage":1,"enemies":"3 Sentries","floor":13,"turns":4},{"damage":0,"enemies":"Blue Slaver","floor":14,"turns":2},{"damage":18,"enemies":"The Guardian","floor":16,"turns":9},{"damage":12,"enemies":"Shell Parasite","floor":18,"turns":5},{"damage":0,"enemies":"Spheric Guardian","floor":19,"turns":3},{"damage":0,"enemies":"Shelled Parasite and Fungi","floor":21,"turns":3},{"damage":12,"enemies":"Centurion and Healer","floor":22,"turns":5},{"damage":0,"enemies":"Masked Bandits","floor":25,"turns":2},{"damage":0,"enemies":"Cultist and Chosen","floor":27,"turns":4},{"damage":3,"enemies":"Shelled Parasite and Fungi","floor":28,"turns":3},{"damage":26,"enemies":"Slavers","floor":29,"turns":3},{"damage":0,"enemies":"Sentry and Sphere","floor":31,"turns":3},{"damage":9,"enemies":"Collector","floor":33,"turns":6},{"damage":0,"enemies":"3 Darklings","floor":35,"turns":4},{"damage":0,"enemies":"3 Shapes","floor":38,"turns":2},{"damage":12,"enemies":"Jaw Worm Horde","floor":39,"turns":2},{"damage":0,"enemies":"Maw","floor":41,"turns":3},{"damage":0,"enemies":"Spire Growth","floor":42,"turns":2},{"damage":0,"enemies":"Sphere and 2 Shapes","floor":44,"turns":4},{"damage":5,"enemies":"Reptomancer","floor":47,"turns":3},{"damage":9,"enemies":"Writhing Mass","floor":48,"turns":3},{"damage":9,"enemies":"Awakened One","floor":50,"turns":4},{"damage":0,"enemies":"Shield and Spear","floor":54,"turns":3},{"damage":10,"enemies":"The Heart","floor":55,"turns":7}],"seed_played":"-7076876889366023622","potions_obtained":[{"floor":0,"key":"SmokeBomb"},{"floor":0,"key":"Explosive Potion"},{"floor":0,"key":"Strength Potion"},{"floor":4,"key":"ColorlessPotion"},{"floor":10,"key":"BottledMiracle"}],"is_trial":false,"path_per_floor":["M","?","?","M","$","M","R","?","T","M","T","R","E","M","R","B",null,"M","M","?","M","M","R","$","?","T","M","M","E","R","M","R","B",null,"M","$","?","M","M","R","M","M","T","M","$","R","E","M","R","B",null,"R","$","E","B",null],"character_chosen":"WATCHER","items_purchased":["TalkToTheHand","Medical Kit","Meditate","Tantrum+1","CrushJoints+1","Adaptation","ClockworkSouvenir","CrushJoints+1","Tantrum+1"],"campfire_rested":1,"item_purchase_floors":[5,24,24,24,24,36,45,53,53],"current_hp_per_floor":[60,46,46,39,39,33,33,33,33,33,33,33,32,32,32,14,72,60,60,60,60,48,48,48,48,48,48,45,19,40,40,40,31,72,72,72,72,72,60,60,60,60,60,60,60,60,55,46,46,37,72,72,72,72,62],"gold":45,"neow_bonus":"THREE_SMALL_POTIONS","is_daily":false,"chose_seed":false,"campfire_upgraded":8,"win_rate":0.0,"timestamp":1611337166,"path_taken":["M","?","?","M","?","M","R","?","T","?","?","R","E","M","R","BOSS","M","M","?","M","M","R","$","?","T","M","?","E","R","?","R","BOSS","M","?","?","M","M","R","M","M","T","?","$","R","E","M","R","BOSS","R","$","E","BOSS"],"items_purchased_type":["Card","Relic","Card","Card","Card","Card","Relic","Card","Card"],"build_version":"2020-12-22","purchased_purges":2,"victory":true,"max_hp_per_floor":[72,72,72,72,72,72,72,72,72,72,72,72,72,72,72,72,72,72,72,72,72,72,72,72,72,72,72,72,72,72,72,72,72,72,72,72,72,72,72,72,72,72,72,72,72,72,72,72,72,72,72,72,72,72,72],"relic_stats":{"Sozu":9,"counters":[28,102],"Sundial":[4],"Eternal Feather":0,"Kunai":[94],"Whetstone":["FearNoEvil","Strike_P"],"Orichalcum":[18],"Medical Kit":[4],"Question Card":11,"obtain_stats":[{"Spirit Poop":37,"Eternal Feather":54,"Omamori":43,"Whetstone":9,"Orichalcum":47,"Medical Kit":24,"Question Card":29,"ClockworkSouvenir":45,"Sozu":17,"Sundial":13,"HolyWater":34,"Molten Egg 2":11,"Red Mask":25,"Kunai":3,"PureWater":0,"InkBottle":20},{"Spirit Poop":18,"Eternal Feather":27,"Omamori":22,"Whetstone":3,"Orichalcum":24,"Medical Kit":11,"Question Card":15,"ClockworkSouvenir":23,"Sozu":7,"Sundial":5,"HolyWater":17,"Molten Egg 2":4,"Red Mask":12,"Kunai":1,"PureWater":0,"InkBottle":9},{"Spirit Poop":69,"Eternal Feather":95,"Omamori":78,"Whetstone":11,"Orichalcum":85,"Medical Kit":44,"Question Card":56,"ClockworkSouvenir":82,"Sozu":28,"Sundial":17,"HolyWater":65,"Molten Egg 2":13,"Red Mask":46,"Kunai":3,"PureWater":0,"InkBottle":36}],"InkBottle":[40]},"card_choices":[{"not_picked":["WindmillStrike","Crescendo"],"picked":"Fasting2","floor":1},{"not_picked":["Adaptation","Conclude"],"picked":"FearNoEvil","floor":4},{"not_picked":["InnerPeace","SashWhip"],"picked":"FlurryOfBlows","floor":6},{"not_picked":["CrushJoints","ThirdEye","EmptyFist"],"picked":"SKIP","floor":10},{"not_picked":["Halt","FearNoEvil+1"],"picked":"Vault","floor":13},{"not_picked":["CrushJoints+1","InnerPeace"],"picked":"Consecrate+1","floor":14},{"not_picked":["Blasphemy","Brilliance+1"],"picked":"Wish","floor":16},{"not_picked":["Pray","Collect"],"picked":"FlurryOfBlows+1","floor":18},{"not_picked":["Indignation","Consecrate+1"],"picked":"FlurryOfBlows+1","floor":19},{"not_picked":["FollowUp+1","EmptyBody+1","LikeWater"],"picked":"SKIP","floor":21},{"not_picked":["Protect","FollowUp+1"],"picked":"EmptyFist+1","floor":22},{"not_picked":["ClearTheMind","Protect"],"picked":"EmptyFist+1","floor":25},{"not_picked":["ReachHeaven+1","Wish"],"picked":"Vengeance","floor":27},{"not_picked":["CrushJoints+1","Vengeance"],"picked":"BowlingBash+1","floor":28},{"not_picked":["FlurryOfBlows+1","Halt"],"picked":"LessonLearned+1","floor":29},{"not_picked":["EmptyBody","FollowUp+1","SashWhip+1","SignatureMove+1"],"picked":"SKIP","floor":31},{"not_picked":["SpiritShield","Blasphemy","LessonLearned+1"],"picked":"Scrawl","floor":33},{"not_picked":["FlyingSleeves+1","JustLucky+1","DeceiveReality"],"picked":"FlurryOfBlows+1","floor":35},{"not_picked":["WreathOfFlame","EmptyFist+1","EmptyMind+1"],"picked":"Sanctity","floor":38},{"not_picked":["Nirvana+1","Prostrate","Study"],"picked":"WheelKick+1","floor":39},{"not_picked":["WindmillStrike+1","FollowUp+1","SashWhip+1"],"picked":"FlurryOfBlows+1","floor":41},{"not_picked":["FlurryOfBlows+1","MentalFortress+1","FlyingSleeves+1"],"picked":"Wallop+1","floor":42},{"not_picked":["LikeWater","Vengeance+1","Halt","DeceiveReality"],"picked":"SKIP","floor":44},{"not_picked":["Crescendo","Halt+1","WreathOfFlame","MasterReality"],"picked":"SKIP","floor":47},{"not_picked":["ThirdEye","Conclude+1","BowlingBash+1"],"picked":"Sanctity","floor":48},{"not_picked":["ThirdEye","Study","FlyingSleeves+1"],"picked":"TalkToTheHand+1","floor":54}],"player_experience":1372218,"relics_obtained":[{"floor":9,"key":"Whetstone"},{"floor":11,"key":"Molten Egg 2"},{"floor":13,"key":"Sundial"},{"floor":25,"key":"Red Mask"},{"floor":29,"key":"Question Card"},{"floor":43,"key":"Omamori"},{"floor":47,"key":"Orichalcum"},{"floor":54,"key":"Eternal Feather"}],"event_choices":[{"damage_healed":0,"gold_gain":0,"player_choice":"Entered Light","damage_taken":14,"max_hp_gain":0,"max_hp_loss":0,"event_name":"Shining Light","floor":2,"gold_loss":0,"cards_upgraded":["Defend_P","Defend_P"]},{"damage_healed":0,"gold_gain":0,"player_choice":"Box","damage_taken":0,"relics_obtained":["Kunai"],"max_hp_gain":0,"max_hp_loss":0,"event_name":"Big Fish","floor":3,"gold_loss":0,"cards_obtained":["Regret"]},{"damage_healed":0,"gold_gain":0,"cards_transformed":["Strike_P"],"player_choice":"Change","damage_taken":0,"max_hp_gain":0,"max_hp_loss":0,"event_name":"Living Wall","floor":8,"gold_loss":0,"cards_obtained":["EmptyFist"]},{"damage_healed":0,"gold_gain":0,"player_choice":"Opened","damage_taken":0,"relics_obtained":["InkBottle"],"max_hp_gain":0,"max_hp_loss":0,"event_name":"The Mausoleum","floor":20,"gold_loss":0,"cards_obtained":["Writhe"]},{"damage_healed":0,"gold_gain":0,"player_choice":"Fought Bandits","damage_taken":0,"max_hp_gain":0,"max_hp_loss":0,"event_name":"Masked Bandits","floor":25,"gold_loss":0},{"cards_removed":["Writhe"],"damage_healed":0,"gold_gain":0,"player_choice":"Offered Curse","damage_taken":0,"relics_obtained":["Spirit Poop"],"max_hp_gain":0,"max_hp_loss":0,"event_name":"Bonfire Elementals","floor":37,"gold_loss":0}],"is_beta":false,"boss_relics":[{"not_picked":["Runic Pyramid","Busted Crown"],"picked":"Sozu"},{"not_picked":["SlaversCollar","Runic Dome"],"picked":"HolyWater"}],"items_purged_floors":[5,36],"is_endless":false,"potions_floor_spawned":[4,10,19,21,22,27,31,35,39,41,44],"ascension_level":1}}