{"host":"avq773cl9g5msfol","time":1611318222,"event":{"mods":["100% Spire Juice","AchievementEnabler","Act Like it!","Ascension Unlocker","Aspiration","Astrologer","Bard","Bartender","BaseMod","Better Altar","Better Match","Better Third Choice","BetterRewards","CapriCore","ChefMod","Colored Map","Colored Powertips","Conspire","Dio Mod","Elementarium","Energized Spire","Gensokyo","GifTheSpireLib","GungeonMod","Hallownest","Hermit","Highlight Path","Hubris","Humility","Infinite Spire","Jorbs\u0027s Wanderer Trilogy","Koishi","Magitek Elite","Marisa????????","Marked Mod","Menagerie","Minty Spire (QoL Compilation)","Pale of the Ancients","Potionbrewer","Quarter Circle Forward PUNCH!","Rare Cards Sparkle","Reimu??????","Relic Stats","Remilia??????","Replay The Spire","SacredBarkPlus","Shade Mod","Somnambulant","Spicy Shops","Spire Arcade","StSLib","The Administrix","The Blue Laboratory","The Bug Knight","The Construct","The Cursed","The Disciple","The Dragon Tamer","The Exalted","The Hayseed","The Hierophant","The Immortal","The Marked","The Mystic","The Problem Sleuth","The Runesmith","The Senshi","The Vixen","The Wild Card","TheFirefly","Wandering Minibosses","vexMod"],"gold_per_floor":[119,150,168,168,186,213,229,254,254,254,281,306,306,320,195,212,212,287,287,305,323,343,355,386,414,414,439,463,479,479,499,499,534,534,613,613,627,627,627,651,571,599,654,685,711,743,743,618,618,718,718,718,718],"floor_reached":54,"language":"ENG","playtime":4000,"items_purged":["thefirefly:Rend+1","thefirefly:PhotonBlast","Pride"],"score":3257,"play_id":"1d910ba7-c7b6-498d-83b8-fb7b282dc02b","local_time":"20210122192342","is_ascension_mode":true,"campfire_choices":[{"data":"thefirefly:Flight","floor":13,"key":"SMITH"},{"data":"thefirefly:InterceptingShot","floor":17,"key":"SMITH"},{"data":"thefirefly:StealthMode","floor":26,"key":"SMITH"},{"data":"thefirefly:DecoyShot","floor":30,"key":"SMITH"},{"data":"thefirefly:StarCinder","floor":34,"key":"SMITH"},{"data":"Hallownest:attackMasterDashSlash","floor":47,"key":"SMITH"},{"floor":51,"key":"REST"}],"circlet_count":0,"master_deck":["AscendersBane","thefirefly:StealthMode+1","thefirefly:EMP+1","thefirefly:FlakCannon+1","thefirefly:ShieldArray+1","thefirefly:FlareScreen+1","thefirefly:Prominence+1","thefirefly:LaserMail+1","thefirefly:CoveringFire+1","thefirefly:AuroralDischarge+1","thefirefly:HyperFocus+1","thefirefly:RerouteCircuit+1","thefirefly:Lamentation+1","thefirefly:StoredPower+1","thefirefly:HyperspaceAssault+1","thefirefly:Reposition+1","thefirefly:Flight+1","thefirefly:DecoyShot+1","thefirefly:InterceptingShot+1","thefirefly:LustForEternity+1","thefirefly:StarCinder+1","thefirefly:Regeneration+1","thefirefly:MirrorShield+1","Hallownest:attackMasterDashSlash+1","thefirefly:SoulStrike+1"],"relics":["thefirefly:StealthSystem","Golden Egg","Quantum Egg","Bromod:ArcaneTrickery","ClockworkSouvenir","PureWhite:ReiMu","Juzu Bracelet","ReplayTheSpireMod:TigerMarble","hubris:64BitClover","theSenshi:SuperSailorFukuRelic","hubris:MedicalManual","wanderingMiniBosses:ThiefScarf","vexMod:BarristanHead","Toy Ornithopter","White_Cape","ChewingGum","DemoMod:GlassGuonStoneRelic","Elementarium:GoldenMirage","Pantograph","potionbrewer:WarMedal","Snack Pack","Elementarium:ElementariumTrophy","infinitespire:WardingShard","energizedSpire:RedRose","Bromod:ArcaneNullifier","qcfpunch:Black_Training_Shirt","potionbrewer:DrinkingBird","Letter Opener","Nunchaku","Hallownest:SoulVesselRelic"],"acts_visited":["Menagerie:Menagerie","Elementarium:Elementarium","Hallownest:KingdomsEdge"],"potions_floor_usage":[1,3,3,3,3,3,3,3,46],"damage_taken":[{"damage":0,"enemies":"Menagerie:WhisperingWraith","floor":1,"turns":1},{"damage":0,"enemies":"Menagerie:MaskedSummoner","floor":2,"turns":3},{"damage":0,"enemies":"Menagerie:StygianBoar","floor":3,"turns":3},{"damage":0,"enemies":"Menagerie:MonstrousExperiment","floor":5,"turns":2},{"damage":0,"enemies":"Menagerie:Hydra","floor":6,"turns":3},{"damage":0,"enemies":"Menagerie:BEAST_MAGE_AND_PROWLING_AMALGAM","floor":7,"turns":2},{"damage":0,"enemies":"Menagerie:MaskedSummoner","floor":8,"turns":3},{"damage":0,"enemies":"Menagerie:Hydra","floor":12,"turns":2},{"damage":0,"enemies":"Menagerie:Hexasnake","floor":14,"turns":4},{"damage":0,"enemies":"Menagerie:EntropyWarlock","floor":16,"turns":2},{"damage":11,"enemies":"Menagerie:Suneater","floor":18,"turns":7},{"damage":0,"enemies":"Elementarium:VoidCorruption","floor":20,"turns":3},{"damage":0,"enemies":"Elementarium:MUD_AND_TAR_GOLEMS","floor":21,"turns":4},{"damage":0,"enemies":"Elementarium:STONE_GOLEMS","floor":22,"turns":3},{"damage":0,"enemies":"Elementarium:RubyGolem","floor":23,"turns":3},{"damage":0,"enemies":"Elementarium:GOLDEN_STATUES","floor":24,"turns":3},{"damage":0,"enemies":"Elementarium:WarGolem","floor":25,"turns":3},{"damage":0,"enemies":"Elementarium:FIRE_NOBILITY","floor":27,"turns":5},{"damage":0,"enemies":"Elementarium:VoidBeast","floor":29,"turns":4},{"damage":0,"enemies":"Elementarium:Hydrostalker","floor":31,"turns":4},{"damage":0,"enemies":"Elementarium:WarGolem","floor":33,"turns":2},{"damage":0,"enemies":"Elementarium:GolemEmperor","floor":35,"turns":9},{"damage":0,"enemies":"Hallownest:2_Littles","floor":37,"turns":5},{"damage":0,"enemies":"Hallownest:StalkingDevout","floor":42,"turns":5},{"damage":0,"enemies":"Hallownest:2_Primals","floor":43,"turns":5},{"damage":0,"enemies":"Hallownest:eliteCollector","floor":44,"turns":5},{"damage":0,"enemies":"Hallownest:StalkingDevout","floor":46,"turns":4},{"damage":0,"enemies":"Hallownest:Radiance","floor":52,"turns":9},{"damage":12,"enemies":"Hallownest:BossGreyPrinceZote","floor":53,"turns":8}],"seed_played":"-3614328272498696705","potions_obtained":[{"floor":3,"key":"Adrenaline Potion"},{"floor":7,"key":"blueLaboratory:LouseDecoction"},{"floor":18,"key":"BlessingOfTheForge"}],"is_trial":false,"path_per_floor":["M","E","M","?","M","E","M","E","PTL","PTL","T","E","R","M","?","M","R","B",null,"M","M","M","M","?","E","R","E","T","M","R","M","?","E","R","B",null,"M","?","AVR","T","?","E","?","E","T","E","R","?","?","?","R","B","B",null],"character_chosen":"THE_FIREFLY","items_purchased":["thefirefly:AuroralDischarge","Bromod:ArcaneTrickery","thefirefly:HyperFocus+1","ClockworkSouvenir","qcfpunch:Challenger_Coin","thefirefly:RerouteCircuit","PureWhite:ReiMu","Juzu Bracelet","ReplayTheSpireMod:TigerMarble","thefirefly:Lamentation","thefirefly:StoredPower","thefirefly:HyperspaceAssault","thefirefly:Reposition","hubris:64BitClover","theSenshi:SuperSailorFukuRelic"],"campfire_rested":1,"item_purchase_floors":[0,0,0,0,0,0,0,0,0,0,0,0,0,0,0],"current_hp_per_floor":[45,45,45,42,42,42,42,42,42,42,42,42,42,42,42,42,42,31,45,45,45,45,45,45,45,45,45,45,45,45,50,50,50,50,50,50,50,50,50,50,50,50,50,50,50,50,50,50,50,50,50,50,38],"gold":718,"neow_bonus":"","is_daily":false,"chose_seed":false,"campfire_upgraded":6,"win_rate":0.0,"timestamp":1611318222,"path_taken":["M","E","M","?","M","E","M","E","PTL","PTL","T","E","R","M","?","M","R","BOSS","M","M","M","M","?","E","R","E","T","M","R","M","?","E","R","BOSS","M","?","AVR","?","?","E","?","E","T","E","R","?","?","?","R","BOSS","BOSS"],"items_purchased_type":["Card","Relic","Card","Relic","Potion","Card","Relic","Relic","Relic","Card","Card","Card","Card","Relic","Relic"],"build_version":"2020-12-22","purchased_purges":3,"victory":true,"max_hp_per_floor":[50,50,50,50,50,50,50,50,50,50,50,50,50,50,50,50,50,50,50,50,50,50,50,50,50,50,50,50,50,50,50,50,50,50,50,50,50,50,50,50,50,50,50,50,50,50,50,50,50,50,50,50,50],"relic_stats":{"Nunchaku":[2],"counters":[219,737],"Pantograph":0,"Juzu Bracelet":9,"Letter Opener":[25],"obtain_stats":[{"construct:FoamFinger":8,"qcfpunch:Red_Beret":42,"theSenshi:SpiralHeartMoonRodRelic":22,"vexMod:RockOfEvil":34,"Replay:Wanted Poster":34,"Blood Vial":24,"vexMod:InvisibilityCloak":13,"conspire:GlowingRock":6,"qcfpunch:Lotus_Statue":42,"Replay:Bronze Core":34,"Replay:Bottled Flurry":43,"qcfpunch:Red_Cyclone_Teachings":26,"aspiration:DSix":43,"Blue Candle":6,"TentaclePot:ReiMu":7,"potionbrewer:Torch":0,"qcfpunch:Broken_Tusk":46,"StrikeDummy":12,"Bromod:ArcaneFury":30,"Torii":12,"Bromod:ArcanePistoleer":35,"stsjorbsmod:AlchemistsFireRelic":0,"Mythril_Glove":38,"hubris:EmptyBottle":0,"Ancient Tea Set":27,"infinitespire:Bottled Soul":27,"AntiCross":6,"hubris:CuriousFeather":0,"DemoMod:GnawedKey":0,"Chemical X":0,"wanderingMiniBosses:LockLocket":39,"Potion Belt":0,"thefirefly:StealthSystem":0,"vexMod:GildedClover":46,"Lee\u0027s Waffle":0,"hubris:64BitClover":9,"Guardian:GemstoneGun":0,"qcfpunch:Black_Training_Shirt":42,"PreservedInsect":0,"infinitespire:Lucky Rock":6,"hubris:Towel":12,"Bromod:ArcaneDeflection":43,"Art of War":44,"conspire:DeflatedDodgeball":44,"infinitespire:Midas Blood":33,"Ice Cream":0,"Calipers":0,"Gremlin Horn":20,"Nilry\u0027s Codex":19,"ZunR:ReiMu":23,"DemoMod:GlassGuonStoneRelic":11,"DemoMod:RiddleOfLead":34,"Prayer Wheel":10,"qcfpunch:Handcuffs":0,"potionbrewer:DrinkingBird":43,"Girya":9,"potionbrewer:WarMedal":27,"hubris:Teleporter":33,"Choco_Feather":8,"wanderingMiniBosses:MasterThiefsPresence":22,"stsjorbsmod:GrimoireRelic":0,"vexMod:PaidLearning":29,"hubris:Zylophone":45,"OrangePellets":42,"hubris:PeanutButter":0,"Onion Ring":20,"infinitespire:EmpoweringShard":0,"Mirror":40,"aspiration:HatOfInfinitePower":54,"Pocketwatch":0,"Hallownest:StagBellRelic1":4,"Juzu Bracelet":0,"Replay:Mystery Machine":13,"conspire:TopHat":37,"DemoMod:SevenLeafClover":0,"Dream Catcher":20,"Nunchaku":45,"vexMod:FakeStar":33,"Hallownest:SalubrasBlessingRelic":10,"aspiration:RunicSpoon":0,"Replay:WaspNest":27,"hubris:MedicalManual":2,"vexMod:FocusSash":17,"Medical Kit":54,"Mercury Hourglass":24,"Strange Spoon":14,"Pondfish Scales":45,"vexMod:BarristanHead":26,"qcfpunch:Fighting_Gloves":53,"Bag of Marbles":40,"Membership Card":0,"vexMod:FutureSight":31,"potionbrewer:Keyblade":21,"DemoMod:RingOfEthereal":26,"DemoMod:WaxWing":52,"potionbrewer:SlideRule":45,"DemoMod:VorpalBullet":24,"FossilizedHelix":0,"RuthlessExorcism:ReiMu":0,"Golden Egg":0,"infinitespire:BottledMercury":43,"Bromod:ArcaneNullifier":26,"Runesmith:Locket":24,"wanderingMiniBosses:OtherGremlinHorn":31,"Bottled Tornado":0,"FrozenCore":17,"DemoMod:SuperHotWatch":27,"Replay:Ringing Soul":26,"DemoMod:MeltedRock":14,"infinitespire:Golems Mask":45,"Kunai":43,"construct:RocketBooster":24,"Counterbalance":17,"Hallownest:SoulVesselRelic":50,"HollowMod:JonisBlessing":54,"hubris:SphereOfDissonance":18,"Guardian:PocketSentry":11,"Replay:Ancient Bell":17,"aspiration:FrozenJewel":0,"Elementarium:GoldenMirage":24,"SlaversCollar":50,"Elementarium:ElementariumTrophy":33,"Pandora\u0027s Box":0,"energizedSpire:MagnifyingGlass":48,"DemoMod:ResourcefulSack":26,"infinitespire:Cupcake":34,"Lantern":0,"astrologer:Telescope":41,"Bromod:ArcaneVictory":42,"StoneCalendar":40,"wanderingMiniBosses:AbyssPearl":18,"White_Cape":0,"Power_Wrist":6,"qcfpunch:Crimson_Sash":4,"hubris:EvacipatedBox":21,"vexMod:ThrowingStar":0,"Replay:Rubber Ducky":0,"Bromod:ArcaneAwakening":18,"Matryoshka":17,"hubris:ScarierMask":46,"WingedGreaves":2,"hubris:FunFungus":40,"thefirefly:AbsoluteTerror":29,"hubris:GlazedTorus":35,"construct:ClawGrip":34,"DemoMod:WeirdEgg":23,"Thread and Needle":44,"Protect_Vest":49,"infinitespire:CheckeredPen":6,"Bromod:ArcaneMomentum":22,"PureWhite:ReiMu":26,"CrazyTorch:ReiMu":8,"Elementarium:FlickeringLantern":25,"Toy Ornithopter":6,"DemoMod:GreenGuonStone":0,"hubris:CrystalStatue":0,"Menagerie:HuntersKnife":5,"Vajra":0,"Tea:ReiMu":43,"Lizard Tail":0,"Replay:Frozen Program":0,"HornCleat":0,"aspiration:MobileForge":22,"theSenshi:SailorFukuRelic":48,"vexMod:RetaliationKit":31,"conspire:Dentures":40,"Happy Flower":0,"wanderingMiniBosses:ThiefScarf":30,"Oddly Smooth Stone":28,"vexMod:TimeEaterHat":37,"infinitespire:Beetle Shell":23,"conspire:Boomerang":8,"aspiration:SeaSaltIceCream":4,"Replay:Kaleidoscope":0,"Letter Opener":44,"War Paint":29,"Bottled Flame":13,"Replay:Baseball":26,"ReplayTheSpireMod:Shallot":4,"energizedSpire:NeverEndingSparkler":17,"ReplayTheSpireMod:TigerMarble":9,"hermit:Momento":0,"conspire:IceCreamScoop":56,"Darkstone Periapt":31,"ReplayFunnel":10,"theSenshi:SuperSailorFukuRelic":0,"Shade:YorickSkull":0,"conspire:SpecialSausage":3,"Hallownest:DreamNailRelic":3,"hubris:SlimyHat":6,"ClockworkSouvenir":0,"Frozen Eye":29,"Replay:Bandana":21,"qcfpunch:Green_Leotard":21,"Mummified Hand":0,"Bromod:ArcaneTrickery":47,"Pantograph":25,"Bromod:ArcaneTempo":47,"Genji_Glove":38,"astrologer:SkyMirror":0,"qcfpunch:Wrestler\u0027s_Cloak":45,"Cracked Core":0,"energizedSpire:RedRose":36,"ReplayTheSpireMod:Ninjato":3,"Bromod:ArcaneGrace":21,"Replay:Towering Pillar of Hats":40,"infinitespire:CursedDice":43,"aspiration:FetidBarrel":0,"Quantum Egg":2,"aspiration:SecretTechniqueScroll":17,"Orichalcum":6,"White Beast Statue":10,"Peace Pipe":53,"Anchor":51,"Golden_Hairpin":23,"infinitespire:WardingShard":6,"Pendant":0,"vexMod:HeadHunter":0,"ChewingGum":19,"LetterFromLob":1,"Coffee Dripper":34,"Snack Pack":33,"Guard_Bracelet":44,"TungstenRod":9},{"construct:FoamFinger":116,"qcfpunch:Red_Beret":158,"theSenshi:SpiralHeartMoonRodRelic":123,"vexMod:RockOfEvil":36,"Replay:Wanted Poster":17,"Blood Vial":177,"vexMod:InvisibilityCloak":119,"conspire:GlowingRock":2,"qcfpunch:Lotus_Statue":213,"Replay:Bronze Core":153,"Replay:Bottled Flurry":106,"qcfpunch:Red_Cyclone_Teachings":32,"aspiration:DSix":184,"Blue Candle":88,"TentaclePot:ReiMu":195,"potionbrewer:Torch":138,"qcfpunch:Broken_Tusk":40,"StrikeDummy":197,"Bromod:ArcaneFury":151,"Torii":92,"Bromod:ArcanePistoleer":129,"stsjorbsmod:AlchemistsFireRelic":138,"Mythril_Glove":19,"hubris:EmptyBottle":24,"Ancient Tea Set":207,"infinitespire:Bottled Soul":99,"AntiCross":2,"hubris:CuriousFeather":24,"DemoMod:GnawedKey":43,"Chemical X":84,"wanderingMiniBosses:LockLocket":104,"Potion Belt":43,"thefirefly:StealthSystem":190,"vexMod:GildedClover":216,"Lee\u0027s Waffle":43,"hubris:64BitClover":53,"Guardian:GemstoneGun":43,"qcfpunch:Black_Training_Shirt":214,"PreservedInsect":24,"infinitespire:Lucky Rock":52,"hubris:Towel":144,"Bromod:ArcaneDeflection":134,"Art of War":215,"conspire:DeflatedDodgeball":215,"infinitespire:Midas Blood":210,"Ice Cream":111,"Calipers":111,"Gremlin Horn":201,"Nilry\u0027s Codex":176,"ZunR:ReiMu":123,"DemoMod:GlassGuonStoneRelic":4,"DemoMod:RiddleOfLead":101,"Prayer Wheel":59,"qcfpunch:Handcuffs":111,"potionbrewer:DrinkingBird":215,"Girya":3,"potionbrewer:WarMedal":208,"hubris:Teleporter":128,"Choco_Feather":3,"wanderingMiniBosses:MasterThiefsPresence":10,"stsjorbsmod:GrimoireRelic":138,"vexMod:PaidLearning":100,"hubris:Zylophone":107,"OrangePellets":39,"hubris:PeanutButter":53,"Onion Ring":147,"infinitespire:EmpoweringShard":84,"Mirror":39,"aspiration:HatOfInfinitePower":164,"Pocketwatch":166,"Hallownest:StagBellRelic1":141,"Juzu Bracelet":0,"Replay:Mystery Machine":28,"conspire:TopHat":212,"DemoMod:SevenLeafClover":0,"Dream Catcher":64,"Nunchaku":216,"vexMod:FakeStar":128,"Hallownest:SalubrasBlessingRelic":3,"aspiration:RunicSpoon":0,"Replay:WaspNest":125,"hubris:MedicalManual":192,"vexMod:FocusSash":121,"Medical Kit":82,"Mercury Hourglass":205,"Strange Spoon":198,"Pondfish Scales":107,"vexMod:BarristanHead":98,"qcfpunch:Fighting_Gloves":218,"Bag of Marbles":184,"Membership Card":24,"vexMod:FutureSight":127,"potionbrewer:Keyblade":96,"DemoMod:RingOfEthereal":124,"DemoMod:WaxWing":217,"potionbrewer:SlideRule":134,"DemoMod:VorpalBullet":11,"FossilizedHelix":138,"RuthlessExorcism:ReiMu":53,"Golden Egg":0,"infinitespire:BottledMercury":21,"Bromod:ArcaneNullifier":124,"Runesmith:Locket":205,"wanderingMiniBosses:OtherGremlinHorn":35,"Bottled Tornado":111,"FrozenCore":62,"DemoMod:SuperHotWatch":67,"Replay:Ringing Soul":11,"DemoMod:MeltedRock":29,"infinitespire:Golems Mask":134,"Kunai":77,"construct:RocketBooster":32,"Counterbalance":121,"Hallownest:SoulVesselRelic":217,"HollowMod:JonisBlessing":82,"hubris:SphereOfDissonance":200,"Guardian:PocketSentry":27,"Replay:Ancient Bell":121,"aspiration:FrozenJewel":43,"Elementarium:GoldenMirage":206,"SlaversCollar":136,"Elementarium:ElementariumTrophy":36,"Pandora\u0027s Box":24,"energizedSpire:MagnifyingGlass":136,"DemoMod:ResourcefulSack":124,"infinitespire:Cupcake":180,"Lantern":43,"astrologer:Telescope":132,"Bromod:ArcaneVictory":133,"StoneCalendar":20,"wanderingMiniBosses:AbyssPearl":63,"White_Cape":43,"Power_Wrist":142,"qcfpunch:Crimson_Sash":25,"hubris:EvacipatedBox":96,"vexMod:ThrowingStar":111,"Replay:Rubber Ducky":53,"Bromod:ArcaneAwakening":176,"Matryoshka":121,"hubris:ScarierMask":216,"WingedGreaves":25,"hubris:FunFungus":105,"thefirefly:AbsoluteTerror":208,"hubris:GlazedTorus":211,"construct:ClawGrip":129,"DemoMod:WeirdEgg":66,"Thread and Needle":158,"Protect_Vest":41,"infinitespire:CheckeredPen":26,"Bromod:ArcaneMomentum":203,"PureWhite:ReiMu":11,"CrazyTorch:ReiMu":90,"Elementarium:FlickeringLantern":66,"Toy Ornithopter":194,"DemoMod:GreenGuonStone":43,"hubris:CrystalStatue":43,"Menagerie:HuntersKnife":45,"Vajra":111,"Tea:ReiMu":214,"Lizard Tail":53,"Replay:Frozen Program":53,"HornCleat":53,"aspiration:MobileForge":123,"theSenshi:SailorFukuRelic":109,"vexMod:RetaliationKit":16,"conspire:Dentures":156,"Happy Flower":53,"wanderingMiniBosses:ThiefScarf":127,"Oddly Smooth Stone":33,"vexMod:TimeEaterHat":212,"infinitespire:Beetle Shell":148,"conspire:Boomerang":196,"aspiration:SeaSaltIceCream":25,"Replay:Kaleidoscope":84,"Letter Opener":216,"War Paint":14,"Bottled Flame":28,"Replay:Baseball":177,"ReplayTheSpireMod:Shallot":25,"energizedSpire:NeverEndingSparkler":94,"ReplayTheSpireMod:TigerMarble":26,"hermit:Momento":0,"conspire:IceCreamScoop":84,"Darkstone Periapt":127,"ReplayFunnel":144,"theSenshi:SuperSailorFukuRelic":53,"Shade:YorickSkull":166,"conspire:SpecialSausage":50,"Hallownest:DreamNailRelic":1,"hubris:SlimyHat":57,"ClockworkSouvenir":24,"Frozen Eye":13,"Replay:Bandana":176,"qcfpunch:Green_Leotard":202,"Mummified Hand":111,"Bromod:ArcaneTrickery":135,"Pantograph":207,"Bromod:ArcaneTempo":135,"Genji_Glove":131,"astrologer:SkyMirror":111,"qcfpunch:Wrestler\u0027s_Cloak":186,"Cracked Core":43,"energizedSpire:RedRose":212,"ReplayTheSpireMod:Ninjato":50,"Bromod:ArcaneGrace":202,"Replay:Towering Pillar of Hats":75,"infinitespire:CursedDice":21,"aspiration:FetidBarrel":111,"Quantum Egg":1,"aspiration:SecretTechniqueScroll":6,"Orichalcum":194,"White Beast Statue":59,"Peace Pipe":218,"Anchor":137,"Golden_Hairpin":204,"infinitespire:WardingShard":46,"Pendant":84,"vexMod:HeadHunter":0,"ChewingGum":201,"LetterFromLob":44,"Coffee Dripper":71,"Snack Pack":211,"Guard_Bracelet":78,"TungstenRod":116},{"construct:FoamFinger":407,"qcfpunch:Red_Beret":515,"theSenshi:SpiralHeartMoonRodRelic":423,"vexMod:RockOfEvil":123,"Replay:Wanted Poster":52,"Blood Vial":569,"vexMod:InvisibilityCloak":413,"conspire:GlowingRock":6,"qcfpunch:Lotus_Statue":701,"Replay:Bronze Core":502,"Replay:Bottled Flurry":372,"qcfpunch:Red_Cyclone_Teachings":104,"aspiration:DSix":594,"Blue Candle":310,"TentaclePot:ReiMu":633,"potionbrewer:Torch":467,"qcfpunch:Broken_Tusk":130,"StrikeDummy":638,"Bromod:ArcaneFury":497,"Torii":322,"Bromod:ArcanePistoleer":439,"stsjorbsmod:AlchemistsFireRelic":467,"Mythril_Glove":60,"hubris:EmptyBottle":83,"Ancient Tea Set":672,"infinitespire:Bottled Soul":345,"AntiCross":6,"hubris:CuriousFeather":83,"DemoMod:GnawedKey":147,"Chemical X":297,"wanderingMiniBosses:LockLocket":366,"Potion Belt":147,"thefirefly:StealthSystem":621,"vexMod:GildedClover":716,"Lee\u0027s Waffle":147,"hubris:64BitClover":171,"Guardian:GemstoneGun":147,"qcfpunch:Black_Training_Shirt":706,"PreservedInsect":83,"infinitespire:Lucky Rock":169,"hubris:Towel":480,"Bromod:ArcaneDeflection":453,"Art of War":711,"conspire:DeflatedDodgeball":711,"infinitespire:Midas Blood":685,"Ice Cream":396,"Calipers":396,"Gremlin Horn":653,"Nilry\u0027s Codex":566,"ZunR:ReiMu":423,"DemoMod:GlassGuonStoneRelic":10,"DemoMod:RiddleOfLead":357,"Prayer Wheel":191,"qcfpunch:Handcuffs":396,"potionbrewer:DrinkingBird":711,"Girya":9,"potionbrewer:WarMedal":677,"hubris:Teleporter":435,"Choco_Feather":9,"wanderingMiniBosses:MasterThiefsPresence":29,"stsjorbsmod:GrimoireRelic":467,"vexMod:PaidLearning":350,"hubris:Zylophone":376,"OrangePellets":127,"hubris:PeanutButter":171,"Onion Ring":488,"infinitespire:EmpoweringShard":297,"Mirror":127,"aspiration:HatOfInfinitePower":529,"Pocketwatch":538,"Hallownest:StagBellRelic1":472,"Juzu Bracelet":0,"Replay:Mystery Machine":92,"conspire:TopHat":696,"DemoMod:SevenLeafClover":0,"Dream Catcher":209,"Nunchaku":716,"vexMod:FakeStar":435,"Hallownest:SalubrasBlessingRelic":9,"aspiration:RunicSpoon":0,"Replay:WaspNest":428,"hubris:MedicalManual":625,"vexMod:FocusSash":419,"Medical Kit":279,"Mercury Hourglass":666,"Strange Spoon":640,"Pondfish Scales":376,"vexMod:BarristanHead":343,"qcfpunch:Fighting_Gloves":729,"Bag of Marbles":594,"Membership Card":83,"vexMod:FutureSight":433,"potionbrewer:Keyblade":338,"DemoMod:RingOfEthereal":425,"DemoMod:WaxWing":720,"potionbrewer:SlideRule":453,"DemoMod:VorpalBullet":34,"FossilizedHelix":467,"RuthlessExorcism:ReiMu":171,"Golden Egg":0,"infinitespire:BottledMercury":74,"Bromod:ArcaneNullifier":425,"Runesmith:Locket":666,"wanderingMiniBosses:OtherGremlinHorn":115,"Bottled Tornado":396,"FrozenCore":201,"DemoMod:SuperHotWatch":219,"Replay:Ringing Soul":34,"DemoMod:MeltedRock":94,"infinitespire:Golems Mask":453,"Kunai":257,"construct:RocketBooster":104,"Counterbalance":419,"Hallownest:SoulVesselRelic":720,"HollowMod:JonisBlessing":279,"hubris:SphereOfDissonance":646,"Guardian:PocketSentry":89,"Replay:Ancient Bell":419,"aspiration:FrozenJewel":147,"Elementarium:GoldenMirage":669,"SlaversCollar":460,"Elementarium:ElementariumTrophy":123,"Pandora\u0027s Box":83,"energizedSpire:MagnifyingGlass":460,"DemoMod:ResourcefulSack":425,"infinitespire:Cupcake":580,"Lantern":147,"astrologer:Telescope":446,"Bromod:ArcaneVictory":449,"StoneCalendar":71,"wanderingMiniBosses:AbyssPearl":205,"White_Cape":147,"Power_Wrist":474,"qcfpunch:Crimson_Sash":85,"hubris:EvacipatedBox":338,"vexMod:ThrowingStar":396,"Replay:Rubber Ducky":171,"Bromod:ArcaneAwakening":566,"Matryoshka":419,"hubris:ScarierMask":716,"WingedGreaves":85,"hubris:FunFungus":369,"thefirefly:AbsoluteTerror":677,"hubris:GlazedTorus":687,"construct:ClawGrip":439,"DemoMod:WeirdEgg":215,"Thread and Needle":515,"Protect_Vest":131,"infinitespire:CheckeredPen":87,"Bromod:ArcaneMomentum":660,"PureWhite:ReiMu":34,"CrazyTorch:ReiMu":318,"Elementarium:FlickeringLantern":215,"Toy Ornithopter":630,"DemoMod:GreenGuonStone":147,"hubris:CrystalStatue":147,"Menagerie:HuntersKnife":152,"Vajra":396,"Tea:ReiMu":706,"Lizard Tail":171,"Replay:Frozen Program":171,"HornCleat":171,"aspiration:MobileForge":423,"theSenshi:SailorFukuRelic":388,"vexMod:RetaliationKit":45,"conspire:Dentures":508,"Happy Flower":171,"wanderingMiniBosses:ThiefScarf":433,"Oddly Smooth Stone":107,"vexMod:TimeEaterHat":696,"infinitespire:Beetle Shell":490,"conspire:Boomerang":635,"aspiration:SeaSaltIceCream":85,"Replay:Kaleidoscope":297,"Letter Opener":716,"War Paint":39,"Bottled Flame":92,"Replay:Baseball":569,"ReplayTheSpireMod:Shallot":85,"energizedSpire:NeverEndingSparkler":332,"ReplayTheSpireMod:TigerMarble":87,"hermit:Momento":0,"conspire:IceCreamScoop":286,"Darkstone Periapt":433,"ReplayFunnel":480,"theSenshi:SuperSailorFukuRelic":171,"Shade:YorickSkull":538,"conspire:SpecialSausage":167,"Hallownest:DreamNailRelic":1,"hubris:SlimyHat":184,"ClockworkSouvenir":83,"Frozen Eye":37,"Replay:Bandana":566,"qcfpunch:Green_Leotard":656,"Mummified Hand":396,"Bromod:ArcaneTrickery":457,"Pantograph":672,"Bromod:ArcaneTempo":457,"Genji_Glove":443,"astrologer:SkyMirror":396,"qcfpunch:Wrestler\u0027s_Cloak":599,"Cracked Core":147,"energizedSpire:RedRose":696,"ReplayTheSpireMod:Ninjato":167,"Bromod:ArcaneGrace":656,"Replay:Towering Pillar of Hats":251,"infinitespire:CursedDice":74,"aspiration:FetidBarrel":396,"Quantum Egg":1,"aspiration:SecretTechniqueScroll":16,"Orichalcum":630,"White Beast Statue":192,"Peace Pipe":729,"Anchor":464,"Golden_Hairpin":663,"infinitespire:WardingShard":157,"Pendant":297,"vexMod:HeadHunter":0,"ChewingGum":653,"LetterFromLob":150,"Coffee Dripper":237,"Snack Pack":687,"Guard_Bracelet":260,"TungstenRod":407}],"Toy Ornithopter":0},"card_choices":[{"not_picked":["thefirefly:SteadyAim","thefirefly:FlakCannon"],"picked":"thefirefly:Flight","floor":1},{"not_picked":["thefirefly:SteadyAim","thefirefly:RollBack","thefirefly:LaserBarrage"],"picked":"SKIP","floor":2},{"not_picked":["thefirefly:Pacify","thefirefly:ShieldArray","thefirefly:Lamentation"],"picked":"SKIP","floor":3},{"not_picked":["thefirefly:FlareScreen","thefirefly:ShieldArray","thefirefly:EnergyShield"],"picked":"SKIP","floor":5},{"not_picked":["thefirefly:Exile","thefirefly:BoltzmannBrain"],"picked":"thefirefly:DecoyShot","floor":6},{"not_picked":["thefirefly:CoveringFire","thefirefly:EvasiveManeuver","thefirefly:RollBack"],"picked":"SKIP","floor":7},{"not_picked":["thefirefly:HyperFocus","thefirefly:Ruminate","thefirefly:Lamentation"],"picked":"SKIP","floor":8},{"not_picked":["thefirefly:Ruminate","thefirefly:PotentAmmunition","thefirefly:QuantumTunneling"],"picked":"SKIP","floor":12},{"not_picked":["thefirefly:Flight","thefirefly:AccountUncertainty","thefirefly:LaserMail"],"picked":"SKIP","floor":14},{"not_picked":["thefirefly:Flight","thefirefly:Teleport"],"picked":"thefirefly:InterceptingShot","floor":15},{"not_picked":["thefirefly:TachyonBeam","thefirefly:LifeSupport","thefirefly:Teleport"],"picked":"SKIP","floor":16},{"not_picked":["thefirefly:Regeneration","thefirefly:CreateClone"],"picked":"thefirefly:LustForEternity","floor":18},{"not_picked":["thefirefly:IonizedBarrier","thefirefly:Reposition","thefirefly:FlakCannon"],"picked":"SKIP","floor":20},{"not_picked":["thefirefly:StoredPower","thefirefly:Distort","thefirefly:IonizedBarrier"],"picked":"SKIP","floor":21},{"not_picked":["thefirefly:Preload","thefirefly:NebulaVeil","thefirefly:RecollectionSubroutine"],"picked":"SKIP","floor":22},{"not_picked":["thefirefly:ReverseEngine","thefirefly:StoredPower","thefirefly:QuantumTunneling"],"picked":"SKIP","floor":23},{"not_picked":["thefirefly:RerouteCircuit","thefirefly:SearingEnigma","thefirefly:Reposition"],"picked":"SKIP","floor":25},{"not_picked":["thefirefly:PhantomStrike","thefirefly:Distort","thefirefly:Preload"],"picked":"SKIP","floor":27},{"not_picked":["thefirefly:ShieldArray","thefirefly:EvasiveManeuver","thefirefly:FlareScreen"],"picked":"SKIP","floor":29},{"not_picked":["thefirefly:FlakCannon","thefirefly:ArtillleryBeam","thefirefly:Flight"],"picked":"SKIP","floor":31},{"not_picked":["thefirefly:HyperspaceAssault","thefirefly:Lamentation"],"picked":"thefirefly:StarCinder","floor":33},{"not_picked":["thefirefly:BreachMissile","thefirefly:Nova"],"picked":"thefirefly:Regeneration","floor":35},{"not_picked":["thefirefly:ShieldArray","thefirefly:Pacify"],"picked":"thefirefly:MirrorShield+1","floor":37},{"not_picked":["thefirefly:BoltzmannBrain","thefirefly:Distort","thefirefly:LaserMail"],"picked":"SKIP","floor":42},{"not_picked":["thefirefly:EMP+1","thefirefly:RerouteCircuit","thefirefly:NebulaVeil"],"picked":"SKIP","floor":44},{"not_picked":["thefirefly:Distort","thefirefly:StoredPower","thefirefly:Lamentation"],"picked":"SKIP","floor":46},{"not_picked":["thefirefly:Unweft","thefirefly:Regeneration"],"picked":"thefirefly:SoulStrike","floor":48}],"player_experience":1245808,"relics_obtained":[{"floor":2,"key":"hubris:MedicalManual"},{"floor":3,"key":"wanderingMiniBosses:ThiefScarf"},{"floor":8,"key":"vexMod:BarristanHead"},{"floor":12,"key":"Toy Ornithopter"},{"floor":18,"key":"White_Cape"},{"floor":24,"key":"Elementarium:GoldenMirage"},{"floor":25,"key":"Pantograph"},{"floor":27,"key":"potionbrewer:WarMedal"},{"floor":33,"key":"Snack Pack"},{"floor":35,"key":"infinitespire:WardingShard"},{"floor":40,"key":"Bromod:ArcaneNullifier"},{"floor":42,"key":"qcfpunch:Black_Training_Shirt"},{"floor":43,"key":"potionbrewer:DrinkingBird"},{"floor":44,"key":"Letter Opener"},{"floor":45,"key":"Nunchaku"}],"event_choices":[{"damage_healed":0,"gold_gain":0,"player_choice":"Leave","damage_taken":0,"max_hp_gain":0,"max_hp_loss":0,"event_name":"conspire:Investor","floor":4,"gold_loss":0},{"damage_healed":0,"gold_gain":0,"player_choice":"1","damage_taken":0,"max_hp_gain":0,"max_hp_loss":0,"event_name":"betterMatch:BetterMatch","floor":15,"gold_loss":0,"cards_obtained":["betterMatch:CommonCard"]},{"damage_healed":0,"gold_gain":0,"player_choice":"Fight","damage_taken":0,"max_hp_gain":0,"max_hp_loss":0,"event_name":"Elementarium:GoldenStatues","floor":24,"gold_loss":0},{"damage_healed":0,"gold_gain":0,"player_choice":"Ignored","damage_taken":0,"max_hp_gain":0,"max_hp_loss":0,"event_name":"Elementarium:GreatTreasure","floor":32,"gold_loss":0},{"damage_healed":0,"gold_gain":0,"player_choice":"1","damage_taken":0,"max_hp_gain":0,"max_hp_loss":0,"event_name":"betterMatch:BetterMatch","floor":48,"gold_loss":0,"cards_obtained":["betterMatch:RareCard"]}],"is_beta":false,"boss_relics":[{"not_picked":["aspiration:RunicSpoon","theSenshi:MoonKaleidoScopeRelic"],"picked":"ChewingGum"},{"not_picked":["Bromod:ArcaneBarrier","SlaversCollar"],"picked":"energizedSpire:RedRose"}],"items_purged_floors":[0,0,39],"is_endless":false,"potions_floor_spawned":[3,7,8,14,18,20,24,25,27,33,37,44],"ascension_level":20}}