{"host":"q6ff4ns2kep02ti6","time":1611333663,"event":{"mods":["AchievementEnabler","BaseMod","Minty Spire (QoL Compilation)","Relic Stats","StSLib","Unceasing Turn Reminder"],"gold_per_floor":[99,99,99,99,99,99,99,99,99,99,59,59,59,59,59,59,59,59,39,39,39,39,39,39,39],"floor_reached":24,"language":"ENG","playtime":1678,"items_purged":[],"score":444,"play_id":"b92c9f27-e08b-479a-8bf6-a70325fd7b6d","local_time":"20210122174103","is_ascension_mode":true,"campfire_choices":[{"data":"Shockwave","floor":7,"key":"SMITH"},{"data":"Pommel Strike","floor":10,"key":"SMITH"},{"floor":15,"key":"REST"}],"circlet_count":0,"master_deck":["AscendersBane","Strike_R","Strike_R","Strike_R","Strike_R","Defend_R","Defend_R","Defend_R","Defend_R","Bash","Pommel Strike","Carnage","Clothesline","Pommel Strike+1","Shockwave+1","Dark Embrace","Juggernaut","Disarm","Feel No Pain","Immolate","Reaper","CurseOfTheBell","Sever Soul+1","Sentinel","True Grit+1"],"relics":["Ectoplasm","Dream Catcher","Regal Pillow","Tiny Chest","HornCleat","Calling Bell","Lantern","Ornamental Fan","Shovel","InkBottle"],"acts_visited":["Exordium","TheCity"],"potions_floor_usage":[6,12,16,21,22,24],"damage_taken":[{"damage":4,"enemies":"Small Slimes","floor":1,"turns":3},{"damage":0,"enemies":"2 Louse","floor":2,"turns":3},{"damage":0,"enemies":"Cultist","floor":3,"turns":2},{"damage":9,"enemies":"2 Fungi Beasts","floor":4,"turns":3},{"damage":14,"enemies":"3 Louse","floor":5,"turns":2},{"damage":10,"enemies":"3 Sentries","floor":6,"turns":4},{"damage":3,"enemies":"Gremlin Nob","floor":8,"turns":3},{"damage":7,"enemies":"Looter","floor":11,"turns":3},{"damage":6,"enemies":"Lagavulin","floor":12,"turns":6},{"damage":2,"enemies":"Lots of Slimes","floor":14,"turns":5},{"damage":31,"enemies":"The Guardian","floor":16,"turns":10},{"damage":26,"enemies":"Shell Parasite","floor":18,"turns":9},{"damage":3,"enemies":"Chosen","floor":20,"turns":5},{"damage":11,"enemies":"Snecko","floor":21,"turns":5},{"damage":34,"enemies":"Centurion and Healer","floor":22,"turns":9},{"damage":10,"enemies":"Gremlin Leader","floor":24,"turns":3}],"seed_played":"-4287272482946791391","potions_obtained":[{"floor":2,"key":"SneckoOil"},{"floor":3,"key":"SneckoOil"},{"floor":4,"key":"Swift Potion"},{"floor":11,"key":"PowerPotion"},{"floor":16,"key":"Fruit Juice"},{"floor":18,"key":"Weak Potion"},{"floor":19,"key":"Block Potion"},{"floor":21,"key":"Fire Potion"}],"is_trial":false,"path_per_floor":["M","M","M","M","M","E","R","E","T","R","M","E","?","M","R","B",null,"M","?","M","M","M","T","E"],"character_chosen":"IRONCLAD","items_purchased":[],"campfire_rested":1,"item_purchase_floors":[],"current_hp_per_floor":[64,64,64,55,41,31,31,28,28,28,21,15,8,6,43,17,64,42,42,43,36,10,10,0,0],"gold":39,"neow_bonus":"BOSS_RELIC","is_daily":false,"chose_seed":false,"campfire_upgraded":2,"win_rate":0.0,"timestamp":1611333663,"path_taken":["M","M","M","M","M","E","R","E","T","R","M","E","?","M","R","BOSS","M","?","M","M","?","?","E"],"items_purchased_type":[],"build_version":"2020-12-22","purchased_purges":0,"victory":false,"max_hp_per_floor":[75,75,75,75,75,75,75,75,75,75,75,75,75,75,75,80,80,80,80,80,80,80,80,80,80],"relic_stats":{"Dream Catcher":1,"Regal Pillow":15,"Shovel":0,"counters":[16,75],"Ornamental Fan":[20],"Tiny Chest":1,"Ectoplasm":431,"obtain_stats":[{"Calling Bell":17,"Dream Catcher":6,"Regal Pillow":8,"Lantern":17,"HornCleat":12,"Shovel":17,"Ornamental Fan":17,"Tiny Chest":9,"Ectoplasm":0,"Burning Blood":0,"InkBottle":23},{"Calling Bell":11,"Dream Catcher":6,"Regal Pillow":7,"Lantern":11,"HornCleat":9,"Shovel":11,"Ornamental Fan":11,"Tiny Chest":7,"Ectoplasm":0,"Burning Blood":0,"InkBottle":15},{"Calling Bell":44,"Dream Catcher":17,"Regal Pillow":20,"Lantern":44,"HornCleat":29,"Shovel":44,"Ornamental Fan":44,"Tiny Chest":20,"Ectoplasm":0,"Burning Blood":0,"InkBottle":72}],"InkBottle":[1]},"card_choices":[{"not_picked":["Thunderclap","Headbutt"],"picked":"Pommel Strike","floor":1},{"not_picked":["Anger","Iron Wave"],"picked":"Carnage","floor":2},{"not_picked":["Dual Wield","Dark Embrace"],"picked":"Clothesline","floor":3},{"not_picked":["Battle Trance","Seeing Red"],"picked":"Pommel Strike","floor":4},{"not_picked":["Searing Blow","Headbutt"],"picked":"Shockwave","floor":5},{"not_picked":["Twin Strike","Armaments"],"picked":"Dark Embrace","floor":6},{"not_picked":["Bloodletting","Headbutt"],"picked":"Juggernaut","floor":8},{"not_picked":["Intimidate","Bloodletting"],"picked":"Disarm","floor":11},{"not_picked":["Clash","Rampage","Seeing Red"],"picked":"SKIP","floor":12},{"not_picked":["Heavy Blade","Clothesline"],"picked":"Feel No Pain","floor":14},{"not_picked":["Whirlwind","Clash"],"picked":"Immolate","floor":15},{"not_picked":["Brutality","Exhume"],"picked":"Reaper","floor":16},{"not_picked":["Carnage","Disarm"],"picked":"Sever Soul+1","floor":18},{"not_picked":["Flex","Body Slam+1","Clash"],"picked":"SKIP","floor":20},{"not_picked":["Anger+1","Inflame"],"picked":"Sentinel","floor":21},{"not_picked":["Flex","Shrug It Off+1"],"picked":"True Grit+1","floor":22}],"player_experience":1005201,"relics_obtained":[{"floor":6,"key":"Dream Catcher"},{"floor":8,"key":"Regal Pillow"},{"floor":9,"key":"Tiny Chest"},{"floor":12,"key":"HornCleat"},{"floor":17,"key":"Lantern"},{"floor":17,"key":"Ornamental Fan"},{"floor":17,"key":"Shovel"},{"floor":23,"key":"InkBottle"}],"event_choices":[{"cards_removed":["Strike_R"],"damage_healed":0,"gold_gain":0,"player_choice":"Card Removal","damage_taken":7,"max_hp_gain":0,"max_hp_loss":0,"event_name":"Golden Wing","floor":13,"gold_loss":0},{"damage_healed":0,"gold_gain":0,"player_choice":"Bought 1 Potion","damage_taken":0,"max_hp_gain":0,"max_hp_loss":0,"event_name":"The Woman in Blue","floor":19,"gold_loss":0}],"is_beta":false,"boss_relics":[{"not_picked":["Empty Cage","Runic Cube"],"picked":"Calling Bell"}],"items_purged_floors":[],"is_endless":false,"potions_floor_spawned":[2,3,4,11,16,18,21],"killed_by":"Gremlin Leader","ascension_level":20}}