{"host":"9hmnsypyq1c5u7i3","time":1611340725,"event":{"mods":["BaseMod","Bestiary","Hermit","Marisa????????","Minty Spire (QoL Compilation)","Permanent Neow","Quick Restart","Relic Stats","StSLib","The Cursed","The Hierophant"],"gold_per_floor":[369,382,146,161,174,174,209,209,233,233,265,140,157,173,173,251,251,269,328,328,328,328,384,384,60,60,84,84,107,107,141,141,222,258,295,47,47,74,110,110,110],"floor_reached":40,"language":"ENG","playtime":8071,"items_purged":["Clumsy","Strike_MRS","Pain"],"score":803,"play_id":"587cec90-f3e2-4b22-86ad-64b442039f0a","local_time":"20210122133845","is_ascension_mode":true,"campfire_choices":[{"data":"DeepEcoloBomb","floor":6.0,"key":"SMITH"},{"data":"MysteriousBeam","floor":10.0,"key":"SMITH"},{"data":"Singularity","floor":15.0,"key":"SMITH"},{"floor":24.0,"key":"REST"},{"data":"BinaryStars","floor":28.0,"key":"SMITH"},{"data":"Occultation","floor":32,"key":"SMITH"}],"circlet_count":0,"master_deck":["AscendersBane","MasterSpark","UpSweep","NonDirectionalLaser","Singularity+1","MysteriousBeam+1","GasGiant","DeepEcoloBomb+1","EnergyFlow","MeteoricShower","GrandCross","WitchLeyline","BinaryStars+1","PropBag+1","Robbery+1","ChargingUp+1","Singularity+1","RitualDagger","MysteriousBeam","BlazeAway","Occultation+1","WitchLeyline","BigCrunch","MagicChant","PropBag","FairyDestructionRay","GalacticHalo","Master of Strategy","Impatience","Impatience"],"relics":["MiniHakkero","Blood Vial","WarpedTongs","Strawberry","Juzu Bracelet","Astrolabe","Nilry\u0027s Codex","CeramicFish","HandDrill","Eternal Feather","Pantograph","Pandora\u0027s Box","AmplifyWand","Mercury Hourglass"],"acts_visited":["Exordium","TheCity","TheBeyond"],"potions_floor_usage":[33],"damage_taken":[{"damage":0.0,"enemies":"Cultist","floor":1.0,"turns":3.0},{"damage":0.0,"enemies":"Small Slimes","floor":2.0,"turns":2.0},{"damage":2.0,"enemies":"Jaw Worm","floor":4.0,"turns":3.0},{"damage":4.0,"enemies":"2 Fungi Beasts","floor":5.0,"turns":3.0},{"damage":8.0,"enemies":"3 Sentries","floor":7.0,"turns":5.0},{"damage":7.0,"enemies":"Lagavulin","floor":11.0,"turns":5.0},{"damage":2.0,"enemies":"Red Slaver","floor":13.0,"turns":3.0},{"damage":4.0,"enemies":"Exordium Thugs","floor":14.0,"turns":3.0},{"damage":34.0,"enemies":"The Guardian","floor":16.0,"turns":10.0},{"damage":0.0,"enemies":"2 Thieves","floor":18.0,"turns":2.0},{"damage":15.0,"enemies":"Chosen","floor":19.0,"turns":5.0},{"damage":30.0,"enemies":"Slavers","floor":23.0,"turns":3.0},{"damage":0.0,"enemies":"Shelled Parasite and Fungi","floor":27.0,"turns":2.0},{"damage":26.0,"enemies":"Snake Plant","floor":29.0,"turns":2.0},{"damage":6.0,"enemies":"Colosseum Slavers","floor":30.0,"turns":4.0},{"damage":5,"enemies":"Gremlin Leader","floor":31,"turns":4},{"damage":35,"enemies":"Collector","floor":33,"turns":7},{"damage":4,"enemies":"Orb Walker","floor":35,"turns":2},{"damage":43,"enemies":"3 Darklings","floor":39,"turns":4},{"damage":25,"enemies":"Reptomancer","floor":40,"turns":2}],"seed_played":"9178309321890726707","potions_obtained":[{"floor":2.0,"key":"Explosive Potion"},{"floor":7.0,"key":"SneckoOil"},{"floor":11.0,"key":"Ancient Potion"},{"floor":13.0,"key":"Weak Potion"},{"floor":16.0,"key":"Block Potion"},{"floor":19.0,"key":"Regen Potion"},{"floor":23.0,"key":"Fire Potion"},{"floor":29.0,"key":"Fire Potion"}],"is_trial":false,"path_per_floor":["M","M","$","M","M","R","E","?","T","R","E","$","M","M","R","B",null,"M","M","?","?","?","E","R","$","T","M","R","M","?","E","R","B",null,"M","$","?","?","M","E"],"character_chosen":"MARISA","items_purchased":["Singularity","MysteriousBeam","GasGiant","GrandCross","MysteriousBeam","HandDrill","AmplifyWand"],"campfire_rested":1,"item_purchase_floors":[3,3,3,12,25,25,36],"current_hp_per_floor":[63,63,63,61,57,57,49,49,56,56,51,51,51,49,49,17,62,64,51,30,30,24,5,28,28,28,30,42,18,14,11,26,18,62,60,60,60,50,9,0,0],"gold":110,"neow_bonus":"TWO_FIFTY_GOLD","is_daily":false,"chose_seed":false,"campfire_upgraded":5,"win_rate":0.0,"timestamp":1611340725,"path_taken":["M","M","$","M","M","R","E","?","T","R","E","$","M","M","R","BOSS","M","M","?","?","?","E","R","$","T","M","R","M","?","E","R","BOSS","M","$","?","?","M","E"],"items_purchased_type":["Card","Card","Card","Card","Card","Relic","Relic"],"build_version":"2020-12-22","purchased_purges":3,"victory":false,"max_hp_per_floor":[70,70,70,70,70,70,70,70,77,77,77,77,77,77,77,77,77,77,77,77,77,77,77,77,77,77,77,77,77,77,77,77,77,77,77,77,77,77,77,77,77],"relic_stats":{"Blood Vial":30,"counters":[20,74],"Astrolabe":["PropBag","Robbery","ChargingUp"],"CeramicFish":108,"Pantograph":25,"Eternal Feather":27,"Pandora\u0027s Box":["MagicChant","PropBag","FairyDestructionRay","GalacticHalo"],"Juzu Bracelet":2,"HandDrill":[6],"obtain_stats":[{"AmplifyWand":36,"Gremlin Horn":18,"Nilry\u0027s Codex":20,"Astrolabe":17,"CeramicFish":23,"Eternal Feather":26,"Juzu Bracelet":11,"Letter Opener":39,"WarpedTongs":8,"Mercury Hourglass":40,"Blood Vial":7,"Ornamental Fan":27,"Shuriken":29,"Mummified Hand":31,"Sundial":39,"Strawberry":9,"Pantograph":31,"Pandora\u0027s Box":34,"HandDrill":25,"MiniHakkero":0,"Kunai":23,"Meat on the Bone":19},{"AmplifyWand":18,"Gremlin Horn":10,"Nilry\u0027s Codex":11,"Astrolabe":9,"CeramicFish":12,"Eternal Feather":12,"Juzu Bracelet":6,"Letter Opener":19,"WarpedTongs":5,"Mercury Hourglass":20,"Blood Vial":5,"Ornamental Fan":13,"Shuriken":14,"Mummified Hand":16,"Sundial":19,"Strawberry":5,"Pantograph":16,"Pandora\u0027s Box":17,"HandDrill":12,"MiniHakkero":0,"Kunai":12,"Meat on the Bone":11},{"AmplifyWand":68,"Gremlin Horn":38,"Nilry\u0027s Codex":44,"Astrolabe":37,"CeramicFish":47,"Eternal Feather":47,"Juzu Bracelet":21,"Letter Opener":69,"WarpedTongs":16,"Mercury Hourglass":73,"Blood Vial":16,"Ornamental Fan":48,"Shuriken":50,"Mummified Hand":56,"Sundial":69,"Strawberry":16,"Pantograph":59,"Pandora\u0027s Box":66,"HandDrill":47,"MiniHakkero":0,"Kunai":45,"Meat on the Bone":40}],"WarpedTongs":[58],"Mercury Hourglass":[9]},"card_choices":[{"not_picked":["MilkyWay","GravityBeat"],"picked":"NonDirectionalLaser","floor":1.0},{"not_picked":["WitchOfGreed","GravityBeat","OneTimeOff"],"picked":"SKIP","floor":2.0},{"not_picked":["Acceleration","AsteroidBelt"],"picked":"DeepEcoloBomb","floor":4.0},{"not_picked":["6A","RefractionSpark"],"picked":"EnergyFlow","floor":5.0},{"not_picked":["Acceleration","OneTimeOff"],"picked":"MeteoricShower","floor":7.0},{"not_picked":["OortCloud","ChargeUpSpray","MagicChant"],"picked":"SKIP","floor":11.0},{"not_picked":["Occultation","ChargingUp","DoubleSpark"],"picked":"SKIP","floor":13.0},{"not_picked":["Occultation","ChargingUp","DoubleSpark"],"picked":"SKIP","floor":13.0},{"not_picked":["MysteriousBeam","ShootingEcho"],"picked":"WitchLeyline","floor":14.0},{"not_picked":["CasketOfStar","ManaRampage"],"picked":"BinaryStars","floor":16.0},{"not_picked":["MysteriousBeam+1","WitchLeyline"],"picked":"Singularity","floor":18.0},{"not_picked":["GravityBeat","DeepEcoloBomb+1","Acceleration"],"picked":"SKIP","floor":19.0},{"not_picked":["CasketOfStar","OortCloud","Acceleration"],"picked":"SKIP","floor":23.0},{"not_picked":["DarkSpark","WitchOfGreed"],"picked":"BlazeAway","floor":27.0},{"not_picked":["DarkMatter","MysteriousBeam"],"picked":"Occultation","floor":29.0},{"not_picked":["MilkyWay","GravityBeat"],"picked":"WitchLeyline","floor":31},{"not_picked":["SatelliteIllusion","AbsoluteMagnitude"],"picked":"BigCrunch","floor":33},{"not_picked":["GalacticHalo","ShootTheMoon","EarthLightRay"],"picked":"SKIP","floor":35},{"not_picked":["Mind Blast","Metamorphosis"],"picked":"Master of Strategy","floor":38},{"not_picked":["Blind","Transmutation"],"picked":"Impatience","floor":38},{"not_picked":["Sadistic Nature","Purity"],"picked":"Impatience","floor":38},{"not_picked":["ShootingEcho","NonDirectionalLaser","LuminesStrike"],"picked":"SKIP","floor":39}],"player_experience":903060,"relics_obtained":[{"floor":7.0,"key":"Blood Vial"},{"floor":9.0,"key":"Strawberry"},{"floor":11.0,"key":"Juzu Bracelet"},{"floor":20.0,"key":"Nilry\u0027s Codex"},{"floor":23.0,"key":"CeramicFish"},{"floor":26.0,"key":"Eternal Feather"},{"floor":31,"key":"Pantograph"}],"event_choices":[{"damage_healed":0.0,"max_hp_gain":0.0,"max_hp_loss":0.0,"gold_gain":0.0,"event_name":"Accursed Blacksmith","player_choice":"Rummage","floor":8.0,"gold_loss":0.0,"damage_taken":0.0,"relics_obtained":["WarpedTongs"],"cards_obtained":["Pain"]},{"damage_healed":0.0,"max_hp_gain":0.0,"max_hp_loss":0.0,"gold_gain":0.0,"event_name":"Cursed Tome","player_choice":"Obtained Book","floor":20.0,"gold_loss":0.0,"damage_taken":21.0},{"damage_healed":0.0,"max_hp_gain":0.0,"max_hp_loss":0.0,"gold_gain":0.0,"event_name":"Vampires","player_choice":"Ignored","floor":21.0,"gold_loss":0.0,"damage_taken":0.0},{"damage_healed":0.0,"max_hp_gain":0.0,"max_hp_loss":0.0,"gold_gain":0.0,"event_name":"Nest","player_choice":"Joined the Cult","floor":22.0,"gold_loss":0.0,"damage_taken":6.0,"cards_obtained":["RitualDagger"]},{"damage_healed":0.0,"max_hp_gain":0.0,"max_hp_loss":0.0,"gold_gain":0.0,"event_name":"Colosseum","player_choice":"Fight","floor":30.0,"gold_loss":0.0,"damage_taken":0.0},{"damage_healed":0.0,"max_hp_gain":0.0,"max_hp_loss":0.0,"gold_gain":0.0,"event_name":"Colosseum","player_choice":"Fled From Nobs","floor":30.0,"gold_loss":0.0,"damage_taken":0.0},{"damage_healed":0,"gold_gain":0,"player_choice":"Upgraded","damage_taken":0,"max_hp_gain":0,"max_hp_loss":0,"event_name":"Upgrade Shrine","floor":37,"gold_loss":0,"cards_upgraded":["Singularity"]},{"damage_healed":0,"gold_gain":0,"player_choice":"Memory 3","damage_taken":10,"max_hp_gain":0,"max_hp_loss":0,"event_name":"SensoryStone","floor":38,"gold_loss":0}],"is_beta":false,"boss_relics":[{"not_picked":["BewitchedHakkero","SlaversCollar"],"picked":"Astrolabe"},{"not_picked":["Runic Dome","Tiny House"],"picked":"Pandora\u0027s Box"}],"items_purged_floors":[3,12,25],"is_endless":false,"potions_floor_spawned":[2,7,11,13,16,19,23,29],"killed_by":"Reptomancer","ascension_level":15}}