{"host":"p5axfb00mxhraew6","time":1611320818,"event":{"mods":["Abigail Mod","Act Like it!","BaseMod","CapriCore","Friendly Minions","GifTheSpireLib","Jedi Mod","KomeijiMod","Lobotomy","MarisaÅiñ∂âJÅ@ñÇóùçπÅj","Minty Spire (QoL Compilation)","Prisma Mod","ReimuÅiîé??öÎÅj","RemiliaÅiÂQïƒ‰ª?Åj","SOSÅiézîb?îVéqÅj","StSLib","Td1madao Mod","The Alterego","The Immortal","The Problem Sleuth","Yakumo Yukari mod"],"gold_per_floor":[116,116,128,128,142,142,173,173,173,173,173,4,38,53,53,156,156,170,170,170,189,203,203,221,31,31,66,78,90,51,88,100,208,220,248,240,268,20,40,73,173,173,173,173,190,190,218,9,9,9,9],"floor_reached":52,"language":"ENG","playtime":2814,"items_purged":["MokouMod:Strike","MokouMod:Defend"],"score":827,"play_id":"5df620e4-7cd0-4726-b28e-eec23bf15d8c","local_time":"20210122220658","is_ascension_mode":true,"campfire_choices":[{"data":"MokouMod:TemporalFireSeal","floor":6,"key":"SMITH"},{"floor":8,"key":"REST"},{"data":"MokouMod:HeatSpark","floor":11,"key":"SMITH"},{"data":"MokouMod:InfernalWave","floor":15,"key":"SMITH"},{"data":"MokouMod:SearingShot","floor":23,"key":"SMITH"},{"floor":29,"key":"REST"},{"floor":32,"key":"REST"},{"floor":42,"key":"REST"},{"floor":44,"key":"REST"},{"floor":49,"key":"REST"}],"circlet_count":0,"master_deck":["MokouMod:Strike","MokouMod:Strike","MokouMod:Defend","MokouMod:Defend+1","MokouMod:Defend","MokouMod:HeatSpark+1","MokouMod:HouraiForge+1","MokouMod:TemporalFireSeal+1","MokouMod:RoaringFlare","MokouMod:BurningDraft","MokouMod:TemporalFireSeal","MokouMod:InfernalWave+1","MokouMod:BurningHiddenBullet","MokouMod:Firecracker+1","MokouMod:Sear","MokouMod:RoaringFlare","MokouMod:SearingShot+1","MokouMod:Geothermal","MokouMod:Sear+1","MokouMod:ResonanceReactor+1","MokouMod:SacredFire","MokouMod:Firecracker+1","MokouMod:HeatFactory+1","MokouMod:Sear+1","MokouMod:ImperishableFlame+1","MokouMod:WarmUp","MokouMod:ResonanceReactor","Panacea","MokouMod:Geothermal"],"relics":["MokouMod:PhoenixFeather","jedi:Pinwheel","Matryoshka","Mastiff:ReiMu","Tea:ReiMu","Orichalcum","FossilizedHelix","Anchor","InkBottle","Philosopher\u0027s Stone","TentaclePot:ReiMu","Bottled Flame","MawBank","Gambling Chip","Fusion Hammer","Membership Card","Ancient Tea Set","jedi:crownofsimplicity","War Paint","Dream Catcher","ClockworkSouvenir"],"acts_visited":["Exordium","TheCity","TheBeyond"],"potions_floor_usage":[27,27,27,40,50,50],"damage_taken":[{"damage":6,"enemies":"Small Slimes","floor":1,"turns":5},{"damage":1,"enemies":"Cultist","floor":3,"turns":4},{"damage":4,"enemies":"Jaw Worm","floor":5,"turns":4},{"damage":28,"enemies":"Gremlin Nob","floor":7,"turns":5},{"damage":19,"enemies":"3 Sentries","floor":13,"turns":9},{"damage":0,"enemies":"3 Louse","floor":14,"turns":3},{"damage":6,"enemies":"Slime Boss","floor":16,"turns":8},{"damage":0,"enemies":"Chosen","floor":18,"turns":4},{"damage":9,"enemies":"Spheric Guardian","floor":21,"turns":4},{"damage":20,"enemies":"Snake Plant","floor":22,"turns":3},{"damage":0,"enemies":"3 Cultists","floor":24,"turns":4},{"damage":2,"enemies":"Slavers","floor":27,"turns":3},{"damage":18,"enemies":"Book of Stabbing","floor":31,"turns":4},{"damage":13,"enemies":"Collector","floor":33,"turns":8},{"damage":2,"enemies":"3 Darklings","floor":35,"turns":5},{"damage":0,"enemies":"Orb Walker","floor":37,"turns":3},{"damage":22,"enemies":"Writhing Mass","floor":39,"turns":5},{"damage":3,"enemies":"Giant Head","floor":40,"turns":4},{"damage":0,"enemies":"Maw","floor":45,"turns":5},{"damage":5,"enemies":"Nemesis","floor":47,"turns":3},{"damage":23,"enemies":"Time Eater","floor":50,"turns":8}],"seed_played":"8974723754681140369","potions_obtained":[{"floor":13,"key":"SteroidPotion"},{"floor":16,"key":"SteroidPotion"},{"floor":24,"key":"ColorlessPotion"},{"floor":31,"key":"Strength Potion"},{"floor":33,"key":"jedi:holywater"},{"floor":36,"key":"SpeedPotion"},{"floor":40,"key":"SteroidPotion"},{"floor":47,"key":"SkillPotion"}],"is_trial":false,"path_per_floor":["M","?","M","?","M","R","E","R","T","T","R","$","E","M","R","B",null,"M","?","?","M","M","R","M","$","T","E","?","R","?","E","R","B",null,"M","?","M","$","M","E","?","R","T","R","M","?","E","$","R","B",null,null],"character_chosen":"MKU","items_purchased":["Anchor","MokouMod:BurningDraft","TentaclePot:ReiMu","MokouMod:Sear","Membership Card","Ancient Tea Set","ClockworkSouvenir","MokouMod:ResonanceReactor","Panacea"],"campfire_rested":6,"item_purchase_floors":[12,12,25,25,38,38,48,48,48],"current_hp_per_floor":[69,69,68,68,64,64,36,58,58,58,58,58,39,39,39,33,75,75,75,75,66,46,46,46,46,46,44,30,54,54,36,60,47,80,78,78,78,78,56,53,53,77,77,80,80,80,75,75,80,57,57],"gold":9,"neow_bonus":"ONE_RANDOM_RARE_CARD","is_daily":false,"chose_seed":false,"campfire_upgraded":4,"win_rate":0.0,"timestamp":1611320818,"path_taken":["M","?","M","?","?","R","E","R","T","?","R","$","E","M","R","BOSS","M","?","?","M","?","R","M","$","T","E","?","R","?","E","R","BOSS","M","?","M","$","?","E","?","R","T","R","?","?","E","$","R","BOSS"],"items_purchased_type":["Relic","Card","Relic","Card","Relic","Relic","Relic","Card","Card"],"build_version":"2020-12-22","purchased_purges":2,"victory":true,"max_hp_per_floor":[75,75,75,75,75,75,75,75,75,75,75,75,75,75,75,75,75,75,75,75,75,75,75,75,75,75,75,80,80,80,80,80,80,80,80,80,80,80,80,80,80,80,80,80,80,80,80,80,80,80,80],"card_choices":[{"not_picked":["MokouMod:Stoke","MokouMod:Singe"],"picked":"MokouMod:Firecracker","floor":1},{"not_picked":["MokouMod:BlazingComet","MokouMod:AdaptivePyromancy","MokouMod:Trailblazer"],"picked":"SKIP","floor":3},{"not_picked":["MokouMod:SearingShot","MokouMod:AdaptivePyromancy"],"picked":"MokouMod:TemporalFireSeal","floor":5},{"not_picked":["MokouMod:TemporalFireSeal","MokouMod:HeartofFire"],"picked":"MokouMod:RoaringFlare","floor":7},{"not_picked":["MokouMod:ProfanedFlare","MokouMod:SearingShot"],"picked":"MokouMod:TemporalFireSeal","floor":13},{"not_picked":["MokouMod:ScorchingColumn","MokouMod:BlazingComet"],"picked":"MokouMod:InfernalWave","floor":14},{"not_picked":["MokouMod:Extinguish","MokouMod:EnchantingBambooForest"],"picked":"MokouMod:BurningHiddenBullet","floor":16},{"not_picked":["MokouMod:IllusoryBattlefield","MokouMod:AdaptivePyromancy"],"picked":"MokouMod:Firecracker+1","floor":18},{"not_picked":["MokouMod:EternalBurstReactor","MokouMod:TemporalFireSeal"],"picked":"MokouMod:SearingShot","floor":21},{"not_picked":["MokouMod:FlareStarter","MokouMod:Overheat"],"picked":"MokouMod:Geothermal","floor":22},{"not_picked":["MokouMod:Singe","MokouMod:ResoluteFlare","MokouMod:InfernalWave"],"picked":"SKIP","floor":24},{"not_picked":["MokouMod:PhoenixFeathers","MokouMod:SubterraneanCore"],"picked":"MokouMod:ResonanceReactor+1","floor":27},{"not_picked":["MokouMod:InfernalWave","MokouMod:DanceofFlames","MokouMod:ThermalPressure"],"picked":"SKIP","floor":31},{"not_picked":["MokouMod:RadiantBlade","MokouMod:Ventilation"],"picked":"MokouMod:SacredFire","floor":33},{"not_picked":["MokouMod:ShiftIgnition","MokouMod:FujiyamaVolcano+1","MokouMod:FlickeringFlame"],"picked":"SKIP","floor":35},{"not_picked":["MokouMod:SearingShot","MokouMod:ResoluteFlare"],"picked":"MokouMod:Firecracker+1","floor":37},{"not_picked":["MokouMod:Stoke+1","MokouMod:FusionFlare"],"picked":"MokouMod:HeatFactory+1","floor":39},{"not_picked":["MokouMod:FlickeringFlame","MokouMod:UncontrollableSolarReaction"],"picked":"MokouMod:Sear+1","floor":40},{"not_picked":["MokouMod:Combust+1","MokouMod:CrimsonFlare"],"picked":"MokouMod:ImperishableFlame+1","floor":45},{"not_picked":["MokouMod:IgnitionBarrier","MokouMod:CrimsonArmoury+1"],"picked":"MokouMod:WarmUp","floor":47},{"not_picked":["MokouMod:SearingShot+1","MokouMod:Cataclysm"],"picked":"MokouMod:Geothermal","floor":49}],"player_experience":1259378,"relics_obtained":[{"floor":7,"key":"Matryoshka"},{"floor":9,"key":"Mastiff:ReiMu"},{"floor":9,"key":"Tea:ReiMu"},{"floor":10,"key":"Orichalcum"},{"floor":10,"key":"FossilizedHelix"},{"floor":13,"key":"InkBottle"},{"floor":26,"key":"Bottled Flame"},{"floor":27,"key":"MawBank"},{"floor":31,"key":"Gambling Chip"},{"floor":40,"key":"jedi:crownofsimplicity"},{"floor":43,"key":"War Paint"},{"floor":47,"key":"Dream Catcher"}],"event_choices":[{"damage_healed":0,"gold_gain":0,"player_choice":"Grow","damage_taken":0,"max_hp_gain":0,"max_hp_loss":0,"event_name":"Living Wall","floor":2,"gold_loss":0,"cards_upgraded":["MokouMod:HouraiForge"]},{"cards_removed":["MokouMod:Firecracker"],"damage_healed":0,"gold_gain":0,"player_choice":"Gave Card","damage_taken":0,"relics_obtained":["jedi:Pinwheel"],"max_hp_gain":0,"max_hp_loss":0,"event_name":"WeMeetAgain","floor":4,"gold_loss":0},{"damage_healed":0,"gold_gain":0,"cards_transformed":["MokouMod:Strike","MokouMod:Strike"],"player_choice":"Became Test Subject","damage_taken":0,"max_hp_gain":0,"max_hp_loss":0,"event_name":"Drug Dealer","floor":19,"gold_loss":0,"cards_obtained":["MokouMod:Sear","MokouMod:SpontaneousHumanCombustion"]},{"damage_healed":0,"gold_gain":0,"cards_transformed":["MokouMod:SpontaneousHumanCombustion"],"player_choice":"Transformed","damage_taken":0,"max_hp_gain":0,"max_hp_loss":0,"event_name":"Transmorgrifier","floor":20,"gold_loss":0,"cards_obtained":["MokouMod:RoaringFlare"]},{"damage_healed":0,"gold_gain":0,"player_choice":"Shed Blood","damage_taken":19,"max_hp_gain":5,"max_hp_loss":0,"event_name":"Forgotten Altar","floor":28,"gold_loss":0},{"damage_healed":0,"gold_gain":0,"player_choice":"Bought 1 Potion","damage_taken":0,"max_hp_gain":0,"max_hp_loss":0,"event_name":"The Woman in Blue","floor":36,"gold_loss":0},{"damage_healed":0,"gold_gain":100,"player_choice":"Pray","damage_taken":0,"max_hp_gain":0,"max_hp_loss":0,"event_name":"Golden Shrine","floor":41,"gold_loss":0}],"is_beta":false,"boss_relics":[{"not_picked":["jedi:paperlyon","SlaversCollar"],"picked":"Philosopher\u0027s Stone"},{"not_picked":["Cursed Key","Runic Dome"],"picked":"Fusion Hammer"}],"items_purged_floors":[38,48],"is_endless":false,"potions_floor_spawned":[13,16,24,31,33,39,40,47],"ascension_level":2}}