{"host":"ayh4nqhr0ddw4ozv","time":1611286840,"event":{"mods":["BaseMod","Minty Spire (QoL Compilation)","Relic Stats","Replay The Spire","Robot Space Explorer","StSLib"],"gold_per_floor":[114,127,127,127,145,145,155,188,188,188,42,92,105,130,130,209,209,222,235,235,255,289,289,305,305,358,358,376,376,409,183,183,255,255,275,497,545,599,609,622,622,649,649,659,659,692,692,720,732,744,756,768,352,387,387],"floor_reached":56,"language":"ENG","playtime":5029,"items_purged":["Spreading Infection","Bane"],"score":2223,"play_id":"de77a72e-0f39-4c77-972e-cfb0cf094cee","local_time":"20210121194040","is_ascension_mode":true,"campfire_choices":[{"data":"Underhanded Strike","floor":6,"key":"SMITH"},{"data":"Dagger Throw","floor":10,"key":"SMITH"},{"data":"Well Laid Plans","floor":15,"key":"SMITH"},{"data":"Replay:Bag of Tricks","floor":23,"key":"SMITH"},{"data":"Crippling Poison","floor":25,"key":"SMITH"},{"data":"Acrobatics","floor":27,"key":"SMITH"},{"data":"Underhanded Strike","floor":29,"key":"SMITH"},{"data":"Poison Darts","floor":41,"key":"SMITH"},{"data":"Dash","floor":47,"key":"PURGE"},{"floor":49,"key":"RECALL"},{"data":"Catalyst","floor":52,"key":"SMITH"}],"circlet_count":0,"master_deck":["AscendersBane","Survivor","Neutralize","ReplayTheSpireMod:Private Reserves","Underhanded Strike+1","Quick Slash","Dagger Throw+1","Acrobatics+1","Well Laid Plans+1","Replay:Bag of Tricks+1","Crippling Poison+1","Hidden Blade","Underhanded Strike+1","Setup","Dash","Backflip+1","Heel Hook","Catalyst+1","Poison Darts+1","Outmaneuver+1","Reflex","Deflect+1","Adrenaline","PiercingWail","Night Terror","Deadly Poison","Midas Touch","Dagger Throw","Backflip+1"],"relics":["Ring of the Snake","Ring of Peace","Ring of Misfortune","Letter Opener","Replay:Accelerometer","ClockworkSouvenir","Garlic","Pandora\u0027s Box","Torii","Red Mask","Pen Nib","Replay:Multitool","Lee\u0027s Waffle","Replay:Bronze Core","StoneCalendar","Ornamental Fan","Anchor","Durian","MawBank","BargainBundle","ReplayFunnel","White Beast Statue"],"acts_visited":["Exordium","TheCity","TheBeyond","TheEnding"],"potions_floor_usage":[14,16,33,38,50,55],"damage_taken":[{"damage":8,"enemies":"2 Louse","floor":1,"turns":4},{"damage":0,"enemies":"Jaw Worm","floor":2,"turns":4},{"damage":0,"enemies":"Small Slimes","floor":5,"turns":4},{"damage":0,"enemies":"Gremlin Gang","floor":7,"turns":6},{"damage":9,"enemies":"Gremlin Nob","floor":8,"turns":5},{"damage":0,"enemies":"Exordium Wildlife","floor":13,"turns":3},{"damage":0,"enemies":"Lagavulin","floor":14,"turns":4},{"damage":9,"enemies":"Slime Boss","floor":16,"turns":11},{"damage":0,"enemies":"Spheric Guardian","floor":18,"turns":4},{"damage":0,"enemies":"3 Byrds","floor":19,"turns":4},{"damage":0,"enemies":"Snecko","floor":21,"turns":4},{"damage":8,"enemies":"Masked Bandits","floor":22,"turns":4},{"damage":0,"enemies":"Snake Plant","floor":24,"turns":4},{"damage":0,"enemies":"Cultist and Chosen","floor":28,"turns":4},{"damage":0,"enemies":"Slavers","floor":30,"turns":5},{"damage":2,"enemies":"Automaton","floor":33,"turns":10},{"damage":0,"enemies":"3 Darklings","floor":35,"turns":3},{"damage":1,"enemies":"2 Orb Walkers","floor":38,"turns":5},{"damage":0,"enemies":"Orb Walker","floor":39,"turns":2},{"damage":0,"enemies":"Jaw Worm Horde","floor":40,"turns":4},{"damage":0,"enemies":"Giant Head","floor":42,"turns":7},{"damage":0,"enemies":"Sphere and 2 Shapes","floor":44,"turns":4},{"damage":0,"enemies":"Reptomancer","floor":46,"turns":4},{"damage":0,"enemies":"Giant Head","floor":48,"turns":4},{"damage":11,"enemies":"Awakened One","floor":50,"turns":13},{"damage":0,"enemies":"Shield and Spear","floor":54,"turns":4},{"damage":1,"enemies":"The Heart","floor":55,"turns":6}],"seed_played":"-4266555127946153601","potions_obtained":[{"floor":8,"key":"Venom Potion"},{"floor":13,"key":"Swift Potion"},{"floor":14,"key":"CunningPotion"},{"floor":22,"key":"Milkshake"},{"floor":33,"key":"Languid Potion"},{"floor":40,"key":"DuplicationPotion"},{"floor":48,"key":"LiquidMemories"}],"is_trial":false,"path_per_floor":["M","M","?","?","M","R","M","E","T","R","$","?","M","E","R","B",null,"M","M","?","M","?","R","M","R","T","R","M","R","E","$","R","B",null,"M","?","T","?","M","M","R","E","T","M","?","E","R","E","R","B",null,"R","$","E","B",null],"character_chosen":"THE_SILENT","items_purchased":["ClockworkSouvenir","Lee\u0027s Waffle","BargainBundle","Adrenaline Potion","Deadly Poison","Midas Touch","ReplayFunnel","Dagger Throw"],"campfire_rested":0,"item_purchase_floors":[11,31,53,53,53,53,53,53],"current_hp_per_floor":[51,51,44,44,44,44,44,35,35,35,35,35,35,35,35,26,56,56,56,56,56,48,48,48,48,48,48,48,48,48,73,73,71,73,73,73,73,72,72,72,72,72,72,72,72,77,77,77,77,66,75,75,75,75,74],"gold":387,"neow_bonus":"RANDOM_COLORLESS","is_daily":false,"chose_seed":false,"campfire_upgraded":9,"win_rate":0.0,"timestamp":1611286840,"path_taken":["M","M","?","?","M","R","M","E","T","R","?","?","M","E","R","BOSS","M","?","?","M","?","R","M","R","T","R","M","R","E","?","R","BOSS","M","?","?","?","M","?","R","E","T","M","?","E","R","E","R","BOSS","R","$","E","BOSS"],"items_purchased_type":["Relic","Relic","Relic","Potion","Card","Card","Relic","Card"],"build_version":"2020-12-22","purchased_purges":2,"victory":true,"max_hp_per_floor":[66,66,66,66,66,66,66,66,66,66,66,66,66,66,66,66,66,66,66,66,66,66,66,66,66,66,66,66,66,66,73,73,73,73,73,73,73,73,73,73,73,73,73,73,73,78,78,78,78,78,78,78,78,78,78],"relic_stats":{"Lee\u0027s Waffle":25,"Torii":13,"counters":[27,136],"Ornamental Fan":[96],"Pandora\u0027s Box":["Accuracy","Crippling Poison","Bane","Hidden Blade","Sucker Punch","Underhanded Strike","Dash","Setup","Dash"],"StoneCalendar":[62],"Pen Nib":[23],"Letter Opener":[390],"MawBank":60,"obtain_stats":[{"ReplayFunnel":53,"Replay:Accelerometer":9,"Lee\u0027s Waffle":31,"BargainBundle":53,"Torii":20,"StoneCalendar":38,"Pen Nib":26,"Replay:Multitool":30,"Letter Opener":8,"MawBank":48,"White Beast Statue":54,"ClockworkSouvenir":11,"Anchor":43,"Ornamental Fan":42,"Ring of Peace":4,"Ring of Misfortune":4,"Replay:Bronze Core":34,"Pandora\u0027s Box":17,"Garlic":14,"Red Mask":22,"Durian":46,"Ring of the Snake":0},{"ReplayFunnel":25,"Replay:Accelerometer":5,"Lee\u0027s Waffle":15,"BargainBundle":25,"Torii":10,"StoneCalendar":18,"Pen Nib":13,"Replay:Multitool":15,"Letter Opener":5,"MawBank":24,"White Beast Statue":26,"ClockworkSouvenir":5,"Anchor":21,"Ornamental Fan":21,"Ring of Peace":2,"Ring of Misfortune":2,"Replay:Bronze Core":16,"Pandora\u0027s Box":8,"Garlic":7,"Red Mask":12,"Durian":23,"Ring of the Snake":0},{"ReplayFunnel":126,"Replay:Accelerometer":23,"Lee\u0027s Waffle":70,"BargainBundle":126,"Torii":49,"StoneCalendar":88,"Pen Nib":61,"Replay:Multitool":70,"Letter Opener":23,"MawBank":113,"White Beast Statue":130,"ClockworkSouvenir":23,"Anchor":101,"Ornamental Fan":101,"Ring of Peace":8,"Ring of Misfortune":8,"Replay:Bronze Core":80,"Pandora\u0027s Box":41,"Garlic":30,"Red Mask":57,"Durian":109,"Ring of the Snake":0}],"Ring of the Snake":[54]},"card_choices":[{"not_picked":["Enlightenment","Replay:BasicMightCard"],"picked":"ReplayTheSpireMod:Private Reserves","floor":0},{"not_picked":["Bane","Slice"],"picked":"Underhanded Strike","floor":1},{"not_picked":["Reflex","Bane"],"picked":"Quick Slash","floor":2},{"not_picked":["Sucker Punch","Terror"],"picked":"Dagger Throw","floor":5},{"not_picked":["Dagger Spray","Quick Slash"],"picked":"Acrobatics","floor":7},{"not_picked":["Dagger Spray","Acrobatics","Underhanded Strike"],"picked":"SKIP","floor":8},{"not_picked":["Dagger Throw","Quick Slash","Flechettes"],"picked":"SKIP","floor":13},{"not_picked":["Replay:Poison Smokescreen","A Thousand Cuts"],"picked":"Well Laid Plans","floor":14},{"not_picked":["Die Die Die","Glass Knife"],"picked":"Replay:Bag of Tricks","floor":16},{"not_picked":["Setup","Deflect","Dash"],"picked":"SKIP","floor":18},{"not_picked":["Masterful Stab+1","Deadly Poison","Prepared"],"picked":"SKIP","floor":19},{"not_picked":["Fluid Movement","Bullet Time","Prepared"],"picked":"SKIP","floor":21},{"not_picked":["Deflect","Poisoned Stab"],"picked":"Backflip+1","floor":24},{"not_picked":["Deadly Poison","Slice","Prepared"],"picked":"SKIP","floor":28},{"not_picked":["Well Laid Plans","ReplayTheSpireMod:From All Sides"],"picked":"Heel Hook","floor":30},{"not_picked":["Atom Bomb","Envenom"],"picked":"Poison Darts","floor":33},{"not_picked":["Riddle With Holes","Footwork+1"],"picked":"Outmaneuver+1","floor":35},{"not_picked":["Slice","Blade Dance"],"picked":"Reflex","floor":39},{"not_picked":["Sucker Punch","Toxin Wave+1"],"picked":"Deflect+1","floor":40},{"not_picked":["Dagger Throw","Draining Mist+1"],"picked":"Adrenaline","floor":42},{"not_picked":["ReplayTheSpireMod:Exploit Weakness","Backflip+1"],"picked":"PiercingWail","floor":44},{"not_picked":["Flying Knee","Slice"],"picked":"Night Terror","floor":46},{"not_picked":["Deadly Poison","Poisoned Stab+1","Masterful Stab"],"picked":"SKIP","floor":48},{"not_picked":["Crippling Poison","Unload"],"picked":"Backflip+1","floor":54}],"player_experience":364470,"relics_obtained":[{"floor":4,"key":"Ring of Peace"},{"floor":4,"key":"Ring of Misfortune"},{"floor":8,"key":"Letter Opener"},{"floor":9,"key":"Replay:Accelerometer"},{"floor":14,"key":"Garlic"},{"floor":22,"key":"Red Mask"},{"floor":26,"key":"Pen Nib"},{"floor":30,"key":"Replay:Multitool"},{"floor":38,"key":"StoneCalendar"},{"floor":42,"key":"Ornamental Fan"},{"floor":43,"key":"Anchor"},{"floor":46,"key":"Durian"},{"floor":48,"key":"MawBank"},{"floor":54,"key":"White Beast Statue"}],"event_choices":[{"cards_removed":["Strike_G"],"damage_healed":0,"gold_gain":0,"player_choice":"Card Removal","damage_taken":7,"max_hp_gain":0,"max_hp_loss":0,"event_name":"Golden Wing","floor":3,"gold_loss":0},{"damage_healed":0,"gold_gain":50,"player_choice":"Pray","damage_taken":0,"max_hp_gain":0,"max_hp_loss":0,"event_name":"Golden Shrine","floor":12,"gold_loss":0},{"damage_healed":0,"gold_gain":0,"player_choice":"Fought Bandits","damage_taken":0,"max_hp_gain":0,"max_hp_loss":0,"event_name":"Masked Bandits","floor":22,"gold_loss":0},{"damage_healed":0,"gold_gain":222,"player_choice":"Wore Mask","damage_taken":0,"max_hp_gain":0,"max_hp_loss":0,"event_name":"Tomb of Lord Red Mask","floor":36,"gold_loss":0},{"damage_healed":0,"gold_gain":0,"player_choice":"Fight","damage_taken":0,"max_hp_gain":0,"max_hp_loss":0,"event_name":"Mysterious Sphere","floor":38,"gold_loss":0},{"cards_removed":["Accuracy"],"damage_healed":0,"gold_gain":0,"player_choice":"Removed Power","damage_taken":0,"max_hp_gain":0,"max_hp_loss":0,"event_name":"Falling","floor":45,"gold_loss":0}],"is_beta":false,"boss_relics":[{"not_picked":["Calling Bell","Kintsugi"],"picked":"Pandora\u0027s Box"},{"not_picked":["WristBlade","Busted Crown"],"picked":"Replay:Bronze Core"}],"items_purged_floors":[31,53],"is_endless":false,"potions_floor_spawned":[8,13,14,22,28,30,33,35,40,44,48],"ascension_level":15}}