{"host":"qik6c64y69p9jmph","time":1611359107,"event":{"mods":["AchievementEnabler","BaseMod","Highlight Path","Minty Spire (QoL Compilation)","Quick Restart","StSLib","Synergy Search"],"gold_per_floor":[115,115,126,126,145,176,20,20,43,68,79,179,214,225,225,328,328,253,97,115,115,115],"floor_reached":21,"language":"ENG","playtime":1172,"items_purged":[],"score":246,"play_id":"5dc08bdd-c0f1-4abe-854f-f101a8dc54ee","local_time":"20210122184507","is_ascension_mode":true,"campfire_choices":[{"floor":8,"key":"REST"},{"floor":15,"key":"REST"}],"circlet_count":0,"master_deck":["Strike_P","Strike_P","Strike_P","Strike_P","Defend_P","Defend_P","Defend_P","Defend_P","Eruption","Vigilance","Blasphemy","CarveReality","ClearTheMind","Evaluate","Evaluate","Establishment","Protect","PathToVictory","MasterReality","Perseverance","SandsOfTime+1"],"relics":["PureWater","Blood Vial","Potion Belt","Boot","Singing Bowl","Bag of Marbles","SacredBark","Lee\u0027s Waffle"],"acts_visited":["Exordium","TheCity"],"potions_floor_usage":[10,11,16,16],"damage_taken":[{"damage":14,"enemies":"Small Slimes","floor":1,"turns":3},{"damage":7,"enemies":"Jaw Worm","floor":3,"turns":3},{"damage":2,"enemies":"2 Louse","floor":5,"turns":2},{"damage":16,"enemies":"Gremlin Nob","floor":6,"turns":3},{"damage":4,"enemies":"Lagavulin","floor":10,"turns":3},{"damage":0,"enemies":"Red Slaver","floor":11,"turns":2},{"damage":34,"enemies":"Gremlin Nob","floor":13,"turns":5},{"damage":11,"enemies":"Large Slime","floor":14,"turns":4},{"damage":8,"enemies":"Slime Boss","floor":16,"turns":4},{"damage":31,"enemies":"2 Thieves","floor":18,"turns":5},{"damage":11,"enemies":"Chosen","floor":20,"turns":6},{"damage":47,"enemies":"Sentry and Sphere","floor":21,"turns":7}],"seed_played":"3768365501226015802","potions_obtained":[{"floor":6,"key":"Dexterity Potion"},{"floor":10,"key":"DistilledChaos"},{"floor":11,"key":"StancePotion"},{"floor":14,"key":"Block Potion"}],"is_trial":false,"path_per_floor":["M","?","M","?","M","E","$","R","T","E","M","?","E","M","R","B",null,"M","$","M","M"],"character_chosen":"WATCHER","items_purchased":["Establishment","Lee\u0027s Waffle"],"campfire_rested":2,"item_purchase_floors":[7,19],"current_hp_per_floor":[58,58,53,46,46,32,32,53,53,53,57,57,25,16,38,32,65,36,83,72,27,27],"gold":115,"neow_bonus":"ONE_RANDOM_RARE_CARD","is_daily":false,"chose_seed":false,"campfire_upgraded":0,"win_rate":0.0,"timestamp":1611359107,"path_taken":["M","?","M","?","M","E","?","R","T","E","?","?","E","M","R","BOSS","M","?","M","?"],"items_purchased_type":["Card","Relic"],"build_version":"2020-12-22","purchased_purges":0,"victory":false,"max_hp_per_floor":[72,72,72,72,72,72,72,72,72,74,76,76,76,76,76,76,76,76,83,83,83,83],"card_choices":[{"not_picked":["EmptyFist","CrushJoints"],"picked":"CarveReality","floor":1},{"not_picked":["WreathOfFlame","Halt"],"picked":"ClearTheMind","floor":3},{"not_picked":["Consecrate","Crescendo"],"picked":"Evaluate","floor":5},{"not_picked":["Halt","Worship"],"picked":"Evaluate","floor":6},{"not_picked":["Consecrate","Indignation","EmptyFist"],"picked":"Singing Bowl","floor":10},{"not_picked":["CrushJoints","EmptyBody","FlurryOfBlows"],"picked":"Singing Bowl","floor":11},{"not_picked":["ForeignInfluence","Vengeance"],"picked":"Protect","floor":13},{"not_picked":["Halt","ForeignInfluence"],"picked":"PathToVictory","floor":14},{"not_picked":["Omniscience","Devotion"],"picked":"MasterReality","floor":16},{"not_picked":["CutThroughFate","Crescendo+1"],"picked":"Perseverance","floor":18},{"not_picked":["MentalFortress","EmptyBody"],"picked":"SandsOfTime+1","floor":20}],"player_experience":534488,"relics_obtained":[{"floor":6,"key":"Potion Belt"},{"floor":9,"key":"Boot"},{"floor":10,"key":"Singing Bowl"},{"floor":13,"key":"Bag of Marbles"}],"event_choices":[{"damage_healed":0,"gold_gain":0,"player_choice":"Box","damage_taken":0,"relics_obtained":["Blood Vial"],"max_hp_gain":0,"max_hp_loss":0,"event_name":"Big Fish","floor":2,"gold_loss":0,"cards_obtained":["Regret"]},{"cards_removed":["Regret"],"damage_healed":0,"gold_gain":0,"player_choice":"Card Removal","damage_taken":7,"max_hp_gain":0,"max_hp_loss":0,"event_name":"Golden Wing","floor":4,"gold_loss":0},{"damage_healed":0,"gold_gain":100,"player_choice":"Gold","damage_taken":0,"max_hp_gain":0,"max_hp_loss":0,"event_name":"Wheel of Change","floor":12,"gold_loss":0}],"is_beta":false,"boss_relics":[{"not_picked":["Fusion Hammer","Velvet Choker"],"picked":"SacredBark"}],"items_purged_floors":[],"is_endless":false,"potions_floor_spawned":[6,10,11,14],"killed_by":"Sentry and Sphere","ascension_level":5}}