{"host":"2lo6hma6kymb0g9i","time":1611339135,"event":{"mods":["BaseMod","Colored Map","DeckTracker","Minty Spire (QoL Compilation)"],"gold_per_floor":[112,112,112,187,187,187,198,218,218,143,159,170,185,60,60,60,60],"floor_reached":16,"language":"JPN","playtime":637,"items_purged":["Strike_R","Strike_R"],"score":184,"play_id":"89c9b0a9-91e5-4b76-ad37-6855823520fd","local_time":"20210123031215","is_ascension_mode":true,"campfire_choices":[{"floor":6,"key":"REST"},{"data":"Bash","floor":15,"key":"SMITH"}],"circlet_count":0,"master_deck":["AscendersBane","Strike_R","Defend_R","Defend_R","Defend_R","Defend_R","Bash+1","Pommel Strike","Shrug It Off","Seeing Red","Headbutt","Anger"],"relics":["Burning Blood","Pantograph","Blue Candle"],"acts_visited":["Exordium"],"potions_floor_usage":[16],"damage_taken":[{"damage":7,"enemies":"Small Slimes","floor":1,"turns":4},{"damage":9,"enemies":"Jaw Worm","floor":7,"turns":3},{"damage":4,"enemies":"2 Louse","floor":8,"turns":3},{"damage":6,"enemies":"Looter","floor":11,"turns":3},{"damage":30,"enemies":"Large Slime","floor":12,"turns":8},{"damage":7,"enemies":"Red Slaver","floor":13,"turns":7},{"damage":46,"enemies":"Hexaghost","floor":16,"turns":9}],"seed_played":"980438435538230941","potions_obtained":[{"floor":11,"key":"Weak Potion"},{"floor":12,"key":"SmokeBomb"}],"is_trial":false,"path_per_floor":["M","?","?","?","?","R","M","M","T","$","M","M","M","$","R","B"],"character_chosen":"IRONCLAD","items_purchased":["Anger"],"campfire_rested":1,"item_purchase_floors":[14],"current_hp_per_floor":[67,60,60,49,23,45,42,44,44,44,44,20,19,19,19,0,0],"gold":60,"neow_bonus":"REMOVE_CARD","is_daily":false,"chose_seed":false,"campfire_upgraded":1,"win_rate":0.0,"timestamp":1611339135,"path_taken":["M","?","?","?","?","R","M","M","T","?","M","M","M","$","R","BOSS"],"items_purchased_type":["Card"],"build_version":"2020-12-22","purchased_purges":2,"victory":false,"max_hp_per_floor":[75,75,75,75,75,75,75,75,75,75,75,75,75,75,75,75,75],"card_choices":[{"not_picked":["Clash","True Grit"],"picked":"Pommel Strike","floor":1},{"not_picked":["Warcry","Thunderclap"],"picked":"Shrug It Off","floor":7},{"not_picked":["Heavy Blade","Shockwave","Dark Embrace"],"picked":"SKIP","floor":8},{"not_picked":["Thunderclap","Heavy Blade"],"picked":"Seeing Red","floor":11},{"not_picked":["Hemokinesis","Dark Embrace","Clothesline"],"picked":"SKIP","floor":12},{"not_picked":["Thunderclap","Clash"],"picked":"Headbutt","floor":13}],"player_experience":1114128,"relics_obtained":[{"floor":9,"key":"Blue Candle"}],"event_choices":[{"cards_removed":["Strike_R"],"damage_healed":0,"gold_gain":0,"player_choice":"Card Removal","damage_taken":7,"max_hp_gain":0,"max_hp_loss":0,"event_name":"Golden Wing","floor":2,"gold_loss":0},{"damage_healed":0,"gold_gain":0,"player_choice":"Ignored","damage_taken":0,"max_hp_gain":0,"max_hp_loss":0,"event_name":"Liars Game","floor":3,"gold_loss":0},{"damage_healed":0,"gold_gain":75,"player_choice":"Gather Gold","damage_taken":11,"max_hp_gain":0,"max_hp_loss":0,"event_name":"World of Goop","floor":4,"gold_loss":0},{"damage_healed":0,"gold_gain":0,"player_choice":"Success","damage_taken":26,"relics_obtained":["Pantograph"],"max_hp_gain":0,"max_hp_loss":0,"event_name":"Scrap Ooze","floor":5,"gold_loss":0}],"is_beta":false,"boss_relics":[],"items_purged_floors":[10,14],"is_endless":false,"potions_floor_spawned":[11,12],"killed_by":"Hexaghost","ascension_level":20}}