{"host":"scy0o1xotfn36lpl","time":1611328618,"event":{"mods":["AchievementEnabler","Aspiration","BaseMod","Better Altar","Better Note","Better Sensory Stone","Better Skull","Better Third Choice","Colored Map","Curses Come First","Downfall","GifTheSpireLib","Googly Eyes","Highlight Path","Minty Spire (QoL Compilation)","Permanent Neow","Spicy Shops","StSLib","everything is the same but u backflip on backflip"],"gold_per_floor":[214,234,234,249,266,299,299,310,310,310,310,326,337,24,24,127,127,143,154,166,182,197,197,224,224,224,224,253,25,36,36,36,131,131,142,142,153,165,1164,1164,1126,1126,1171,275,169,182,110,144,144,144],"floor_reached":51,"language":"ENG","playtime":2735,"items_purged":["Normality","Normality"],"score":794,"play_id":"5f3c3620-68de-4077-9dcf-2112d2b7a579","local_time":"20210122071658","is_ascension_mode":false,"campfire_choices":[{"floor":11,"key":"REST"},{"floor":15,"key":"REST"},{"floor":23,"key":"REST"},{"data":"Sunder","floor":25,"key":"SMITH"},{"floor":27,"key":"REST"},{"data":"Self Repair","floor":32,"key":"SMITH"},{"floor":40,"key":"REST"},{"floor":42,"key":"REST"},{"floor":49,"key":"REST"}],"circlet_count":0,"master_deck":["Strike_B","Strike_B","Strike_B","Defend_B","Defend_B","Defend_B","Defend_B","Zap","Dualcast","Melter","FTL","Sunder+1","Ball Lightning","Gash+1","Gash+1","All For One+1","CurseOfTheBell","Self Repair+1","Gash+1","Gash+1","Cold Snap+1","Gash+1","Gash+1","Genetic Algorithm+1","Ball Lightning+1","Gash+1","Gash+1","Master of Strategy"],"relics":["Cracked Core","Orichalcum","Potion Belt","Ginger","Molten Egg 2","Du-Vu Doll","Membership Card","Calling Bell","Pantograph","PreservedInsect","aspiration:DSix","Sundial","Letter Opener","Bronze Scales","Ornamental Fan","Orrery","Black Star","Centennial Puzzle","Happy Flower","Shuriken","Dream Catcher","Sling","DollysMirror","Mercury Hourglass","Ancient Tea Set","Lantern","Blood Vial","Nunchaku"],"acts_visited":["Exordium","TheCity","TheBeyond"],"potions_floor_usage":[16,16,20,30,33,33,33,33,38,50,50,50,50],"damage_taken":[{"damage":10,"enemies":"Cultist","floor":1,"turns":4},{"damage":3,"enemies":"Small Slimes","floor":2,"turns":3},{"damage":3,"enemies":"Jaw Worm","floor":4,"turns":3},{"damage":15,"enemies":"Blue Slaver","floor":5,"turns":3},{"damage":39,"enemies":"Lagavulin","floor":6,"turns":6},{"damage":5,"enemies":"2 Fungi Beasts","floor":8,"turns":3},{"damage":7,"enemies":"Looter","floor":12,"turns":3},{"damage":9,"enemies":"Lots of Slimes","floor":13,"turns":3},{"damage":3,"enemies":"Slime Boss","floor":16,"turns":5},{"damage":17,"enemies":"3 Byrds","floor":18,"turns":4},{"damage":5,"enemies":"Spheric Guardian","floor":19,"turns":3},{"damage":15,"enemies":"Snake Plant","floor":20,"turns":3},{"damage":0,"enemies":"Cultist and Chosen","floor":21,"turns":3},{"damage":26,"enemies":"Centurion and Healer","floor":22,"turns":5},{"damage":1,"enemies":"Slavers","floor":24,"turns":2},{"damage":12,"enemies":"Gremlin Leader","floor":28,"turns":4},{"damage":7,"enemies":"3 Cultists","floor":30,"turns":4},{"damage":68,"enemies":"Automaton","floor":33,"turns":8},{"damage":9,"enemies":"Orb Walker","floor":35,"turns":2},{"damage":16,"enemies":"3 Shapes","floor":37,"turns":4},{"damage":32,"enemies":"3 Darklings","floor":38,"turns":3},{"damage":10,"enemies":"Spire Growth","floor":46,"turns":3},{"damage":34,"enemies":"Nemesis","floor":48,"turns":3},{"damage":66,"enemies":"Time Eater","floor":50,"turns":7}],"seed_played":"-9046006213938626047","potions_obtained":[{"floor":1,"key":"Ancient Potion"},{"floor":5,"key":"Ancient Potion"},{"floor":6,"key":"SpeedPotion"},{"floor":8,"key":"Explosive Potion"},{"floor":12,"key":"Explosive Potion"},{"floor":19,"key":"GamblersBrew"},{"floor":20,"key":"Guardian:BlockOnCardUsePotion"},{"floor":28,"key":"Fire Potion"},{"floor":30,"key":"SpeedPotion"},{"floor":33,"key":"FocusPotion"},{"floor":35,"key":"Slimebound:ThreeZeroPotion"},{"floor":37,"key":"BlessingOfTheForge"},{"floor":38,"key":"Fire Potion"}],"is_trial":false,"path_per_floor":["M","M","?","M","M","E","?","M","T","?","R","M","M","$","R","B",null,"M","M","M","M","M","R","E","R","T","R","E","$","M","?","R","B",null,"M","?","M","M","?","R","$","R","T","$","?","M","$","E","R","B",null],"character_chosen":"DEFECT","items_purchased":["Du-Vu Doll","Membership Card","Gash+1","Gash+1","Ornamental Fan","Orrery","Happy Flower","Shuriken","Dream Catcher","Sling","DollysMirror","Mercury Hourglass","Master of Strategy","Lantern"],"campfire_rested":7,"item_purchase_floors":[14,14,14,29,29,29,44,44,44,44,44,44,44,47],"current_hp_per_floor":[65,62,62,59,44,5,23,18,18,18,40,33,24,24,46,43,75,58,53,45,52,33,55,54,54,54,75,70,70,70,70,70,14,72,63,63,47,25,25,46,46,67,67,67,67,57,57,23,44,15],"gold":144,"neow_bonus":"HUNDRED_GOLD","is_daily":false,"chose_seed":false,"campfire_upgraded":2,"win_rate":0.0,"timestamp":1611328618,"path_taken":["M","M","?","M","M","E","?","M","T","?","R","M","?","$","R","BOSS","M","M","M","M","M","R","E","R","T","R","E","$","M","?","R","BOSS","M","?","M","M","?","R","$","R","T","$","?","?","?","E","R","BOSS"],"items_purchased_type":["Relic","Relic","Card","Card","Relic","Relic","Relic","Relic","Relic","Relic","Relic","Relic","Card","Relic"],"build_version":"2020-12-22","purchased_purges":2,"victory":true,"max_hp_per_floor":[75,75,75,75,75,75,75,75,75,75,75,75,75,75,75,75,75,75,75,75,75,75,75,75,75,75,75,75,75,75,72,72,72,72,72,72,72,72,72,72,72,72,72,72,72,72,72,72,72,72],"card_choices":[{"not_picked":["Beam Cell","Recycle","Go for the Eyes"],"picked":"SKIP","floor":1},{"not_picked":["Steam Power","Undo"],"picked":"Melter","floor":2},{"not_picked":["Stack","Sweeping Beam"],"picked":"FTL","floor":4},{"not_picked":["Skim","Leap"],"picked":"Sunder","floor":5},{"not_picked":["Conserve Battery","FTL"],"picked":"Ball Lightning","floor":6},{"not_picked":["Streamline","Beam Cell","Chaos"],"picked":"SKIP","floor":8},{"not_picked":["Blizzard+1","Redo","Coolheaded"],"picked":"SKIP","floor":12},{"not_picked":["Hello World","Hologram"],"picked":"Gash+1","floor":13},{"not_picked":["Creative AI","Rainbow"],"picked":"All For One+1","floor":16},{"not_picked":["Leap","Barrage+1","Rainbow"],"picked":"SKIP","floor":18},{"not_picked":["Fusion","Stack"],"picked":"Self Repair","floor":19},{"not_picked":["Rebound+1","Turbo"],"picked":"Gash+1","floor":20},{"not_picked":["Darkness","Rebound+1"],"picked":"Gash+1","floor":21},{"not_picked":["Barrage+1","Stack"],"picked":"Cold Snap+1","floor":22},{"not_picked":["Compile Driver+1","Undo+1"],"picked":"Gash+1","floor":24},{"not_picked":["Steam","Aggregate","aspiration:Polymerization"],"picked":"SKIP","floor":28},{"not_picked":["Storm","Hologram"],"picked":"Genetic Algorithm+1","floor":29},{"not_picked":["Seek","Aggregate+1"],"picked":"Ball Lightning+1","floor":29},{"not_picked":["Hello World","Hologram"],"picked":"Gash+1","floor":30},{"not_picked":["Ball Lightning+1","aspiration:Polymerization","Defragment+1"],"picked":"SKIP","floor":35},{"not_picked":["Fusion","Doom and Gloom+1","Coolheaded+1"],"picked":"SKIP","floor":37},{"not_picked":["Steam","Stack+1","Redo+1"],"picked":"SKIP","floor":38},{"not_picked":["Stack","Sweeping Beam+1","Rebound+1"],"picked":"SKIP","floor":46},{"not_picked":["Compile Driver+1","Cold Snap+1","Ball Lightning+1"],"picked":"SKIP","floor":48}],"player_experience":42336,"relics_obtained":[{"floor":6,"key":"Potion Belt"},{"floor":9,"key":"Ginger"},{"floor":17,"key":"Pantograph"},{"floor":17,"key":"PreservedInsect"},{"floor":17,"key":"aspiration:DSix"},{"floor":24,"key":"Sundial"},{"floor":26,"key":"Letter Opener"},{"floor":28,"key":"Bronze Scales"},{"floor":43,"key":"Centennial Puzzle"},{"floor":48,"key":"Blood Vial"},{"floor":48,"key":"Nunchaku"}],"event_choices":[{"damage_healed":0,"gold_gain":0,"player_choice":"Box","damage_taken":0,"relics_obtained":["Orichalcum"],"max_hp_gain":0,"max_hp_loss":0,"event_name":"Big Fish","floor":3,"gold_loss":0,"cards_obtained":["Regret"]},{"damage_healed":18,"gold_gain":0,"player_choice":"Healed and dodged fight","damage_taken":0,"max_hp_gain":0,"max_hp_loss":0,"event_name":"Mushrooms","floor":7,"gold_loss":0,"cards_obtained":["Parasite"]},{"cards_removed":["Injury","Parasite","Regret"],"damage_healed":0,"gold_gain":0,"player_choice":"Removed Curses","damage_taken":0,"max_hp_gain":0,"max_hp_loss":0,"event_name":"Fountain of Cleansing","floor":31,"gold_loss":0},{"cards_removed":["Strike_B"],"damage_healed":0,"gold_gain":0,"player_choice":"Removed Attack","damage_taken":0,"max_hp_gain":0,"max_hp_loss":0,"event_name":"Falling","floor":36,"gold_loss":0},{"damage_healed":0,"gold_gain":999,"player_choice":"Gold","damage_taken":0,"max_hp_gain":0,"max_hp_loss":0,"event_name":"MindBloom","floor":39,"gold_loss":0,"cards_obtained":["Normality","Normality"]},{"damage_healed":0,"gold_gain":0,"player_choice":"Paid Gold","damage_taken":0,"relics_obtained":["Ancient Tea Set"],"max_hp_gain":0,"max_hp_loss":0,"event_name":"WeMeetAgain","floor":45,"gold_loss":106}],"is_beta":false,"boss_relics":[{"not_picked":["aspiration:BursterCore","Cursed Key"],"picked":"Calling Bell"},{"not_picked":["aspiration:RitualDagger","aspiration:RunicSpoon"],"picked":"Black Star"}],"items_purged_floors":[41,44],"is_endless":false,"potions_floor_spawned":[1,5,6,8,12,19,20,28,30,33,35,37,38],"ascension_level":0}}