{"host":"cpfpi6qzkh3nfm6s","time":1611324776,"event":{"mods":["AchievementEnabler","BaseMod","Colored Map","Downfall","Minty Spire (QoL Compilation)","StSLib"],"gold_per_floor":[116,135,135,155,167,800,800,830,902,902,977,977,992,399,399,499,499,499,499,323,323,248,248,248,248,248,248,248,248,450,450,450,450,450,450,450,450,450,450,450,450,450,450,450,450,450,526,526,526],"floor_reached":48,"language":"ENG","playtime":1751,"items_purged":["Strike_B","Strike_B","Strike_B","Defend_B"],"score":513,"play_id":"aa319f9b-3027-498d-9105-baacc72c42ab","local_time":"20210122141256","is_ascension_mode":false,"campfire_choices":[{"data":"1","floor":7,"key":"LIFT"},{"data":"Capacitor","floor":10,"key":"SMITH"},{"data":"2","floor":15,"key":"LIFT"},{"data":"Defragment","floor":24,"key":"SMITH"},{"data":"Loop","floor":29,"key":"SMITH"},{"data":"Defragment","floor":32,"key":"SMITH"},{"data":"Hello World","floor":42,"key":"SMITH"},{"data":"Rainbow","floor":45,"key":"SMITH"}],"circlet_count":0,"master_deck":["Defend_B","Defend_B","Zap","Dualcast","Cold Snap","Gash","Capacitor+1","Beam Cell","Darkness+1","Gash","Loop+1","Multi-Cast","Ball Lightning","Defragment+1","Heatsinks","Redo+1","Lockon","Defragment+1","Rainbow+1","Doom and Gloom","Ball Lightning","Ball Lightning","White Noise","Redo+1","Hello World+1","Chaos","Discovery","Compile Driver","Loop+1"],"relics":["Cracked Core","NeowsBlessing","Regal Pillow","Girya","Dream Catcher","Question Card","Juzu Bracelet","ClockworkSouvenir","Centennial Puzzle","Ectoplasm","Orichalcum","Meat on the Bone","Oddly Smooth Stone","Boot","HandDrill","Runic Pyramid","InkBottle","Bag of Preparation","Omamori","Frozen Egg 2","Toolbox"],"acts_visited":["Exordium","TheCity","TheBeyond"],"potions_floor_usage":[8,16,33],"damage_taken":[{"damage":0,"enemies":"Jaw Worm","floor":1,"turns":1},{"damage":0,"enemies":"Small Slimes","floor":2,"turns":1},{"damage":0,"enemies":"Cultist","floor":4,"turns":1},{"damage":13,"enemies":"Exordium Wildlife","floor":5,"turns":5},{"damage":20,"enemies":"3 Sentries","floor":6,"turns":7},{"damage":12,"enemies":"Lagavulin","floor":8,"turns":5},{"damage":23,"enemies":"Gremlin Gang","floor":13,"turns":5},{"damage":23,"enemies":"Hexaghost","floor":16,"turns":5},{"damage":5,"enemies":"Spheric Guardian","floor":18,"turns":3},{"damage":0,"enemies":"Chosen","floor":21,"turns":3},{"damage":22,"enemies":"Book of Stabbing","floor":23,"turns":3},{"damage":0,"enemies":"Snecko","floor":25,"turns":5},{"damage":0,"enemies":"Chosen and Byrds","floor":31,"turns":1},{"damage":4,"enemies":"Champ","floor":33,"turns":6},{"damage":0,"enemies":"Orb Walker","floor":35,"turns":2},{"damage":30,"enemies":"3 Darklings","floor":36,"turns":4},{"damage":3,"enemies":"Transient","floor":38,"turns":5},{"damage":5,"enemies":"Giant Head","floor":40,"turns":3},{"damage":16,"enemies":"Spire Growth","floor":41,"turns":4},{"damage":4,"enemies":"Jaw Worm Horde","floor":44,"turns":3},{"damage":32,"enemies":"Reptomancer","floor":48,"turns":2}],"seed_played":"3172708836954332487","potions_obtained":[{"floor":6,"key":"PowerPotion"},{"floor":8,"key":"Fire Potion"},{"floor":13,"key":"Ancient Potion"},{"floor":16,"key":"AttackPotion"},{"floor":23,"key":"BlessingOfTheForge"},{"floor":33,"key":"Block Potion"}],"is_trial":false,"path_per_floor":["M","M","?","M","M","E","R","E","T","R","?","?","M","$","R","B",null,"M","?","$","M","?","E","R","M","T","?","?","R","$","M","R","B",null,"M","M","?","M","?","E","M","R","T","M","R","?","$","E"],"character_chosen":"DEFECT","items_purchased":["Juzu Bracelet","ClockworkSouvenir","Centennial Puzzle","Loop","Defragment","Lockon","Oddly Smooth Stone","Boot","HandDrill","Omamori","Frozen Egg 2","Toolbox","Compile Driver","Loop+1"],"campfire_rested":0,"item_purchase_floors":[14,14,14,14,20,30,30,30,30,47,47,47,47,47],"current_hp_per_floor":[75,75,68,68,75,55,55,43,43,43,75,75,52,52,52,75,75,70,70,70,70,70,48,48,48,48,48,48,48,48,48,48,44,75,75,45,45,42,42,49,45,45,45,41,41,31,31,0,0],"gold":526,"neow_bonus":"THREE_ENEMY_KILL","is_daily":false,"chose_seed":false,"campfire_upgraded":6,"win_rate":0.0,"timestamp":1611324776,"path_taken":["M","M","?","M","M","E","R","E","T","R","?","?","?","$","R","BOSS","M","?","$","M","?","E","R","M","T","?","?","R","$","M","R","BOSS","M","M","?","M","?","E","M","R","T","M","R","?","$","E"],"items_purchased_type":["Relic","Relic","Relic","Card","Card","Card","Relic","Relic","Relic","Relic","Relic","Relic","Card","Card"],"build_version":"2020-12-22","purchased_purges":4,"victory":false,"max_hp_per_floor":[75,75,75,75,75,75,75,75,75,75,75,75,75,75,75,75,75,75,75,75,75,75,75,75,75,75,75,75,75,75,75,75,75,75,75,75,75,75,75,75,75,75,75,75,75,75,75,75,75],"card_choices":[{"not_picked":["Conserve Battery","Barrage"],"picked":"Cold Snap","floor":1},{"not_picked":["Hologram","Force Field"],"picked":"Gash","floor":2},{"not_picked":["Skim","Chill"],"picked":"Capacitor","floor":4},{"not_picked":["Steam","Stack"],"picked":"Beam Cell","floor":5},{"not_picked":["Streamline","Double Energy"],"picked":"Darkness","floor":6},{"not_picked":["Thunder Strike","Stack","Self Repair"],"picked":"SKIP","floor":8},{"not_picked":["Sweeping Beam","Conserve Battery","Beam Cell"],"picked":"Gash","floor":13},{"not_picked":["Amplify","Buffer","Biased Cognition"],"picked":"Multi-Cast","floor":16},{"not_picked":["Coolheaded","Hologram","Redo"],"picked":"Ball Lightning","floor":18},{"not_picked":["Cold Snap","Static Discharge","Go for the Eyes"],"picked":"Heatsinks","floor":21},{"not_picked":["Conserve Battery+1","Force Field","Aggregate"],"picked":"Redo+1","floor":23},{"not_picked":["Leap","Beam Cell","Hologram+1","Streamline"],"picked":"SKIP","floor":25},{"not_picked":["Barrage","Coolheaded","Machine Learning"],"picked":"Defragment","floor":31},{"not_picked":["Buffer","Fission","Seek"],"picked":"Rainbow","floor":33},{"not_picked":["Go for the Eyes","Gash+1","Genetic Algorithm"],"picked":"Doom and Gloom","floor":35},{"not_picked":["Gash+1","Rip and Tear+1","FTL+1"],"picked":"Ball Lightning","floor":36},{"not_picked":["Barrage+1","Glacier","Cold Snap+1"],"picked":"Ball Lightning","floor":38},{"not_picked":["Genetic Algorithm","Glacier","Ball Lightning+1"],"picked":"Redo+1","floor":40},{"not_picked":["Force Field","Coolheaded+1","Steam+1"],"picked":"Hello World","floor":41},{"not_picked":["Buffer","Consume","Barrage+1"],"picked":"Chaos","floor":44},{"not_picked":["Bandage Up","Master of Strategy","Enlightenment"],"picked":"Discovery","floor":46}],"player_experience":10847,"relics_obtained":[{"floor":6,"key":"Girya"},{"floor":8,"key":"Dream Catcher"},{"floor":9,"key":"Question Card"},{"floor":23,"key":"Orichalcum"},{"floor":26,"key":"Meat on the Bone"},{"floor":40,"key":"InkBottle"},{"floor":43,"key":"Bag of Preparation"}],"event_choices":[{"damage_healed":0,"gold_gain":0,"player_choice":"Success","damage_taken":7,"relics_obtained":["Regal Pillow"],"max_hp_gain":0,"max_hp_loss":0,"event_name":"Scrap Ooze","floor":3,"gold_loss":0},{"damage_healed":0,"gold_gain":75,"player_choice":"Gather Gold","damage_taken":11,"max_hp_gain":0,"max_hp_loss":0,"event_name":"World of Goop","floor":11,"gold_loss":0},{"damage_healed":0,"gold_gain":0,"player_choice":"Upgraded","damage_taken":0,"max_hp_gain":0,"max_hp_loss":0,"event_name":"Upgrade Shrine","floor":12,"gold_loss":0,"cards_upgraded":["Darkness"]},{"damage_healed":0,"gold_gain":100,"player_choice":"Pray","damage_taken":0,"max_hp_gain":0,"max_hp_loss":0,"event_name":"Golden Shrine","floor":19,"gold_loss":0},{"cards_removed":["Strike_B"],"damage_healed":0,"gold_gain":0,"player_choice":"Gave Gold","damage_taken":0,"max_hp_gain":0,"max_hp_loss":0,"event_name":"Beggar","floor":22,"gold_loss":75},{"damage_healed":0,"gold_gain":0,"player_choice":"Ignored","damage_taken":0,"max_hp_gain":0,"max_hp_loss":0,"event_name":"Ghosts","floor":27,"gold_loss":0},{"damage_healed":0,"gold_gain":99,"player_choice":"Stole From Cult","damage_taken":0,"max_hp_gain":0,"max_hp_loss":0,"event_name":"Nest","floor":28,"gold_loss":0},{"cards_removed":["Defend_B"],"damage_healed":0,"gold_gain":0,"player_choice":"Removed Skill","damage_taken":0,"max_hp_gain":0,"max_hp_loss":0,"event_name":"Falling","floor":37,"gold_loss":0},{"damage_healed":0,"gold_gain":0,"player_choice":"1 cards matched","damage_taken":0,"max_hp_gain":0,"max_hp_loss":0,"event_name":"Match and Keep!","floor":39,"gold_loss":0,"cards_obtained":["White Noise"]},{"damage_healed":0,"gold_gain":0,"player_choice":"Memory 3","damage_taken":10,"max_hp_gain":0,"max_hp_loss":0,"event_name":"SensoryStone","floor":46,"gold_loss":0}],"is_beta":false,"boss_relics":[{"not_picked":["Velvet Choker","Philosopher\u0027s Stone"],"picked":"Ectoplasm"},{"not_picked":["bronze:MakeshiftBattery","Coffee Dripper"],"picked":"Runic Pyramid"}],"items_purged_floors":[14,20,30,47],"is_endless":false,"potions_floor_spawned":[6,8,13,16,23,33,36,44],"killed_by":"Reptomancer","ascension_level":0}}