{"host":"zrg8yzdwi219jxzu","time":1611273767,"event":{"mods":["BaseMod","Minty Spire (QoL Compilation)","The IronCluck","slay the spire mod where everything is the same but ironclad has a cowboy hat"],"gold_per_floor":[116,41,53,69,86,86,261,261,261,261,287,306,326,343,343,343,343],"floor_reached":16,"language":"ENG","playtime":498,"items_purged":["Strike_B"],"score":109,"play_id":"2926e1af-e898-4032-a136-c291f6af9b93","local_time":"20210121190247","is_ascension_mode":true,"campfire_choices":[{"data":"Sunder","floor":6,"key":"SMITH"},{"data":"White Noise","floor":10,"key":"SMITH"},{"floor":15,"key":"REST"}],"circlet_count":0,"master_deck":["Strike_B+1","Strike_B","Strike_B","Defend_B+1","Defend_B","Defend_B","Defend_B","Zap","Dualcast","White Noise+1","Sweeping Beam","Sunder+1","Redo","Doubt","Self Repair","Skim","White Noise"],"relics":["Cracked Core","Bronze Scales","Matryoshka","Mercury Hourglass"],"acts_visited":["Exordium"],"potions_floor_usage":[11,11,16],"damage_taken":[{"damage":6,"enemies":"2 Louse","floor":1,"turns":2},{"damage":9,"enemies":"Small Slimes","floor":3,"turns":3},{"damage":13,"enemies":"Jaw Worm","floor":4,"turns":3},{"damage":5,"enemies":"Looter","floor":5,"turns":3},{"damage":21,"enemies":"Lagavulin","floor":11,"turns":5},{"damage":2,"enemies":"Blue Slaver","floor":12,"turns":3},{"damage":0,"enemies":"2 Fungi Beasts","floor":13,"turns":1},{"damage":6,"enemies":"Exordium Thugs","floor":14,"turns":3},{"damage":30,"enemies":"The Guardian","floor":16,"turns":9}],"seed_played":"-6819397543885492454","potions_obtained":[{"floor":1,"key":"EssenceOfSteel"},{"floor":5,"key":"AttackPotion"},{"floor":12,"key":"Dexterity Potion"}],"is_trial":false,"path_per_floor":["M","$","M","M","M","R","?","?","T","R","E","M","M","M","R","B"],"character_chosen":"DEFECT","items_purchased":[],"campfire_rested":1,"item_purchase_floors":[],"current_hp_per_floor":[69,69,60,47,42,42,42,27,27,27,6,11,11,5,27,0,0],"gold":343,"neow_bonus":"RANDOM_COMMON_RELIC","is_daily":false,"chose_seed":false,"campfire_upgraded":2,"win_rate":0.0,"timestamp":1611273767,"path_taken":["M","$","M","M","M","R","?","?","T","R","E","M","M","M","R","BOSS"],"items_purchased_type":[],"build_version":"2020-12-22","purchased_purges":1,"victory":false,"max_hp_per_floor":[75,75,75,75,75,75,75,75,75,75,75,75,75,75,75,75,75],"card_choices":[{"not_picked":["Glacier","Static Discharge"],"picked":"White Noise","floor":1},{"not_picked":["Doom and Gloom","Hologram"],"picked":"Sweeping Beam","floor":3},{"not_picked":["Compile Driver","Barrage"],"picked":"Sunder","floor":4},{"not_picked":["Barrage","Streamline"],"picked":"Redo","floor":5},{"not_picked":["Genetic Algorithm","Heatsinks"],"picked":"Self Repair","floor":11},{"not_picked":["Hello World","Barrage","Streamline"],"picked":"SKIP","floor":12},{"not_picked":["Blizzard","Steam"],"picked":"Skim","floor":13},{"not_picked":["Hello World","Doom and Gloom"],"picked":"White Noise","floor":14}],"player_experience":118890,"relics_obtained":[{"floor":9,"key":"Matryoshka"},{"floor":11,"key":"Mercury Hourglass"}],"event_choices":[{"damage_healed":0,"gold_gain":175,"player_choice":"AGREE","damage_taken":0,"max_hp_gain":0,"max_hp_loss":0,"event_name":"Liars Game","floor":7,"gold_loss":0,"cards_obtained":["Doubt"]},{"damage_healed":0,"gold_gain":0,"player_choice":"Entered Light","damage_taken":15,"max_hp_gain":0,"max_hp_loss":0,"event_name":"Shining Light","floor":8,"gold_loss":0,"cards_upgraded":["Strike_B","Defend_B"]}],"is_beta":false,"boss_relics":[],"items_purged_floors":[2],"is_endless":false,"potions_floor_spawned":[1,5,12],"killed_by":"The Guardian","ascension_level":1}}