{"host":"j36qkj20jqndbw01","time":1611322118,"event":{"mods":["AchievementEnabler","BaseMod","Colored Map","DeckTracker","Highlight Path","Keyboard Shortcuts","Minty Spire (QoL Compilation)","Quick Restart","Relic Stats","StSLib","SuperFastMode","everything is the same but u backflip on backflip"],"gold_per_floor":[111,111,130,144,154,154,180,180,180,180,180,180],"floor_reached":11,"language":"KOR","playtime":246,"items_purged":[],"score":139,"play_id":"703f691a-e77a-456b-b7c6-9a12c9116191","local_time":"20210122222838","is_ascension_mode":true,"campfire_choices":[{"data":"Zap","floor":6,"key":"SMITH"},{"data":"Loop","floor":8,"key":"SMITH"},{"floor":10,"key":"REST"}],"circlet_count":0,"master_deck":["AscendersBane","Strike_B","Strike_B","Strike_B+1","Strike_B","Defend_B","Defend_B","Defend_B","Defend_B","Zap+1","Dualcast","Turbo+1","Cold Snap","Loop+1","Ball Lightning","Barrage+1"],"relics":["Cracked Core","NeowsBlessing","Molten Egg 2"],"acts_visited":["Exordium"],"potions_floor_usage":[],"damage_taken":[{"damage":0,"enemies":"Jaw Worm","floor":1,"turns":1},{"damage":0,"enemies":"Cultist","floor":3,"turns":1},{"damage":0,"enemies":"2 Louse","floor":4,"turns":1},{"damage":12,"enemies":"Large Slime","floor":5,"turns":9},{"damage":26,"enemies":"Lagavulin","floor":7,"turns":7},{"damage":28,"enemies":"3 Sentries","floor":11,"turns":5}],"seed_played":"-2581793405283537798","potions_obtained":[{"floor":7,"key":"Ancient Potion"}],"is_trial":false,"path_per_floor":["M","?","M","M","M","R","E","R","T","R","E"],"character_chosen":"DEFECT","items_purchased":[],"campfire_rested":1,"item_purchase_floors":[],"current_hp_per_floor":[64,43,43,43,31,31,5,5,5,26,0,0],"gold":180,"neow_bonus":"THREE_ENEMY_KILL","is_daily":false,"chose_seed":false,"campfire_upgraded":2,"win_rate":0.0,"timestamp":1611322118,"path_taken":["M","?","M","M","M","R","E","R","T","R","E"],"items_purchased_type":[],"build_version":"2020-12-22","purchased_purges":0,"victory":false,"max_hp_per_floor":[71,71,71,71,71,71,71,71,71,71,71,71],"relic_stats":{"counters":[6,24],"obtain_stats":[{"NeowsBlessing":0,"Molten Egg 2":7,"Cracked Core":0},{"NeowsBlessing":0,"Molten Egg 2":5,"Cracked Core":0},{"NeowsBlessing":0,"Molten Egg 2":19,"Cracked Core":0}]},"card_choices":[{"not_picked":["Barrage","Gash"],"picked":"Turbo","floor":1},{"not_picked":["Barrage","Hologram"],"picked":"Cold Snap","floor":3},{"not_picked":["Rebound","Streamline"],"picked":"Loop","floor":4},{"not_picked":["Go for the Eyes","Compile Driver"],"picked":"Ball Lightning","floor":5},{"not_picked":["Darkness","Leap"],"picked":"Barrage+1","floor":7}],"player_experience":1744817,"relics_obtained":[{"floor":7,"key":"Molten Egg 2"}],"event_choices":[{"damage_healed":0,"gold_gain":0,"player_choice":"Entered Light","damage_taken":21,"max_hp_gain":0,"max_hp_loss":0,"event_name":"Shining Light","floor":2,"gold_loss":0,"cards_upgraded":["Strike_B","Turbo"]}],"is_beta":false,"boss_relics":[],"items_purged_floors":[],"is_endless":false,"potions_floor_spawned":[7],"killed_by":"3 Sentries","ascension_level":18}}