{"host":"foq4mrde4mssg7vt","time":1611328915,"event":{"mods":["AchievementEnabler","BaseMod","Colored Map","Colored Powertips","Highlight Path","Minty Spire (QoL Compilation)","Relic Stats","everything is the same but u backflip on backflip"],"gold_per_floor":[113,125,125,143,160,193,193,203,203,203,203,234,254,269,269,269,269],"floor_reached":16,"language":"ENG","playtime":715,"items_purged":[],"score":228,"play_id":"e648e4b4-9379-44a9-b22f-595cf1367b19","local_time":"20210122232155","is_ascension_mode":true,"campfire_choices":[{"floor":7,"key":"REST"},{"data":"Sunder","floor":11,"key":"SMITH"},{"floor":15,"key":"REST"}],"circlet_count":0,"master_deck":["AscendersBane","Strike_B","Strike_B","Strike_B","Defend_B","Defend_B","Defend_B","Defend_B","Zap+1","Dualcast","Gash","Genetic Algorithm","Gash","Sunder+1","Barrage","Ball Lightning","Leap","Conserve Battery","Biased Cognition","Cold Snap"],"relics":["Sozu","Orichalcum","InkBottle"],"acts_visited":["Exordium"],"potions_floor_usage":[],"damage_taken":[{"damage":10.0,"enemies":"Small Slimes","floor":1.0,"turns":4.0},{"damage":10.0,"enemies":"2 Louse","floor":2.0,"turns":3.0},{"damage":0,"enemies":"Cultist","floor":4,"turns":4},{"damage":15,"enemies":"2 Fungi Beasts","floor":5,"turns":4},{"damage":20,"enemies":"Lagavulin","floor":6,"turns":5},{"damage":6,"enemies":"Large Slime","floor":8,"turns":5},{"damage":10,"enemies":"3 Sentries","floor":12,"turns":7},{"damage":0,"enemies":"3 Louse","floor":13,"turns":2},{"damage":1,"enemies":"Looter","floor":14,"turns":2},{"damage":34,"enemies":"Slime Boss","floor":16,"turns":6}],"seed_played":"2925998140091220037","potions_obtained":[],"is_trial":false,"path_per_floor":["M","M","?","M","M","E","R","M","T","?","R","E","M","M","R","B"],"character_chosen":"DEFECT","items_purchased":[],"campfire_rested":2,"item_purchase_floors":[],"current_hp_per_floor":[54,44,44,44,29,9,30,24,24,24,24,14,14,13,34,0,0],"gold":269,"neow_bonus":"BOSS_RELIC","is_daily":false,"chose_seed":false,"campfire_upgraded":1,"win_rate":0.0,"timestamp":1611328915,"path_taken":["M","M","?","M","M","E","R","M","T","?","R","E","M","M","R","BOSS"],"items_purchased_type":[],"build_version":"2020-12-22","purchased_purges":0,"victory":false,"max_hp_per_floor":[71,71,71,71,71,71,71,71,71,71,71,71,71,71,71,71,71],"relic_stats":{"Sozu":3,"counters":[10,42],"Orichalcum":[60],"obtain_stats":[{"Sozu":0,"Orichalcum":6,"Cracked Core":0,"InkBottle":12},{"Sozu":0,"Orichalcum":5,"Cracked Core":0,"InkBottle":7},{"Sozu":0,"Orichalcum":20,"Cracked Core":0,"InkBottle":32}],"InkBottle":[3]},"card_choices":[{"not_picked":["Stack","Scrape"],"picked":"Gash","floor":1.0},{"not_picked":["Darkness","Coolheaded"],"picked":"Genetic Algorithm","floor":2.0},{"not_picked":["Skim","Force Field"],"picked":"Gash","floor":4},{"not_picked":["Heatsinks","Turbo"],"picked":"Sunder","floor":5},{"not_picked":["Hologram","Undo"],"picked":"Barrage","floor":6},{"not_picked":["Genetic Algorithm","Streamline"],"picked":"Ball Lightning","floor":8},{"not_picked":["Tempest","Rebound"],"picked":"Conserve Battery","floor":12},{"not_picked":["Fusion","Conserve Battery"],"picked":"Biased Cognition","floor":13},{"not_picked":["Sweeping Beam","Redo"],"picked":"Cold Snap","floor":14}],"player_experience":554298,"relics_obtained":[{"floor":6,"key":"Orichalcum"},{"floor":12,"key":"InkBottle"}],"event_choices":[{"damage_healed":0,"gold_gain":0,"player_choice":"Grow","damage_taken":0,"max_hp_gain":0,"max_hp_loss":0,"event_name":"Living Wall","floor":3,"gold_loss":0,"cards_upgraded":["Zap"]},{"damage_healed":0,"gold_gain":0,"cards_transformed":["Strike_B"],"player_choice":"Transformed","damage_taken":0,"max_hp_gain":0,"max_hp_loss":0,"event_name":"Transmorgrifier","floor":10,"gold_loss":0,"cards_obtained":["Leap"]}],"is_beta":false,"boss_relics":[],"items_purged_floors":[],"is_endless":false,"potions_floor_spawned":[6,8,12],"killed_by":"Slime Boss","ascension_level":20}}