{"host":"8rwnpls8n88jrgbg","time":1611318718,"event":{"mods":["AchievementEnabler","BaseMod","Colored Map","Colored Powertips","DeckTracker","Keyboard Shortcuts","Minty Spire (QoL Compilation)","Relic Stats","StSLib","SuperFastMode"],"gold_per_floor":[115,128,53,128,146,146,146,175,223,237,237,247,262,277,277,277,277],"floor_reached":16,"language":"KOR","playtime":955,"items_purged":["Strike_G"],"score":208,"play_id":"c269effe-59b9-4396-9e7a-79cf70c496e7","local_time":"20210122213158","is_ascension_mode":true,"campfire_choices":[{"data":"Neutralize","floor":6.0,"key":"SMITH"},{"data":"Escape Plan","floor":11,"key":"SMITH"},{"data":"Grand Finale","floor":15,"key":"SMITH"}],"circlet_count":0,"master_deck":["AscendersBane","Strike_G","Strike_G","Strike_G","Strike_G","Defend_G","Defend_G","Defend_G","Defend_G","Defend_G","Survivor","Neutralize+1","Grand Finale+1","Quick Slash+1","Escape Plan+1","Backflip"],"relics":["Ring of the Snake","Bag of Marbles","Blood Vial"],"acts_visited":["Exordium"],"potions_floor_usage":[8,13,16,16],"damage_taken":[{"damage":1.0,"enemies":"Cultist","floor":1.0,"turns":5.0},{"damage":3.0,"enemies":"Jaw Worm","floor":2.0,"turns":7.0},{"damage":0.0,"enemies":"2 Louse","floor":5.0,"turns":3.0},{"damage":15,"enemies":"3 Sentries","floor":8,"turns":12},{"damage":0,"enemies":"Exordium Wildlife","floor":10,"turns":4},{"damage":1,"enemies":"3 Louse","floor":12,"turns":3},{"damage":16,"enemies":"Red Slaver","floor":13,"turns":7},{"damage":0,"enemies":"Looter","floor":14,"turns":3},{"damage":10,"enemies":"Hexaghost","floor":16,"turns":9}],"seed_played":"1537532630039469918","potions_obtained":[{"floor":1.0,"key":"Dexterity Potion"},{"floor":8,"key":"EssenceOfSteel"},{"floor":13,"key":"SpeedPotion"},{"floor":14,"key":"Swift Potion"}],"is_trial":false,"path_per_floor":["M","M","$","?","M","R","?","E","T","M","R","M","M","M","R","B"],"character_chosen":"THE_SILENT","items_purchased":[],"campfire_rested":0,"item_purchase_floors":[],"current_hp_per_floor":[43,40,40,29,29,29,29,14,14,16,16,17,3,5,5,0,0],"gold":277,"neow_bonus":"THREE_RARE_CARDS","is_daily":false,"chose_seed":false,"campfire_upgraded":3,"win_rate":0.0,"timestamp":1611318718,"path_taken":["M","M","$","?","M","R","?","E","T","M","R","?","M","M","R","BOSS"],"items_purchased_type":[],"build_version":"2020-12-22","purchased_purges":1,"victory":false,"max_hp_per_floor":[66,66,66,66,66,66,66,66,66,66,66,66,66,66,66,66,66],"relic_stats":{"Blood Vial":10,"counters":[9,53],"obtain_stats":[{"Blood Vial":9,"Bag of Marbles":8,"Ring of the Snake":0},{"Blood Vial":4,"Bag of Marbles":4,"Ring of the Snake":0},{"Blood Vial":27,"Bag of Marbles":27,"Ring of the Snake":0}],"Ring of the Snake":[18]},"card_choices":[{"not_picked":["Phantasmal Killer","Doppelganger"],"picked":"Grand Finale","floor":0.0},{"not_picked":["Tactician","Prepared"],"picked":"Quick Slash","floor":1.0},{"not_picked":["Masterful Stab","Sucker Punch","Cloak And Dagger"],"picked":"SKIP","floor":2.0},{"not_picked":["Blade Dance","Cloak And Dagger","Setup"],"picked":"SKIP","floor":5.0},{"not_picked":["Endless Agony","Dodge and Roll"],"picked":"Escape Plan","floor":8},{"not_picked":["Flechettes","Dagger Spray","Bullet Time"],"picked":"SKIP","floor":10},{"not_picked":["Flechettes","Dagger Spray","Bullet Time"],"picked":"SKIP","floor":10},{"not_picked":["Flechettes","Dagger Spray","Bullet Time"],"picked":"SKIP","floor":10},{"not_picked":["Masterful Stab","Quick Slash"],"picked":"Backflip","floor":12},{"not_picked":["Bouncing Flask","Escape Plan","Cloak And Dagger"],"picked":"SKIP","floor":13},{"not_picked":["Slice","Dagger Spray","Backflip"],"picked":"SKIP","floor":14}],"player_experience":1509845,"relics_obtained":[{"floor":8,"key":"Bag of Marbles"},{"floor":9,"key":"Blood Vial"}],"event_choices":[{"damage_healed":0.0,"max_hp_gain":0.0,"max_hp_loss":0.0,"gold_gain":75.0,"event_name":"World of Goop","player_choice":"Gather Gold","floor":4.0,"gold_loss":0.0,"damage_taken":11.0},{"damage_healed":0.0,"max_hp_gain":0.0,"max_hp_loss":0.0,"gold_gain":0.0,"event_name":"Upgrade Shrine","player_choice":"Upgraded","floor":7.0,"gold_loss":0.0,"damage_taken":0.0,"cards_upgraded":["Quick Slash"]}],"is_beta":false,"boss_relics":[],"items_purged_floors":[3],"is_endless":false,"potions_floor_spawned":[1,8,13,14],"killed_by":"Hexaghost","ascension_level":20}}