{"host":"3xls0xm49ftugio7","time":1611315490,"event":{"mods":["2.2 Compatiblity","AchievementEnabler","Act Like it!","BaseMod","Bestiary","Colored Powertips","Infinite Spire","Minty Spire (QoL Compilation)","Quick Restart","StSLib"],"gold_per_floor":[216,216,236,236,247,247,263,298,321,321,346,346,10,28,28,106,106,122,122,122,139,153,153,200,200,223,223,249,17,17,28,28,103,103,123,173,19,34,88,88,88,119,167,0,28,28,28,53,53,128,201,201,211,226,250,250,265,265,281,293,317,317,149,149,175,176,176,241,241,249,199,197,147,165,189,189,269,315,315,315,316,316,130,130,185,185,181,172,172,198,192,202,202,195,195,195,202,202,424,434,434,468,519,519,512,522,168,183,183,195,208,212,212,218,218,194,201,206,206,240,240,254,264,264,264,257,257,269,275,275,253,244,241,252,28,28,73,73,70,31,31,32,14,14,14,14,14,11,11,28,19,43,43,73,116,116,116,116,141,211],"floor_reached":161,"language":"ENG","playtime":9816,"items_purged":["Pain","Shame","Defend_R","Defend_R","Rampage","Bite","Hemokinesis","Bite"],"score":8349,"play_id":"dda6309b-091f-4911-a9e6-6e4348d75aa7","local_time":"20210122133810","is_ascension_mode":true,"campfire_choices":[{"data":"Seeing Red","floor":6.0,"key":"SMITH"},{"floor":10.0,"key":"REST"},{"data":"Flame Barrier","floor":15.0,"key":"SMITH"},{"data":"Searing Blow","floor":23.0,"key":"SMITH"},{"data":"Offering","floor":32.0,"key":"SMITH"},{"data":"Searing Blow+1","floor":40.0,"key":"SMITH"},{"data":"Fiend Fire","floor":47.0,"key":"SMITH"},{"data":"Searing Blow+2","floor":49.0,"key":"SMITH"},{"data":"Searing Blow+3","floor":58.0,"key":"SMITH"},{"floor":62.0,"key":"REST"},{"data":"Searing Blow+4","floor":67.0,"key":"SMITH"},{"floor":76.0,"key":"REST"},{"data":"Feed","floor":80.0,"key":"SMITH"},{"data":"Seeing Red","floor":82.0,"key":"SMITH"},{"data":"Immolate","floor":84.0,"key":"SMITH"},{"floor":93.0,"key":"REST"},{"data":"True Grit","floor":101.0,"key":"SMITH"},{"data":"Pommel Strike","floor":115.0,"key":"SMITH"},{"data":"Searing Blow+5","floor":119.0,"key":"SMITH"},{"data":"Searing Blow+6","floor":127.0,"key":"SMITH"},{"data":"Searing Blow+7","floor":136.0,"key":"SMITH"},{"data":"Searing Blow+8","floor":144,"key":"SMITH"},{"data":"Searing Blow+9","floor":146,"key":"SMITH"},{"data":"Searing Blow+10","floor":153,"key":"SMITH"},{"data":"Searing Blow+11","floor":157,"key":"SMITH"}],"circlet_count":2,"master_deck":["AscendersBane","Bash","Whirlwind+1","Seeing Red+1","Pommel Strike","infinitespire:OneForAll","Seeing Red+1","Flame Barrier+1","Fiend Fire+1","Body Slam","Searing Blow+12","infinitespire:UltimateForm+1","Bite","Bite","Bite+1","infinitespire:Fortify","Offering+1","True Grit+1","Headbutt","Corruption+1","Feel No Pain+1","Shrug It Off","Shrug It Off","Bloodletting+1","Dark Embrace+1","Barricade+1","infinitespire:NeuralNetwork+1","Impervious+1","Twin Strike","Clothesline","Double Tap+1","Immolate+1","Feed+1","Warcry+1","Warcry+1","Second Wind+1","Bloodletting+1","Dark Embrace+1","True Grit+1","Sentinel+1","Shrug It Off+1","Pommel Strike+1","Intimidate+1","infinitespire:FutureSight+1","Power Through+1","Twin Strike+1","Reaper","Reaper","Havoc+1","Cleave","Burning Pact+1","Carnage","Exhume+1","Twin Strike","Exhume+1","Shrug It Off+1","Intimidate+1","Seeing Red+1","Shrug It Off+1","Dropkick","Offering+1","Shrug It Off+1","Rampage","Dropkick","infinitespire:UltimateForm+1","Offering+1","Impervious+1","Demon Form+1","Entrench+1","Fiend Fire+1"],"relics":["infinitespire:DarkRift","WarpedTongs","infinitespire:Lucky Rock","Omamori","Odd Mushroom","Akabeko","Toy Ornithopter","Calling Bell","Tiny Chest","Frozen Egg 2","infinitespire:CursedDice","MutagenicStrength","Centennial Puzzle","infinitespire:Blanks Blanky","Gambling Chip","PreservedInsect","infinitespire:PuzzleCube","infinitespire:Burning Sword","Pen Nib","infinitespire:Golems Mask","Blue Candle","Toxic Egg 2","Juzu Bracelet","Red Mask","infinitespire:Satchel","Champion Belt","infinitespire:Cupcake","Anchor","Circlet","Smiling Mask","Boot","Potion Belt","infinitespire:Cubic Diamond","Lizard Tail","Empty Cage","Happy Flower","InkBottle","Lantern","Philosopher\u0027s Stone","Red Skull","Blood Vial","Pantograph","HornCleat","Membership Card","White Beast Statue","Torii","SacredBark","Paper Frog","Bag of Marbles","Sundial","Whetstone","infinitespire:WardingShard","Thread and Needle","Ancient Tea Set","Black Star","SlaversCollar","Bronze Scales","Self Forming Clay","Incense Burner","Vajra","Gremlin Horn","Shuriken","Chemical X","Runic Cube","MealTicket","Darkstone Periapt","Molten Egg 2","Orichalcum","infinitespire:CheckeredPen","infinitespire:EmpoweringShard","Bird Faced Urn","Dream Catcher"],"acts_visited":["Exordium","TheCity","TheBeyond","Exordium","TheCity","TheBeyond","TheCity","TheBeyond","TheEnding"],"potions_floor_usage":[137,148],"damage_taken":[{"damage":21.0,"enemies":"Jaw Worm","floor":1.0,"turns":5.0},{"damage":0.0,"enemies":"Small Slimes","floor":3.0,"turns":2.0},{"damage":1.0,"enemies":"Cultist","floor":5.0,"turns":3.0},{"damage":14.0,"enemies":"3 Louse","floor":7.0,"turns":2.0},{"damage":23.0,"enemies":"Lagavulin","floor":8.0,"turns":5.0},{"damage":1.0,"enemies":"The Mushroom Lair","floor":11.0,"turns":2.0},{"damage":0.0,"enemies":"Blue Slaver","floor":14.0,"turns":1.0},{"damage":41.0,"enemies":"Hexaghost","floor":16.0,"turns":8.0},{"damage":14.0,"enemies":"Chosen","floor":18.0,"turns":4.0},{"damage":0.0,"enemies":"Spheric Guardian","floor":21.0,"turns":2.0},{"damage":3.0,"enemies":"Cultist and Chosen","floor":22.0,"turns":3.0},{"damage":32.0,"enemies":"Nightmare","floor":28.0,"turns":8.0},{"damage":6.0,"enemies":"Centurion and Healer","floor":31.0,"turns":7.0},{"damage":43.0,"enemies":"Collector","floor":33.0,"turns":8.0},{"damage":12.0,"enemies":"Orb Walker","floor":35.0,"turns":3.0},{"damage":0.0,"enemies":"3 Darklings","floor":38.0,"turns":1.0},{"damage":0.0,"enemies":"2 Orb Walkers","floor":39.0,"turns":1.0},{"damage":16.0,"enemies":"Giant Head","floor":42.0,"turns":4.0},{"damage":0.0,"enemies":"Nemesis","floor":45.0,"turns":1.0},{"damage":6.0,"enemies":"Mind Bloom Boss Battle","floor":48.0,"turns":1.0},{"damage":44.0,"enemies":"infinitespire:MassOfShapes","floor":50.0,"turns":7.0},{"damage":37.0,"enemies":"Donu and Deca","floor":51.0,"turns":5.0},{"damage":0.0,"enemies":"Small Slimes","floor":53.0,"turns":2.0},{"damage":0.0,"enemies":"2 Louse","floor":54.0,"turns":1.0},{"damage":0.0,"enemies":"Jaw Worm","floor":57.0,"turns":1.0},{"damage":6.0,"enemies":"The Mushroom Lair","floor":59.0,"turns":2.0},{"damage":66.0,"enemies":"Nightmare","floor":60.0,"turns":5.0},{"damage":0.0,"enemies":"Gremlin Nob","floor":65.0,"turns":1.0},{"damage":6.0,"enemies":"3 Louse","floor":66.0,"turns":2.0},{"damage":16.0,"enemies":"The Guardian","floor":68.0,"turns":4.0},{"damage":0.0,"enemies":"Chosen","floor":70.0,"turns":1.0},{"damage":16.0,"enemies":"Shell Parasite","floor":72.0,"turns":2.0},{"damage":0.0,"enemies":"3 Cultists","floor":74.0,"turns":1.0},{"damage":0.0,"enemies":"Nightmare","floor":75.0,"turns":2.0},{"damage":9.0,"enemies":"Snake Plant","floor":81.0,"turns":2.0},{"damage":14.0,"enemies":"Automaton","floor":85.0,"turns":3.0},{"damage":0.0,"enemies":"3 Shapes","floor":87.0,"turns":4.0},{"damage":6.0,"enemies":"Orb Walker","floor":88.0,"turns":2.0},{"damage":22.0,"enemies":"Sphere and 2 Shapes","floor":91.0,"turns":3.0},{"damage":32.0,"enemies":"Nemesis","floor":92.0,"turns":3.0},{"damage":12.0,"enemies":"Nightmare","floor":94.0,"turns":4.0},{"damage":12.0,"enemies":"Nemesis","floor":97.0,"turns":1.0},{"damage":21.0,"enemies":"Jaw Worm Horde","floor":98.0,"turns":3.0},{"damage":0.0,"enemies":"Mind Bloom Boss Battle","floor":100.0,"turns":3.0},{"damage":49.0,"enemies":"infinitespire:MassOfShapes","floor":102.0,"turns":4.0},{"damage":58.0,"enemies":"Time Eater","floor":103.0,"turns":5.0},{"damage":0.0,"enemies":"Small Slimes","floor":105.0,"turns":3.0},{"damage":0.0,"enemies":"2 Louse","floor":106.0,"turns":1.0},{"damage":0.0,"enemies":"The Mushroom Lair","floor":108.0,"turns":4.0},{"damage":6.0,"enemies":"Lagavulin","floor":110.0,"turns":3.0},{"damage":0.0,"enemies":"Cultist","floor":111.0,"turns":2.0},{"damage":1.0,"enemies":"Looter","floor":112.0,"turns":4.0},{"damage":6.0,"enemies":"3 Sentries","floor":114.0,"turns":4.0},{"damage":0.0,"enemies":"Gremlin Gang","floor":116.0,"turns":4.0},{"damage":3.0,"enemies":"2 Fungi Beasts","floor":117.0,"turns":3.0},{"damage":15.0,"enemies":"Nightmare","floor":118.0,"turns":5.0},{"damage":102.0,"enemies":"Hexaghost","floor":120.0,"turns":5.0},{"damage":0.0,"enemies":"Shell Parasite","floor":122.0,"turns":1.0},{"damage":3.0,"enemies":"2 Thieves","floor":123.0,"turns":1.0},{"damage":6.0,"enemies":"Chosen and Byrds","floor":126.0,"turns":2.0},{"damage":6.0,"enemies":"Nightmare","floor":128.0,"turns":1.0},{"damage":3.0,"enemies":"Snecko","floor":129.0,"turns":3.0},{"damage":0.0,"enemies":"3 Cultists","floor":131.0,"turns":7.0},{"damage":0.0,"enemies":"Centurion and Healer","floor":132.0,"turns":4.0},{"damage":1.0,"enemies":"Chosen and Byrds","floor":133.0,"turns":1.0},{"damage":0.0,"enemies":"Book of Stabbing","floor":134.0,"turns":2.0},{"damage":366,"enemies":"infinitespire:LordOfFortification","floor":137,"turns":18},{"damage":0,"enemies":"Orb Walker","floor":139,"turns":3},{"damage":0,"enemies":"3 Shapes","floor":142,"turns":2},{"damage":15,"enemies":"Spire Growth","floor":143,"turns":3},{"damage":12,"enemies":"Writhing Mass","floor":148,"turns":2},{"damage":37,"enemies":"Nemesis","floor":150,"turns":3},{"damage":29,"enemies":"4 Shapes","floor":151,"turns":3},{"damage":0,"enemies":"Giant Head","floor":152,"turns":1},{"damage":129,"enemies":"infinitespire:LordOfFortification","floor":154,"turns":12},{"damage":15,"enemies":"Donu and Deca","floor":155,"turns":4},{"damage":0,"enemies":"Shield and Spear","floor":159,"turns":1},{"damage":0,"enemies":"The Heart","floor":160,"turns":1}],"seed_played":"1392120183144850303","potions_obtained":[{"floor":7.0,"key":"Energy Potion"},{"floor":11.0,"key":"DistilledChaos"},{"floor":14.0,"key":"DuplicationPotion"},{"floor":18.0,"key":"SmokeBomb"},{"floor":28.0,"key":"LiquidMemories"},{"floor":33.0,"key":"Fire Potion"},{"floor":45.0,"key":"Regen Potion"},{"floor":51.0,"key":"Weak Potion"},{"floor":54.0,"key":"DuplicationPotion"},{"floor":65.0,"key":"Dexterity Potion"},{"floor":66.0,"key":"SteroidPotion"},{"floor":85.0,"key":"LiquidMemories"},{"floor":92.0,"key":"Energy Potion"},{"floor":98.0,"key":"Fire Potion"},{"floor":103.0,"key":"PowerPotion"},{"floor":111.0,"key":"Fruit Juice"},{"floor":112.0,"key":"Strength Potion"},{"floor":114.0,"key":"FairyPotion"},{"floor":122.0,"key":"BloodPotion"},{"floor":137,"key":"ColorlessPotion"},{"floor":139,"key":"Energy Potion"},{"floor":142,"key":"BloodPotion"},{"floor":148,"key":"Weak Potion"}],"is_trial":false,"path_per_floor":["M","?","M","?","M","R","M","E","T","R","?","?","$","M","R","B",null,"M","?","?","M","M","R","T","?","T","?","NM","$","AVR","M","R","B",null,"M","T","$","M","?","R","T","E","T","?","E","?","R","?","R","B","B",null,"M","M","T","?","M","R","?","NM","T","R","$","?","E","M","R","B",null,"M","$","M","$","M","NM","R","T","T","?","R","M","R","$","R","B",null,"M","M","?","T","M","E","R","NM","T","AVR","E","M","?","?","R","B","B",null,"M","M","$","?","T","E","M","M","T","E","R","M","M","NM","R","B",null,"M","M","AVR","?","M","R","NM","M","T","M","M","M","E","$","R","B",null,"M","$","?","M","M","R","AVR","R","T","M","T","E","M","E","R","B","B",null,"R","$","E","B",null],"character_chosen":"IRONCLAD","items_purchased":["Seeing Red","Toy Ornithopter","PreservedInsect","True Grit","Shrug It Off","Potion Belt","Dark Embrace+1","True Grit+1","Burning Pact+1","Carnage","Paper Frog","Bag of Marbles","Shuriken","Chemical X","Rampage"],"campfire_rested":4,"item_purchase_floors":[13,13,29,29,37,63,83,83,107,107,107,107,135,135,140],"current_hp_per_floor":[53,53,59,59,64,64,56,39,39,61,66,61,61,67,67,42,67,59,59,85,85,85,85,85,85,85,59,51,51,51,59,59,37,54,48,48,48,54,59,59,59,51,51,51,57,56,56,56,56,38,15,46,54,56,56,56,56,56,56,26,26,56,56,56,56,56,56,42,53,53,53,37,37,37,37,56,56,56,56,56,56,56,56,56,46,57,60,64,64,64,46,30,64,68,68,68,68,58,58,76,76,36,34,69,75,77,77,84,84,82,88,106,106,108,108,122,127,115,115,87,122,124,131,131,131,134,134,130,138,138,154,158,157,162,162,162,10,124,152,152,152,170,161,161,161,161,161,156,156,134,156,158,158,149,168,176,176,178,178,178],"gold":211,"neow_bonus":"HUNDRED_GOLD","is_daily":false,"chose_seed":false,"campfire_upgraded":21,"win_rate":0.0,"timestamp":1611315490,"path_taken":["M","?","M","?","?","R","M","E","T","R","?","?","$","M","R","BOSS","M","?","?","M","?","R","?","?","T","?","NM","?","AVR","M","R","BOSS","M","?","?","?","?","R","?","E","T","?","E","?","R","?","R","BOSS","BOSS","M","M","?","?","M","R","?","NM","T","R","$","?","E","M","R","BOSS","M","$","M","$","M","NM","R","?","T","?","R","M","R","?","R","BOSS","M","M","?","?","M","E","R","NM","T","AVR","E","M","?","?","R","BOSS","BOSS","M","M","$","?","?","E","M","M","T","E","R","M","M","NM","R","BOSS","M","M","AVR","?","M","R","NM","M","T","M","M","M","E","?","R","BOSS","M","$","?","M","M","R","AVR","R","T","M","?","E","M","E","R","BOSS","BOSS","R","$","E","BOSS"],"items_purchased_type":["Card","Relic","Relic","Card","Card","Relic","Card","Card","Card","Card","Relic","Relic","Relic","Relic","Card"],"build_version":"2020-12-22","purchased_purges":8,"victory":true,"max_hp_per_floor":[75,75,75,75,75,75,75,75,75,75,75,75,75,75,75,75,75,75,75,85,85,85,85,85,85,85,59,59,59,59,59,59,59,59,59,59,59,59,59,59,59,59,59,59,59,56,56,56,56,56,56,56,56,56,56,56,56,56,56,56,56,56,56,56,56,56,56,56,56,56,56,56,56,56,56,56,56,56,56,56,56,56,56,56,60,60,60,64,64,64,64,64,64,68,68,68,72,76,76,76,76,80,80,80,84,84,84,84,84,88,92,106,106,114,114,122,130,130,130,134,134,134,134,134,134,138,138,138,142,142,154,158,158,162,162,162,162,162,166,166,166,170,174,174,174,174,174,174,174,178,178,178,178,178,178,178,178,178,178,178],"card_choices":[{"not_picked":["Battle Trance","Twin Strike"],"picked":"Whirlwind","floor":1.0},{"not_picked":["Iron Wave","Shrug It Off"],"picked":"Seeing Red","floor":3.0},{"not_picked":["Sword Boomerang","Thunderclap"],"picked":"Double Tap","floor":5.0},{"not_picked":["Shrug It Off","Sword Boomerang"],"picked":"Pommel Strike","floor":7.0},{"not_picked":["Cleave","Fire Breathing"],"picked":"infinitespire:OneForAll","floor":8.0},{"not_picked":["Anger","Bloodletting"],"picked":"Flame Barrier","floor":14.0},{"not_picked":["Double Tap","Barricade"],"picked":"Fiend Fire","floor":16.0},{"not_picked":["Flex","Armaments"],"picked":"Body Slam","floor":18.0},{"not_picked":["Anger","Havoc+1","Clash"],"picked":"SKIP","floor":21.0},{"not_picked":["Burning Pact+1","Blood for Blood"],"picked":"Searing Blow","floor":22.0},{"not_picked":["infinitespire:Punishment","infinitespire:SevenWalls"],"picked":"infinitespire:UltimateForm","floor":25.0},{"not_picked":["infinitespire:Punishment","infinitespire:Starlight"],"picked":"infinitespire:Fortify","floor":28.0},{"not_picked":["Shrug It Off+1","Metallicize+1"],"picked":"Offering","floor":28.0},{"not_picked":["Iron Wave","Wild Strike"],"picked":"Headbutt","floor":31.0},{"not_picked":["Brutality+1","Double Tap"],"picked":"Corruption+1","floor":33.0},{"not_picked":["Armaments","Clothesline"],"picked":"Feel No Pain+1","floor":35.0},{"not_picked":["Sword Boomerang+1","Wild Strike"],"picked":"Shrug It Off","floor":38.0},{"not_picked":["Anger","Iron Wave","Berserk+1"],"picked":"SKIP","floor":42.0},{"not_picked":["Anger","Iron Wave","Berserk+1"],"picked":"SKIP","floor":42.0},{"not_picked":["Iron Wave","Reckless Charge"],"picked":"Bloodletting+1","floor":45.0},{"not_picked":["Uppercut","Pommel Strike+1"],"picked":"Dark Embrace+1","floor":48.0},{"not_picked":["Corruption+1","Impervious+1"],"picked":"Barricade+1","floor":50.0},{"not_picked":["infinitespire:FinalStrike","infinitespire:Fortify"],"picked":"infinitespire:NeuralNetwork","floor":51.0},{"not_picked":["Brutality+1","Limit Break+1"],"picked":"Impervious+1","floor":51.0},{"not_picked":["Evolve+1","Pummel","Cleave"],"picked":"SKIP","floor":53.0},{"not_picked":["Shrug It Off+1","Combust+1"],"picked":"Twin Strike","floor":54.0},{"not_picked":["Dropkick","Clash"],"picked":"Clothesline","floor":57.0},{"not_picked":["Shrug It Off+1","Wild Strike"],"picked":"Rampage","floor":59.0},{"not_picked":["Rupture+1","Iron Wave"],"picked":"Double Tap+1","floor":60.0},{"not_picked":["Shrug It Off+1","Double Tap+1"],"picked":"Immolate","floor":65.0},{"not_picked":["Pommel Strike","Armaments+1"],"picked":"Hemokinesis","floor":66.0},{"not_picked":["Juggernaut+1","Immolate"],"picked":"Feed","floor":68.0},{"not_picked":["Perfected Strike","Twin Strike+1"],"picked":"Warcry+1","floor":70.0},{"not_picked":["Thunderclap","Headbutt","Flex+1"],"picked":"SKIP","floor":72.0},{"not_picked":["Thunderclap","Flex+1","Iron Wave"],"picked":"SKIP","floor":74.0},{"not_picked":["Cleave","Berserk+1"],"picked":"Warcry+1","floor":75.0},{"not_picked":["Intimidate+1","Anger"],"picked":"Bloodletting+1","floor":81.0},{"not_picked":["Perfected Strike","Dark Embrace+1","Iron Wave"],"picked":"SKIP","floor":87.0},{"not_picked":["Flex+1","Armaments+1"],"picked":"Sentinel+1","floor":88.0},{"not_picked":["Cleave","Infernal Blade+1"],"picked":"Shrug It Off+1","floor":91.0},{"not_picked":["Wild Strike","Ghostly Armor+1"],"picked":"Pommel Strike","floor":92.0},{"not_picked":["Anger","Inflame+1"],"picked":"Intimidate+1","floor":94.0},{"not_picked":["Dual Wield+1","Iron Wave"],"picked":"Power Through+1","floor":97.0},{"not_picked":["Anger","Clash"],"picked":"Twin Strike","floor":98.0},{"not_picked":["Double Tap+1","Barricade+1"],"picked":"Reaper","floor":102.0},{"not_picked":["Limit Break+1","Impervious+1"],"picked":"Reaper","floor":103.0},{"not_picked":["Perfected Strike","Flex+1"],"picked":"Havoc+1","floor":105.0},{"not_picked":["Dual Wield+1","Rampage"],"picked":"Cleave","floor":106.0},{"not_picked":["Combust+1","infinitespire:OneForAll"],"picked":"Dual Wield+1","floor":108.0},{"not_picked":["Clash","Anger"],"picked":"Exhume+1","floor":110.0},{"not_picked":["Fire Breathing+1","Iron Wave"],"picked":"Twin Strike","floor":111.0},{"not_picked":["Thunderclap","Sword Boomerang","Wild Strike"],"picked":"SKIP","floor":112.0},{"not_picked":["Blood for Blood","Clash","Perfected Strike"],"picked":"SKIP","floor":114.0},{"not_picked":["Sword Boomerang","Inflame+1","Evolve+1"],"picked":"SKIP","floor":116.0},{"not_picked":["Perfected Strike","Iron Wave","Body Slam"],"picked":"SKIP","floor":117.0},{"not_picked":["Ghostly Armor+1","Limit Break+1","Warcry+1"],"picked":"SKIP","floor":118.0},{"not_picked":["Offering+1","Double Tap+1"],"picked":"Exhume+1","floor":120.0},{"not_picked":["infinitespire:OneForAll+1","Anger","Headbutt"],"picked":"SKIP","floor":122.0},{"not_picked":["Inflame+1","Metallicize+1","Twin Strike"],"picked":"SKIP","floor":123.0},{"not_picked":["Iron Wave","Pommel Strike","Armaments+1"],"picked":"SKIP","floor":126.0},{"not_picked":["Spot Weakness+1","Corruption+1"],"picked":"Intimidate+1","floor":128.0},{"not_picked":["Hemokinesis","Thunderclap","Headbutt"],"picked":"SKIP","floor":129.0},{"not_picked":["Heavy Blade","Hemokinesis","Perfected Strike"],"picked":"SKIP","floor":131.0},{"not_picked":["Infernal Blade+1","Havoc+1"],"picked":"Seeing Red+1","floor":132.0},{"not_picked":["Havoc+1","Reckless Charge"],"picked":"Shrug It Off+1","floor":133.0},{"not_picked":["Spot Weakness+1","Berserk+1"],"picked":"Dropkick","floor":134.0},{"not_picked":["Brutality+1","Feed"],"picked":"Offering+1","floor":137},{"not_picked":["Perfected Strike","Cleave+1"],"picked":"Shrug It Off+1","floor":139},{"not_picked":["Body Slam","Thunderclap"],"picked":"Dropkick","floor":142},{"not_picked":["Blood for Blood+1","Shrug It Off+1","Warcry+1"],"picked":"SKIP","floor":143},{"not_picked":["Flex+1","Cleave","Blood for Blood"],"picked":"SKIP","floor":148},{"not_picked":["Rage+1","True Grit+1","Twin Strike+1"],"picked":"SKIP","floor":150},{"not_picked":["Body Slam+1","Infernal Blade+1"],"picked":"Offering+1","floor":151},{"not_picked":["Perfected Strike+1","Flex+1","Body Slam+1"],"picked":"SKIP","floor":152},{"not_picked":["Double Tap+1","Fiend Fire+1"],"picked":"Impervious+1","floor":154},{"not_picked":["Juggernaut+1","Berserk+1"],"picked":"Demon Form+1","floor":155},{"not_picked":["Sentinel+1","Second Wind+1"],"picked":"Entrench+1","floor":159},{"not_picked":["Brutality+1","Berserk+1"],"picked":"Fiend Fire+1","floor":160}],"player_experience":710563,"relics_obtained":[{"floor":8.0,"key":"infinitespire:Lucky Rock"},{"floor":9.0,"key":"Omamori"},{"floor":11.0,"key":"Odd Mushroom"},{"floor":17.0,"key":"Tiny Chest"},{"floor":17.0,"key":"Frozen Egg 2"},{"floor":17.0,"key":"infinitespire:CursedDice"},{"floor":24.0,"key":"Centennial Puzzle"},{"floor":26.0,"key":"Regal Pillow"},{"floor":28.0,"key":"Gambling Chip"},{"floor":36.0,"key":"Pen Nib"},{"floor":39.0,"key":"infinitespire:Golems Mask"},{"floor":41.0,"key":"Blue Candle"},{"floor":42.0,"key":"Toxic Egg 2"},{"floor":43.0,"key":"Juzu Bracelet"},{"floor":45.0,"key":"infinitespire:Satchel"},{"floor":48.0,"key":"Champion Belt"},{"floor":55.0,"key":"Anchor"},{"floor":59.0,"key":"Circlet"},{"floor":60.0,"key":"Smiling Mask"},{"floor":61.0,"key":"Boot"},{"floor":65.0,"key":"Lizard Tail"},{"floor":75.0,"key":"Happy Flower"},{"floor":77.0,"key":"InkBottle"},{"floor":78.0,"key":"Lantern"},{"floor":90.0,"key":"Red Skull"},{"floor":92.0,"key":"Blood Vial"},{"floor":94.0,"key":"Pantograph"},{"floor":95.0,"key":"HornCleat"},{"floor":97.0,"key":"White Beast Statue"},{"floor":100.0,"key":"Torii"},{"floor":108.0,"key":"Circlet"},{"floor":109.0,"key":"Sundial"},{"floor":110.0,"key":"Whetstone"},{"floor":113.0,"key":"infinitespire:WardingShard"},{"floor":114.0,"key":"Thread and Needle"},{"floor":118.0,"key":"Ancient Tea Set"},{"floor":128.0,"key":"Bronze Scales"},{"floor":128.0,"key":"Self Forming Clay"},{"floor":130.0,"key":"Incense Burner"},{"floor":134.0,"key":"Vajra"},{"floor":134.0,"key":"Gremlin Horn"},{"floor":147,"key":"MealTicket"},{"floor":149,"key":"Darkstone Periapt"},{"floor":150,"key":"Molten Egg 2"},{"floor":150,"key":"Orichalcum"},{"floor":152,"key":"infinitespire:CheckeredPen"},{"floor":152,"key":"infinitespire:EmpoweringShard"},{"floor":159,"key":"Bird Faced Urn"},{"floor":159,"key":"Dream Catcher"}],"event_choices":[{"damage_healed":0.0,"max_hp_gain":0.0,"max_hp_loss":0.0,"gold_gain":0.0,"event_name":"Living Wall","player_choice":"Grow","floor":2.0,"gold_loss":0.0,"damage_taken":0.0,"cards_upgraded":["Whirlwind"]},{"damage_healed":0.0,"max_hp_gain":0.0,"max_hp_loss":0.0,"gold_gain":0.0,"event_name":"Accursed Blacksmith","player_choice":"Rummage","floor":4.0,"gold_loss":0.0,"damage_taken":0.0,"relics_obtained":["WarpedTongs"],"cards_obtained":["Pain"]},{"damage_healed":0.0,"max_hp_gain":0.0,"max_hp_loss":0.0,"gold_gain":0.0,"event_name":"Mushrooms","player_choice":"Fought Mushrooms","floor":11.0,"gold_loss":0.0,"damage_taken":0.0},{"damage_healed":0.0,"max_hp_gain":0.0,"max_hp_loss":0.0,"gold_gain":0.0,"event_name":"Scrap Ooze","player_choice":"Success","floor":12.0,"gold_loss":0.0,"damage_taken":5.0,"relics_obtained":["Akabeko"]},{"damage_healed":0.0,"max_hp_gain":0.0,"max_hp_loss":0.0,"gold_gain":0.0,"event_name":"Drug Dealer","player_choice":"Inject Mutagens","floor":19.0,"gold_loss":0.0,"damage_taken":0.0,"relics_obtained":["MutagenicStrength"]},{"cards_removed":["Double Tap"],"damage_healed":16.0,"max_hp_gain":10.0,"max_hp_loss":0.0,"gold_gain":0.0,"event_name":"Bonfire Elementals","player_choice":"Offered Rare","floor":20.0,"gold_loss":0.0,"damage_taken":0.0},{"damage_healed":0.0,"max_hp_gain":0.0,"max_hp_loss":26.0,"gold_gain":0.0,"event_name":"Vampires","player_choice":"Became a vampire","floor":27.0,"gold_loss":0.0,"damage_taken":0.0,"cards_obtained":["Bite","Bite","Bite","Bite","Bite"]},{"damage_healed":0.0,"max_hp_gain":0.0,"max_hp_loss":0.0,"gold_gain":0.0,"event_name":"Mysterious Sphere","player_choice":"Fight","floor":39.0,"gold_loss":0.0,"damage_taken":0.0},{"damage_healed":0.0,"max_hp_gain":0.0,"max_hp_loss":0.0,"gold_gain":0.0,"event_name":"Tomb of Lord Red Mask","player_choice":"Paid","floor":44.0,"gold_loss":167.0,"damage_taken":0.0,"relics_obtained":["Red Mask"]},{"damage_healed":0.0,"max_hp_gain":0.0,"max_hp_loss":3.0,"gold_gain":0.0,"event_name":"Winding Halls","player_choice":"Max HP","floor":46.0,"gold_loss":0.0,"damage_taken":0.0},{"damage_healed":0.0,"max_hp_gain":0.0,"max_hp_loss":0.0,"gold_gain":0.0,"event_name":"MindBloom","player_choice":"Fight","floor":48.0,"gold_loss":0.0,"damage_taken":0.0},{"damage_healed":0.0,"max_hp_gain":0.0,"max_hp_loss":0.0,"gold_gain":0.0,"event_name":"Mushrooms","player_choice":"Fought Mushrooms","floor":59.0,"gold_loss":0.0,"damage_taken":0.0},{"damage_healed":0.0,"max_hp_gain":0.0,"max_hp_loss":0.0,"gold_gain":0.0,"event_name":"The Library","player_choice":"Read","floor":79.0,"gold_loss":0.0,"damage_taken":0.0,"cards_obtained":["Second Wind"]},{"damage_healed":0.0,"max_hp_gain":0.0,"max_hp_loss":0.0,"gold_gain":0.0,"event_name":"SensoryStone","player_choice":"Memory 1","floor":89.0,"gold_loss":0.0,"damage_taken":0.0},{"damage_healed":0.0,"max_hp_gain":0.0,"max_hp_loss":0.0,"gold_gain":222.0,"event_name":"Tomb of Lord Red Mask","player_choice":"Wore Mask","floor":99.0,"gold_loss":0.0,"damage_taken":0.0},{"damage_healed":0.0,"max_hp_gain":0.0,"max_hp_loss":0.0,"gold_gain":0.0,"event_name":"MindBloom","player_choice":"Fight","floor":100.0,"gold_loss":0.0,"damage_taken":0.0},{"damage_healed":0.0,"max_hp_gain":0.0,"max_hp_loss":0.0,"gold_gain":0.0,"event_name":"Mushrooms","player_choice":"Fought Mushrooms","floor":108.0,"gold_loss":0.0,"damage_taken":0.0},{"damage_healed":0.0,"max_hp_gain":0.0,"max_hp_loss":0.0,"gold_gain":0.0,"event_name":"The Library","player_choice":"Read","floor":125.0,"gold_loss":0.0,"damage_taken":0.0,"cards_obtained":["Shrug It Off"]},{"cards_removed":["Dual Wield"],"damage_healed":0,"gold_gain":0,"player_choice":"Removed Skill","damage_taken":0,"max_hp_gain":0,"max_hp_loss":0,"event_name":"Falling","floor":141,"gold_loss":0}],"is_beta":false,"boss_relics":[{"not_picked":["Runic Cube","SacredBark"],"picked":"Calling Bell"},{"not_picked":["Coffee Dripper","Pandora\u0027s Box"],"picked":"infinitespire:Burning Sword"},{"not_picked":["Cursed Key","SlaversCollar"],"picked":"infinitespire:Cupcake"},{"not_picked":["SlaversCollar","Mark of Pain"],"picked":"Empty Cage"},{"not_picked":["Fusion Hammer","Astrolabe"],"picked":"Philosopher\u0027s Stone"},{"not_picked":["Velvet Choker","Runic Cube"],"picked":"SacredBark"},{"not_picked":["Velvet Choker","Runic Pyramid"],"picked":"Black Star"},{"not_picked":["Runic Dome","Cursed Key"],"picked":"Runic Cube"},{"not_picked":["Fusion Hammer","Mark of Pain","Sozu"]}],"items_purged_floors":[13,37,71,73,83,96,107,145],"is_endless":true,"potions_floor_spawned":[7,11,14,18,28,33,42,45,51,54,65,66,68,70,81,85,88,92,98,100,102,103,105,106,108,110,111,112,114,116,117,118,120,122,123,126,128,129,131,132,133,134,137,139,142,143,148,150,151,152,154,155,159,160],"ascension_level":20}}