{"host":"4lxzgdqpvzyot39g","time":1611356189,"event":{"mods":["100% Spire Juice","Abigail Mod","Act Like it!","Aspiration","BaseMod","Beaked The Cultist","Better Altar","Better Match","Better Note","Better Sensory Stone","Better Skull","Better Third Choice","CCEM","Colored Map","Colored Powertips","Conspire","Dark Map","Displayed Cursed Tome","Dota2Spire","Energized Spire","Fox Events","Friendly Minions","Gensokyo","GifTheSpireLib","Halation","Hallownest","Hermit","Highlight Path","HololiveMod","Hubris","Infinite Spire","Jedi Mod","JesterMod","Mari Mod (Legacy)","Mari\u0027s V1 Patch","MarisaÅiñ∂âJÅ@ñÇóùçπÅj","Minty Spire (QoL Compilation)","Prisma Mod","Quarter Circle Forward PUNCH!","ReimuÅiîé??öÎÅj","Relic Filter","Replay The Spire","Robot Space Explorer","SCP261 Mod","Small Relic Pack","Spicy Shops","Spikes Relics","Spire Arcade","StS++","StSLib","Stuff the Spire","The Alterego","The Blue Laboratory","The Bug Knight","The Cursed","The Fake Hero","The Marked","The Servant 0.9.4","The Wild Card","Trackpad","Waifu the Spire","WarShipGirlsR/??è≠èóR mod","Wide Potions","vexMod","Åy?ï®?îvÅzREMEMod"],"gold_per_floor":[513,525,66,66,86,86,5,5,87,101,132,152,152,163,163,235,235,245,110,70,70,70,70,82,82,108,408,408],"floor_reached":27,"language":"ENG","playtime":1064,"items_purged":["luka_mod:Surrender"],"score":380,"play_id":"708c3df3-007c-4233-bd0f-c72434feff25","local_time":"20210122175629","is_ascension_mode":true,"campfire_choices":[{"data":"luka_mod:StrikeLukaThree","floor":6,"key":"SMITH"},{"data":"luka_mod:SmallBody","floor":8,"key":"SMITH"},{"data":"luka_mod:StrikeLukaFour","floor":13,"key":"SMITH"},{"data":"luka_mod:StrikeLukaFive","floor":15,"key":"SMITH"},{"data":"luka_mod:Granberia","floor":23,"key":"SMITH"}],"circlet_count":0,"master_deck":["AscendersBane","luka_mod:StrikeLukaOne","luka_mod:StrikeLukaTwo","luka_mod:StrikeLukaThree+1","luka_mod:StrikeLukaFour+1","luka_mod:StrikeLukaFive+1","luka_mod:StrikeLukaSix","luka_mod:Salt","luka_mod:Edging","luka_mod:FlailWildly","luka_mod:Meditation","luka_mod:Struggle+1","luka_mod:SmallBody+1","AscendersBane","luka_mod:StrikeLuka","luka_mod:Granberia+1","luka_mod:Erubetie+1","luka_mod:Feel","Gensokyo:BlemishedSteel","Gensokyo:TarnishedGold","luka_mod:NotVerySharp","Distraction","Distraction","ReplayTheSpireMod:Speed Training"],"relics":["luka_mod:KeepsakeRing","REME_ComplimentaryCards","NeowsBlessing","halation:BottledHappiness","Centennial Puzzle","qcfpunch:White_Boots","qcfpunch:Red_Headband","beaked:SacredDeck"],"acts_visited":["Exordium","Gensokyo:Gensokyoer"],"potions_floor_usage":[18,18],"damage_taken":[{"damage":0,"enemies":"Jaw Worm","floor":1,"turns":1},{"damage":0,"enemies":"Cultist","floor":2,"turns":1},{"damage":6,"enemies":"Small Slimes","floor":5,"turns":2},{"damage":11,"enemies":"Looter","floor":10,"turns":2},{"damage":20,"enemies":"Lagavulin","floor":11,"turns":5},{"damage":14,"enemies":"Exordium Wildlife","floor":12,"turns":3},{"damage":12,"enemies":"2 Fungi Beasts","floor":14,"turns":3},{"damage":67,"enemies":"The Guardian","floor":16,"turns":6},{"damage":16,"enemies":"Gensokyo:3_Dogs","floor":18,"turns":3},{"damage":15,"enemies":"Gensokyo:2_Gloops","floor":24,"turns":5},{"damage":58,"enemies":"Gensokyo:Wraith","floor":27,"turns":4}],"seed_played":"1154793257116054645","potions_obtained":[{"floor":5,"key":"SpeedPotion"},{"floor":10,"key":"SCP261:GirlTearsPotion"},{"floor":12,"key":"blueLaboratory:BubblePotion"}],"is_trial":false,"path_per_floor":["M","M","$","?","M","R","$","R","T","M","E","M","R","M","R","B",null,"M","COS","?","$","?","R","M","?","T","M"],"character_chosen":"LUKA_CLASS","items_purchased":["halation:BottledHappiness","luka_mod:Struggle+1","luka_mod:SmallBody","Centennial Puzzle"],"campfire_rested":0,"item_purchase_floors":[3,3,3,7],"current_hp_per_floor":[34,34,34,32,26,26,26,26,26,15,33,38,38,26,26,23,34,37,37,37,37,37,37,38,38,38,0,0],"gold":408,"neow_bonus":"THREE_ENEMY_KILL","is_daily":false,"chose_seed":false,"campfire_upgraded":5,"win_rate":0.0,"timestamp":1611356189,"path_taken":["M","M","$","?","M","R","$","R","T","M","E","?","R","M","R","BOSS","M","COS","?","$","?","R","?","?","T","?"],"items_purchased_type":["Relic","Card","Card","Relic"],"build_version":"2020-12-22","purchased_purges":1,"victory":false,"max_hp_per_floor":[38,38,38,38,38,38,38,38,38,38,38,38,38,38,38,38,38,38,38,38,38,38,38,38,38,38,38,38],"card_choices":[{"not_picked":["luka_mod:ThunderThrust","luka_mod:HeroicStrike","luka_mod:BladeOfRagingFire"],"picked":"SKIP","floor":1},{"not_picked":["luka_mod:DeathSwordChaosStar","luka_mod:DemonSkullBeheading","luka_mod:BladeOfStillWater"],"picked":"SKIP","floor":2},{"not_picked":["luka_mod:BladeOfRagingFire","luka_mod:FireSlash"],"picked":"luka_mod:StrikeLuka","floor":5},{"not_picked":["luka_mod:PrayToIlias","luka_mod:StressRelief","luka_mod:Calm"],"picked":"SKIP","floor":10},{"not_picked":["luka_mod:EarthSlash","luka_mod:NoDebuffs","luka_mod:NeverSurrender"],"picked":"SKIP","floor":11},{"not_picked":["luka_mod:Optimistic","luka_mod:Cutscene","luka_mod:WindSlash"],"picked":"SKIP","floor":12},{"not_picked":["luka_mod:HeroicStrike","luka_mod:Cutscene","luka_mod:EarthSlash"],"picked":"SKIP","floor":14},{"not_picked":["luka_mod:Tamamo","luka_mod:NinefoldRakshasa"],"picked":"luka_mod:Granberia","floor":16},{"not_picked":["luka_mod:WaterSlash","luka_mod:EarthSlash"],"picked":"luka_mod:Feel","floor":18},{"not_picked":["luka_mod:ThunderThrust","luka_mod:Overexert","luka_mod:BladeOfSolidEarth"],"picked":"SKIP","floor":24}],"player_experience":1143302,"relics_obtained":[{"floor":9,"key":"qcfpunch:White_Boots"},{"floor":11,"key":"qcfpunch:Red_Headband"}],"event_choices":[{"damage_healed":0,"gold_gain":0,"player_choice":"Bought 0 Potions","damage_taken":0,"max_hp_gain":0,"max_hp_loss":0,"event_name":"The Woman in Blue","floor":4,"gold_loss":0}],"is_beta":false,"boss_relics":[{"not_picked":["energizedSpire:NeverEndingSparkler","energizedSpire:DeadBattery"],"picked":"beaked:SacredDeck"}],"items_purged_floors":[3],"is_endless":false,"potions_floor_spawned":[5,10,12],"killed_by":"Gensokyo:Wraith","ascension_level":16}}