{"host":"vpaavrwbmey593fx","time":1611293243,"event":{"mods":["AchievementEnabler","BaseMod","Bestiary","Colored Map","Colored Powertips","DeckTracker","Minty Spire (QoL Compilation)","Relic Sorter"],"gold_per_floor":[112,132,146,165,115,146,146,181,236,253,272,299,299,299,299,299,299],"floor_reached":16,"language":"ENG","playtime":1327,"items_purged":[],"score":129,"play_id":"a37e3149-25b5-42f6-8d96-2655f15d0466","local_time":"20210121212723","is_ascension_mode":true,"campfire_choices":[{"floor":7,"key":"REST"},{"data":"Eruption","floor":13,"key":"SMITH"},{"data":"Halt","floor":15,"key":"SMITH"}],"circlet_count":0,"master_deck":["Strike_P","Defend_P","Defend_P","Defend_P","Defend_P","Eruption+1","Vigilance","CrushJoints","CutThroughFate","Indignation","SashWhip","EmptyBody","Evaluate","Halt+1"],"relics":["Empty Cage","Orichalcum","Meat on the Bone","Art of War","Odd Mushroom","Juzu Bracelet"],"acts_visited":["Exordium"],"potions_floor_usage":[6,8,12,16],"damage_taken":[{"damage":11,"enemies":"Small Slimes","floor":1,"turns":4},{"damage":0,"enemies":"Jaw Worm","floor":2,"turns":3},{"damage":0,"enemies":"Cultist","floor":3,"turns":2},{"damage":8,"enemies":"2 Fungi Beasts","floor":4,"turns":3},{"damage":31,"enemies":"3 Sentries","floor":6,"turns":8},{"damage":21,"enemies":"Gremlin Nob","floor":8,"turns":3},{"damage":3,"enemies":"Blue Slaver","floor":10,"turns":4},{"damage":3,"enemies":"Looter","floor":11,"turns":5},{"damage":7,"enemies":"The Mushroom Lair","floor":12,"turns":4},{"damage":44,"enemies":"Hexaghost","floor":16,"turns":15}],"seed_played":"6820140265299515379","potions_obtained":[{"floor":2,"key":"Weak Potion"},{"floor":3,"key":"AttackPotion"},{"floor":10,"key":"Explosive Potion"},{"floor":12,"key":"Block Potion"}],"is_trial":false,"path_per_floor":["M","M","M","M","?","E","R","E","T","M","M","?","R","?","R","B"],"character_chosen":"WATCHER","items_purchased":[],"campfire_rested":1,"item_purchase_floors":[],"current_hp_per_floor":[61,61,61,53,53,22,43,22,22,31,40,45,45,42,42,0,0],"gold":299,"neow_bonus":"BOSS_RELIC","is_daily":false,"chose_seed":false,"campfire_upgraded":2,"win_rate":0.0,"timestamp":1611293243,"path_taken":["M","M","M","M","?","E","R","E","T","M","M","?","R","?","R","BOSS"],"items_purchased_type":[],"build_version":"2020-12-22","purchased_purges":0,"victory":false,"max_hp_per_floor":[72,72,72,72,72,72,72,72,72,72,72,72,72,72,72,72,72],"card_choices":[{"not_picked":["Prostrate","CutThroughFate"],"picked":"CrushJoints","floor":1},{"not_picked":["FlurryOfBlows","Evaluate"],"picked":"CutThroughFate","floor":2},{"not_picked":["CutThroughFate","FlurryOfBlows"],"picked":"Indignation","floor":3},{"not_picked":["JustLucky","Crescendo"],"picked":"SashWhip","floor":4},{"not_picked":["SashWhip","FlyingSleeves","Nirvana"],"picked":"SKIP","floor":6},{"not_picked":["FollowUp","Prostrate","Nirvana"],"picked":"SKIP","floor":8},{"not_picked":["Meditate","WheelKick"],"picked":"EmptyBody","floor":10},{"not_picked":["FlyingSleeves","Pray"],"picked":"Evaluate","floor":11},{"not_picked":["CutThroughFate","Meditate"],"picked":"Halt","floor":12}],"player_experience":247133,"relics_obtained":[{"floor":6,"key":"Orichalcum"},{"floor":8,"key":"Meat on the Bone"},{"floor":9,"key":"Art of War"},{"floor":12,"key":"Odd Mushroom"}],"event_choices":[{"cards_removed":["Strike_P"],"damage_healed":0,"gold_gain":0,"player_choice":"Card Removal","damage_taken":0,"max_hp_gain":0,"max_hp_loss":0,"event_name":"The Cleric","floor":5,"gold_loss":50},{"damage_healed":0,"gold_gain":0,"player_choice":"Fought Mushrooms","damage_taken":0,"max_hp_gain":0,"max_hp_loss":0,"event_name":"Mushrooms","floor":12,"gold_loss":0},{"damage_healed":0,"gold_gain":0,"player_choice":"Success","damage_taken":3,"relics_obtained":["Juzu Bracelet"],"max_hp_gain":0,"max_hp_loss":0,"event_name":"Scrap Ooze","floor":14,"gold_loss":0}],"is_beta":false,"boss_relics":[],"items_purged_floors":[],"is_endless":false,"potions_floor_spawned":[2,3,10,12],"killed_by":"Hexaghost","ascension_level":3}}