{"host":"9hmnsypyq1c5u7i3","time":1611347373,"event":{"mods":["BaseMod","Bestiary","Hermit","Marisa????????","Minty Spire (QoL Compilation)","Permanent Neow","Quick Restart","Relic Stats","StSLib","The Cursed","The Hierophant"],"gold_per_floor":[17,17,33,45,11,11,70,70,70,93,136,207,207,52,52,149,149,189,240,306,29,90,90,140,140,165,165,165,191,230,277,277,415,415,457,486,104,104,104,193,193,309,389,462,529,529,543,592,592,592,592],"floor_reached":50,"language":"ENG","playtime":6197,"items_purged":["Strike_MRS"],"score":1052,"play_id":"c4b79040-3331-4e6a-b2ae-d25a13f8b226","local_time":"20210122152933","is_ascension_mode":true,"campfire_choices":[{"data":"EnergyRecoil","floor":6.0,"key":"SMITH"},{"data":"Robbery","floor":8.0,"key":"SMITH"},{"data":"UltimateShortwave","floor":15.0,"key":"SMITH"},{"floor":23.0,"key":"REST"},{"data":"OortCloud","floor":25.0,"key":"SMITH"},{"data":"LuminesStrike","floor":27.0,"key":"SMITH"},{"floor":32.0,"key":"REST"},{"floor":41.0,"key":"REST"},{"floor":46.0,"key":"REST"},{"floor":49,"key":"RECALL"}],"circlet_count":0,"master_deck":["AscendersBane","Strike_MRS","Defend_MRS","Defend_MRS","Defend_MRS","MasterSpark","UpSweep","GalacticHalo+1","SuperPerseids+1","OortCloud+1","EnergyRecoil+1","Robbery+1","UltimateShortwave+1","LuminesStrike+1","TreasureHunter","Robbery+1","MagicAbsorber","MysteriousBeam+1","ChargeUpSpray+1","DarkSpark+1","ManaConvection","SporeBomb","MillisecondPulsars","GalacticHalo","MilkyWay+1","6A+1","ShootTheMoon+1","Parasite","Parasite","AbsoluteMagnitude+1","Orbital+1"],"relics":["MiniHakkero","MagicBroom","Gambling Chip","Centennial Puzzle","War Paint","Frozen Eye","Philosopher\u0027s Stone","Molten Egg 2","Orichalcum","CaptainsWheel","Velvet Choker","InkBottle","Peace Pipe","Matryoshka","Blood Vial","Ancient Tea Set","Sundial","ShroomBag","The Courier","Bottled Tornado"],"acts_visited":["Exordium","TheCity","TheBeyond"],"potions_floor_usage":[48],"damage_taken":[{"damage":0.0,"enemies":"Small Slimes","floor":1.0,"turns":4.0},{"damage":0.0,"enemies":"Cultist","floor":3.0,"turns":4.0},{"damage":0.0,"enemies":"Jaw Worm","floor":4.0,"turns":4.0},{"damage":5.0,"enemies":"Lagavulin","floor":7.0,"turns":10.0},{"damage":1.0,"enemies":"Blue Slaver","floor":11.0,"turns":5.0},{"damage":14.0,"enemies":"3 Sentries","floor":12.0,"turns":9.0},{"damage":20.0,"enemies":"Hexaghost","floor":16.0,"turns":9.0},{"damage":3.0,"enemies":"2 Thieves","floor":18.0,"turns":4.0},{"damage":0.0,"enemies":"Chosen","floor":19.0,"turns":4.0},{"damage":19.0,"enemies":"Snecko","floor":20.0,"turns":7.0},{"damage":5.0,"enemies":"Snake Plant","floor":22.0,"turns":3.0},{"damage":22.0,"enemies":"Slavers","floor":24.0,"turns":5.0},{"damage":4.0,"enemies":"Cultist and Chosen","floor":29.0,"turns":3.0},{"damage":4.0,"enemies":"Chosen and Byrds","floor":30.0,"turns":4.0},{"damage":3.0,"enemies":"Shelled Parasite and Fungi","floor":31.0,"turns":3.0},{"damage":20.0,"enemies":"Collector","floor":33.0,"turns":7.0},{"damage":4.0,"enemies":"Orb Walker","floor":35.0,"turns":3.0},{"damage":4.0,"enemies":"3 Darklings","floor":36.0,"turns":3.0},{"damage":20.0,"enemies":"Nemesis","floor":40.0,"turns":9.0},{"damage":44.0,"enemies":"Giant Head","floor":42.0,"turns":8.0},{"damage":10.0,"enemies":"Writhing Mass","floor":44.0,"turns":4.0},{"damage":1.0,"enemies":"Transient","floor":45.0,"turns":5.0},{"damage":0,"enemies":"Sphere and 2 Shapes","floor":47,"turns":3},{"damage":44,"enemies":"Reptomancer","floor":48,"turns":7},{"damage":12,"enemies":"Donu and Deca","floor":50,"turns":2}],"seed_played":"-9164546269343283120","potions_obtained":[{"floor":1.0,"key":"Energy Potion"},{"floor":13.0,"key":"Dexterity Potion"},{"floor":16.0,"key":"GamblersBrew"},{"floor":18.0,"key":"LiquidBronze"},{"floor":20.0,"key":"DistilledChaos"},{"floor":24.0,"key":"Fire Potion"},{"floor":31.0,"key":"LiquidBronze"},{"floor":35.0,"key":"DistilledChaos"},{"floor":40.0,"key":"Energy Potion"},{"floor":44.0,"key":"Regen Potion"},{"floor":48,"key":"BottledSpark"}],"is_trial":false,"path_per_floor":["M","?","M","M","$","R","E","R","T","T","M","E","?","$","R","B",null,"M","M","M","$","M","R","E","R","T","R","?","M","M","M","R","B",null,"M","M","$","?","?","E","R","E","T","M","M","R","M","E","R","B"],"character_chosen":"MARISA","items_purchased":["Robbery","Frozen Eye","Molten Egg 2","ChargeUpSpray+1","6A+1","InkBottle"],"campfire_rested":4,"item_purchase_floors":[5,14,21,21,37,37],"current_hp_per_floor":[63,63,63,63,63,63,58,58,58,58,57,43,43,43,43,23,58,55,55,36,36,31,52,30,30,30,30,30,26,22,19,40,20,58,54,50,50,50,50,30,49,7,7,3,23,42,46,8,8,0,0],"gold":592,"neow_bonus":"TRANSFORM_TWO_CARDS","is_daily":false,"chose_seed":false,"campfire_upgraded":5,"win_rate":0.0,"timestamp":1611347373,"path_taken":["M","?","?","M","?","R","E","R","T","?","M","E","?","$","R","BOSS","M","M","M","$","M","R","E","R","T","R","?","M","M","M","R","BOSS","M","M","$","?","?","E","R","E","T","M","M","R","M","E","R","BOSS"],"items_purchased_type":["Card","Relic","Relic","Card","Card","Relic"],"build_version":"2020-12-22","purchased_purges":1,"victory":false,"max_hp_per_floor":[70,70,70,70,70,70,70,70,70,70,70,70,70,70,70,70,70,70,70,70,70,70,70,70,70,70,70,70,70,70,70,70,70,70,70,70,70,66,66,66,66,66,66,66,66,66,66,66,66,66,66],"relic_stats":{"Peace Pipe":0,"Blood Vial":12,"Centennial Puzzle":[57],"counters":[25,129],"Sundial":[2],"Gambling Chip":[53],"War Paint":["GalacticHalo","SuperPerseids"],"Orichalcum":[24],"obtain_stats":[{"MagicBroom":7,"Velvet Choker":34,"The Courier":43,"War Paint":12,"Orichalcum":24,"Bottled Tornado":48,"Ancient Tea Set":42,"Peace Pipe":39,"Blood Vial":40,"Frozen Eye":14,"ShroomBag":43,"Centennial Puzzle":10,"CaptainsWheel":24,"Matryoshka":40,"Sundial":42,"Gambling Chip":9,"Philosopher\u0027s Stone":17,"Molten Egg 2":21,"MiniHakkero":0,"InkBottle":37},{"MagicBroom":4,"Velvet Choker":16,"The Courier":20,"War Paint":6,"Orichalcum":12,"Bottled Tornado":24,"Ancient Tea Set":20,"Peace Pipe":18,"Blood Vial":19,"Frozen Eye":6,"ShroomBag":20,"Centennial Puzzle":4,"CaptainsWheel":12,"Matryoshka":19,"Sundial":20,"Gambling Chip":4,"Philosopher\u0027s Stone":7,"Molten Egg 2":10,"MiniHakkero":0,"InkBottle":18},{"MagicBroom":22,"Velvet Choker":85,"The Courier":108,"War Paint":36,"Orichalcum":68,"Bottled Tornado":127,"Ancient Tea Set":108,"Peace Pipe":91,"Blood Vial":100,"Frozen Eye":36,"ShroomBag":108,"Centennial Puzzle":22,"CaptainsWheel":68,"Matryoshka":100,"Sundial":108,"Gambling Chip":22,"Philosopher\u0027s Stone":45,"Molten Egg 2":60,"MiniHakkero":0,"InkBottle":91}],"InkBottle":[17]},"card_choices":[{"not_picked":["GrandCross","Acceleration"],"picked":"NonDirectionalLaser","floor":1.0},{"not_picked":["GrandCross","Acceleration"],"picked":"EnergyRecoil","floor":3.0},{"not_picked":["UnstableBomb","MysteriousBeam","EarthLightRay"],"picked":"SKIP","floor":4.0},{"not_picked":["IllusionStar","NonDirectionalLaser","OneTimeOff"],"picked":"SKIP","floor":7.0},{"not_picked":["WitchOfGreed","UnstableBomb"],"picked":"UltimateShortwave","floor":11.0},{"not_picked":["SuperPerseids","OortCloud"],"picked":"LuminesStrike","floor":12.0},{"not_picked":["AbsoluteMagnitude","ManaRampage"],"picked":"TreasureHunter","floor":16.0},{"not_picked":["WitchLeyline","6A"],"picked":"Robbery+1","floor":18.0},{"not_picked":["PowerUp","IllusionStar"],"picked":"MagicAbsorber","floor":19.0},{"not_picked":["DoubleSpark","GrandCross"],"picked":"MysteriousBeam+1","floor":20.0},{"not_picked":["DoubleSpark+1","NonDirectionalLaser+1","IllusionStar"],"picked":"SKIP","floor":22.0},{"not_picked":["FinalSpark+1","WitchOfGreed","PowerUp"],"picked":"SKIP","floor":24.0},{"not_picked":["DoubleSpark+1","UnstableBomb+1"],"picked":"ManaConvection","floor":29.0},{"not_picked":["WitchOfGreed","NonDirectionalLaser+1"],"picked":"SporeBomb","floor":30.0},{"not_picked":["Occultation","MilkyWay","NonDirectionalLaser+1"],"picked":"SKIP","floor":31.0},{"not_picked":["FinalSpark+1","BigCrunch"],"picked":"MillisecondPulsars","floor":33.0},{"not_picked":["DoubleSpark+1","PropBag"],"picked":"GalacticHalo","floor":35.0},{"not_picked":["SporeBomb","RefractionSpark+1"],"picked":"MilkyWay+1","floor":36.0},{"not_picked":["DoubleSpark+1","StarlightTyphoon","OortCloud"],"picked":"SKIP","floor":40.0},{"not_picked":["IllusionStar","DC+1"],"picked":"ShootTheMoon+1","floor":42.0},{"not_picked":["EarthLightRay","EnergyFlow+1"],"picked":"AbsoluteMagnitude+1","floor":44.0},{"not_picked":["GrandCross+1","NonDirectionalLaser+1","MilkyWay"],"picked":"SKIP","floor":45.0},{"not_picked":["DarkMatter","ShootTheMoon+1","StarlightTyphoon"],"picked":"SKIP","floor":47},{"not_picked":["SporeBomb+1","ChargingUp"],"picked":"Orbital+1","floor":48}],"player_experience":903060,"relics_obtained":[{"floor":7.0,"key":"MagicBroom"},{"floor":9.0,"key":"Gambling Chip"},{"floor":10.0,"key":"Centennial Puzzle"},{"floor":12.0,"key":"War Paint"},{"floor":24.0,"key":"Orichalcum"},{"floor":24.0,"key":"CaptainsWheel"},{"floor":40.0,"key":"Matryoshka"},{"floor":40.0,"key":"Blood Vial"},{"floor":42.0,"key":"Ancient Tea Set"},{"floor":42.0,"key":"Sundial"},{"floor":43.0,"key":"ShroomBag"},{"floor":43.0,"key":"The Courier"},{"floor":48,"key":"Bottled Tornado"}],"event_choices":[{"damage_healed":0.0,"max_hp_gain":0.0,"max_hp_loss":0.0,"gold_gain":0.0,"cards_transformed":["Defend_MRS"],"event_name":"Transmorgrifier","player_choice":"Transformed","floor":2.0,"gold_loss":0.0,"damage_taken":0.0,"cards_obtained":["OortCloud"]},{"damage_healed":0.0,"max_hp_gain":0.0,"max_hp_loss":0.0,"gold_gain":0.0,"event_name":"Lab","player_choice":"Got Potions","floor":13.0,"gold_loss":0.0,"damage_taken":0.0},{"damage_healed":0.0,"max_hp_gain":0.0,"max_hp_loss":0.0,"gold_gain":0.0,"event_name":"The Library","player_choice":"Read","floor":28.0,"gold_loss":0.0,"damage_taken":0.0,"cards_obtained":["DarkSpark"]},{"damage_healed":0.0,"max_hp_gain":0.0,"max_hp_loss":4.0,"gold_gain":0.0,"event_name":"Winding Halls","player_choice":"Max HP","floor":38.0,"gold_loss":0.0,"damage_taken":0.0},{"cards_removed":["NonDirectionalLaser"],"damage_healed":0.0,"max_hp_gain":0.0,"max_hp_loss":0.0,"gold_gain":0.0,"event_name":"WeMeetAgain","player_choice":"Gave Card","floor":39.0,"gold_loss":0.0,"damage_taken":0.0,"relics_obtained":["Peace Pipe"]}],"is_beta":false,"boss_relics":[{"not_picked":["Ectoplasm","Snecko Eye"],"picked":"Philosopher\u0027s Stone"},{"not_picked":["Pandora\u0027s Box","RampagingMagicTools"],"picked":"Velvet Choker"}],"items_purged_floors":[37],"is_endless":false,"potions_floor_spawned":[1,16,18,20,24,31,35,40,44,48],"killed_by":"Donu and Deca","ascension_level":15}}