{"host":"3zmssa4s99zhxek5","time":1611279413,"event":{"mods":["AchievementEnabler","BaseMod","Minty Spire (QoL Compilation)","Permanent Neow","Relic Stats"],"gold_per_floor":[110,110,110,8,21,48,48,377,447,463,463,477,510,527,527,599,599,609,391,391,306,43,43,43,72,72,99,99,115,143,143,143,218,218,231,88,102,117,132,132,160,160,160,179,193,221,238,269,269,269,269],"floor_reached":52,"language":"KOR","playtime":2839,"items_purged":["Defend_R","Perfected Strike","Defend_R"],"score":2136,"play_id":"170f73dc-0bcc-4776-86d2-6e081aaa77c3","local_time":"20210122103653","is_ascension_mode":true,"campfire_choices":[{"data":"Demon Form","floor":7,"key":"SMITH"},{"data":"Armaments","floor":11,"key":"SMITH"},{"data":"Offering","floor":15,"key":"SMITH"},{"data":"Feed","floor":23,"key":"SMITH"},{"data":"RitualDagger","floor":32,"key":"SMITH"},{"data":"Limit Break","floor":40,"key":"SMITH"},{"data":"Evolve","floor":49,"key":"SMITH"}],"circlet_count":0,"master_deck":["AscendersBane","Defend_R","Defend_R","Bash","Shrug It Off","Armaments+1","Demon Form+1","Offering+1","Flame Barrier","Intimidate","Pummel","Feed+1","Bite","Bite","Bite","Bite","Warcry+1","Power Through","RitualDagger+1","Limit Break+1","Sword Boomerang","True Grit","Sword Boomerang","Evolve+1"],"relics":["Burning Blood","NeowsBlessing","The Courier","HornCleat","Old Coin","Self Forming Clay","Pen Nib","Busted Crown","Lantern","Nunchaku","Brimstone","Vajra","InkBottle","Eternal Feather","Oddly Smooth Stone","Ornamental Fan","Philosopher\u0027s Stone","TungstenRod","Meat on the Bone","Ginger","Bronze Scales"],"acts_visited":["TheCity","TheBeyond"],"potions_floor_usage":[41,51,51],"damage_taken":[{"damage":0.0,"enemies":"Cultist","floor":1.0,"turns":1.0},{"damage":0,"enemies":"Jaw Worm","floor":5,"turns":1},{"damage":0,"enemies":"Gremlin Nob","floor":6,"turns":1},{"damage":9,"enemies":"Lagavulin","floor":8,"turns":7},{"damage":0,"enemies":"Small Slimes","floor":10,"turns":4},{"damage":2,"enemies":"2 Fungi Beasts","floor":12,"turns":4},{"damage":20,"enemies":"Gremlin Nob","floor":13,"turns":4},{"damage":6,"enemies":"Blue Slaver","floor":14,"turns":4},{"damage":14,"enemies":"Hexaghost","floor":16,"turns":9},{"damage":11,"enemies":"2 Thieves","floor":18,"turns":4},{"damage":25,"enemies":"Slavers","floor":25,"turns":5},{"damage":27,"enemies":"Book of Stabbing","floor":27,"turns":4},{"damage":6,"enemies":"Spheric Guardian","floor":29,"turns":1},{"damage":28,"enemies":"Slavers","floor":30,"turns":4},{"damage":15,"enemies":"Champ","floor":33,"turns":7},{"damage":6,"enemies":"3 Darklings","floor":35,"turns":4},{"damage":6,"enemies":"Orb Walker","floor":37,"turns":3},{"damage":6,"enemies":"Writhing Mass","floor":38,"turns":3},{"damage":6,"enemies":"3 Darklings","floor":39,"turns":3},{"damage":1,"enemies":"Reptomancer","floor":41,"turns":2},{"damage":20,"enemies":"Maw","floor":44,"turns":6},{"damage":12,"enemies":"Transient","floor":45,"turns":5},{"damage":54,"enemies":"Nemesis","floor":46,"turns":5},{"damage":5,"enemies":"Jaw Worm Horde","floor":47,"turns":4},{"damage":23,"enemies":"Reptomancer","floor":48,"turns":4},{"damage":56,"enemies":"Time Eater","floor":50,"turns":6},{"damage":17,"enemies":"Awakened One","floor":51,"turns":5}],"seed_played":"-3796256094896164994","potions_obtained":[{"floor":5,"key":"Regen Potion"},{"floor":10,"key":"LiquidBronze"},{"floor":13,"key":"LiquidMemories"},{"floor":30,"key":"BloodPotion"},{"floor":35,"key":"PowerPotion"},{"floor":42,"key":"PowerPotion"}],"is_trial":false,"path_per_floor":["M","?","T","$","M","E","R","E","T","M","R","M","E","M","R","B",null,"M","$","?","?","$","R","$","E","T","E","?","M","E","?","R","B",null,"M","$","M","M","M","R","E","?","T","M","M","E","M","E","R","B","B",null],"character_chosen":"IRONCLAD","items_purchased":["Shrug It Off","Lantern","Brimstone","Vajra","True Grit"],"campfire_rested":0,"item_purchase_floors":[4,19,22,22,36],"current_hp_per_floor":[74,74,74,74,75,75,75,72,72,75,75,75,61,61,61,53,70,69,69,55,55,55,55,55,54,54,43,48,58,52,46,58,71,71,75,75,79,83,83,83,83,83,83,76,86,52,62,64,76,54,66],"gold":269,"neow_bonus":"THREE_ENEMY_KILL","is_daily":false,"chose_seed":false,"campfire_upgraded":7,"win_rate":0.0,"timestamp":1611279413,"path_taken":["M","?","?","?","?","E","R","E","T","M","R","M","E","M","R","BOSS","M","$","?","?","?","R","$","E","T","E","?","?","E","?","R","BOSS","M","$","M","M","M","R","E","?","T","M","M","E","M","E","R","BOSS","BOSS"],"items_purchased_type":["Card","Relic","Relic","Relic","Card"],"build_version":"2020-12-22","purchased_purges":3,"victory":true,"max_hp_per_floor":[75,75,75,75,75,75,75,75,75,75,75,75,75,75,75,75,75,79,79,55,55,55,55,55,59,59,59,59,63,67,67,67,71,71,75,75,79,83,83,83,83,83,83,83,87,91,95,95,95,99,99],"relic_stats":{"counters":[26,109],"Self Forming Clay":[120],"Eternal Feather":24,"Pen Nib":[15],"Ginger":[0],"Burning Blood":114,"Nunchaku":[13],"Busted Crown":32,"Ornamental Fan":[56],"Bronze Scales":[45],"obtain_stats":[{"Lantern":19,"NeowsBlessing":0,"Self Forming Clay":9,"Vajra":22,"Oddly Smooth Stone":27,"Eternal Feather":26,"The Courier":3,"Pen Nib":13,"Ginger":46,"Burning Blood":0,"Old Coin":8,"Nunchaku":21,"HornCleat":6,"Busted Crown":17,"Brimstone":22,"Ornamental Fan":30,"Bronze Scales":48,"Philosopher\u0027s Stone":34,"InkBottle":25,"TungstenRod":41,"Meat on the Bone":43},{"Lantern":9,"NeowsBlessing":0,"Self Forming Clay":3,"Vajra":9,"Oddly Smooth Stone":11,"Eternal Feather":10,"The Courier":0,"Pen Nib":6,"Ginger":22,"Burning Blood":0,"Old Coin":3,"Nunchaku":9,"HornCleat":2,"Busted Crown":8,"Brimstone":9,"Ornamental Fan":13,"Bronze Scales":24,"Philosopher\u0027s Stone":14,"InkBottle":10,"TungstenRod":19,"Meat on the Bone":19},{"Lantern":38,"NeowsBlessing":0,"Self Forming Clay":9,"Vajra":38,"Oddly Smooth Stone":47,"Eternal Feather":43,"The Courier":0,"Pen Nib":21,"Ginger":90,"Burning Blood":0,"Old Coin":9,"Nunchaku":38,"HornCleat":2,"Busted Crown":34,"Brimstone":38,"Ornamental Fan":52,"Bronze Scales":98,"Philosopher\u0027s Stone":59,"InkBottle":43,"TungstenRod":74,"Meat on the Bone":74}],"InkBottle":[25],"TungstenRod":20,"Meat on the Bone":36},"card_choices":[{"not_picked":["Sword Boomerang","Heavy Blade"],"picked":"Perfected Strike","floor":1},{"not_picked":["Clash","Anger"],"picked":"Armaments","floor":5},{"not_picked":["Cleave","Warcry"],"picked":"Demon Form","floor":6},{"not_picked":["Body Slam","Anger"],"picked":"Offering","floor":8},{"not_picked":["Reckless Charge","Burning Pact","Warcry"],"picked":"SKIP","floor":10},{"not_picked":["Reckless Charge","Clothesline"],"picked":"Flame Barrier","floor":12},{"not_picked":["Bludgeon","Iron Wave"],"picked":"Intimidate","floor":13},{"not_picked":["Intimidate","Sentinel"],"picked":"Pummel","floor":14},{"not_picked":["Impervious","Immolate"],"picked":"Feed","floor":16},{"not_picked":["Sever Soul"],"picked":"SKIP","floor":18},{"not_picked":["Flex"],"picked":"SKIP","floor":25},{"not_picked":[],"picked":"Warcry+1","floor":27},{"not_picked":["Evolve+1"],"picked":"SKIP","floor":29},{"not_picked":[],"picked":"Power Through","floor":30},{"not_picked":[],"picked":"Limit Break","floor":33},{"not_picked":[],"picked":"Sword Boomerang","floor":35},{"not_picked":[],"picked":"Sword Boomerang","floor":37},{"not_picked":["Bloodletting+1"],"picked":"SKIP","floor":38},{"not_picked":["Rage+1"],"picked":"SKIP","floor":39},{"not_picked":["Rage+1"],"picked":"SKIP","floor":39},{"not_picked":["Combust+1"],"picked":"SKIP","floor":41},{"not_picked":["Anger+1"],"picked":"SKIP","floor":44},{"not_picked":["Flex"],"picked":"SKIP","floor":45},{"not_picked":["Evolve"],"picked":"SKIP","floor":46},{"not_picked":[],"picked":"Evolve","floor":46},{"not_picked":["Pommel Strike+1"],"picked":"SKIP","floor":47},{"not_picked":["Pommel Strike+1"],"picked":"SKIP","floor":47},{"not_picked":["Reckless Charge"],"picked":"SKIP","floor":48}],"player_experience":1554892,"relics_obtained":[{"floor":3,"key":"The Courier"},{"floor":6,"key":"HornCleat"},{"floor":8,"key":"Old Coin"},{"floor":9,"key":"Self Forming Clay"},{"floor":13,"key":"Pen Nib"},{"floor":25,"key":"InkBottle"},{"floor":26,"key":"Eternal Feather"},{"floor":27,"key":"Oddly Smooth Stone"},{"floor":30,"key":"Ornamental Fan"},{"floor":41,"key":"TungstenRod"},{"floor":43,"key":"Meat on the Bone"},{"floor":46,"key":"Ginger"},{"floor":48,"key":"Bronze Scales"}],"event_choices":[{"damage_healed":0,"gold_gain":0,"player_choice":"Ignored","damage_taken":0,"max_hp_gain":0,"max_hp_loss":0,"event_name":"Liars Game","floor":2,"gold_loss":0},{"damage_healed":0,"gold_gain":0,"player_choice":"Became a vampire","damage_taken":0,"max_hp_gain":0,"max_hp_loss":24,"event_name":"Vampires","floor":20,"gold_loss":0,"cards_obtained":["Bite","Bite","Bite","Bite","Bite"]},{"damage_healed":0,"gold_gain":0,"player_choice":"Obtained Relic","damage_taken":0,"relics_obtained":["Nunchaku"],"max_hp_gain":0,"max_hp_loss":0,"event_name":"Addict","floor":21,"gold_loss":85},{"cards_removed":["Bite"],"damage_healed":5,"gold_gain":0,"player_choice":"Offered Special","damage_taken":0,"max_hp_gain":0,"max_hp_loss":0,"event_name":"Bonfire Elementals","floor":28,"gold_loss":0},{"damage_healed":0,"gold_gain":0,"player_choice":"Joined the Cult","damage_taken":6,"max_hp_gain":0,"max_hp_loss":0,"event_name":"Nest","floor":31,"gold_loss":0,"cards_obtained":["RitualDagger"]},{"damage_healed":0,"gold_gain":0,"player_choice":"Got Potions","damage_taken":0,"max_hp_gain":0,"max_hp_loss":0,"event_name":"Lab","floor":42,"gold_loss":0}],"is_beta":false,"boss_relics":[{"not_picked":["Ectoplasm","Tiny House"],"picked":"Busted Crown"},{"not_picked":["Empty Cage","SacredBark"],"picked":"Philosopher\u0027s Stone"}],"items_purged_floors":[4,19,36],"is_endless":false,"potions_floor_spawned":[5,10,13,29,30,35,38,39,46,47],"ascension_level":20}}