{"host":"15f3wpiimhe5yrng","time":1611358386,"event":{"mods":["100% Spire Juice","2.2 Compatiblity","BaseMod","Bestiary","Better Altar","Better Match","Better Note","Better Sensory Stone","Better Skull","Better Third Choice","Colored Map","Colored Powertips","Downfall","Good Game Mod","Ironclad Rager","Marisa????????","Minty Spire (QoL Compilation)","Permanent Neow","Relic Filter","SacredBarkPlus","Spicy Shops","Spire Arcade","StSLib","The Animator","The Marked","TheSwordswoman"],"gold_per_floor":[18,31,31,106,119,119,119,154,199,232,250,285,304,331,331,432,432,451,451,463,147,147,182,200,232,303,303,316,331,347,364,364,460,460,476,494,66,85,99,128,128,155,155,155,167,167,177,190,190,190,190,190,20,47,47],"floor_reached":56,"language":"ENG","playtime":5014,"items_purged":["Regret","Pain","Dualcast"],"score":1458,"play_id":"ba756abd-58e9-4687-a045-2ef65b6c99c3","local_time":"20210123003306","is_ascension_mode":false,"campfire_choices":[{"data":"Consume","floor":7,"key":"SMITH"},{"data":"Genetic Algorithm","floor":15,"key":"SMITH"},{"data":"downfall:Bewildered","floor":27,"key":"PURGE"},{"data":"Decay","floor":32,"key":"PURGE"},{"data":"Cold Snap","floor":41,"key":"PURGE"},{"floor":46,"key":"RECALL"},{"data":"downfall:Haunted","floor":49,"key":"PURGE"},{"data":"Decay","floor":52,"key":"PURGE"}],"circlet_count":0,"master_deck":["Zap","expansioncontent:DashGenerateEvil","Ball Lightning","Cold Snap","Ball Lightning","Leap","Leap","Leap","Leap","Hologram","Consume+1","CurseOfTheBell","CurseOfTheBell","Compile Driver","Reboot","Barrage+1","Ball Lightning+1","Barrage+1","Seek","Genetic Algorithm+1","Electrodynamics","Ball Lightning+1","Go for the Eyes+1","DeusExMachina+1","Compile Driver+1","White Noise","Capacitor","Fission","Hologram+1","Thunder Strike+1","Glacier+1","Biased Cognition","Turbo+1","Capacitor+1","Capacitor+1","Tempest+1","Leap+1","Writhe","Turbo"],"relics":["Cracked Core","REME:ComplimentaryCards","downfall:ExtraCursedBell","Happy Flower","Pear","Prayer Wheel","Bag of Preparation","Molten Egg 2","Mango","Meat on the Bone","Potion Belt","Cursed Key","WarpedTongs","Peace Pipe","Nunchaku","Ornamental Fan","Kunai","SacredBark","Incense Burner","PreservedInsect","Bottled Lightning","TungstenRod","Letter Opener","Unceasing Top","Pen Nib"],"acts_visited":["Exordium","TheCity","TheBeyond","TheEnding"],"potions_floor_usage":[11,47,54,55,55,55,55,55],"damage_taken":[{"damage":0,"enemies":"Small Slimes","floor":1,"turns":2},{"damage":2,"enemies":"Jaw Worm","floor":2,"turns":2},{"damage":4,"enemies":"Cultist","floor":5,"turns":3},{"damage":5,"enemies":"Lagavulin","floor":8,"turns":4},{"damage":6,"enemies":"Gremlin Nob","floor":10,"turns":3},{"damage":4,"enemies":"Large Slime","floor":11,"turns":3},{"damage":0,"enemies":"3 Sentries","floor":12,"turns":3},{"damage":5,"enemies":"Exordium Thugs","floor":13,"turns":2},{"damage":5,"enemies":"Gremlin Nob","floor":14,"turns":3},{"damage":7,"enemies":"Hexaghost","floor":16,"turns":8},{"damage":0,"enemies":"3 Byrds","floor":18,"turns":3},{"damage":2,"enemies":"Shell Parasite","floor":20,"turns":3},{"damage":20,"enemies":"Slavers","floor":23,"turns":3},{"damage":4,"enemies":"Snake Plant","floor":24,"turns":3},{"damage":0,"enemies":"Book of Stabbing","floor":25,"turns":3},{"damage":0,"enemies":"Cultist and Chosen","floor":28,"turns":3},{"damage":0,"enemies":"Chosen and Byrds","floor":29,"turns":3},{"damage":0,"enemies":"Centurion and Healer","floor":30,"turns":2},{"damage":2,"enemies":"Snake Plant","floor":31,"turns":3},{"damage":19,"enemies":"Collector","floor":33,"turns":7},{"damage":0,"enemies":"3 Shapes","floor":35,"turns":2},{"damage":18,"enemies":"3 Darklings","floor":36,"turns":4},{"damage":6,"enemies":"Jaw Worm Horde","floor":38,"turns":4},{"damage":0,"enemies":"Transient","floor":39,"turns":5},{"damage":0,"enemies":"Reptomancer","floor":40,"turns":4},{"damage":0,"enemies":"Nemesis","floor":42,"turns":4},{"damage":0,"enemies":"3 Darklings","floor":45,"turns":2},{"damage":0,"enemies":"Maw","floor":47,"turns":6},{"damage":8,"enemies":"Spire Growth","floor":48,"turns":4},{"damage":9,"enemies":"Time Eater","floor":50,"turns":11},{"damage":24,"enemies":"Shield and Spear","floor":54,"turns":7},{"damage":46,"enemies":"The Heart","floor":55,"turns":8}],"seed_played":"-9062457883026219825","potions_obtained":[{"floor":1,"key":"Energy Potion"},{"floor":2,"key":"FearPotion"},{"floor":8,"key":"Energy Potion"},{"floor":16,"key":"FearPotion"},{"floor":20,"key":"Weak Potion"},{"floor":25,"key":"hexamod:SoulburnPotion"},{"floor":36,"key":"BlessingOfTheForge"},{"floor":48,"key":"SkillPotion"}],"is_trial":false,"path_per_floor":["M","M","?","?","M","?","R","E","T","E","M","E","M","E","R","B",null,"M","?","M","$","?","E","M","E","T","R","M","M","M","M","R","B",null,"M","M","$","M","M","E","R","E","T","?","M","R","M","M","R","B",null,"R","$","E","B",null],"character_chosen":"DEFECT","items_purchased":["Peace Pipe","Go for the Eyes+1","Incense Burner","PreservedInsect","Unceasing Top","Turbo"],"campfire_rested":0,"item_purchase_floors":[21,21,37,37,53,53],"current_hp_per_floor":[50,48,58,51,47,30,30,25,25,33,29,29,36,43,43,48,92,92,92,90,90,90,70,66,66,66,66,66,66,66,64,64,57,92,92,74,74,68,68,68,68,68,68,68,68,68,68,60,60,51,92,92,92,68,34],"gold":47,"neow_bonus":"DEFECT_STORMLORD","is_daily":false,"chose_seed":false,"campfire_upgraded":2,"win_rate":0.0,"timestamp":1611358386,"path_taken":["M","M","?","?","?","?","R","E","T","E","M","E","M","E","R","BOSS","M","?","?","$","?","E","M","E","T","R","M","M","M","?","R","BOSS","M","M","$","M","M","E","R","E","T","?","M","R","M","M","R","BOSS","R","$","E","BOSS"],"items_purchased_type":["Relic","Card","Relic","Relic","Relic","Card"],"build_version":"2020-12-22","purchased_purges":3,"victory":true,"max_hp_per_floor":[68,68,78,78,78,78,78,78,78,92,92,92,92,92,92,92,92,92,92,92,92,92,92,92,92,92,92,92,92,92,92,92,92,92,92,92,92,92,92,92,92,92,92,92,92,92,92,92,92,92,92,92,92,92,92],"card_choices":[{"not_picked":["Steam Power","Stack"],"picked":"Hologram","floor":1},{"not_picked":["Hologram","Blizzard"],"picked":"Consume","floor":2},{"not_picked":["Streamline","Rebound"],"picked":"Compile Driver","floor":5},{"not_picked":["Coolheaded","Steam","Barrage"],"picked":"SKIP","floor":5},{"not_picked":["Sunder+1","Tempest"],"picked":"Reboot","floor":8},{"not_picked":["Auto Shields","Rip and Tear+1"],"picked":"Barrage+1","floor":10},{"not_picked":["Chaos","Conserve Battery"],"picked":"Ball Lightning+1","floor":11},{"not_picked":["Leap","Turbo"],"picked":"Barrage+1","floor":11},{"not_picked":["Leap","Heatsinks"],"picked":"Seek","floor":12},{"not_picked":["Rebound+1","Conserve Battery","Gash+1"],"picked":"SKIP","floor":13},{"not_picked":["Meteor Strike+1","Heatsinks","Compile Driver+1"],"picked":"SKIP","floor":13},{"not_picked":["Chill","Rebound+1"],"picked":"Genetic Algorithm","floor":14},{"not_picked":["Seek","Thunder Strike+1"],"picked":"Electrodynamics","floor":16},{"not_picked":["Sweeping Beam+1","Beam Cell+1"],"picked":"Ball Lightning+1","floor":18},{"not_picked":["Gash+1","Self Repair","Stack"],"picked":"SKIP","floor":18},{"not_picked":["Reinforced Body","Barrage+1","Coolheaded+1"],"picked":"SKIP","floor":20},{"not_picked":["Compile Driver+1","Conserve Battery","Tempest"],"picked":"SKIP","floor":20},{"not_picked":["Darkness+1","Turbo","Multi-Cast"],"picked":"SKIP","floor":23},{"not_picked":["Melter+1","Hologram","Gash+1"],"picked":"SKIP","floor":24},{"not_picked":["Beam Cell+1","Chaos","Melter+1"],"picked":"SKIP","floor":24},{"not_picked":["Go for the Eyes+1","Cold Snap+1"],"picked":"Compile Driver+1","floor":25},{"not_picked":["Rebound+1","Multi-Cast","Streamline+1"],"picked":"SKIP","floor":28},{"not_picked":["Turbo","Reprogram","Undo"],"picked":"SKIP","floor":28},{"not_picked":["Streamline+1","Redo"],"picked":"White Noise","floor":29},{"not_picked":["Double Energy+1","Go for the Eyes+1","FTL+1"],"picked":"SKIP","floor":29},{"not_picked":["Gash+1","FTL+1","Steam Power"],"picked":"SKIP","floor":30},{"not_picked":["Steam","Doom and Gloom+1","Undo+1"],"picked":"SKIP","floor":30},{"not_picked":["Beam Cell+1","Skim"],"picked":"Capacitor","floor":31},{"not_picked":["Barrage+1","Darkness","Leap"],"picked":"SKIP","floor":31},{"not_picked":["Reboot","Amplify"],"picked":"Fission","floor":33},{"not_picked":["Steam","Streamline+1"],"picked":"Hologram+1","floor":35},{"not_picked":["Rebound+1","Hologram","Compile Driver+1"],"picked":"SKIP","floor":35},{"not_picked":["Sweeping Beam+1","Beam Cell+1"],"picked":"Thunder Strike+1","floor":36},{"not_picked":["Hologram+1","Barrage+1","Reprogram+1"],"picked":"SKIP","floor":36},{"not_picked":["Redo","Beam Cell+1"],"picked":"Glacier+1","floor":38},{"not_picked":["Hologram","Compile Driver+1","Sweeping Beam+1"],"picked":"SKIP","floor":38},{"not_picked":["Hologram","Compile Driver+1","Sweeping Beam+1"],"picked":"SKIP","floor":38},{"not_picked":["Cold Snap+1","Redo"],"picked":"Biased Cognition","floor":39},{"not_picked":["Rebound+1","Cold Snap+1"],"picked":"Turbo+1","floor":39},{"not_picked":["Fission","Turbo","Leap+1"],"picked":"SKIP","floor":40},{"not_picked":["Doom and Gloom+1","Genetic Algorithm","Sweeping Beam+1"],"picked":"SKIP","floor":42},{"not_picked":["Glacier+1","Turbo+1"],"picked":"Capacitor+1","floor":45},{"not_picked":["Turbo+1","Stack"],"picked":"Capacitor+1","floor":45},{"not_picked":["Turbo+1","Leap+1"],"picked":"Tempest+1","floor":47},{"not_picked":["Streamline+1","Redo+1","Scrape+1"],"picked":"SKIP","floor":47},{"not_picked":["Conserve Battery+1","Beam Cell+1"],"picked":"Leap+1","floor":48},{"not_picked":["All For One+1","Gash+1","Beam Cell+1"],"picked":"SKIP","floor":48},{"not_picked":["Cold Snap+1","Leap","Streamline+1"],"picked":"SKIP","floor":54}],"player_experience":167048,"relics_obtained":[{"floor":3,"key":"Happy Flower"},{"floor":3,"key":"Pear"},{"floor":3,"key":"Prayer Wheel"},{"floor":8,"key":"Molten Egg 2"},{"floor":10,"key":"Mango"},{"floor":12,"key":"Meat on the Bone"},{"floor":14,"key":"Potion Belt"},{"floor":23,"key":"Nunchaku"},{"floor":25,"key":"Ornamental Fan"},{"floor":26,"key":"Kunai"},{"floor":40,"key":"Bottled Lightning"},{"floor":42,"key":"TungstenRod"},{"floor":43,"key":"Letter Opener"},{"floor":54,"key":"Pen Nib"}],"event_choices":[{"damage_healed":0,"gold_gain":75,"player_choice":"Touch","damage_taken":7,"max_hp_gain":0,"max_hp_loss":0,"event_name":"FaceTrader","floor":4,"gold_loss":0},{"damage_healed":0,"gold_gain":0,"player_choice":"RE ","damage_taken":19,"relics_obtained":["Bag of Preparation"],"max_hp_gain":0,"max_hp_loss":0,"event_name":"betterSkull:BetterSkull","floor":6,"gold_loss":0,"cards_upgraded":[]},{"damage_healed":0,"gold_gain":0,"player_choice":"Rummage","damage_taken":0,"relics_obtained":["WarpedTongs"],"max_hp_gain":0,"max_hp_loss":0,"event_name":"Accursed Blacksmith","floor":19,"gold_loss":0,"cards_obtained":["Pain"]},{"cards_removed":["Reboot"],"damage_healed":0,"gold_gain":0,"player_choice":"Take \u0026 Give","damage_taken":0,"max_hp_gain":0,"max_hp_loss":0,"event_name":"betterNote:BetterNote","floor":22,"gold_loss":0,"cards_obtained":["DeusExMachina"]},{"damage_healed":0,"gold_gain":0,"player_choice":"Cursed","damage_taken":0,"max_hp_gain":0,"max_hp_loss":0,"event_name":"Wheel of Change","floor":44,"gold_loss":0,"cards_obtained":["Decay"]}],"is_beta":false,"boss_relics":[{"not_picked":["Nuclear Battery","Astrolabe"],"picked":"Cursed Key"},{"not_picked":["bronze:MakeshiftBattery","SlaversCollar"],"picked":"SacredBark"}],"items_purged_floors":[21,21,37],"is_endless":false,"potions_floor_spawned":[1,2,8,10,16,20,25,29,31,36,39,40,48],"ascension_level":0}}