{"host":"6jrd8fn9k88n08be","time":1611277850,"event":{"mods":["BaseMod","Minty Spire (QoL Compilation)","StSLib"],"gold_per_floor":[159,189,159,194,187,187,257,257,337,365,365,409,521,135,135,135,135],"floor_reached":16,"language":"ENG","playtime":691,"items_purged":["Strike_B"],"score":120,"play_id":"fdcf5251-f6e4-4b09-8486-0bbdfd8f6be5","local_time":"20210121201050","is_ascension_mode":true,"campfire_choices":[{"data":"HandOfGreed","floor":6,"key":"SMITH"},{"floor":11,"key":"REST"},{"floor":15,"key":"REST"}],"circlet_count":0,"master_deck":["Strike_B","Strike_B","Strike_B","Defend_B","Defend_B","Defend_B","Defend_B","Zap","Dualcast","HandOfGreed+1","Genetic Algorithm","Coolheaded","Conserve Battery","Gash","Coolheaded","Genetic Algorithm","Good Instincts"],"relics":["Cracked Core","Du-Vu Doll","Lantern","PreservedInsect"],"acts_visited":["Exordium"],"potions_floor_usage":[5,16],"damage_taken":[{"damage":3,"enemies":"Small Slimes","floor":1,"turns":3},{"damage":1,"enemies":"Cultist","floor":2,"turns":3},{"damage":2,"enemies":"Jaw Worm","floor":4,"turns":2},{"damage":9,"enemies":"Exordium Thugs","floor":5,"turns":5},{"damage":4,"enemies":"2 Fungi Beasts","floor":7,"turns":6},{"damage":31,"enemies":"Gremlin Nob","floor":10,"turns":5},{"damage":0,"enemies":"Large Slime","floor":12,"turns":5},{"damage":6,"enemies":"Gremlin Gang","floor":13,"turns":8},{"damage":69,"enemies":"Hexaghost","floor":16,"turns":16}],"seed_played":"3404168037758248052","potions_obtained":[{"floor":1,"key":"FairyPotion"},{"floor":3,"key":"PowerPotion"},{"floor":3,"key":"GamblersBrew"},{"floor":5,"key":"Energy Potion"}],"is_trial":false,"path_per_floor":["M","M","?","M","M","R","M","?","T","E","R","M","M","$","R","B"],"character_chosen":"DEFECT","items_purchased":["PreservedInsect","Genetic Algorithm","Good Instincts"],"campfire_rested":2,"item_purchase_floors":[14,14,14],"current_hp_per_floor":[51,50,50,48,39,39,35,35,35,4,26,26,20,20,42,0,0],"gold":135,"neow_bonus":"RANDOM_COLORLESS_2","is_daily":false,"chose_seed":false,"campfire_upgraded":1,"win_rate":0.0,"timestamp":1611277850,"path_taken":["M","M","?","M","?","R","M","?","T","E","R","?","M","$","R","BOSS"],"items_purchased_type":["Relic","Card","Card"],"build_version":"2020-12-22","purchased_purges":1,"victory":false,"max_hp_per_floor":[75,75,75,75,75,75,75,75,75,75,75,75,75,75,75,75,75],"card_choices":[{"not_picked":["Secret Technique","Apotheosis"],"picked":"HandOfGreed","floor":0},{"not_picked":["Rebound","Compile Driver"],"picked":"Genetic Algorithm","floor":1},{"not_picked":["Rebound","Fusion"],"picked":"Coolheaded","floor":2},{"not_picked":["Coolheaded","Go for the Eyes"],"picked":"Conserve Battery","floor":4},{"not_picked":["Recycle","Ball Lightning"],"picked":"Beam Cell","floor":5},{"not_picked":["Redo","Stack","Force Field"],"picked":"SKIP","floor":7},{"not_picked":["Go for the Eyes","Storm"],"picked":"Gash","floor":10},{"not_picked":["Skim","Conserve Battery"],"picked":"Coolheaded","floor":12},{"not_picked":["Barrage","Steam","Go for the Eyes"],"picked":"SKIP","floor":13}],"player_experience":116221,"relics_obtained":[{"floor":10,"key":"Lantern"}],"event_choices":[{"damage_healed":0,"gold_gain":0,"player_choice":"Bought 2 Potions","damage_taken":0,"max_hp_gain":0,"max_hp_loss":0,"event_name":"The Woman in Blue","floor":3,"gold_loss":0},{"cards_removed":["Beam Cell"],"damage_healed":0,"gold_gain":0,"player_choice":"Gave Card","damage_taken":0,"relics_obtained":["Du-Vu Doll"],"max_hp_gain":0,"max_hp_loss":0,"event_name":"WeMeetAgain","floor":8,"gold_loss":0}],"is_beta":false,"boss_relics":[],"items_purged_floors":[14],"is_endless":false,"potions_floor_spawned":[1,5,12],"killed_by":"Hexaghost","ascension_level":3}}