{"host":"x21cvmfdo17nyhii","time":1611298662,"event":{"mods":["AchievementEnabler","BaseMod","Block Reminder","Colored Map","Colored Powertips","DeckTracker","Highlight Path","Keyboard Shortcuts","Minty Spire (QoL Compilation)","Quick Restart","Rare Cards Sparkle","SuperFastMode"],"gold_per_floor":[113,130,130,55,75,75,91,91,91],"floor_reached":8,"language":"ENG","playtime":1004,"items_purged":["Regret"],"score":62,"play_id":"39f4577c-9d81-45ef-9600-e77743e4670e","local_time":"20210121225742","is_ascension_mode":true,"campfire_choices":[{"data":"1","floor":6,"key":"LIFT"}],"circlet_count":0,"master_deck":["Strike_G","Strike_G","Strike_G","Strike_G","Strike_G","Defend_G","Defend_G","Defend_G","Defend_G","Defend_G","Survivor","Neutralize","Noxious Fumes","Backflip","PiercingWail","Catalyst"],"relics":["Sozu","Girya"],"acts_visited":["Exordium"],"potions_floor_usage":[],"damage_taken":[{"damage":2,"enemies":"Jaw Worm","floor":1,"turns":5},{"damage":4,"enemies":"Small Slimes","floor":2,"turns":4},{"damage":0,"enemies":"Cultist","floor":5,"turns":4},{"damage":4,"enemies":"3 Louse","floor":7,"turns":3},{"damage":58,"enemies":"Gremlin Nob","floor":8,"turns":5}],"seed_played":"4942078488684934492","potions_obtained":[],"is_trial":false,"path_per_floor":["M","M","?","$","M","R","M","E"],"character_chosen":"THE_SILENT","items_purchased":[],"campfire_rested":0,"item_purchase_floors":[],"current_hp_per_floor":[61,57,57,57,57,57,53,0,0],"gold":91,"neow_bonus":"BOSS_RELIC","is_daily":false,"chose_seed":false,"campfire_upgraded":0,"win_rate":0.0,"timestamp":1611298662,"path_taken":["M","M","?","$","M","R","M","E"],"items_purchased_type":[],"build_version":"2020-12-22","purchased_purges":1,"victory":false,"max_hp_per_floor":[70,70,70,70,70,70,70,70,70],"card_choices":[{"not_picked":["Blade Dance","Quick Slash"],"picked":"Noxious Fumes","floor":1},{"not_picked":["Quick Slash","All Out Attack"],"picked":"Backflip","floor":2},{"not_picked":["Prepared","Dagger Throw"],"picked":"PiercingWail","floor":5},{"not_picked":["Storm of Steel","Caltrops"],"picked":"Catalyst","floor":7}],"player_experience":456397,"relics_obtained":[],"event_choices":[{"damage_healed":0,"gold_gain":0,"player_choice":"Box","damage_taken":0,"relics_obtained":["Girya"],"max_hp_gain":0,"max_hp_loss":0,"event_name":"Big Fish","floor":3,"gold_loss":0,"cards_obtained":["Regret"]}],"is_beta":false,"boss_relics":[],"items_purged_floors":[4],"is_endless":false,"potions_floor_spawned":[1,5,7],"killed_by":"Gremlin Nob","ascension_level":6}}