{"host":"0c22z74nxhh6l98a","time":1611284622,"event":{"mods":["BaseMod","BetterRewards","Card Forge","GungeonMod","Hubris","Infinite Spire","Minty Spire (QoL Compilation)","Potionbrewer","Shop Mod","StSLib"],"gold_per_floor":[260,59,59,74,74,550,75,350,350,406,452,554,579,237,237,493,493,541,705,163,326,489,713,713,867,867,1043,190,910,1162,1397,1397,1726,1726,1745,903,950,950,950,1190,1335,1352,1352,1536,1034,1034,1079,1315,1315,1525,1525,1525,881,1120,1330],"floor_reached":56,"language":"ENG","playtime":5369,"items_purged":[],"score":3613,"play_id":"cd70221a-f894-4ec8-9ae4-b893f7e0b85e","local_time":"20210121210342","is_ascension_mode":true,"campfire_choices":[{"floor":15.0,"key":"RECALL"},{"data":"DemoMod:Deposit","floor":32,"key":"SMITH"},{"data":"Deep Breath","floor":49,"key":"SMITH"},{"data":"hubris:Sniper","floor":52,"key":"SMITH"}],"circlet_count":0,"master_deck":["AscendersBane","A Thousand Cuts+1","After Image+1","Adrenaline+1","Venomology+1","Blade Dance","Calculated Gamble+1","infinitespire:Neurotoxin+1","Noxious Fumes","Reflex+1","Prepared+1","hubris:Sniper+1","Tactician","Tools of the Trade","DemoMod:Deposit+1","DemoMod:Deposit+1","DemoMod:Deposit+1","DemoMod:Deposit+1","DemoMod:Deposit+1","Prepared","Regret","Escape Plan+1","Reflex+1","Prepared","Jack Of All Trades","Reflex+1","DemoMod:Deposit+1","Adrenaline+1","Deep Breath+1","Panache+1","DemoMod:Deposit+1","Venomology+1","Master of Strategy","Purity"],"relics":["Ring of the Snake","Hammer of Thor","Seething Fire","Anvil of the Gods","Anchor","Bag of Marbles","MerchantsRug","Juzu Bracelet","Tough Bandages","Blood Vial","TwistedFunnel","Bronze Scales","FossilizedHelix","ClockworkSouvenir","DemoMod:AgedBell","potionbrewer:Keyblade","DemoMod:GlassGuonStoneRelic","hubris:EmptyBottle","DemoMod:Bottle","DemoMod:MonsterBlood","infinitespire:WardingShard","hubris:PeanutButter","Ornamental Fan","Dream Catcher","Toolbox","SlaversCollar","Frozen Egg 2","hubris:ToyBattleship","MealTicket","Nunchaku","Kunai","Toy Ornithopter","DemoMod:LamentConfigurum","potionbrewer:MortarAndPestle","TungstenRod","potionbrewer:WarMedal","HoveringKite","WingedGreaves","Bag of Preparation","Sling","infinitespire:ShieldingShard","SacredBark","StoneCalendar","infinitespire:Eraser","DemoMod:BlueGuonStone","DemoMod:OrangeGuonStone","Shuriken","Potion Belt","infinitespire:Satchel","infinitespire:FocusingShard","potionbrewer:SlideRule","Frozen Eye","DemoMod:Metronome"],"acts_visited":["Exordium","TheCity","TheBeyond","TheEnding"],"potions_floor_usage":[37,40,41,41,42,42,42,44,44,46,46,47,47,48,48,48,48,48,50,50,50,50,50,50,50,55,55,55,55,55,55,55,55,55,55,55,55],"damage_taken":[{"damage":0.0,"enemies":"Cultist","floor":1.0,"turns":3.0},{"damage":0.0,"enemies":"2 Louse","floor":4.0,"turns":1.0},{"damage":0.0,"enemies":"Gremlin Nob","floor":6.0,"turns":3.0},{"damage":0.0,"enemies":"3 Sentries","floor":10.0,"turns":3.0},{"damage":0.0,"enemies":"Jaw Worm","floor":11.0,"turns":2.0},{"damage":0.0,"enemies":"Large Slime","floor":12.0,"turns":2.0},{"damage":0.0,"enemies":"Gremlin Nob","floor":13.0,"turns":2.0},{"damage":0.0,"enemies":"The Guardian","floor":16.0,"turns":2.0},{"damage":0.0,"enemies":"3 Byrds","floor":18.0,"turns":2.0},{"damage":0.0,"enemies":"Shell Parasite","floor":19.0,"turns":2.0},{"damage":0.0,"enemies":"Centurion and Healer","floor":21.0,"turns":2.0},{"damage":0.0,"enemies":"Snecko","floor":22.0,"turns":1.0},{"damage":0.0,"enemies":"Slavers","floor":23.0,"turns":3.0},{"damage":0.0,"enemies":"Gremlin Leader","floor":25.0,"turns":2.0},{"damage":0.0,"enemies":"Book of Stabbing","floor":27.0,"turns":5.0},{"damage":0.0,"enemies":"Gremlin Leader","floor":30.0,"turns":4.0},{"damage":0,"enemies":"Chosen and Byrds","floor":31,"turns":4},{"damage":0,"enemies":"Collector","floor":33,"turns":4},{"damage":0,"enemies":"Orb Walker","floor":35,"turns":1},{"damage":0,"enemies":"3 Shapes","floor":37,"turns":1},{"damage":0,"enemies":"Giant Head","floor":40,"turns":4},{"damage":0,"enemies":"Reptomancer","floor":41,"turns":3},{"damage":0,"enemies":"Jaw Worm Horde","floor":42,"turns":1},{"damage":0,"enemies":"Nemesis","floor":44,"turns":3},{"damage":0,"enemies":"3 Darklings","floor":47,"turns":2},{"damage":0,"enemies":"Giant Head","floor":48,"turns":2},{"damage":0,"enemies":"Time Eater","floor":50,"turns":5},{"damage":0,"enemies":"Shield and Spear","floor":54,"turns":1},{"damage":0,"enemies":"The Heart","floor":55,"turns":4}],"seed_played":"-9066730705874345055","potions_obtained":[{"floor":11.0,"key":"SmokeBomb"},{"floor":12.0,"key":"Explosive Potion"},{"floor":23.0,"key":"potionbrewer:InfectionPotion"},{"floor":25.0,"key":"DemoMod:LeadSkinPotion"},{"floor":37,"key":"SteroidPotion"},{"floor":46,"key":"potionbrewer:BlacksmithPotion"},{"floor":46,"key":"SkillPotion"},{"floor":47,"key":"Swift Potion"}],"is_trial":false,"path_per_floor":["M","$","?","M","?","E","$","?","T","E","M","M","E","$","R","B",null,"M","M","$","M","M","E","?","E","T","E","$","?","E","M","R","B",null,"M","$","M","T","AVR","E","E","M","T","E","$","?","M","E","R","B",null,"R","$","E","B",null],"character_chosen":"THE_SILENT","items_purchased":["Anchor","Bag of Marbles","MerchantsRug","Juzu Bracelet","Blood Vial","TwistedFunnel","Bronze Scales","FossilizedHelix","ClockworkSouvenir","potionbrewer:Keyblade","hubris:EmptyBottle","SkillPotion","DemoMod:MonsterBlood","infinitespire:WardingShard","potionbrewer:DiscountPotion","AttackPotion","Swift Potion","Dream Catcher","Toolbox","Prepared","Frozen Egg 2","hubris:ToyBattleship","Jack Of All Trades","Reflex","potionbrewer:MortarAndPestle","TungstenRod","potionbrewer:SalesContract","DemoMod:Deposit","WingedGreaves","Bag of Preparation","Sling","Deep Breath","Panache+1","Potion Belt","DemoMod:Deposit","infinitespire:Satchel","potionbrewer:SlideRule","Frozen Eye","Master of Strategy","Purity"],"campfire_rested":0,"item_purchase_floors":[0,0,0,0,0,0,0,0,0,0,2,2,7,7,7,7,14,14,14,14,20,20,20,20,28,28,28,28,36,36,36,36,36,45,45,45,53,53,53,53],"current_hp_per_floor":[73,73,73,75,75,77,84,84,84,86,88,90,92,92,92,93,93,93,93,93,93,93,93,93,93,93,93,93,20,32,34,34,36,79,81,93,93,93,93,93,93,93,93,93,93,93,93,93,93,93,93,93,93,93,93],"gold":1330,"neow_bonus":"","is_daily":false,"chose_seed":false,"campfire_upgraded":3,"win_rate":0.0,"timestamp":1611284622,"path_taken":["M","?","?","M","?","E","$","?","T","E","M","M","E","?","R","BOSS","M","M","$","M","M","E","?","E","T","E","$","?","E","M","R","BOSS","M","$","M","?","AVR","E","E","M","T","E","$","?","M","E","R","BOSS","R","$","E","BOSS"],"items_purchased_type":["Relic","Relic","Relic","Relic","Relic","Relic","Relic","Relic","Relic","Relic","Relic","Potion","Relic","Relic","Potion","Potion","Potion","Relic","Relic","Card","Relic","Relic","Card","Card","Relic","Relic","Relic","Card","Relic","Relic","Relic","Card","Card","Relic","Card","Relic","Relic","Relic","Card","Card"],"build_version":"2020-12-22","purchased_purges":0,"victory":true,"max_hp_per_floor":[86,86,86,86,86,86,93,93,93,93,93,93,93,93,93,93,93,93,93,93,93,93,93,93,93,93,93,93,93,93,93,93,93,93,93,93,93,93,93,93,93,93,93,93,93,93,93,93,93,93,93,93,93,93,93],"card_choices":[{"not_picked":["PiercingWail","Dodge and Roll","Setup"],"picked":"SKIP","floor":1.0},{"not_picked":["Backflip","PiercingWail","Catalyst"],"picked":"SKIP","floor":4.0},{"not_picked":["Deadly Poison","Masterful Stab"],"picked":"Prepared","floor":6.0},{"not_picked":["Deflect","hubris:SlightOfHand"],"picked":"Escape Plan","floor":10.0},{"not_picked":["Outmaneuver","Expertise","PiercingWail"],"picked":"SKIP","floor":11.0},{"not_picked":["Underhanded Strike","Deadly Poison","Riddle With Holes"],"picked":"SKIP","floor":12.0},{"not_picked":["Quick Slash","Backstab"],"picked":"Reflex","floor":13.0},{"not_picked":["Deadly Poison","Outmaneuver","Dodge and Roll"],"picked":"SKIP","floor":18.0},{"not_picked":["Expertise+1","Blade Dance","Heel Hook"],"picked":"SKIP","floor":19.0},{"not_picked":["Setup","Cloak And Dagger","Underhanded Strike"],"picked":"SKIP","floor":21.0},{"not_picked":["Eviscerate","Riddle With Holes","All Out Attack"],"picked":"SKIP","floor":22.0},{"not_picked":["Poisoned Stab+1","Predator","Well Laid Plans+1"],"picked":"SKIP","floor":23.0},{"not_picked":["Dash","Bane","Eviscerate"],"picked":"SKIP","floor":25.0},{"not_picked":["Well Laid Plans+1","Slice","Night Terror"],"picked":"SKIP","floor":27.0},{"not_picked":["Noxious Fumes+1","Finisher","Acrobatics"],"picked":"SKIP","floor":30.0},{"not_picked":["Flying Knee","Bouncing Flask","Prepared"],"picked":"SKIP","floor":31},{"not_picked":["Wraith Form v2+1","Malaise"],"picked":"Adrenaline","floor":33},{"not_picked":["Dagger Spray","Outmaneuver","PiercingWail"],"picked":"SKIP","floor":35},{"not_picked":["Dagger Spray","Noxious Fumes+1","Sucker Punch"],"picked":"SKIP","floor":37},{"not_picked":["Underhanded Strike","hubris:Counter","Dagger Throw+1"],"picked":"SKIP","floor":40},{"not_picked":["Dagger Throw","Choke","Slice"],"picked":"SKIP","floor":41},{"not_picked":["Finisher","Flying Knee","Deflect"],"picked":"SKIP","floor":42},{"not_picked":["Endless Agony","Grand Finale","Well Laid Plans+1"],"picked":"SKIP","floor":44},{"not_picked":["Dagger Spray","Underhanded Strike+1","Finisher"],"picked":"SKIP","floor":47},{"not_picked":["Poisoned Stab","Burst","Outmaneuver+1"],"picked":"SKIP","floor":48},{"not_picked":["Quick Slash","Dodge and Roll","Infinite Blades+1"],"picked":"SKIP","floor":54}],"player_experience":927172,"relics_obtained":[{"floor":5.0,"key":"DemoMod:Bottle"},{"floor":6.0,"key":"Old Coin"},{"floor":10.0,"key":"hubris:PeanutButter"},{"floor":13.0,"key":"Ornamental Fan"},{"floor":23.0,"key":"MealTicket"},{"floor":25.0,"key":"Kunai"},{"floor":26.0,"key":"Toy Ornithopter"},{"floor":27.0,"key":"DemoMod:LamentConfigurum"},{"floor":30.0,"key":"potionbrewer:WarMedal"},{"floor":38,"key":"infinitespire:ShieldingShard"},{"floor":40,"key":"infinitespire:Eraser"},{"floor":41,"key":"DemoMod:BlueGuonStone"},{"floor":43,"key":"DemoMod:OrangeGuonStone"},{"floor":44,"key":"Shuriken"},{"floor":48,"key":"infinitespire:FocusingShard"},{"floor":54,"key":"DemoMod:Metronome"}],"event_choices":[{"damage_healed":0.0,"max_hp_gain":0.0,"max_hp_loss":0.0,"gold_gain":275.0,"event_name":"Golden Shrine","player_choice":"Desecrate","floor":8.0,"gold_loss":0.0,"damage_taken":0.0,"cards_obtained":["Regret"]},{"damage_healed":0.0,"max_hp_gain":0.0,"max_hp_loss":0.0,"gold_gain":0.0,"event_name":"WeMeetAgain","player_choice":"Gave Potion","floor":24.0,"gold_loss":0.0,"damage_taken":0.0,"relics_obtained":["Nunchaku"]},{"damage_healed":0.0,"max_hp_gain":0.0,"max_hp_loss":0.0,"gold_gain":720.0,"event_name":"Knowing Skull","player_choice":"GOLD GOLD GOLD GOLD GOLD GOLD GOLD GOLD ","floor":29.0,"potions_obtained":[],"gold_loss":0.0,"damage_taken":82.0,"cards_obtained":[]},{"damage_healed":0,"gold_gain":0,"player_choice":"Got Potions","damage_taken":0,"max_hp_gain":0,"max_hp_loss":0,"event_name":"Lab","floor":46,"gold_loss":0}],"is_beta":false,"boss_relics":[{"not_picked":["hubris:HollowSoul","hubris:RunicObelisk"],"picked":"SlaversCollar"},{"not_picked":["Snecko Eye","hubris:ScarierMask"],"picked":"HoveringKite"}],"items_purged_floors":[],"is_endless":false,"potions_floor_spawned":[11,12,18,23,25,30,31,33,37,41,42,47],"ascension_level":15}}