{"host":"dm4yvegl9um2tlqd","time":1611354690,"event":{"mods":["2.2 Compatiblity","AchievementEnabler","BaseMod","Colored Map","DeckTracker","Highlight Path","KOR Keyword Fix","Keyboard Shortcuts","Minty Spire (QoL Compilation)","Permanent Neow","Quick Restart","Random Character Button","StSLib","SuperFastMode","everything is the same but u backflip on backflip"],"gold_per_floor":[114,131,131,56,73,103,103,113,113,113,113,141,141,141,141,141,141],"floor_reached":16,"language":"KOR","playtime":327,"items_purged":["Strike_R"],"score":151,"play_id":"e857d630-fa37-4c63-8115-1fcc27de7c8e","local_time":"20210123073130","is_ascension_mode":true,"campfire_choices":[{"data":"Hemokinesis","floor":7.0,"key":"SMITH"},{"data":"Pommel Strike","floor":10.0,"key":"SMITH"},{"data":"Carnage","floor":13.0,"key":"SMITH"},{"data":"Shrug It Off","floor":15.0,"key":"SMITH"}],"circlet_count":0,"master_deck":["Strike_R","Strike_R+1","Strike_R","Defend_R","Defend_R","Defend_R","Defend_R","Bash+1","Pommel Strike+1","Shrug It Off","Hemokinesis+1","Shrug It Off+1","Carnage+1","Whirlwind+1"],"relics":["Burning Blood","Omamori","Potion Belt","The Courier"],"acts_visited":["Exordium"],"potions_floor_usage":[],"damage_taken":[{"damage":1.0,"enemies":"Cultist","floor":1.0,"turns":3.0},{"damage":1.0,"enemies":"2 Louse","floor":2.0,"turns":2.0},{"damage":4.0,"enemies":"Small Slimes","floor":5.0,"turns":4.0},{"damage":20.0,"enemies":"Lagavulin","floor":6.0,"turns":5.0},{"damage":3.0,"enemies":"2 Fungi Beasts","floor":8.0,"turns":3.0},{"damage":20.0,"enemies":"Gremlin Nob","floor":12.0,"turns":3.0},{"damage":41,"enemies":"The Guardian","floor":16,"turns":8}],"seed_played":"1367633527751058666","potions_obtained":[{"floor":2.0,"key":"Energy Potion"}],"is_trial":false,"path_per_floor":["M","M","?","$","M","E","R","M","T","R","?","E","R","?","R","B"],"character_chosen":"IRONCLAD","items_purchased":[],"campfire_rested":0,"item_purchase_floors":[],"current_hp_per_floor":[77,80,80,80,80,66,66,69,69,69,74,60,60,43,43,2,2],"gold":141,"neow_bonus":"UPGRADE_CARD","is_daily":false,"chose_seed":false,"campfire_upgraded":4,"win_rate":0.0,"timestamp":1611354690,"path_taken":["M","M","?","$","M","E","R","M","T","R","?","E","R","?","R","BOSS"],"items_purchased_type":[],"build_version":"2020-12-22","purchased_purges":1,"victory":false,"max_hp_per_floor":[80,80,80,80,80,80,80,80,80,80,85,85,85,85,85,85,85],"card_choices":[{"not_picked":["Thunderclap","Heavy Blade"],"picked":"Pommel Strike","floor":1.0},{"not_picked":["Heavy Blade","Clothesline"],"picked":"Shrug It Off","floor":2.0},{"not_picked":["True Grit","Heavy Blade"],"picked":"Hemokinesis","floor":5.0},{"not_picked":["Ghostly Armor","Clash"],"picked":"Shrug It Off","floor":6.0},{"not_picked":["Whirlwind","Rage"],"picked":"Carnage","floor":8.0},{"not_picked":["Entrench","Cleave"],"picked":"Whirlwind","floor":12.0}],"player_experience":79379,"relics_obtained":[{"floor":6.0,"key":"Omamori"},{"floor":9.0,"key":"Potion Belt"},{"floor":12.0,"key":"The Courier"}],"event_choices":[{"cards_removed":["Strike_R"],"damage_healed":0.0,"max_hp_gain":0.0,"max_hp_loss":0.0,"gold_gain":0.0,"event_name":"Living Wall","player_choice":"Forget","floor":3.0,"gold_loss":0.0,"damage_taken":0.0},{"damage_healed":0.0,"max_hp_gain":5.0,"max_hp_loss":0.0,"gold_gain":0.0,"event_name":"Big Fish","player_choice":"Donut","floor":11.0,"gold_loss":0.0,"damage_taken":0.0},{"damage_healed":0.0,"max_hp_gain":0.0,"max_hp_loss":0.0,"gold_gain":0.0,"event_name":"Shining Light","player_choice":"Entered Light","floor":14.0,"gold_loss":0.0,"damage_taken":17.0,"cards_upgraded":["Strike_R","Whirlwind"]}],"is_beta":false,"boss_relics":[],"items_purged_floors":[4],"is_endless":false,"potions_floor_spawned":[2],"killed_by":"The Guardian","ascension_level":8}}