{"host":"xckb594ox0nz108y","time":1611312897,"event":{"mods":["ATMod(阿瑾Mod)","Act Like it!","BaseMod","Colored Powertips","Conspire","Friendly Minions","Gensokyo","Kiyohime（清姬）","Koishi","KomeijiMod","Lobotomy","LobotomyExtend","Marisa（F雨　魔理沙）","Minty Spire (QoL Compilation)","Pale of the Ancients","Rare Cards Sparkle","Replay The Spire","RumiaBox-露米娅的神秘盒子","StSLib","The Animator","The Cursed","The IronCluck","vexMod","【功能Mod】混沌之环修复补丁","【功能Mod】聪明的最终Boss","【遗物卡牌】REMEMod"],"gold_per_floor":[18,252,227,227,244,275,123,123,123],"floor_reached":8,"language":"ZHS","playtime":1568,"items_purged":[],"score":90,"play_id":"bf924b25-be95-4dbb-aae6-509c142fb2fb","local_time":"20210122185457","is_ascension_mode":true,"campfire_choices":[],"circlet_count":0,"master_deck":["Strike_R","Strike_R","Strike_R","Strike_R","Strike_R","Defend_R","Defend_R","Defend_R","Defend_R","Bash","Armaments","Shockwave","Inflame","AT_DiedThrough"],"relics":["Burning Blood","AT_ATBox","REME_ComplimentaryCards","Baka","AT_TimeSand","AT_ATBox","LetterFromLob","AT_ATBox","conspire:DecoderRing","Akabeko"],"acts_visited":["Exordium"],"potions_floor_usage":[6],"damage_taken":[{"damage":0,"enemies":"Small Slimes","floor":1,"turns":3},{"damage":41,"enemies":"conspire:MimicChest","floor":2,"turns":5},{"damage":3,"enemies":"2 Louse","floor":5,"turns":2},{"damage":54,"enemies":"3 Sentries","floor":6,"turns":11},{"damage":21,"enemies":"Lagavulin","floor":8,"turns":5}],"seed_played":"-144731157023178020","potions_obtained":[{"floor":2,"key":"Adrenaline Potion"},{"floor":5,"key":"Milkshake"}],"is_trial":false,"path_per_floor":["M","?","?","?","M","E","$","E"],"character_chosen":"IRONCLAD","items_purchased":["Akabeko"],"campfire_rested":0,"item_purchase_floors":[7],"current_hp_per_floor":[96,64,64,64,67,19,19,0,0],"gold":123,"neow_bonus":"TWENTY_PERCENT_HP_BONUS","is_daily":false,"chose_seed":false,"campfire_upgraded":0,"win_rate":0.0,"timestamp":1611312897,"path_taken":["M","?","?","?","M","E","$","E"],"items_purchased_type":["Relic"],"build_version":"2020-12-22","purchased_purges":0,"victory":false,"max_hp_per_floor":[96,99,99,99,99,99,99,99,99],"card_choices":[{"not_picked":["True Grit","Bloodletting"],"picked":"Armaments","floor":1},{"not_picked":["Reckless Charge","ReplayTheSpireMod:Limb From Limb"],"picked":"Shockwave","floor":2},{"not_picked":["Anger","Clothesline"],"picked":"Inflame","floor":5},{"not_picked":["REME_FearOfPain","Whirlwind"],"picked":"AT_DiedThrough","floor":6}],"player_experience":271176,"relics_obtained":[{"floor":1,"key":"Baka"},{"floor":2,"key":"AT_TimeSand"},{"floor":5,"key":"AT_ATBox"},{"floor":5,"key":"LetterFromLob"},{"floor":6,"key":"AT_ATBox"},{"floor":6,"key":"conspire:DecoderRing"}],"event_choices":[],"is_beta":false,"boss_relics":[],"items_purged_floors":[],"is_endless":false,"potions_floor_spawned":[2,5],"killed_by":"Lagavulin","ascension_level":4}}