{"host":"q5vpntglr38zhb0c","time":1611318015,"event":{"mods":["BaseMod","Colored Map","DeckTracker","Keyboard Shortcuts","Minty Spire (QoL Compilation)","Permanent Neow","StSLib","SuperFastMode","everything is the same but u backflip on backflip"],"gold_per_floor":[115,40,40,56,74,101,101,101,101,113,130,110,124,49,49,128,128,147,7,26,26,36,36,36,36,36,49,49,49],"floor_reached":28,"language":"KOR","playtime":567,"items_purged":["Strike_G","Defend_G"],"score":440,"play_id":"32461d6e-e91d-4a1d-bc7d-4613c6184aa0","local_time":"20210122212015","is_ascension_mode":true,"campfire_choices":[{"floor":8.0,"key":"REST"},{"data":"Crippling Poison","floor":15.0,"key":"SMITH"},{"data":"Burst","floor":23.0,"key":"SMITH"},{"floor":25,"key":"REST"}],"circlet_count":0,"master_deck":["AscendersBane","Defend_G","Defend_G+1","Defend_G","Defend_G+1","Survivor","Neutralize","Poisoned Stab","Deadly Poison","Endless Agony","Crippling Poison+1","Predator","Burst+1","Adrenaline","Well Laid Plans","PiercingWail","Reflex","Calculated Gamble","Malaise"],"relics":["Ring of the Snake","NeowsBlessing","Pantograph","Empty Cage"],"acts_visited":["Exordium","TheCity"],"potions_floor_usage":[],"damage_taken":[{"damage":0.0,"enemies":"2 Louse","floor":1.0,"turns":1.0},{"damage":0.0,"enemies":"Cultist","floor":4.0,"turns":1.0},{"damage":0.0,"enemies":"Small Slimes","floor":5.0,"turns":1.0},{"damage":29.0,"enemies":"3 Sentries","floor":6.0,"turns":12.0},{"damage":1.0,"enemies":"Gremlin Gang","floor":10.0,"turns":4.0},{"damage":0.0,"enemies":"Exordium Wildlife","floor":11.0,"turns":4.0},{"damage":1.0,"enemies":"Large Slime","floor":13.0,"turns":4.0},{"damage":35.0,"enemies":"Hexaghost","floor":16.0,"turns":8.0},{"damage":4.0,"enemies":"Chosen","floor":18.0,"turns":4.0},{"damage":7.0,"enemies":"Shell Parasite","floor":20.0,"turns":7.0},{"damage":12.0,"enemies":"3 Cultists","floor":22.0,"turns":6.0},{"damage":10,"enemies":"Shelled Parasite and Fungi","floor":27,"turns":5},{"damage":56,"enemies":"Cultist and Chosen","floor":28,"turns":5}],"seed_played":"-4723922583704968454","potions_obtained":[{"floor":1.0,"key":"FearPotion"},{"floor":4.0,"key":"Dexterity Potion"},{"floor":5.0,"key":"Regen Potion"},{"floor":12.0,"key":"DistilledChaos"},{"floor":22.0,"key":"Swift Potion"},{"floor":27,"key":"Weak Potion"}],"is_trial":false,"path_per_floor":["M","?","?","M","M","E","?","R","T","M","M","?","M","$","R","B",null,"M","$","M","?","M","R","?","R","T","M","M"],"character_chosen":"THE_SILENT","items_purchased":["Well Laid Plans"],"campfire_rested":2,"item_purchase_floors":[19],"current_hp_per_floor":[59,59,59,59,59,30,10,29,29,28,28,28,27,27,27,32,58,54,54,47,29,17,17,17,38,38,28,0,0],"gold":49,"neow_bonus":"THREE_ENEMY_KILL","is_daily":false,"chose_seed":false,"campfire_upgraded":2,"win_rate":0.0,"timestamp":1611318015,"path_taken":["M","?","?","M","?","E","?","R","T","M","M","?","?","$","R","BOSS","M","$","M","?","M","R","?","R","T","?","M"],"items_purchased_type":["Card"],"build_version":"2020-12-22","purchased_purges":2,"victory":false,"max_hp_per_floor":[66,66,66,66,66,66,66,66,66,66,66,66,66,66,66,66,66,66,66,66,71,71,71,71,71,71,71,71,71],"card_choices":[{"not_picked":["Caltrops","Skewer"],"picked":"Poisoned Stab","floor":1.0},{"not_picked":["Infinite Blades","Blade Dance"],"picked":"Endless Agony","floor":4.0},{"not_picked":["Dagger Spray","Dagger Throw"],"picked":"Crippling Poison","floor":5.0},{"not_picked":["Deflect","Dagger Spray"],"picked":"Predator","floor":6.0},{"not_picked":["Poisoned Stab","Infinite Blades"],"picked":"Burst","floor":10.0},{"not_picked":["Setup","Dodge and Roll","Dagger Spray"],"picked":"SKIP","floor":11.0},{"not_picked":["Eviscerate","Distraction","Sucker Punch"],"picked":"SKIP","floor":13.0},{"not_picked":["Malaise","Burst"],"picked":"Adrenaline","floor":16.0},{"not_picked":["Slice","Distraction","Choke"],"picked":"SKIP","floor":18.0},{"not_picked":["Quick Slash","Infinite Blades+1"],"picked":"PiercingWail","floor":20.0},{"not_picked":["Calculated Gamble","Dagger Spray"],"picked":"Reflex","floor":22.0},{"not_picked":["Masterful Stab","Endless Agony","Slice+1"],"picked":"SKIP","floor":27}],"player_experience":1312347,"relics_obtained":[{"floor":9.0,"key":"Pantograph"}],"event_choices":[{"cards_removed":["Strike_G"],"damage_healed":0.0,"max_hp_gain":0.0,"max_hp_loss":0.0,"gold_gain":0.0,"event_name":"The Cleric","player_choice":"Card Removal","floor":2.0,"gold_loss":75.0,"damage_taken":0.0},{"damage_healed":0.0,"max_hp_gain":0.0,"max_hp_loss":0.0,"gold_gain":0.0,"cards_transformed":["Strike_G"],"event_name":"Transmorgrifier","player_choice":"Transformed","floor":3.0,"gold_loss":0.0,"damage_taken":0.0,"cards_obtained":["Deadly Poison"]},{"damage_healed":0.0,"max_hp_gain":0.0,"max_hp_loss":0.0,"gold_gain":0.0,"event_name":"Shining Light","player_choice":"Entered Light","floor":7.0,"gold_loss":0.0,"damage_taken":20.0,"cards_upgraded":["Defend_G","Defend_G"]},{"damage_healed":0.0,"max_hp_gain":0.0,"max_hp_loss":0.0,"gold_gain":0.0,"event_name":"The Woman in Blue","player_choice":"Bought 1 Potion","floor":12.0,"gold_loss":0.0,"damage_taken":0.0},{"damage_healed":0.0,"max_hp_gain":5.0,"max_hp_loss":0.0,"gold_gain":0.0,"event_name":"Forgotten Altar","player_choice":"Shed Blood","floor":21.0,"gold_loss":0.0,"damage_taken":23.0},{"damage_healed":0,"gold_gain":0,"player_choice":"2 cards matched","damage_taken":0,"max_hp_gain":0,"max_hp_loss":0,"event_name":"Match and Keep!","floor":24,"gold_loss":0,"cards_obtained":["Calculated Gamble","Malaise"]}],"is_beta":false,"boss_relics":[{"not_picked":["Coffee Dripper","Cursed Key"],"picked":"Empty Cage"}],"items_purged_floors":[14,19],"is_endless":false,"potions_floor_spawned":[1,4,5,22,27],"killed_by":"Cultist and Chosen","ascension_level":20}}