{"host":"684z1xpuwaoqmmh1","time":1611317068,"event":{"mods":["BaseMod","Downfall","Hermit","Jorbs\u0027s Wanderer Trilogy","Marisa????????","Minty Spire (QoL Compilation)","Robot Space Explorer","Shade Mod","StSLib","The Bug Knight","The Cursed","The Dragon Tamer","The Hayseed","The Hierophant","The Marked","The Mystic","The Runesmith","The Senshi"],"gold_per_floor":[110,127,202,202,213,246,246,246,246,275,175,204,223,237,237,340,340,352,371,2,2,101,101,132,147,147,172,172,199,299,324,324,420,420,440,440,450,470,520,520,552,552,552,580,590,55,0,30,30,30,30,30,3,31,31],"floor_reached":56,"language":"ENG","playtime":6707,"items_purged":["DTMod:TargetDefense","DTMod:Strike","DTMod:Strike"],"score":1617,"play_id":"0a90b462-3934-4072-ae50-67d4a9429a2d","local_time":"20210122140428","is_ascension_mode":true,"metric_token":1171,"campfire_choices":[{"data":"DTMod:SwitchingTactic","floor":8.0,"key":"SMITH"},{"data":"DTMod:MagiciansMark","floor":15.0,"key":"SMITH"},{"data":"DTMod:Training","floor":23.0,"key":"SMITH"},{"data":"DTMod:HeatWave","floor":28.0,"key":"SMITH"},{"data":"DTMod:Threaten","floor":32.0,"key":"SMITH"},{"data":"DTMod:ResonanceForm","floor":40.0,"key":"SMITH"},{"floor":42.0,"key":"RECALL"},{"data":"DTMod:Safeguard","floor":49.0,"key":"SMITH"},{"data":"DTMod:GearUp","floor":52.0,"key":"SMITH"}],"dtmod_dragon_data":[12,58,3,0,14,3],"circlet_count":0,"master_deck":["DTMod:Strike","DTMod:Strike","DTMod:DoubleHit+1","DTMod:TargetDefense","DTMod:TargetDefense","DTMod:TargetDefense","DTMod:SwitchingTactic+1","DTMod:MasterPlan","DTMod:FlameSlash","DTMod:Hide","DTMod:LightShield+1","DTMod:BizarreTactic","DTMod:CleansingStrike","DTMod:CrossStep","DTMod:MagiciansMark+1","DTMod:Training+1","DTMod:LightShield","DTMod:MaximumCharge","DTMod:BurningEnergy","DTMod:Threaten+1","DTMod:CalculatedDefense","DTMod:Cover+1","DTMod:HeatWave+1","DTMod:Multitask","DTMod:GhostSkin","DTMod:CleansingStrike","DTMod:ResonanceForm+1","DTMod:StarRain+1","DTMod:CalculatedDefense+1","DTMod:BreakAttack+1","DTMod:Safeguard+1","DTMod:PurifyingFlame+1","DTMod:GearUp+1","DTMod:ComboAttack"],"relics":["DTMod:PactStone","Pear","HollowMod:PaleOreRelic","Omamori","DTMod:AncientBone","Cursed Key","Kunai","MealTicket","PreservedInsect","TungstenRod","Singing Bowl","Bag of Preparation","Runic Pyramid","champ:DeflectingBracers","Nunchaku","Bronze Scales","Regal Pillow","Sundial","OrangePellets","Red Mask","Runesmith:Nanobots","Slimebound:PreparedRelic"],"acts_visited":["Exordium","TheCity","TheBeyond","TheEnding"],"potions_floor_usage":[55],"damage_taken":[{"damage":0.0,"enemies":"Jaw Worm","floor":1.0,"turns":3.0},{"damage":0.0,"enemies":"2 Louse","floor":2.0,"turns":2.0},{"damage":0.0,"enemies":"Small Slimes","floor":5.0,"turns":3.0},{"damage":12.0,"enemies":"Lagavulin","floor":6.0,"turns":8.0},{"damage":20.0,"enemies":"Gremlin Nob","floor":10.0,"turns":5.0},{"damage":0.0,"enemies":"3 Sentries","floor":12.0,"turns":7.0},{"damage":0.0,"enemies":"Blue Slaver","floor":13.0,"turns":4.0},{"damage":0.0,"enemies":"Large Slime","floor":14.0,"turns":5.0},{"damage":5.0,"enemies":"Hexaghost","floor":16.0,"turns":12.0},{"damage":0.0,"enemies":"Chosen","floor":18.0,"turns":6.0},{"damage":0.0,"enemies":"2 Thieves","floor":19.0,"turns":5.0},{"damage":0.0,"enemies":"Slavers","floor":24.0,"turns":6.0},{"damage":0.0,"enemies":"Snecko","floor":25.0,"turns":6.0},{"damage":2.0,"enemies":"Book of Stabbing","floor":27.0,"turns":6.0},{"damage":0.0,"enemies":"Slavers","floor":29.0,"turns":7.0},{"damage":0.0,"enemies":"Colosseum Slavers","floor":30.0,"turns":4.0},{"damage":0.0,"enemies":"Colosseum Nobs","floor":30.0,"turns":5.0},{"damage":0.0,"enemies":"Gremlin Leader","floor":31.0,"turns":8.0},{"damage":0.0,"enemies":"Collector","floor":33.0,"turns":13.0},{"damage":3.0,"enemies":"3 Shapes","floor":35.0,"turns":7.0},{"damage":0.0,"enemies":"Orb Walker","floor":37.0,"turns":3.0},{"damage":0.0,"enemies":"Spire Growth","floor":38.0,"turns":6.0},{"damage":0.0,"enemies":"Mind Bloom Boss Battle","floor":39.0,"turns":9.0},{"damage":0.0,"enemies":"Giant Head","floor":41.0,"turns":8.0},{"damage":0.0,"enemies":"Nemesis","floor":44.0,"turns":5.0},{"damage":6.0,"enemies":"Transient","floor":45.0,"turns":5.0},{"damage":13.0,"enemies":"Reptomancer","floor":48.0,"turns":8.0},{"damage":10.0,"enemies":"Awakened One","floor":50.0,"turns":20.0},{"damage":0,"enemies":"Shield and Spear","floor":54,"turns":9},{"damage":10,"enemies":"The Heart","floor":55,"turns":14}],"seed_played":"7522426118107787009","potions_obtained":[{"floor":1.0,"key":"CultistPotion"},{"floor":6.0,"key":"PowerPotion"},{"floor":10.0,"key":"AttackPotion"},{"floor":13.0,"key":"champ:CounterPotion"},{"floor":16.0,"key":"Weak Potion"},{"floor":18.0,"key":"Slimebound:ThreeZeroPotion"},{"floor":27.0,"key":"SpeedPotion"},{"floor":29.0,"key":"BlessingOfTheForge"},{"floor":39.0,"key":"Fruit Juice"},{"floor":44.0,"key":"BlessingOfTheForge"},{"floor":48.0,"key":"DuplicationPotion"}],"is_trial":false,"path_per_floor":["M","M","?","?","M","E","?","R","T","E","$","E","M","M","R","B",null,"M","M","$","?","?","R","E","M","T","E","R","E","?","E","R","B",null,"M","?","M","M","?","R","E","R","T","E","M","$","?","E","R","B",null,"R","$","E","B",null],"character_chosen":"THE_DT","items_purchased":["DTMod:CleansingStrike","Kunai","DTMod:Threaten","Sundial","OrangePellets","DTMod:ComboAttack"],"campfire_rested":0,"item_purchase_floors":[11,20,20,46,46,53],"current_hp_per_floor":[45,45,34,34,34,32,32,32,32,12,12,12,12,12,12,7,55,55,55,55,46,46,46,46,46,46,44,44,44,44,44,44,44,60,59,54,54,54,54,54,54,54,54,59,55,69,69,56,56,46,69,69,69,71,61],"gold":31,"neow_bonus":"UPGRADE_CARD","is_daily":false,"chose_seed":false,"campfire_upgraded":8,"win_rate":0.0,"timestamp":1611317068,"path_taken":["M","M","?","?","M","E","?","R","T","E","?","E","M","?","R","BOSS","M","M","$","?","?","R","E","M","T","E","R","E","?","E","R","BOSS","M","?","?","M","?","R","E","R","T","E","M","$","?","E","R","BOSS","R","$","E","BOSS"],"items_purchased_type":["Card","Relic","Card","Relic","Relic","Card"],"build_version":"2020-12-22","purchased_purges":3,"victory":true,"max_hp_per_floor":[45,45,45,45,45,55,55,55,55,55,55,55,55,55,55,55,55,55,55,55,60,60,60,60,60,60,60,60,60,60,60,60,60,60,62,62,62,62,62,62,62,62,62,67,69,69,69,69,69,69,69,69,69,71,71],"card_choices":[{"not_picked":["DTMod:BurningEnergy","DTMod:Weaken"],"picked":"DTMod:MasterPlan","floor":1.0},{"not_picked":["DTMod:RecklessFlurry","DTMod:Shift"],"picked":"DTMod:FlameSlash","floor":2.0},{"not_picked":["DTMod:BizarreTactic","DTMod:Threaten"],"picked":"DTMod:Hide","floor":5.0},{"not_picked":["DTMod:Dissolve","DTMod:Punisher"],"picked":"DTMod:LightShield","floor":6.0},{"not_picked":["DTMod:Haste","DTMod:Cover"],"picked":"DTMod:BizarreTactic","floor":10.0},{"not_picked":["DTMod:CleansingStrike","DTMod:BuildUp"],"picked":"DTMod:CrossStep","floor":12.0},{"not_picked":["DTMod:Threaten","DTMod:Weaken"],"picked":"DTMod:MagiciansMark","floor":13.0},{"not_picked":["DTMod:ShieldDrain","DTMod:MaximumCharge"],"picked":"DTMod:Training","floor":14.0},{"not_picked":["DTMod:Prediction","DTMod:Multitask"],"picked":"DTMod:LightShield","floor":16.0},{"not_picked":["DTMod:Feint","DTMod:BlazingStrike"],"picked":"DTMod:MaximumCharge","floor":18.0},{"not_picked":["DTMod:BizarreTactic","DTMod:BuildUp"],"picked":"DTMod:BurningEnergy","floor":19.0},{"not_picked":["DTMod:MagicField","DTMod:QuickFly"],"picked":"DTMod:CalculatedDefense","floor":24.0},{"not_picked":["DTMod:Punisher","DTMod:CrossStep"],"picked":"DTMod:Cover+1","floor":25.0},{"not_picked":["DTMod:Feint","DTMod:Training"],"picked":"DTMod:HeatWave","floor":27.0},{"not_picked":["DTMod:Hide","DTMod:Conduct"],"picked":"DTMod:Multitask","floor":29.0},{"not_picked":["DTMod:MaximumCharge+1","DTMod:HeatWave"],"picked":"DTMod:GhostSkin","floor":30.0},{"not_picked":["DTMod:BlueScale","DTMod:Punisher"],"picked":"DTMod:CleansingStrike","floor":31.0},{"not_picked":["DTMod:RepeatStrike","DTMod:HeadStart"],"picked":"DTMod:ResonanceForm","floor":33.0},{"not_picked":["DTMod:MagicField","DTMod:HeatWave","DTMod:BizarreTactic+1"],"picked":"Singing Bowl","floor":35.0},{"not_picked":["DTMod:BreakAttack","DTMod:HeatWave"],"picked":"DTMod:StarRain+1","floor":37.0},{"not_picked":["DTMod:ForkedFire","DTMod:MaximumCharge+1"],"picked":"DTMod:CalculatedDefense+1","floor":38.0},{"not_picked":["DTMod:QuickFly","DTMod:MasterPlan+1"],"picked":"DTMod:BreakAttack+1","floor":39.0},{"not_picked":["DTMod:BreakAttack","DTMod:MasterPlan+1"],"picked":"DTMod:Safeguard","floor":41.0},{"not_picked":["DTMod:FlameSlash+1","DTMod:DarkBreath+1"],"picked":"DTMod:PurifyingFlame+1","floor":44.0},{"not_picked":["DTMod:FlameSlash+1","DTMod:ComboAttack","DTMod:Adaptation+1"],"picked":"Singing Bowl","floor":45.0},{"not_picked":["DTMod:Outburst","DTMod:MagicField"],"picked":"DTMod:GearUp","floor":48.0},{"not_picked":["DTMod:Training","DTMod:Hide","DTMod:Feint+1"],"picked":"Singing Bowl","floor":54}],"player_experience":2894357,"relics_obtained":[{"floor":6.0,"key":"Pear"},{"floor":9.0,"key":"HollowMod:PaleOreRelic"},{"floor":10.0,"key":"Omamori"},{"floor":12.0,"key":"DTMod:AncientBone"},{"floor":24.0,"key":"MealTicket"},{"floor":29.0,"key":"PreservedInsect"},{"floor":30.0,"key":"TungstenRod"},{"floor":30.0,"key":"Singing Bowl"},{"floor":31.0,"key":"Bag of Preparation"},{"floor":39.0,"key":"champ:DeflectingBracers"},{"floor":41.0,"key":"Nunchaku"},{"floor":43.0,"key":"Bronze Scales"},{"floor":44.0,"key":"Regal Pillow"},{"floor":48.0,"key":"Runesmith:Nanobots"},{"floor":54,"key":"Slimebound:PreparedRelic"}],"event_choices":[{"damage_healed":0.0,"max_hp_gain":0.0,"max_hp_loss":0.0,"gold_gain":75.0,"event_name":"World of Goop","player_choice":"Gather Gold","floor":3.0,"gold_loss":0.0,"damage_taken":11.0},{"damage_healed":0.0,"max_hp_gain":0.0,"max_hp_loss":0.0,"gold_gain":0.0,"event_name":"Liars Game","player_choice":"Ignored","floor":4.0,"gold_loss":0.0,"damage_taken":0.0},{"damage_healed":0.0,"max_hp_gain":0.0,"max_hp_loss":0.0,"gold_gain":0.0,"event_name":"Living Wall","player_choice":"Grow","floor":7.0,"gold_loss":0.0,"damage_taken":0.0,"cards_upgraded":["DTMod:LightShield"]},{"damage_healed":0.0,"max_hp_gain":5.0,"max_hp_loss":0.0,"gold_gain":0.0,"event_name":"Forgotten Altar","player_choice":"Shed Blood","floor":21.0,"gold_loss":0.0,"damage_taken":14.0},{"damage_healed":0.0,"max_hp_gain":0.0,"max_hp_loss":0.0,"gold_gain":99.0,"event_name":"Nest","player_choice":"Stole From Cult","floor":22.0,"gold_loss":0.0,"damage_taken":0.0},{"damage_healed":0.0,"max_hp_gain":0.0,"max_hp_loss":0.0,"gold_gain":0.0,"event_name":"Colosseum","player_choice":"Fight","floor":30.0,"gold_loss":0.0,"damage_taken":0.0},{"damage_healed":0.0,"max_hp_gain":0.0,"max_hp_loss":0.0,"gold_gain":0.0,"event_name":"Colosseum","player_choice":"Fought Nobs","floor":30.0,"gold_loss":0.0,"damage_taken":0.0},{"damage_healed":0.0,"max_hp_gain":0.0,"max_hp_loss":0.0,"gold_gain":0.0,"event_name":"Wheel of Change","player_choice":"Damaged","floor":36.0,"gold_loss":0.0,"damage_taken":6.0},{"damage_healed":0.0,"max_hp_gain":0.0,"max_hp_loss":0.0,"gold_gain":0.0,"event_name":"MindBloom","player_choice":"Fight","floor":39.0,"gold_loss":0.0,"damage_taken":0.0},{"damage_healed":0.0,"max_hp_gain":0.0,"max_hp_loss":0.0,"gold_gain":0.0,"event_name":"Tomb of Lord Red Mask","player_choice":"Paid","floor":47.0,"gold_loss":55.0,"damage_taken":0.0,"relics_obtained":["Red Mask"]}],"is_beta":false,"boss_relics":[{"not_picked":["Astrolabe","DTMod:TheChair"],"picked":"Cursed Key"},{"not_picked":["Runesmith:UraniumAnvil","Tiny House"],"picked":"Runic Pyramid"}],"items_purged_floors":[11,20,46],"is_endless":false,"potions_floor_spawned":[1,6,10,13,16,18,27,29,33,38,39,44,48],"ascension_level":1}}