{"host":"sum4dy402bbv9y4o","time":1611275673,"event":{"mods":["Aspiration","BaseMod","Conspire","Highlight Path","Minty Spire (QoL Compilation)","StSLib"],"gold_per_floor":[113,31,46,61,61,61,84,111,135,135,72,72,85,85,85,85,85],"floor_reached":16,"language":"ENG","playtime":444,"items_purged":[],"score":196,"play_id":"29365035-0b9d-412b-a447-23afc1d48513","local_time":"20210122033433","is_ascension_mode":true,"campfire_choices":[{"data":"Halt","floor":6,"key":"SMITH"},{"data":"1","floor":10,"key":"LIFT"},{"data":"2","floor":12,"key":"LIFT"},{"data":"3","floor":15,"key":"LIFT"}],"circlet_count":0,"master_deck":["AscendersBane","Strike_P","Strike_P","Strike_P","Strike_P","Defend_P","Defend_P","Defend_P","Defend_P+1","Eruption+1","Vigilance","EmptyFist","SashWhip","FollowUp","Halt+1","FlurryOfBlows","Injury","SashWhip+1","Halt+1","Adaptation"],"relics":["PureWater","Molten Egg 2","Odd Mushroom","Girya","War Paint"],"acts_visited":["Exordium"],"potions_floor_usage":[16],"damage_taken":[{"damage":17,"enemies":"Small Slimes","floor":1,"turns":6},{"damage":0,"enemies":"Jaw Worm","floor":3,"turns":2},{"damage":10,"enemies":"2 Louse","floor":4,"turns":3},{"damage":0,"enemies":"The Mushroom Lair","floor":7,"turns":3},{"damage":16,"enemies":"3 Sentries","floor":8,"turns":6},{"damage":8,"enemies":"conspire:2 RoseBushes","floor":13,"turns":6},{"damage":29,"enemies":"Slime Boss","floor":16,"turns":3}],"seed_played":"3188843912023418719","potions_obtained":[{"floor":13,"key":"FearPotion"}],"is_trial":false,"path_per_floor":["M","$","M","M","?","R","?","E","T","R","?","R","M","?","R","B"],"character_chosen":"WATCHER","items_purchased":["SashWhip","FollowUp"],"campfire_rested":0,"item_purchase_floors":[2,2],"current_hp_per_floor":[44,44,44,34,34,34,34,18,18,18,18,18,10,10,10,0,0],"gold":85,"neow_bonus":"UPGRADE_CARD","is_daily":false,"chose_seed":false,"campfire_upgraded":1,"win_rate":0.0,"timestamp":1611275673,"path_taken":["M","$","M","M","?","R","?","E","T","R","?","R","?","?","R","BOSS"],"items_purchased_type":["Card","Card"],"build_version":"2020-12-22","purchased_purges":0,"victory":false,"max_hp_per_floor":[68,68,68,68,68,68,68,68,68,68,68,68,68,68,68,68,68],"card_choices":[{"not_picked":["Vengeance","Collect"],"picked":"EmptyFist","floor":1},{"not_picked":["EmptyBody","FlyingSleeves"],"picked":"Halt","floor":3},{"not_picked":["Protect","Sanctity"],"picked":"FlurryOfBlows","floor":4},{"not_picked":["Weave+1","Crescendo"],"picked":"SashWhip+1","floor":7},{"not_picked":["ConjureBlade","JustLucky+1"],"picked":"Halt","floor":8},{"not_picked":["FlyingSleeves+1","Fasting2"],"picked":"Adaptation","floor":13}],"player_experience":2955491,"relics_obtained":[{"floor":7,"key":"Odd Mushroom"},{"floor":8,"key":"Girya"},{"floor":9,"key":"War Paint"}],"event_choices":[{"damage_healed":0,"gold_gain":0,"player_choice":"Fought Mushrooms","damage_taken":0,"max_hp_gain":0,"max_hp_loss":0,"event_name":"Mushrooms","floor":7,"gold_loss":0},{"damage_healed":0,"gold_gain":0,"player_choice":"Left Gold","damage_taken":0,"max_hp_gain":0,"max_hp_loss":0,"event_name":"World of Goop","floor":11,"gold_loss":63},{"damage_healed":0,"gold_gain":0,"player_choice":"Ignored","damage_taken":0,"max_hp_gain":0,"max_hp_loss":0,"event_name":"Liars Game","floor":14,"gold_loss":0}],"is_beta":false,"boss_relics":[],"items_purged_floors":[],"is_endless":false,"potions_floor_spawned":[13],"killed_by":"Slime Boss","ascension_level":20}}