{"host":"e1pm3b7xpcm97e5w","time":1611340822,"event":{"mods":["BaseMod","Better Skull","Googly Eyes","Minty Spire (QoL Compilation)","Relic Stats","Shop Mod","Spicy Shops","StSLib"],"gold_per_floor":[113,73,73,47,61,61,93,93,93,118,135,165,165,28,28,106,106,120,120,120,136,136,136,136,136],"floor_reached":24,"language":"ENG","playtime":772,"items_purged":["Pain"],"score":380,"play_id":"3a8f81c3-d6d5-4e17-b33f-aa05f6d471a4","local_time":"20210122134022","is_ascension_mode":true,"campfire_choices":[{"data":"Neutralize","floor":6.0,"key":"SMITH"},{"floor":13.0,"key":"REST"},{"data":"Noxious Fumes","floor":15.0,"key":"SMITH"},{"data":"Catalyst","floor":23,"key":"SMITH"}],"circlet_count":0,"master_deck":["AscendersBane","Strike_G","Strike_G","Strike_G","Strike_G","Strike_G","Defend_G","Defend_G","Defend_G","Defend_G","Defend_G","Survivor","Neutralize+1","Catalyst","Poisoned Stab","Flying Knee","Backflip","Caltrops","Cloak And Dagger","Poisoned Stab","Noxious Fumes+1","Glass Knife","Catalyst+1"],"relics":["Cursed Key","Ninja Scroll","Meat on the Bone","Oddly Smooth Stone","Odd Mushroom","HoveringKite","Enchiridion"],"acts_visited":["Exordium","TheCity"],"potions_floor_usage":[],"damage_taken":[{"damage":0.0,"enemies":"Small Slimes","floor":1.0,"turns":5.0},{"damage":4.0,"enemies":"Cultist","floor":5.0,"turns":4.0},{"damage":15.0,"enemies":"3 Sentries","floor":7.0,"turns":11.0},{"damage":39.0,"enemies":"Lagavulin","floor":10.0,"turns":7.0},{"damage":1.0,"enemies":"2 Louse","floor":11.0,"turns":3.0},{"damage":21.0,"enemies":"The Mushroom Lair","floor":12.0,"turns":5.0},{"damage":7.0,"enemies":"Hexaghost","floor":16.0,"turns":9.0},{"damage":6,"enemies":"Chosen","floor":18,"turns":5},{"damage":22,"enemies":"Shell Parasite","floor":21,"turns":5},{"damage":24,"enemies":"Snecko","floor":24,"turns":4}],"seed_played":"6962775939851493321","potions_obtained":[{"floor":2.0,"key":"Fire Potion"},{"floor":2.0,"key":"GhostInAJar"},{"floor":7.0,"key":"PowerPotion"}],"is_trial":false,"path_per_floor":["M","?","$","$","M","R","E","?","T","E","M","?","R","$","R","B",null,"M","?","?","M","?","R","M"],"character_chosen":"THE_SILENT","items_purchased":["Poisoned Stab","Noxious Fumes"],"campfire_rested":1,"item_purchase_floors":[4,14],"current_hp_per_floor":[59,59,59,59,55,55,40,40,40,13,24,15,34,34,34,39,59,53,32,32,22,22,22,0,0],"gold":136,"neow_bonus":"BOSS_RELIC","is_daily":false,"chose_seed":false,"campfire_upgraded":3,"win_rate":0.0,"timestamp":1611340822,"path_taken":["M","?","?","$","M","R","E","?","T","E","M","?","R","$","R","BOSS","M","?","?","?","?","R","M"],"items_purchased_type":["Card","Card"],"build_version":"2020-12-22","purchased_purges":1,"victory":false,"max_hp_per_floor":[66,66,66,66,66,66,66,66,66,66,66,66,66,66,66,66,66,66,66,66,66,66,66,66,66],"relic_stats":{"counters":[10,58],"HoveringKite":[2],"Cursed Key":1,"obtain_stats":[{"Ninja Scroll":7,"Oddly Smooth Stone":10,"HoveringKite":17,"Enchiridion":19,"Odd Mushroom":12,"Cursed Key":0,"Ring of the Snake":0,"Meat on the Bone":9},{"Ninja Scroll":3,"Oddly Smooth Stone":4,"HoveringKite":7,"Enchiridion":8,"Odd Mushroom":6,"Cursed Key":0,"Ring of the Snake":0,"Meat on the Bone":3},{"Ninja Scroll":20,"Oddly Smooth Stone":27,"HoveringKite":44,"Enchiridion":49,"Odd Mushroom":35,"Cursed Key":0,"Ring of the Snake":0,"Meat on the Bone":20}],"Meat on the Bone":60},"card_choices":[{"not_picked":["Dagger Throw","Bane"],"picked":"Catalyst","floor":1.0},{"not_picked":["All Out Attack","Endless Agony"],"picked":"Flying Knee","floor":5.0},{"not_picked":["Poisoned Stab","Underhanded Strike"],"picked":"Backflip","floor":7.0},{"not_picked":["Bane","Setup"],"picked":"Caltrops","floor":10.0},{"not_picked":["Dodge and Roll","Endless Agony"],"picked":"Cloak And Dagger","floor":11.0},{"not_picked":["Dagger Throw","Sucker Punch"],"picked":"Poisoned Stab","floor":12.0},{"not_picked":["Tools of the Trade","Doppelganger"],"picked":"Glass Knife","floor":16.0},{"not_picked":["Accuracy","Blade Dance"],"picked":"Catalyst","floor":18},{"not_picked":["Poisoned Stab","Flying Knee+1","Blade Dance"],"picked":"SKIP","floor":21}],"player_experience":547143,"relics_obtained":[{"floor":7.0,"key":"Ninja Scroll"},{"floor":9.0,"key":"Meat on the Bone"},{"floor":10.0,"key":"Oddly Smooth Stone"},{"floor":12.0,"key":"Odd Mushroom"},{"floor":19,"key":"Enchiridion"}],"event_choices":[{"damage_healed":0.0,"max_hp_gain":0.0,"max_hp_loss":0.0,"gold_gain":0.0,"event_name":"The Woman in Blue","player_choice":"Bought 3 Potions","floor":2.0,"gold_loss":0.0,"damage_taken":0.0},{"damage_healed":0.0,"max_hp_gain":0.0,"max_hp_loss":0.0,"gold_gain":0.0,"event_name":"Liars Game","player_choice":"Ignored","floor":8.0,"gold_loss":0.0,"damage_taken":0.0},{"damage_healed":0.0,"max_hp_gain":0.0,"max_hp_loss":0.0,"gold_gain":0.0,"event_name":"Mushrooms","player_choice":"Fought Mushrooms","floor":12.0,"gold_loss":0.0,"damage_taken":0.0},{"damage_healed":0,"gold_gain":0,"player_choice":"Obtained Book","damage_taken":21,"max_hp_gain":0,"max_hp_loss":0,"event_name":"Cursed Tome","floor":19,"gold_loss":0},{"damage_healed":0,"gold_gain":0,"player_choice":"Ignored","damage_taken":0,"max_hp_gain":0,"max_hp_loss":0,"event_name":"N\u0027loth","floor":20,"gold_loss":0},{"damage_healed":0,"gold_gain":0,"player_choice":"0 cards matched","damage_taken":0,"max_hp_gain":0,"max_hp_loss":0,"event_name":"Match and Keep!","floor":22,"gold_loss":0,"cards_obtained":[]}],"is_beta":false,"boss_relics":[{"not_picked":["Ectoplasm","Pandora\u0027s Box"],"picked":"HoveringKite"}],"items_purged_floors":[14],"is_endless":false,"potions_floor_spawned":[5,7,11,18],"killed_by":"Snecko","ascension_level":18}}