{"host":"ydg0vn0pu4pubmdt","time":1611354860,"event":{"mods":["AchievementEnabler","BaseMod","Colored Map","Gold Saver","Minty Spire (QoL Compilation)","Quick Restart","SuperFastMode"],"gold_per_floor":[735,546,561,571,585,585,585,585,636,649,649,140,158,176,176,272,272,283,483,494,494,67,67,166,176,199,199,232,249,264,277,277,376,376,387,89,101,118,168,168,168,268,321,332,343,378,378,396,396,396],"floor_reached":51,"language":"KOR","playtime":8413,"items_purged":["Defend_B","Pain","Defend_B","Strike_B"],"score":1134,"play_id":"03b9b24f-944e-41fe-8251-955c96b49ab7","local_time":"20210123073420","is_ascension_mode":true,"campfire_choices":[{"data":"Dualcast","floor":6.0,"key":"SMITH"},{"data":"Zap","floor":8.0,"key":"SMITH"},{"data":"White Noise","floor":15.0,"key":"SMITH"},{"data":"Seek","floor":23.0,"key":"SMITH"},{"data":"Self Repair","floor":27.0,"key":"SMITH"},{"data":"Fission","floor":32.0,"key":"SMITH"},{"data":"Fusion","floor":41.0,"key":"SMITH"},{"data":"Reboot","floor":47.0,"key":"SMITH"},{"data":"Biased Cognition","floor":49,"key":"SMITH"}],"circlet_count":0,"master_deck":["AscendersBane","Strike_B+1","Defend_B+1","Defend_B+1","Zap+1","Dualcast+1","Rebound","Doom and Gloom","Self Repair+1","Coolheaded+1","Glacier","Self Repair","Biased Cognition+1","White Noise+1","Seek+1","Leap","Fission+1","Redo+1","Reboot+1","Fusion+1","Storm+1"],"relics":["Cracked Core","WarpedTongs","Bronze Scales","Matryoshka","Toy Ornithopter","Runic Pyramid","Medical Kit","War Paint","Lantern","Strawberry","Bottled Tornado","Nuclear Battery","ClockworkSouvenir","Ginger","Frozen Egg 2","Potion Belt","HornCleat"],"acts_visited":["Exordium","TheCity","TheBeyond"],"potions_floor_usage":[50,50],"damage_taken":[{"damage":1.0,"enemies":"Cultist","floor":1.0,"turns":4.0},{"damage":8.0,"enemies":"2 Louse","floor":3.0,"turns":2.0},{"damage":12.0,"enemies":"Small Slimes","floor":4.0,"turns":3.0},{"damage":8.0,"enemies":"Looter","floor":5.0,"turns":4.0},{"damage":4.0,"enemies":"Blue Slaver","floor":10.0,"turns":4.0},{"damage":3.0,"enemies":"3 Louse","floor":13.0,"turns":4.0},{"damage":0.0,"enemies":"Lots of Slimes","floor":14.0,"turns":1.0},{"damage":19.0,"enemies":"Hexaghost","floor":16.0,"turns":7.0},{"damage":8.0,"enemies":"3 Byrds","floor":18.0,"turns":2.0},{"damage":12.0,"enemies":"Chosen","floor":20.0,"turns":3.0},{"damage":32.0,"enemies":"Snake Plant","floor":25.0,"turns":2.0},{"damage":10.0,"enemies":"Gremlin Leader","floor":28.0,"turns":5.0},{"damage":9.0,"enemies":"Centurion and Healer","floor":29.0,"turns":4.0},{"damage":0.0,"enemies":"Shelled Parasite and Fungi","floor":30.0,"turns":5.0},{"damage":0.0,"enemies":"Sentry and Sphere","floor":31.0,"turns":10.0},{"damage":60.0,"enemies":"Champ","floor":33.0,"turns":14.0},{"damage":1.0,"enemies":"3 Shapes","floor":35.0,"turns":4.0},{"damage":15.0,"enemies":"3 Darklings","floor":37.0,"turns":6.0},{"damage":0.0,"enemies":"Spire Growth","floor":38.0,"turns":4.0},{"damage":0.0,"enemies":"Mind Bloom Boss Battle","floor":39.0,"turns":4.0},{"damage":15.0,"enemies":"4 Shapes","floor":44.0,"turns":5.0},{"damage":4.0,"enemies":"3 Darklings","floor":45.0,"turns":3.0},{"damage":5.0,"enemies":"Reptomancer","floor":46.0,"turns":6.0},{"damage":0,"enemies":"Writhing Mass","floor":48,"turns":4},{"damage":0,"enemies":"Time Eater","floor":50,"turns":7}],"seed_played":"2676135999273862148","potions_obtained":[{"floor":1.0,"key":"SmokeBomb"},{"floor":3.0,"key":"AttackPotion"},{"floor":5.0,"key":"FairyPotion"},{"floor":20.0,"key":"BlessingOfTheForge"},{"floor":29.0,"key":"PowerPotion"},{"floor":33.0,"key":"FearPotion"},{"floor":35.0,"key":"EntropicBrew"}],"is_trial":false,"path_per_floor":["M","$","M","M","M","R","?","R","T","M","?","$","M","M","R","B",null,"M","?","M","?","$","R","?","M","T","R","E","M","M","M","R","B",null,"M","$","M","M","?","?","R","?","T","M","M","E","R","M","R","B",null],"character_chosen":"DEFECT","items_purchased":["Doom and Gloom","Self Repair","Matryoshka","Toy Ornithopter","Medical Kit","War Paint","ClockworkSouvenir"],"campfire_rested":0,"item_purchase_floors":[2,2,12,12,22,22,36],"current_hp_per_floor":[67,67,59,54,53,53,53,53,53,63,48,48,62,62,62,65,73,75,75,75,75,75,75,75,43,50,50,57,68,82,82,82,47,73,82,82,82,82,82,78,78,78,78,78,78,78,78,78,78,78],"gold":396,"neow_bonus":"REMOVE_CARD","is_daily":false,"chose_seed":false,"campfire_upgraded":9,"win_rate":0.0,"timestamp":1611354860,"path_taken":["M","$","?","M","M","R","?","R","T","?","?","$","M","M","R","BOSS","M","?","?","?","$","R","?","M","T","R","E","M","M","M","R","BOSS","M","$","M","M","?","?","R","?","T","M","?","E","R","M","R","BOSS"],"items_purchased_type":["Card","Card","Relic","Relic","Relic","Relic","Relic"],"build_version":"2020-12-22","purchased_purges":4,"victory":true,"max_hp_per_floor":[75,75,75,75,75,75,75,75,75,75,75,75,75,75,75,75,75,75,75,75,75,75,75,75,75,82,82,82,82,82,82,82,82,82,82,82,82,82,82,78,78,78,78,78,78,78,78,78,78,78],"card_choices":[{"not_picked":["Reprogram","Go for the Eyes"],"picked":"Rebound","floor":1.0},{"not_picked":["Redo","Scrape"],"picked":"Coolheaded","floor":3.0},{"not_picked":["Compile Driver","Leap"],"picked":"Glacier","floor":4.0},{"not_picked":["Force Field","Blizzard"],"picked":"Self Repair","floor":5.0},{"not_picked":["Stack","Hologram","Lockon"],"picked":"SKIP","floor":10.0},{"not_picked":["Gash","Leap"],"picked":"Biased Cognition","floor":13.0},{"not_picked":["Rip and Tear","Turbo"],"picked":"White Noise","floor":14.0},{"not_picked":["Hyperbeam","Biased Cognition"],"picked":"Seek","floor":16.0},{"not_picked":["Cold Snap","Ball Lightning"],"picked":"Leap","floor":18.0},{"not_picked":["Heatsinks","Steam","Barrage"],"picked":"SKIP","floor":20.0},{"not_picked":["Coolheaded","Barrage","Stack"],"picked":"SKIP","floor":25.0},{"not_picked":["Barrage","Steam+1","Storm"],"picked":"SKIP","floor":28.0},{"not_picked":["Turbo","Leap+1"],"picked":"Fission","floor":29.0},{"not_picked":["Compile Driver","Barrage","Go for the Eyes"],"picked":"SKIP","floor":30.0},{"not_picked":["Leap","Thunder Strike"],"picked":"Redo+1","floor":31.0},{"not_picked":["Seek","Hyperbeam"],"picked":"Reboot","floor":33.0},{"not_picked":["Redo","Compile Driver","Conserve Battery"],"picked":"SKIP","floor":35.0},{"not_picked":["Coolheaded","Self Repair","Beam Cell"],"picked":"SKIP","floor":37.0},{"not_picked":["Compile Driver+1","Consume+1","Chill+1"],"picked":"SKIP","floor":38.0},{"not_picked":["Streamline","Rip and Tear"],"picked":"Fusion","floor":39.0},{"not_picked":["Rip and Tear","Gash","Hologram"],"picked":"SKIP","floor":44.0},{"not_picked":["Conserve Battery","Leap+1","BootSequence"],"picked":"SKIP","floor":45.0},{"not_picked":["Coolheaded","Glacier+1"],"picked":"Storm+1","floor":46.0},{"not_picked":["Cold Snap","Genetic Algorithm","Hologram"],"picked":"SKIP","floor":48}],"player_experience":546178,"relics_obtained":[{"floor":9.0,"key":"Bronze Scales"},{"floor":26.0,"key":"Lantern"},{"floor":26.0,"key":"Strawberry"},{"floor":28.0,"key":"Bottled Tornado"},{"floor":39.0,"key":"Ginger"},{"floor":43.0,"key":"Frozen Egg 2"},{"floor":43.0,"key":"Potion Belt"},{"floor":46.0,"key":"HornCleat"}],"event_choices":[{"damage_healed":0.0,"max_hp_gain":0.0,"max_hp_loss":0.0,"gold_gain":0.0,"event_name":"Accursed Blacksmith","player_choice":"Rummage","floor":7.0,"gold_loss":0.0,"damage_taken":0.0,"relics_obtained":["WarpedTongs"],"cards_obtained":["Pain"]},{"damage_healed":0.0,"max_hp_gain":0.0,"max_hp_loss":0.0,"gold_gain":0.0,"event_name":"Shining Light","player_choice":"Entered Light","floor":11.0,"gold_loss":0.0,"damage_taken":15.0,"cards_upgraded":["Defend_B","Strike_B"]},{"damage_healed":0.0,"max_hp_gain":0.0,"max_hp_loss":0.0,"gold_gain":200.0,"event_name":"Wheel of Change","player_choice":"Gold","floor":19.0,"gold_loss":0.0,"damage_taken":0.0},{"cards_removed":["Strike_B"],"damage_healed":0.0,"max_hp_gain":0.0,"max_hp_loss":0.0,"gold_gain":0.0,"event_name":"Back to Basics","player_choice":"Elegance","floor":21.0,"gold_loss":0.0,"damage_taken":0.0},{"damage_healed":0.0,"max_hp_gain":0.0,"max_hp_loss":0.0,"gold_gain":99.0,"event_name":"Nest","player_choice":"Stole From Cult","floor":24.0,"gold_loss":0.0,"damage_taken":0.0},{"damage_healed":0.0,"max_hp_gain":0.0,"max_hp_loss":0.0,"gold_gain":0.0,"event_name":"MindBloom","player_choice":"Fight","floor":39.0,"gold_loss":0.0,"damage_taken":0.0},{"damage_healed":0.0,"max_hp_gain":0.0,"max_hp_loss":4.0,"gold_gain":0.0,"event_name":"Winding Halls","player_choice":"Max HP","floor":40.0,"gold_loss":0.0,"damage_taken":0.0},{"damage_healed":0.0,"max_hp_gain":0.0,"max_hp_loss":0.0,"gold_gain":100.0,"event_name":"Golden Shrine","player_choice":"Pray","floor":42.0,"gold_loss":0.0,"damage_taken":0.0}],"is_beta":false,"boss_relics":[{"not_picked":["Philosopher\u0027s Stone","Velvet Choker"],"picked":"Runic Pyramid"},{"not_picked":["Astrolabe","Snecko Eye"],"picked":"Nuclear Battery"}],"items_purged_floors":[2,12,22,36],"is_endless":false,"potions_floor_spawned":[1,3,5,13,20,25,29,33,35,37,38],"ascension_level":12}}