{"host":"70zhvo5nwrhp1mbg","time":1611274491,"event":{"mods":["BaseMod","Colored Map","Colored Powertips","Highlight Path","Minty Spire (QoL Compilation)","Rare Cards Sparkle","StSLib"],"gold_per_floor":[20,39,54,65,18,38,70,170,170,170,186,214,214,230,230,230,230],"floor_reached":16,"language":"ENG","playtime":1484,"items_purged":[],"score":173,"play_id":"f800cf1f-5168-4962-adc3-11a341d131cc","local_time":"20210121191451","is_ascension_mode":true,"campfire_choices":[{"floor":10,"key":"REST"},{"floor":13,"key":"REST"},{"data":"Inflame","floor":15,"key":"SMITH"}],"circlet_count":0,"master_deck":["Strike_R","Strike_R","Strike_R","Strike_R","Strike_R","Defend_R","Defend_R","Defend_R","Defend_R","Bash","Pommel Strike","Perfected Strike","Sword Boomerang","Cleave","Clothesline","Evolve","Ghostly Armor","Flame Barrier","Iron Wave","Inflame+1"],"relics":["Burning Blood","Anchor","White Beast Statue","The Courier"],"acts_visited":["Exordium"],"potions_floor_usage":[4,16],"damage_taken":[{"damage":9,"enemies":"Jaw Worm","floor":1,"turns":7},{"damage":1,"enemies":"Cultist","floor":2,"turns":3},{"damage":4,"enemies":"2 Louse","floor":3,"turns":4},{"damage":22,"enemies":"Gremlin Gang","floor":4,"turns":4},{"damage":6,"enemies":"Red Slaver","floor":6,"turns":3},{"damage":35,"enemies":"3 Sentries","floor":7,"turns":8},{"damage":26,"enemies":"Lots of Slimes","floor":11,"turns":5},{"damage":23,"enemies":"Gremlin Nob","floor":12,"turns":5},{"damage":0,"enemies":"Looter","floor":14,"turns":3},{"damage":74,"enemies":"The Guardian","floor":16,"turns":15}],"seed_played":"-292072553493391551","potions_obtained":[{"floor":2,"key":"Fire Potion"},{"floor":11,"key":"Ancient Potion"},{"floor":12,"key":"BlessingOfTheForge"},{"floor":14,"key":"PowerPotion"}],"is_trial":false,"path_per_floor":["M","M","M","M","$","M","E","?","T","R","M","E","R","M","R","B"],"character_chosen":"IRONCLAD","items_purchased":["Clothesline"],"campfire_rested":2,"item_purchase_floors":[5],"current_hp_per_floor":[85,90,92,76,76,76,47,47,47,75,55,38,66,72,72,0,0],"gold":230,"neow_bonus":"TWENTY_PERCENT_HP_BONUS","is_daily":false,"chose_seed":false,"campfire_upgraded":1,"win_rate":0.0,"timestamp":1611274491,"path_taken":["M","M","M","M","$","M","E","?","T","R","M","E","R","M","R","BOSS"],"items_purchased_type":["Card"],"build_version":"2020-12-22","purchased_purges":0,"victory":false,"max_hp_per_floor":[96,96,96,96,96,96,96,96,96,96,96,96,96,96,96,96,96],"card_choices":[{"not_picked":["Entrench","Battle Trance"],"picked":"Pommel Strike","floor":1},{"not_picked":["Entrench","Reckless Charge"],"picked":"Perfected Strike","floor":2},{"not_picked":["Second Wind","Twin Strike"],"picked":"Sword Boomerang","floor":3},{"not_picked":["Flex","Dark Embrace"],"picked":"Cleave","floor":4},{"not_picked":["Body Slam","Dual Wield"],"picked":"Evolve","floor":6},{"not_picked":["Perfected Strike","Thunderclap"],"picked":"Ghostly Armor","floor":7},{"not_picked":["Shrug It Off","Sentinel"],"picked":"Flame Barrier","floor":11},{"not_picked":["True Grit","Sword Boomerang"],"picked":"Iron Wave","floor":12},{"not_picked":["Carnage","Body Slam"],"picked":"Inflame","floor":14}],"player_experience":426840,"relics_obtained":[{"floor":7,"key":"Anchor"},{"floor":9,"key":"White Beast Statue"},{"floor":12,"key":"The Courier"}],"event_choices":[{"damage_healed":0,"gold_gain":100,"player_choice":"Gold","damage_taken":0,"max_hp_gain":0,"max_hp_loss":0,"event_name":"Wheel of Change","floor":8,"gold_loss":0}],"is_beta":false,"boss_relics":[],"items_purged_floors":[],"is_endless":false,"potions_floor_spawned":[2,11,12,14],"killed_by":"The Guardian","ascension_level":6}}