{"host":"kh6fvhxn285ncg0o","time":1611337417,"event":{"mods":["Act Like it!","BaseMod","Colored Map","Friendly Minions","Keyboard Shortcuts","Minty Spire (QoL Compilation)","Quick Restart","Relic Stats","StSLib","SuperFastMode"],"gold_per_floor":[115,166,185,197,211,211,230,230,278,294,294,294,325,344,344,416,416,387,387,147,163,88,114,114,114],"floor_reached":24,"language":"KOR","playtime":507,"items_purged":["Strike_G+1"],"score":486,"play_id":"2dde053e-1a92-4719-9e29-17197029df8e","local_time":"20210123024337","is_ascension_mode":true,"campfire_choices":[{"data":"Masterful Stab","floor":6,"key":"SMITH"},{"data":"Phantasmal Killer","floor":8,"key":"SMITH"},{"data":"Terror","floor":15,"key":"SMITH"}],"circlet_count":0,"master_deck":["AscendersBane","Strike_G+1","Defend_G+1","Defend_G+1","Defend_G+1","Defend_G+1","Survivor","Neutralize","Masterful Stab+1","Backflip","Blade Dance","Dash","Phantasmal Killer+1","Terror+1","Grand Finale","Noxious Fumes+1"],"relics":["Black Star","Potion Belt","Happy Flower","Blood Vial","Question Card","Empty Cage","ClockworkSouvenir","Bronze Scales","StrikeDummy"],"acts_visited":["Exordium","TheCity"],"potions_floor_usage":[13,16,18,23],"damage_taken":[{"damage":7,"enemies":"Cultist","floor":1,"turns":5},{"damage":0,"enemies":"Jaw Worm","floor":3,"turns":4},{"damage":10,"enemies":"2 Louse","floor":4,"turns":4},{"damage":13,"enemies":"Exordium Thugs","floor":5,"turns":8},{"damage":1,"enemies":"Looter","floor":7,"turns":3},{"damage":5,"enemies":"Blue Slaver","floor":10,"turns":3},{"damage":0,"enemies":"3 Sentries","floor":13,"turns":8},{"damage":0,"enemies":"Exordium Thugs","floor":14,"turns":3},{"damage":4,"enemies":"Hexaghost","floor":16,"turns":8},{"damage":4,"enemies":"2 Thieves","floor":18,"turns":4},{"damage":4,"enemies":"Chosen","floor":21,"turns":4},{"damage":33,"enemies":"Slavers","floor":23,"turns":8}],"seed_played":"-3031003848952180355","potions_obtained":[{"floor":1,"key":"ColorlessPotion"},{"floor":5,"key":"Explosive Potion"},{"floor":7,"key":"Swift Potion"},{"floor":16,"key":"Weak Potion"},{"floor":21,"key":"Block Potion"},{"floor":23,"key":"Fire Potion"}],"is_trial":false,"path_per_floor":["M","T","M","M","M","R","M","R","T","M","?","?","E","M","R","B",null,"M","?","$","M","?","E","?"],"character_chosen":"THE_SILENT","items_purchased":["ClockworkSouvenir"],"campfire_rested":0,"item_purchase_floors":[20],"current_hp_per_floor":[52,52,52,42,29,29,28,28,28,23,5,5,5,7,7,5,51,49,49,49,47,47,16,0,0],"gold":114,"neow_bonus":"BOSS_RELIC","is_daily":false,"chose_seed":false,"campfire_upgraded":3,"win_rate":0.0,"timestamp":1611337417,"path_taken":["M","?","?","M","M","R","M","R","T","M","?","?","E","?","R","BOSS","M","?","$","M","?","E","?"],"items_purchased_type":["Relic"],"build_version":"2020-12-22","purchased_purges":1,"victory":false,"max_hp_per_floor":[66,66,66,66,66,66,66,66,66,66,66,66,66,66,66,66,66,66,66,66,66,66,66,71,71],"relic_stats":{"Blood Vial":10,"Happy Flower":[12],"counters":[12,62],"Bronze Scales":[0],"Black Star":2,"Question Card":5,"obtain_stats":[{"Potion Belt":2,"Blood Vial":13,"Happy Flower":9,"Bronze Scales":23,"Black Star":0,"Question Card":13,"Empty Cage":17,"StrikeDummy":23,"Ring of the Snake":0,"ClockworkSouvenir":20},{"Potion Belt":1,"Blood Vial":7,"Happy Flower":5,"Bronze Scales":12,"Black Star":0,"Question Card":7,"Empty Cage":9,"StrikeDummy":12,"Ring of the Snake":0,"ClockworkSouvenir":10},{"Potion Belt":5,"Blood Vial":35,"Happy Flower":24,"Bronze Scales":62,"Black Star":0,"Question Card":35,"Empty Cage":46,"StrikeDummy":62,"Ring of the Snake":0,"ClockworkSouvenir":50}]},"card_choices":[{"not_picked":["Cloak And Dagger","Slice"],"picked":"Masterful Stab","floor":1},{"not_picked":["Reflex","Accuracy"],"picked":"Backflip","floor":3},{"not_picked":["Prepared","Reflex"],"picked":"Blade Dance","floor":4},{"not_picked":["All Out Attack","Deflect"],"picked":"Dash","floor":5},{"not_picked":["Reflex","Distraction"],"picked":"Phantasmal Killer","floor":7},{"not_picked":["PiercingWail","Prepared"],"picked":"Terror","floor":13},{"not_picked":["Poisoned Stab","Sucker Punch","Flying Knee","Blur"],"picked":"SKIP","floor":14},{"not_picked":["Die Die Die","Night Terror","A Thousand Cuts"],"picked":"Grand Finale","floor":16},{"not_picked":["Dagger Spray","Heel Hook","Underhanded Strike","Bane"],"picked":"SKIP","floor":18},{"not_picked":["Slice","PiercingWail","Acrobatics"],"picked":"Noxious Fumes+1","floor":21},{"not_picked":["Doppelganger","Deflect","Choke","Backflip"],"picked":"SKIP","floor":23}],"player_experience":1259342,"relics_obtained":[{"floor":2,"key":"Potion Belt"},{"floor":9,"key":"Happy Flower"},{"floor":13,"key":"Blood Vial"},{"floor":13,"key":"Question Card"},{"floor":23,"key":"Bronze Scales"},{"floor":23,"key":"StrikeDummy"}],"event_choices":[{"damage_healed":0,"gold_gain":0,"player_choice":"Fled","damage_taken":18,"max_hp_gain":0,"max_hp_loss":0,"event_name":"Scrap Ooze","floor":11,"gold_loss":0},{"cards_removed":["Strike_G"],"damage_healed":0,"gold_gain":0,"player_choice":"Purged","damage_taken":0,"max_hp_gain":0,"max_hp_loss":0,"event_name":"Purifier","floor":12,"gold_loss":0},{"damage_healed":0,"gold_gain":0,"player_choice":"Simplicity","damage_taken":0,"max_hp_gain":0,"max_hp_loss":0,"event_name":"Back to Basics","floor":19,"gold_loss":0,"cards_upgraded":["Strike_G","Strike_G","Defend_G","Defend_G","Defend_G","Defend_G","Defend_G"]},{"cards_removed":["Defend_G"],"damage_healed":0,"gold_gain":0,"player_choice":"Gave Gold","damage_taken":0,"max_hp_gain":0,"max_hp_loss":0,"event_name":"Beggar","floor":22,"gold_loss":75},{"damage_healed":0,"gold_gain":0,"player_choice":"Shed Blood","damage_taken":23,"max_hp_gain":5,"max_hp_loss":0,"event_name":"Forgotten Altar","floor":24,"gold_loss":0}],"is_beta":false,"boss_relics":[{"not_picked":["Fusion Hammer","Snecko Eye"],"picked":"Empty Cage"}],"items_purged_floors":[20],"is_endless":false,"potions_floor_spawned":[1,5,7,16,21,23],"ascension_level":20}}