{"host":"8c7ixdz8x9d2d2wv","time":1611339510,"event":{"mods":["AYAYA","BaseMod","Better Altar","Better Sensory Stone","Better Third Choice","Better-Laid Plans","BetterRewards","Colored Map","Colored Powertips","Curses Come First","Dark Map","Defuse TimeMaze Blight","Emptier Cage","Good Game Mod","Highlight Path","Minty Spire (QoL Compilation)","Quick Restart","Rare Cards Sparkle","Relic Sorter","Remove Card Discount Mod","Reorder Act Four","Shop Mod","StSLib","Transform Curses","Uncapped","everything is the same but u backflip on backflip"],"gold_per_floor":[119,294,311,311,311,337,350,350,420,47,47,60,88,100,100,195,195,208,220,220,239,256,256,289,289,289,60,60,60],"floor_reached":28,"language":"ENG","playtime":1561,"items_purged":["Regret","Strike_G","Strike_G","Strike_G","Defend_G","Defend_G","Defend_G","Strike_G","Strike_G","Defend_G","Defend_G","Survivor","Footwork+1"],"score":323,"play_id":"d56f178f-2e98-4932-8a6f-200e720d9681","local_time":"20210122191830","is_ascension_mode":false,"campfire_choices":[{"data":"Well Laid Plans","floor":8,"key":"SMITH"},{"data":"Footwork","floor":11,"key":"SMITH"},{"data":"Cloak And Dagger","floor":15,"key":"SMITH"},{"data":"Burst","floor":23,"key":"SMITH"},{"data":"Catalyst","floor":25,"key":"SMITH"}],"circlet_count":0,"master_deck":["Neutralize","Juggernaut","Well Laid Plans+1","Backflip","Backflip","Caltrops","Cloak And Dagger+1","Burst+1","Catalyst+1","Blur+1","Cloak And Dagger+1"],"relics":["Ring of the Snake","REME:ComplimentaryCards","NeowsBlessing","PreservedInsect","Question Card","Shuriken","Membership Card","Oddly Smooth Stone","MerchantsRug","Tingsha","Black Star","Pen Nib","Tough Bandages","Lantern","ClockworkSouvenir","Toy Ornithopter","Art of War","Bloody Idol","Blood Vial"],"acts_visited":["Exordium","TheCity"],"potions_floor_usage":[],"damage_taken":[{"damage":0,"enemies":"2 Louse","floor":1,"turns":1},{"damage":0,"enemies":"Jaw Worm","floor":3,"turns":1},{"damage":0,"enemies":"Gremlin Nob","floor":6,"turns":1},{"damage":0,"enemies":"Cultist","floor":7,"turns":4},{"damage":0,"enemies":"Red Slaver","floor":12,"turns":3},{"damage":0,"enemies":"Lagavulin","floor":13,"turns":5},{"damage":2,"enemies":"Large Slime","floor":14,"turns":6},{"damage":17,"enemies":"The Guardian","floor":16,"turns":8},{"damage":0,"enemies":"3 Byrds","floor":18,"turns":5},{"damage":1,"enemies":"Spheric Guardian","floor":19,"turns":6},{"damage":0,"enemies":"Centurion and Healer","floor":21,"turns":6},{"damage":5,"enemies":"Shelled Parasite and Fungi","floor":22,"turns":7},{"damage":0,"enemies":"Gremlin Leader","floor":24,"turns":8}],"seed_played":"1503210276251791015","potions_obtained":[{"floor":1,"key":"Ancient Potion"},{"floor":12,"key":"SpeedPotion"},{"floor":16,"key":"FearPotion"}],"is_trial":false,"path_per_floor":["M","?","M","?","?","E","M","R","T","$","R","M","E","M","R","B",null,"M","M","T","M","M","R","E","R","T","$","?"],"character_chosen":"THE_SILENT","items_purchased":["Membership Card","Oddly Smooth Stone","Footwork","MerchantsRug","Backflip","ClockworkSouvenir","Toy Ornithopter","Art of War"],"campfire_rested":0,"item_purchase_floors":[10,10,10,10,10,27,27,27],"current_hp_per_floor":[70,70,70,63,63,63,63,63,63,63,63,63,63,61,61,44,70,70,69,69,69,64,64,64,64,64,64,0,0],"gold":60,"neow_bonus":"THREE_ENEMY_KILL","is_daily":false,"chose_seed":false,"campfire_upgraded":5,"win_rate":0.0,"timestamp":1611339510,"path_taken":["M","?","M","?","?","E","M","R","T","?","R","?","E","M","R","BOSS","M","?","?","M","M","R","E","R","T","$","?"],"items_purchased_type":["Relic","Relic","Card","Relic","Card","Relic","Relic","Relic"],"build_version":"2020-12-22","purchased_purges":13,"victory":false,"max_hp_per_floor":[70,70,70,70,70,70,70,70,70,70,70,70,70,70,70,70,70,70,70,70,70,70,70,70,70,70,70,70,70],"card_choices":[{"not_picked":["Prepared","Backstab","Flying Knee"],"picked":"SKIP","floor":1},{"not_picked":["Dodge and Roll","Endless Agony"],"picked":"Well Laid Plans","floor":3},{"not_picked":["Endless Agony","Flying Knee"],"picked":"Backflip","floor":6},{"not_picked":["Dagger Spray","Outmaneuver","Blade Dance","Bouncing Flask"],"picked":"SKIP","floor":7},{"not_picked":["Blade Dance","Underhanded Strike","Slice","Eviscerate"],"picked":"SKIP","floor":12},{"not_picked":["Underhanded Strike","Tools of the Trade","Sucker Punch"],"picked":"Caltrops","floor":13},{"not_picked":["Terror","Underhanded Strike","Bane"],"picked":"Cloak And Dagger","floor":14},{"not_picked":["Venomology","Storm of Steel","A Thousand Cuts"],"picked":"Burst","floor":16},{"not_picked":["Bane","Backstab","Masterful Stab"],"picked":"Catalyst","floor":18},{"not_picked":["Leg Sweep","Blade Dance","Dagger Spray","PiercingWail"],"picked":"SKIP","floor":19},{"not_picked":["Heel Hook+1","Slice","Expertise","Underhanded Strike"],"picked":"SKIP","floor":21},{"not_picked":["Blade Dance","Prepared","Masterful Stab+1"],"picked":"Blur+1","floor":22},{"not_picked":["Flying Knee","Corpse Explosion","Storm of Steel"],"picked":"Cloak And Dagger+1","floor":24}],"player_experience":662950,"relics_obtained":[{"floor":6,"key":"Question Card"},{"floor":9,"key":"Shuriken"},{"floor":13,"key":"Tingsha"},{"floor":24,"key":"Pen Nib"},{"floor":24,"key":"Tough Bandages"},{"floor":26,"key":"Lantern"}],"event_choices":[{"damage_healed":0,"gold_gain":175,"player_choice":"AGREE","damage_taken":119,"max_hp_gain":0,"max_hp_loss":0,"event_name":"betterThird:BetterSerpent","floor":2,"gold_loss":0},{"cards_removed":["Doubt"],"damage_healed":0,"gold_gain":0,"player_choice":"Card Removal","damage_taken":7,"max_hp_gain":0,"max_hp_loss":0,"event_name":"Golden Wing","floor":4,"gold_loss":0},{"damage_healed":0,"gold_gain":0,"player_choice":"Box","damage_taken":0,"relics_obtained":["PreservedInsect"],"max_hp_gain":0,"max_hp_loss":0,"event_name":"Big Fish","floor":5,"gold_loss":0,"cards_obtained":["Regret"]}],"is_beta":false,"boss_relics":[{"not_picked":["Cursed Key","Snecko Eye"],"picked":"Black Star"}],"items_purged_floors":[10,10,10,10,10,10,10,10,10,27,27,27,27],"is_endless":false,"potions_floor_spawned":[1,12,16,18,24],"ascension_level":0}}