{"host":"usrgk25etjl0nf5i","time":1611289008,"event":{"mods":["2.2 Compatiblity","BaseMod","Downfall","Hubris","Minty Spire (QoL Compilation)","StSLib","SuperFastMode"],"gold_per_floor":[112,112,112,129,142,142,162,195,195,195,195],"floor_reached":10,"language":"ENG","playtime":311,"items_purged":[],"score":112,"play_id":"2194d020-9597-48f3-a920-fe6d2ef0631f","local_time":"20210121201648","is_ascension_mode":true,"campfire_choices":[{"data":"Rupture","floor":6,"key":"SMITH"}],"circlet_count":0,"master_deck":["AscendersBane","Strike_R","Strike_R","Strike_R","Strike_R","Defend_R","Defend_R","Defend_R","Defend_R","Bash","Rupture+1","Regret","Clothesline","Pummel","Bloodletting","Berserk"],"relics":["Burning Blood","Nunchaku","Champion Belt","Self Forming Clay"],"acts_visited":["Exordium"],"potions_floor_usage":[7],"damage_taken":[{"damage":0,"enemies":"Small Slimes","floor":1,"turns":3},{"damage":13,"enemies":"Jaw Worm","floor":4,"turns":5},{"damage":3,"enemies":"Cultist","floor":5,"turns":3},{"damage":15,"enemies":"Lots of Slimes","floor":7,"turns":6},{"damage":38,"enemies":"3 Sentries","floor":8,"turns":8},{"damage":53,"enemies":"Gremlin Nob","floor":10,"turns":4}],"seed_played":"-4650016319329072034","potions_obtained":[{"floor":1,"key":"Fire Potion"}],"is_trial":false,"path_per_floor":["M","?","?","M","M","R","M","E","T","E"],"character_chosen":"IRONCLAD","items_purchased":[],"campfire_rested":0,"item_purchase_floors":[],"current_hp_per_floor":[86,86,86,79,82,82,73,41,41,0,0],"gold":195,"neow_bonus":"TEN_PERCENT_HP_BONUS","is_daily":false,"chose_seed":false,"campfire_upgraded":1,"win_rate":0.0,"timestamp":1611289008,"path_taken":["M","?","?","M","M","R","?","E","T","E"],"items_purchased_type":[],"build_version":"2020-12-22","purchased_purges":0,"victory":false,"max_hp_per_floor":[88,88,88,88,88,88,88,88,88,88,88],"card_choices":[{"not_picked":["Wild Strike","Clash"],"picked":"Rupture","floor":1},{"not_picked":["Wild Strike","Anger"],"picked":"Clothesline","floor":4},{"not_picked":["Burning Pact","Second Wind"],"picked":"Pummel","floor":5},{"not_picked":["Warcry","Anger"],"picked":"Bloodletting","floor":7},{"not_picked":["Dark Embrace","Perfected Strike"],"picked":"Berserk","floor":8}],"player_experience":662213,"relics_obtained":[{"floor":8,"key":"Champion Belt"},{"floor":9,"key":"Self Forming Clay"}],"event_choices":[{"damage_healed":0,"gold_gain":0,"player_choice":"Box","damage_taken":0,"relics_obtained":["Nunchaku"],"max_hp_gain":0,"max_hp_loss":0,"event_name":"Big Fish","floor":2,"gold_loss":0,"cards_obtained":["Regret"]},{"cards_removed":["Strike_R"],"damage_healed":0,"gold_gain":0,"player_choice":"Offered Basic","damage_taken":0,"max_hp_gain":0,"max_hp_loss":0,"event_name":"Bonfire Elementals","floor":3,"gold_loss":0}],"is_beta":false,"boss_relics":[],"items_purged_floors":[],"is_endless":false,"potions_floor_spawned":[1],"killed_by":"Gremlin Nob","ascension_level":13}}