{"host":"9709z2dy8v1s63sm","time":1611328485,"event":{"mods":["AchievementEnabler","BaseMod","Minty Spire (QoL Compilation)","StSLib","SuperFastMode"],"gold_per_floor":[113,131,149,162,176,209,209,223,223,112,144,144,164,189,189,290,290,307,326,345,361,42,70,70,70,116,41,61,78,104,135,135,234,234,248,260,276,226,246,278,278,278,278,288,313,313,340,145,145,145,145,145,20,50,50],"floor_reached":56,"language":"KOR","playtime":3106,"items_purged":["Strike_R","Strike_R","Strike_R","Fiend Fire","Defend_R"],"score":1969,"play_id":"0f5cfb63-835e-45e4-aa1d-377dcfdc4526","local_time":"20210123001445","is_ascension_mode":true,"campfire_choices":[{"data":"Body Slam","floor":7.0,"key":"SMITH"},{"data":"Shrug It Off","floor":15.0,"key":"SMITH"},{"data":"Body Slam","floor":25.0,"key":"SMITH"},{"data":"Evolve","floor":32.0,"key":"SMITH"},{"data":"Second Wind","floor":41.0,"key":"SMITH"},{"data":"Thinking Ahead","floor":46.0,"key":"SMITH"},{"floor":49.0,"key":"RECALL"},{"data":"Power Through","floor":52.0,"key":"SMITH"}],"circlet_count":0,"master_deck":["Defend_R","Defend_R","Bash+1","Ghostly Armor","Shrug It Off+1","Thunderclap+1","Body Slam+1","Battle Trance","Power Through+1","Immolate","Body Slam+1","Evolve+1","Shrug It Off+1","True Grit+1","Body Slam+1","Shrug It Off+1","Second Wind+1","Thinking Ahead+1","Shrug It Off+1","Disarm"],"relics":["Burning Blood","Whetstone","Mercury Hourglass","Pantograph","Tiny Chest","Coffee Dripper","DollysMirror","Champion Belt","Bag of Preparation","Smiling Mask","Sozu","Calipers","Bird Faced Urn","Anchor","Meat on the Bone","OrangePellets","Magic Flower"],"acts_visited":["Exordium","TheCity","TheBeyond","TheEnding"],"potions_floor_usage":[55,55],"damage_taken":[{"damage":2.0,"enemies":"2 Louse","floor":1.0,"turns":3.0},{"damage":6.0,"enemies":"Cultist","floor":2.0,"turns":4.0},{"damage":8.0,"enemies":"Jaw Worm","floor":3.0,"turns":7.0},{"damage":0.0,"enemies":"2 Fungi Beasts","floor":4.0,"turns":4.0},{"damage":0.0,"enemies":"Exordium Wildlife","floor":5.0,"turns":5.0},{"damage":18.0,"enemies":"Gremlin Nob","floor":6.0,"turns":4.0},{"damage":11.0,"enemies":"Lots of Slimes","floor":8.0,"turns":4.0},{"damage":0.0,"enemies":"Lagavulin","floor":11.0,"turns":6.0},{"damage":1.0,"enemies":"Exordium Thugs","floor":13.0,"turns":4.0},{"damage":12.0,"enemies":"3 Sentries","floor":14.0,"turns":6.0},{"damage":25.0,"enemies":"Slime Boss","floor":16.0,"turns":9.0},{"damage":0.0,"enemies":"Spheric Guardian","floor":18.0,"turns":3.0},{"damage":12.0,"enemies":"2 Thieves","floor":19.0,"turns":3.0},{"damage":0.0,"enemies":"Cultist and Chosen","floor":20.0,"turns":4.0},{"damage":14.0,"enemies":"Snake Plant","floor":21.0,"turns":3.0},{"damage":14.0,"enemies":"Gremlin Leader","floor":23.0,"turns":4.0},{"damage":0.0,"enemies":"Centurion and Healer","floor":28.0,"turns":8.0},{"damage":2.0,"enemies":"Snecko","floor":29.0,"turns":5.0},{"damage":0.0,"enemies":"Book of Stabbing","floor":31.0,"turns":2.0},{"damage":22.0,"enemies":"Collector","floor":33.0,"turns":8.0},{"damage":0.0,"enemies":"3 Darklings","floor":35.0,"turns":3.0},{"damage":0.0,"enemies":"Orb Walker","floor":36.0,"turns":1.0},{"damage":0.0,"enemies":"Spire Growth","floor":37.0,"turns":4.0},{"damage":0.0,"enemies":"Jaw Worm Horde","floor":39.0,"turns":2.0},{"damage":6.0,"enemies":"Nemesis","floor":40.0,"turns":7.0},{"damage":0.0,"enemies":"Maw","floor":44.0,"turns":4.0},{"damage":0.0,"enemies":"Reptomancer","floor":45.0,"turns":3.0},{"damage":0.0,"enemies":"Nemesis","floor":47.0,"turns":5.0},{"damage":0.0,"enemies":"Awakened One","floor":50.0,"turns":8.0},{"damage":16.0,"enemies":"Shield and Spear","floor":54.0,"turns":5.0},{"damage":58,"enemies":"The Heart","floor":55,"turns":9}],"seed_played":"-3611257690093523783","potions_obtained":[{"floor":1.0,"key":"DistilledChaos"},{"floor":2.0,"key":"ColorlessPotion"},{"floor":5.0,"key":"SmokeBomb"},{"floor":8.0,"key":"AttackPotion"},{"floor":13.0,"key":"FearPotion"},{"floor":20.0,"key":"Explosive Potion"},{"floor":28.0,"key":"Swift Potion"},{"floor":33.0,"key":"GamblersBrew"}],"is_trial":false,"path_per_floor":["M","M","M","M","M","E","R","M","T","$","E","?","M","E","R","B",null,"M","M","M","M","$","E","?","R","T","?","M","M","T","E","R","B",null,"M","M","M","$","M","E","R","?","T","M","E","R","E","$","R","B",null,"R","$","E","B",null],"character_chosen":"IRONCLAD","items_purchased":["Power Through","Evolve","DollysMirror","OrangePellets","Disarm"],"campfire_rested":0,"item_purchase_floors":[10,22,22,48,53],"current_hp_per_floor":[55,55,53,59,65,53,53,48,48,48,54,54,59,53,53,59,75,80,74,80,72,72,64,49,49,49,49,55,59,59,65,65,69,81,85,85,85,85,85,85,85,75,75,83,85,85,85,85,85,85,85,85,85,75,54],"gold":50,"neow_bonus":"REMOVE_TWO","is_daily":false,"chose_seed":false,"campfire_upgraded":7,"win_rate":0.0,"timestamp":1611328485,"path_taken":["M","M","M","M","M","E","R","M","T","$","E","?","M","E","R","BOSS","M","M","?","M","$","E","?","R","T","?","M","M","?","E","R","BOSS","M","?","M","$","M","E","R","?","T","M","E","R","E","$","R","BOSS","R","$","E","BOSS"],"items_purchased_type":["Card","Card","Relic","Relic","Card"],"build_version":"2020-12-22","purchased_purges":5,"victory":true,"max_hp_per_floor":[80,80,80,80,80,80,80,80,80,80,80,80,80,80,80,80,80,80,80,80,80,80,80,85,85,85,85,85,85,85,85,85,85,85,85,85,85,85,85,85,85,85,85,85,85,85,85,85,85,85,85,85,85,85,85],"card_choices":[{"not_picked":["Battle Trance","Searing Blow"],"picked":"Ghostly Armor","floor":1.0},{"not_picked":["Perfected Strike","Dual Wield","Twin Strike"],"picked":"SKIP","floor":2.0},{"not_picked":["Pummel","Dropkick"],"picked":"Shrug It Off","floor":3.0},{"not_picked":["Dropkick","Searing Blow"],"picked":"Thunderclap","floor":4.0},{"not_picked":["Armaments","Thunderclap"],"picked":"Body Slam","floor":5.0},{"not_picked":["Sword Boomerang","Heavy Blade","Cleave"],"picked":"SKIP","floor":6.0},{"not_picked":["Burning Pact","Pommel Strike"],"picked":"Battle Trance","floor":8.0},{"not_picked":["Sword Boomerang","Reckless Charge","Clash"],"picked":"SKIP","floor":11.0},{"not_picked":["Battle Trance","Sever Soul","Thunderclap"],"picked":"SKIP","floor":13.0},{"not_picked":["Seeing Red","Inflame"],"picked":"Immolate","floor":14.0},{"not_picked":["Brutality","Bludgeon"],"picked":"Fiend Fire","floor":16.0},{"not_picked":["Spot Weakness","Bloodletting"],"picked":"Body Slam","floor":18.0},{"not_picked":["Headbutt","Cleave","Warcry"],"picked":"SKIP","floor":19.0},{"not_picked":["Carnage","Ghostly Armor","Iron Wave"],"picked":"SKIP","floor":20.0},{"not_picked":["Clash","Perfected Strike","Cleave"],"picked":"SKIP","floor":21.0},{"not_picked":["Rampage+1","Iron Wave+1","Sword Boomerang"],"picked":"SKIP","floor":23.0},{"not_picked":["Burning Pact","Pommel Strike"],"picked":"True Grit+1","floor":28.0},{"not_picked":["Bloodletting","Havoc+1"],"picked":"Body Slam+1","floor":29.0},{"not_picked":["Headbutt","Sword Boomerang","Perfected Strike"],"picked":"SKIP","floor":31.0},{"not_picked":["Anger+1","Ghostly Armor"],"picked":"Shrug It Off+1","floor":35.0},{"not_picked":["Heavy Blade+1","Perfected Strike","Whirlwind"],"picked":"SKIP","floor":36.0},{"not_picked":["Flame Barrier","Reckless Charge+1"],"picked":"Second Wind","floor":37.0},{"not_picked":["Armaments","Second Wind","Twin Strike+1"],"picked":"SKIP","floor":39.0},{"not_picked":["Cleave","Disarm","Evolve+1"],"picked":"SKIP","floor":40.0},{"not_picked":["Dramatic Entrance","Master of Strategy"],"picked":"Thinking Ahead","floor":42.0},{"not_picked":["Pommel Strike","Body Slam","Headbutt+1"],"picked":"SKIP","floor":44.0},{"not_picked":["True Grit+1","Flame Barrier","Anger"],"picked":"SKIP","floor":45.0},{"not_picked":["Havoc","Bloodletting"],"picked":"Shrug It Off+1","floor":47.0},{"not_picked":["Clash","Heavy Blade+1","Perfected Strike+1"],"picked":"SKIP","floor":54.0}],"player_experience":82841,"relics_obtained":[{"floor":6.0,"key":"Whetstone"},{"floor":9.0,"key":"Mercury Hourglass"},{"floor":11.0,"key":"Pantograph"},{"floor":14.0,"key":"Tiny Chest"},{"floor":23.0,"key":"Champion Belt"},{"floor":30.0,"key":"Bag of Preparation"},{"floor":31.0,"key":"Smiling Mask"},{"floor":40.0,"key":"Calipers"},{"floor":43.0,"key":"Bird Faced Urn"},{"floor":45.0,"key":"Anchor"},{"floor":47.0,"key":"Meat on the Bone"},{"floor":54.0,"key":"Magic Flower"}],"event_choices":[{"damage_healed":0.0,"max_hp_gain":0.0,"max_hp_loss":0.0,"gold_gain":0.0,"event_name":"The Woman in Blue","player_choice":"Bought 0 Potions","floor":12.0,"gold_loss":0.0,"damage_taken":0.0},{"damage_healed":0.0,"max_hp_gain":5.0,"max_hp_loss":0.0,"gold_gain":0.0,"event_name":"Forgotten Altar","player_choice":"Shed Blood","floor":24.0,"gold_loss":0.0,"damage_taken":20.0},{"cards_removed":["Strike_R"],"damage_healed":0.0,"max_hp_gain":0.0,"max_hp_loss":0.0,"gold_gain":0.0,"event_name":"Beggar","player_choice":"Gave Gold","floor":27.0,"gold_loss":75.0,"damage_taken":0.0},{"damage_healed":0.0,"max_hp_gain":0.0,"max_hp_loss":0.0,"gold_gain":0.0,"event_name":"SensoryStone","player_choice":"Memory 3","floor":42.0,"gold_loss":0.0,"damage_taken":10.0}],"is_beta":false,"boss_relics":[{"not_picked":["Velvet Choker","Astrolabe"],"picked":"Coffee Dripper"},{"not_picked":["Busted Crown","Philosopher\u0027s Stone"],"picked":"Sozu"}],"items_purged_floors":[10,22,38,48,53],"is_endless":false,"potions_floor_spawned":[1,2,5,8,13,14,20,28,33,35,45,47,54],"ascension_level":9}}