{"host":"aqym1xxr3lb31d9m","time":1611318847,"event":{"mods":["BaseMod","Block Reminder","Colored Map","Colored Powertips","DeckTracker","Highlight Path","Minty Spire (QoL Compilation)","Quick Restart","Random Character Button","StSLib","SuperFastMode","UnlockEverythingMod"],"gold_per_floor":[114,189,189,103,103,103,134,134,134,134,151,170,170,201,201,272,272,292,265,278,278,140,140,140],"floor_reached":23,"language":"JPN","playtime":928,"items_purged":[],"score":394,"play_id":"e9a46e6b-68be-4590-b000-d0e12f0a109e","local_time":"20210122213407","is_ascension_mode":true,"campfire_choices":[{"data":"Bash","floor":6,"key":"SMITH"},{"data":"Wild Strike","floor":8,"key":"SMITH"},{"floor":10,"key":"REST"},{"data":"Disarm","floor":13,"key":"SMITH"},{"data":"Disarm","floor":15,"key":"SMITH"}],"circlet_count":0,"master_deck":["AscendersBane","Strike_R","Strike_R","Strike_R","Strike_R","Strike_R","Defend_R","Defend_R","Defend_R","Bash+1","Brutality","Disarm+1","Thunderclap","Wild Strike+1","Disarm+1","Power Through","Flame Barrier","Bludgeon","Disarm","Dropkick","Spot Weakness","Whirlwind","Immolate","Havoc"],"relics":["Black Blood","GremlinMask","Incense Burner","Red Skull","Bag of Preparation"],"acts_visited":["Exordium","TheCity"],"potions_floor_usage":[7,14,19,23],"damage_taken":[{"damage":15,"enemies":"Small Slimes","floor":1,"turns":5},{"damage":31,"enemies":"Lagavulin","floor":7,"turns":6},{"damage":10,"enemies":"Jaw Worm","floor":11,"turns":4},{"damage":6,"enemies":"2 Louse","floor":12,"turns":4},{"damage":16,"enemies":"3 Sentries","floor":14,"turns":8},{"damage":5,"enemies":"The Guardian","floor":16,"turns":15},{"damage":6,"enemies":"Chosen","floor":18,"turns":7},{"damage":5,"enemies":"2 Thieves","floor":19,"turns":4},{"damage":37,"enemies":"Centurion and Healer","floor":20,"turns":17},{"damage":68,"enemies":"Slavers","floor":23,"turns":4}],"seed_played":"-5625617551708230426","potions_obtained":[{"floor":7,"key":"BloodPotion"},{"floor":11,"key":"PowerPotion"},{"floor":14,"key":"Block Potion"}],"is_trial":false,"path_per_floor":["M","?","?","$","?","R","E","R","T","R","M","M","R","E","R","B",null,"M","M","M","?","$","E"],"character_chosen":"IRONCLAD","items_purchased":["Thunderclap","PowerPotion","Immolate","Havoc"],"campfire_rested":1,"item_purchase_floors":[4,4,22,22],"current_hp_per_floor":[59,48,41,41,41,41,16,16,16,38,34,34,34,24,24,25,63,69,75,50,50,50,0,0],"gold":140,"neow_bonus":"ONE_RANDOM_RARE_CARD","is_daily":false,"chose_seed":false,"campfire_upgraded":4,"win_rate":0.0,"timestamp":1611318847,"path_taken":["M","?","?","?","?","R","E","R","T","R","?","M","R","E","R","BOSS","M","?","M","?","$","E"],"items_purchased_type":["Card","Potion","Card","Card"],"build_version":"2020-12-22","purchased_purges":0,"victory":false,"max_hp_per_floor":[75,75,75,75,75,75,75,75,75,75,75,75,75,75,75,75,75,75,75,75,75,75,75,75],"card_choices":[{"not_picked":["Warcry","Entrench"],"picked":"Disarm","floor":1},{"not_picked":["Ghostly Armor","Inflame"],"picked":"Wild Strike","floor":7},{"not_picked":["Shockwave","Anger"],"picked":"Disarm","floor":11},{"not_picked":["Thunderclap","Searing Blow"],"picked":"Power Through","floor":12},{"not_picked":["Heavy Blade","Reckless Charge"],"picked":"Flame Barrier","floor":14},{"not_picked":["Corruption","Exhume"],"picked":"Bludgeon","floor":16},{"not_picked":["Rupture+1","Cleave"],"picked":"Disarm","floor":18},{"not_picked":["Heavy Blade+1","Armaments"],"picked":"Dropkick","floor":19},{"not_picked":["Clothesline","Anger"],"picked":"Spot Weakness","floor":20}],"player_experience":3965926,"relics_obtained":[{"floor":7,"key":"Incense Burner"},{"floor":9,"key":"Red Skull"},{"floor":14,"key":"Bag of Preparation"}],"event_choices":[{"damage_healed":0,"gold_gain":75,"player_choice":"Gather Gold","damage_taken":11,"max_hp_gain":0,"max_hp_loss":0,"event_name":"World of Goop","floor":2,"gold_loss":0},{"cards_removed":["Defend_R"],"damage_healed":0,"gold_gain":0,"player_choice":"Card Removal","damage_taken":7,"max_hp_gain":0,"max_hp_loss":0,"event_name":"Golden Wing","floor":3,"gold_loss":0},{"damage_healed":0,"gold_gain":0,"player_choice":"Trade","damage_taken":0,"relics_obtained":["GremlinMask"],"max_hp_gain":0,"max_hp_loss":0,"event_name":"FaceTrader","floor":5,"gold_loss":0},{"damage_healed":0,"gold_gain":0,"player_choice":"Read","damage_taken":0,"max_hp_gain":0,"max_hp_loss":0,"event_name":"The Library","floor":21,"gold_loss":0,"cards_obtained":["Whirlwind"]}],"is_beta":false,"boss_relics":[{"not_picked":["Tiny House","Empty Cage"],"picked":"Black Blood"}],"items_purged_floors":[],"is_endless":false,"potions_floor_spawned":[7,11,14],"killed_by":"Slavers","ascension_level":20}}