{"host":"5dhwd44u3dydylwe","time":1611290723,"event":{"mods":["AchievementEnabler","BaseMod","BetterRewards","Dota2Spire","Hubris","Minty Spire (QoL Compilation)","Shop Mod","StSLib","Wandering Minibosses"],"gold_per_floor":[115,135,148,160,180,206,206,235,235,260,535,535,98,98,98,227,227,519,535,553,767,790,790,715,749,749,789,789,427,462,244,244,369,369,383,383,107,67,67,67,108,127,127,158,174,208,267,280,280,280,280,280,61,105,105],"floor_reached":56,"language":"ENG","playtime":3011,"items_purged":["Strike_R","Strike_R","Bash","Strike_R","Defend_R","Strike_R","Defend_R","Regret","Defend_R","Pommel Strike"],"score":2220,"play_id":"9acf5926-ff90-4d26-8a86-8448ea089fad","local_time":"20210122124523","is_ascension_mode":true,"campfire_choices":[{"data":"Sword Boomerang","floor":7.0,"key":"SMITH"},{"data":"Shockwave","floor":15.0,"key":"SMITH"},{"data":"Immolate","floor":23,"key":"SMITH"},{"data":"True Grit","floor":32,"key":"SMITH"},{"data":"Feel No Pain","floor":40,"key":"SMITH"},{"floor":49,"key":"RECALL"},{"data":"Uppercut","floor":52,"key":"SMITH"}],"circlet_count":0,"master_deck":["AscendersBane","Inflame+1","Feel No Pain+1","Uppercut+1","True Grit+1","Feel No Pain+1","Twin Strike","Twin Strike","Flame Barrier","Shrug It Off","Shockwave+1","Sword Boomerang+1","Cleave","Immolate+1","Feed","CurseOfTheBell","Battle Trance","Wild Strike+1","Barricade","Feed","Reaper","Corruption","Disarm+1","True Grit+1","Pommel Strike","Flame Barrier","Entrench","Disarm+1","Brutality"],"relics":["Burning Blood","Membership Card","Pen Nib","Dota2Spire:Butterfly","hubris:EmptyBottle","Dota2Spire:ArcaneBoots","Dota2Spire:DrumOfEndurance","Art of War","Bag of Marbles","Dota2Spire:EtherealBlade","Meat on the Bone","Toy Ornithopter","Juzu Bracelet","Shuriken","Du-Vu Doll","Golden Idol","Medical Kit","Ornamental Fan","hubris:TenFootPole","Calling Bell","hubris:SphereOfDissonance","Ancient Tea Set","Prayer Wheel","wanderingMiniBosses:LockLocket","Dota2Spire:EchoSabre","Magic Flower","TheAbacus","Dota2Spire:PowerTreads","hubris:Zylophone","Strawberry","Dota2Spire:HeartOfTarrasque","Snecko Eye","Matryoshka","Nunchaku","Dota2Spire:AghanimScepter","Mummified Hand","Anchor","InkBottle","Dota2Spire:AssaultCuirass","OrangePellets","Dota2Spire:OctarineCore","Oddly Smooth Stone"],"acts_visited":["Exordium","TheCity","TheBeyond","TheEnding"],"potions_floor_usage":[21,21,30,30,30,55,55,55,55,55],"damage_taken":[{"damage":0.0,"enemies":"Jaw Worm","floor":1.0,"turns":3.0},{"damage":0.0,"enemies":"Cultist","floor":2.0,"turns":4.0},{"damage":0.0,"enemies":"2 Louse","floor":3.0,"turns":2.0},{"damage":7.0,"enemies":"Lots of Slimes","floor":4.0,"turns":4.0},{"damage":0.0,"enemies":"Exordium Thugs","floor":5.0,"turns":4.0},{"damage":12.0,"enemies":"Gremlin Nob","floor":6.0,"turns":3.0},{"damage":1.0,"enemies":"3 Sentries","floor":8.0,"turns":7.0},{"damage":12.0,"enemies":"Gremlin Nob","floor":10.0,"turns":3.0},{"damage":0.0,"enemies":"Hexaghost","floor":16.0,"turns":7.0},{"damage":3.0,"enemies":"Spheric Guardian","floor":18.0,"turns":8.0},{"damage":13.0,"enemies":"Shell Parasite","floor":19.0,"turns":6.0},{"damage":10.0,"enemies":"Snake Plant","floor":20.0,"turns":5.0},{"damage":6,"enemies":"Snecko","floor":21,"turns":6},{"damage":5,"enemies":"Cultist and Chosen","floor":22,"turns":3},{"damage":18,"enemies":"Book of Stabbing","floor":25,"turns":6},{"damage":13,"enemies":"Gremlin Leader","floor":27,"turns":4},{"damage":3,"enemies":"Slavers","floor":30,"turns":6},{"damage":10,"enemies":"Automaton","floor":33,"turns":7},{"damage":9,"enemies":"3 Shapes","floor":35,"turns":5},{"damage":0,"enemies":"Nemesis","floor":41,"turns":7},{"damage":0,"enemies":"3 Darklings","floor":42,"turns":5},{"damage":0,"enemies":"Reptomancer","floor":44,"turns":4},{"damage":0,"enemies":"Jaw Worm Horde","floor":45,"turns":1},{"damage":0,"enemies":"Giant Head","floor":46,"turns":2},{"damage":0,"enemies":"2 Orb Walkers","floor":47,"turns":2},{"damage":0,"enemies":"Spire Growth","floor":48,"turns":2},{"damage":8,"enemies":"Donu and Deca","floor":50,"turns":5},{"damage":2,"enemies":"Shield and Spear","floor":54,"turns":4},{"damage":37,"enemies":"The Heart","floor":55,"turns":5}],"seed_played":"-6104021086845708363","potions_obtained":[{"floor":1.0,"key":"Ancient Potion"},{"floor":3.0,"key":"ColorlessPotion"},{"floor":30,"key":"SteroidPotion"},{"floor":35,"key":"Weak Potion"}],"is_trial":false,"path_per_floor":["M","M","M","M","M","E","R","E","T","E","?","?","$","?","R","B",null,"M","M","M","M","M","R","?","E","T","E","?","$","E","$","R","B",null,"M","?","$","?","$","R","E","M","T","E","M","E","?","M","R","B",null,"R","$","E","B",null],"character_chosen":"IRONCLAD","items_purchased":["Membership Card","Feel No Pain","Pen Nib","Uppercut","Dota2Spire:Butterfly","hubris:EmptyBottle","Dota2Spire:ArcaneBoots","True Grit","Dota2Spire:DrumOfEndurance","Feel No Pain","Twin Strike","Pommel Strike","Art of War","Twin Strike","Bag of Marbles","Dota2Spire:EtherealBlade","Flame Barrier","Shrug It Off","Meat on the Bone","DuplicationPotion","Medical Kit","Ornamental Fan","hubris:TenFootPole","EssenceOfSteel","TheAbacus","Dota2Spire:PowerTreads","Reaper","Strawberry","Dota2Spire:HeartOfTarrasque","Matryoshka","OrangePellets","Dota2Spire:OctarineCore"],"campfire_rested":0,"item_purchase_floors":[0,0,0,0,0,0,0,0,0,0,0,0,0,0,0,0,0,0,0,0,13,13,13,13,29,29,29,31,31,37,53,53],"current_hp_per_floor":[42,48,54,53,59,53,53,58,58,52,52,32,32,32,32,50,73,79,72,71,81,85,85,88,76,76,69,72,72,92,107,107,110,110,116,116,116,116,116,116,119,122,122,125,125,128,134,137,137,137,137,137,137,140,143],"gold":105,"neow_bonus":"","is_daily":false,"chose_seed":false,"campfire_upgraded":6,"win_rate":0.0,"timestamp":1611290723,"path_taken":["M","M","M","M","M","E","R","E","T","E","?","?","$","?","R","BOSS","M","M","M","M","M","R","?","E","T","E","?","$","E","$","R","BOSS","M","?","$","?","$","R","E","M","T","E","M","E","?","M","R","BOSS","R","$","E","BOSS"],"items_purchased_type":["Relic","Card","Relic","Card","Relic","Relic","Relic","Card","Relic","Card","Card","Card","Relic","Card","Relic","Relic","Card","Card","Relic","Potion","Relic","Relic","Relic","Potion","Relic","Relic","Card","Relic","Relic","Relic","Relic","Relic"],"build_version":"2020-12-22","purchased_purges":10,"victory":true,"max_hp_per_floor":[80,80,80,80,80,80,80,80,80,80,80,80,80,80,80,80,80,83,83,86,86,89,89,89,89,89,89,89,89,92,107,107,110,110,116,116,116,116,116,116,119,122,122,125,125,128,134,137,137,137,137,137,137,140,143],"card_choices":[{"not_picked":["Hemokinesis","Dual Wield","Body Slam"],"picked":"SKIP","floor":1.0},{"not_picked":["Combust","Body Slam"],"picked":"Shockwave","floor":2.0},{"not_picked":["Clash","Shrug It Off","Second Wind"],"picked":"SKIP","floor":3.0},{"not_picked":["Combust","Iron Wave","Heavy Blade"],"picked":"SKIP","floor":4.0},{"not_picked":["hubris:ReadiedAction","Clash"],"picked":"Sword Boomerang","floor":5.0},{"not_picked":["Dual Wield","Perfected Strike"],"picked":"Cleave","floor":6.0},{"not_picked":["Second Wind","Anger","Body Slam"],"picked":"SKIP","floor":8.0},{"not_picked":["Cleave","Thunderclap"],"picked":"Immolate","floor":10.0},{"not_picked":["Brutality","Impervious"],"picked":"Feed","floor":16.0},{"not_picked":["hubris:CleavingFinish","Intimidate+1"],"picked":"Battle Trance","floor":18.0},{"not_picked":["Cleave","Seeing Red","Wild Strike+1"],"picked":"SKIP","floor":18.0},{"not_picked":["Cleave","Seeing Red"],"picked":"Wild Strike+1","floor":18.0},{"not_picked":["Ghostly Armor","hubris:ReadiedAction"],"picked":"Barricade","floor":19.0},{"not_picked":["Armaments+1","Shrug It Off","hubris:ReadiedAction"],"picked":"SKIP","floor":19.0},{"not_picked":["Sever Soul","Cleave+1","Flex"],"picked":"SKIP","floor":20.0},{"not_picked":["hubris:ReadiedAction","Havoc","Warcry+1"],"picked":"SKIP","floor":20.0},{"not_picked":["Anger","Dual Wield","True Grit"],"picked":"SKIP","floor":21},{"not_picked":["Cleave","hubris:CleavingFinish","Shockwave"],"picked":"SKIP","floor":21},{"not_picked":["Shrug It Off","Infernal Blade","Sword Boomerang"],"picked":"SKIP","floor":22},{"not_picked":["Uppercut","hubris:CleavingFinish","Clothesline"],"picked":"SKIP","floor":22},{"not_picked":["Iron Wave","Anger+1"],"picked":"Feed","floor":25},{"not_picked":["Brutality","Body Slam","Fire Breathing"],"picked":"SKIP","floor":27},{"not_picked":["Shrug It Off","Twin Strike","Reaper"],"picked":"SKIP","floor":30},{"not_picked":["Impervious","Feed"],"picked":"Corruption","floor":33},{"not_picked":["Sword Boomerang+1","Spot Weakness"],"picked":"Disarm+1","floor":35},{"not_picked":["Thunderclap+1","Perfected Strike+1"],"picked":"True Grit+1","floor":35},{"not_picked":["True Grit","Headbutt","Clothesline"],"picked":"SKIP","floor":41},{"not_picked":["Iron Wave+1","Evolve+1"],"picked":"Flame Barrier","floor":42},{"not_picked":["Body Slam","Combust","Sever Soul+1"],"picked":"SKIP","floor":42},{"not_picked":["Sword Boomerang","Rage+1","Clash+1"],"picked":"SKIP","floor":44},{"not_picked":["Corruption","hubris:ReadiedAction"],"picked":"Entrench","floor":45},{"not_picked":["Havoc","Spot Weakness+1","Iron Wave+1"],"picked":"SKIP","floor":45},{"not_picked":["Body Slam+1","Second Wind+1","Reaper"],"picked":"SKIP","floor":46},{"not_picked":["Rupture","Body Slam+1"],"picked":"Disarm+1","floor":48},{"not_picked":["Blood for Blood+1","Cleave"],"picked":"Brutality","floor":48},{"not_picked":["Iron Wave","Flex+1","Thunderclap"],"picked":"SKIP","floor":54}],"player_experience":87472,"relics_obtained":[{"floor":6.0,"key":"Toy Ornithopter"},{"floor":8.0,"key":"Juzu Bracelet"},{"floor":9.0,"key":"Shuriken"},{"floor":10.0,"key":"Du-Vu Doll"},{"floor":17.0,"key":"hubris:SphereOfDissonance"},{"floor":17.0,"key":"Ancient Tea Set"},{"floor":17.0,"key":"Prayer Wheel"},{"floor":21,"key":"wanderingMiniBosses:LockLocket"},{"floor":25,"key":"Dota2Spire:EchoSabre"},{"floor":27,"key":"Magic Flower"},{"floor":30,"key":"hubris:Zylophone"},{"floor":41,"key":"Nunchaku"},{"floor":43,"key":"Dota2Spire:AghanimScepter"},{"floor":43,"key":"Mummified Hand"},{"floor":44,"key":"Anchor"},{"floor":46,"key":"InkBottle"},{"floor":47,"key":"Dota2Spire:AssaultCuirass"},{"floor":54,"key":"Oddly Smooth Stone"}],"event_choices":[{"damage_healed":0.0,"max_hp_gain":0.0,"max_hp_loss":0.0,"gold_gain":275.0,"event_name":"Golden Shrine","player_choice":"Desecrate","floor":11.0,"gold_loss":0.0,"damage_taken":0.0,"cards_obtained":["Regret"]},{"damage_healed":0.0,"max_hp_gain":0.0,"max_hp_loss":0.0,"gold_gain":0.0,"event_name":"Golden Idol","player_choice":"Take Damage","floor":12.0,"gold_loss":0.0,"damage_taken":20.0,"relics_obtained":["Golden Idol"]},{"damage_healed":0.0,"max_hp_gain":0.0,"max_hp_loss":0.0,"gold_gain":0.0,"event_name":"The Woman in Blue","player_choice":"Bought 0 Potions","floor":14.0,"gold_loss":0.0,"damage_taken":0.0},{"cards_removed":["Strike_R"],"damage_healed":0,"gold_gain":0,"player_choice":"Gave Gold","damage_taken":0,"max_hp_gain":0,"max_hp_loss":0,"event_name":"Beggar","floor":24,"gold_loss":75},{"damage_healed":0,"gold_gain":0,"player_choice":"Ignored","damage_taken":0,"max_hp_gain":0,"max_hp_loss":0,"event_name":"Ghosts","floor":28,"gold_loss":0},{"damage_healed":0,"gold_gain":0,"cards_transformed":["Defend_R"],"player_choice":"Transformed","damage_taken":0,"max_hp_gain":0,"max_hp_loss":0,"event_name":"Transmorgrifier","floor":36,"gold_loss":0,"cards_obtained":["Pommel Strike"]},{"damage_healed":0,"gold_gain":0,"player_choice":"Upgrade","damage_taken":0,"max_hp_gain":0,"max_hp_loss":0,"event_name":"Designer","floor":38,"gold_loss":40,"cards_upgraded":["Feel No Pain"]},{"damage_healed":0,"gold_gain":0,"player_choice":"Fight","damage_taken":0,"max_hp_gain":0,"max_hp_loss":0,"event_name":"Mysterious Sphere","floor":47,"gold_loss":0}],"is_beta":false,"boss_relics":[{"not_picked":["hubris:ScarierMask","Sozu"],"picked":"Calling Bell"},{"not_picked":["hubris:GrandSneckoEye","Tiny House"],"picked":"Snecko Eye"}],"items_purged_floors":[0,0,0,0,0,0,0,13,29,37],"is_endless":false,"potions_floor_spawned":[1,3,6,8,19,20,25,30,35,41],"ascension_level":10}}