{"host":"pxk3h622qp5tl971","time":1611354552,"event":{"mods":["BaseMod","Downfall","Minty Spire (QoL Compilation)","StSLib"],"gold_per_floor":[99,112,126,60,78,111,111,111,123,134,153,185,185,200,217,315,315,315,315,19,19,33,44,44,29,29,29,29,46,46,46,59,59,59,59],"floor_reached":33,"language":"ENG","playtime":2074,"items_purged":[],"score":309,"play_id":"52954797-488d-41f4-b333-c6016c6fe6df","local_time":"20210122172912","is_ascension_mode":false,"campfire_choices":[{"data":"champ:Taunt","floor":1,"key":"SMITH"},{"data":"champ:StanceDance","floor":8,"key":"SMITH"},{"data":"champ:StanceDance","floor":13,"key":"SMITH"},{"data":"champ:TripleStrike","floor":18,"key":"SMITH"},{"data":"champ:Backstep","floor":28,"key":"SMITH"},{"floor":30,"key":"DIG"}],"circlet_count":0,"master_deck":["champ:Defend","champ:Defend","champ:Defend","champ:Execute","champ:Taunt+1","champ:StanceDance+1","champ:StanceDance+1","champ:GutPunch","champ:CrownThrow","champ:BringItOn","champ:BringItOn","champ:AdrenalArmor+1","champ:TornadoPunch","champ:Endure","champ:SkillfulDodge","champ:EnGarde+1","champ:TripleStrike+1","champ:DancingMaster","champ:TripleStrike","champ:Backstep+1","champ:IronFortress","champ:Endure","champ:PerfectedStrike","Pride","Bite","Bite","Bite","Bite","Bite","champ:Backstep+1","champ:FlashCut"],"relics":["champ:ChampionCrown","Shovel","Meat on the Bone","Empty Cage","Membership Card","War Paint","Letter Opener","Ornamental Fan","Toxic Egg 2"],"acts_visited":["Exordium","TheCity"],"potions_floor_usage":[16,16,33],"damage_taken":[{"damage":21,"enemies":"Cultist","floor":2,"turns":3},{"damage":12,"enemies":"Small Slimes","floor":3,"turns":3},{"damage":25,"enemies":"downfall:FleeingMerchant","floor":4,"turns":4},{"damage":3,"enemies":"2 Louse","floor":5,"turns":2},{"damage":28,"enemies":"Lagavulin","floor":6,"turns":6},{"damage":33,"enemies":"Exordium Wildlife","floor":9,"turns":5},{"damage":20,"enemies":"3 Louse","floor":10,"turns":3},{"damage":18,"enemies":"2 Fungi Beasts","floor":11,"turns":4},{"damage":0,"enemies":"3 Sentries","floor":12,"turns":5},{"damage":24,"enemies":"Large Slime","floor":14,"turns":5},{"damage":10,"enemies":"Blue Slaver","floor":15,"turns":3},{"damage":43,"enemies":"DF_ARCHETYPE_STREAMLINE","floor":16,"turns":11},{"damage":56,"enemies":"downfall:FleeingMerchant","floor":20,"turns":4},{"damage":16,"enemies":"Shell Parasite","floor":22,"turns":5},{"damage":28,"enemies":"3 Byrds","floor":23,"turns":5},{"damage":55,"enemies":"downfall:FleeingMerchant","floor":25,"turns":4},{"damage":35,"enemies":"Snecko","floor":29,"turns":6},{"damage":38,"enemies":"3 Cultists","floor":32,"turns":5},{"damage":69,"enemies":"IC_MUSHROOM_ARCHETYPE","floor":33,"turns":7}],"seed_played":"-5958897012096239620","potions_obtained":[{"floor":3,"key":"EssenceOfSteel"},{"floor":9,"key":"Regen Potion"},{"floor":10,"key":"Block Potion"},{"floor":12,"key":"champ:TechniquePotion"},{"floor":16,"key":"GamblersBrew"},{"floor":22,"key":"Block Potion"}],"is_trial":false,"path_per_floor":["R","M","M","$","M","E","T","R","M","M","M","E","R","M","M","B",null,"R","?","$","?","M","M","T","$","?","?","R","M","R","?","M","B"],"character_chosen":"THE_CHAMP","items_purchased":["champ:CrownThrow","Membership Card","champ:Backstep","War Paint","champ:IronFortress"],"campfire_rested":0,"item_purchase_floors":[4,20,20,20,20],"current_hp_per_floor":[99,98,96,96,93,85,85,85,62,64,56,56,56,54,56,46,99,99,99,99,79,70,76,76,78,78,78,78,71,71,71,61,0,0,0],"gold":59,"neow_bonus":"TEN_PERCENT_HP_BONUS","is_daily":false,"chose_seed":false,"campfire_upgraded":5,"win_rate":0.0,"timestamp":1611354552,"path_taken":["R","M","M","$","M","E","T","R","M","?","?","E","R","M","M","BOSS","R","?","$","?","M","M","T","?","?","?","R","M","R","?","M","BOSS"],"items_purchased_type":["Card","Relic","Card","Relic","Card"],"build_version":"2020-12-22","purchased_purges":0,"victory":false,"max_hp_per_floor":[99,99,99,99,99,99,99,99,99,99,99,99,99,99,99,99,99,99,99,99,104,104,104,104,104,104,104,104,104,104,104,104,104,104,104],"card_choices":[{"not_picked":["champ:GutPunch","champ:CalledShot"],"picked":"champ:StanceDance","floor":2},{"not_picked":["champ:GutPunch","champ:BerserkersShout"],"picked":"champ:StanceDance","floor":3},{"not_picked":["champ:AdrenalArmor","champ:ShieldWall"],"picked":"champ:GutPunch","floor":4},{"not_picked":["champ:Backstep","champ:BerserkersShout"],"picked":"champ:BringItOn","floor":5},{"not_picked":["champ:HeavySlash","champ:EnragedBash"],"picked":"champ:BringItOn","floor":6},{"not_picked":["champ:StanceDance","champ:EndlessRage"],"picked":"champ:AdrenalArmor","floor":9},{"not_picked":["champ:CrownThrow","champ:FlashCut"],"picked":"champ:TornadoPunch","floor":10},{"not_picked":["champ:RapidStrikes","champ:AdrenalArmor"],"picked":"champ:Endure","floor":11},{"not_picked":["champ:Haymaker","champ:DeathBlow"],"picked":"champ:SkillfulDodge","floor":12},{"not_picked":["champ:FaceSlap","champ:ShieldWall"],"picked":"champ:EnGarde","floor":14},{"not_picked":["champ:Shatter","champ:RapidStrikes"],"picked":"champ:TripleStrike","floor":15},{"not_picked":["champ:LastStand","champ:GladiatorForm"],"picked":"champ:DancingMaster","floor":16},{"not_picked":["champ:BringItOn","champ:BladeFlurry"],"picked":"champ:TripleStrike","floor":20},{"not_picked":["champ:FalseCounter+1","champ:BringItOn","champ:PreemptiveStrike"],"picked":"SKIP","floor":22},{"not_picked":["champ:IronFortress","champ:BladeFlurry"],"picked":"champ:Endure","floor":23},{"not_picked":["champ:TornadoPunch","champ:ShieldSlam+1"],"picked":"champ:PerfectedStrike","floor":25},{"not_picked":["champ:FanOfKnives","champ:CrownThrow","champ:DeathBlow"],"picked":"SKIP","floor":29},{"not_picked":["champ:RisingSlash","champ:BringItOn+1"],"picked":"champ:FlashCut","floor":32}],"player_experience":195116,"relics_obtained":[{"floor":6,"key":"Shovel"},{"floor":7,"key":"Meat on the Bone"},{"floor":12,"key":"Blood Vial"},{"floor":24,"key":"Letter Opener"},{"floor":30,"key":"Toxic Egg 2"}],"event_choices":[{"damage_healed":0,"gold_gain":0,"player_choice":"Stole Relic","damage_taken":0,"relics_obtained":["Ornamental Fan"],"max_hp_gain":0,"max_hp_loss":0,"event_name":"Addict","floor":26,"gold_loss":0,"cards_obtained":["Pride"]},{"damage_healed":0,"gold_gain":0,"player_choice":"Became a vampire (Vial)","damage_taken":0,"max_hp_gain":0,"max_hp_loss":0,"event_name":"Vampires","floor":27,"relics_lost":["Blood Vial"],"gold_loss":0,"cards_obtained":["Bite","Bite","Bite","Bite","Bite"]},{"damage_healed":0,"gold_gain":0,"player_choice":"Read","damage_taken":0,"max_hp_gain":0,"max_hp_loss":0,"event_name":"The Library","floor":31,"gold_loss":0,"cards_obtained":["champ:Backstep"]}],"is_beta":false,"boss_relics":[{"not_picked":["Black Star","Velvet Choker"],"picked":"Empty Cage"}],"items_purged_floors":[],"is_endless":false,"potions_floor_spawned":[3,9,10,12,16,22,29],"killed_by":"IC_MUSHROOM_ARCHETYPE","ascension_level":0}}