{"host":"dqv8oo4v229c1o2l","time":1611295284,"event":{"mods":["AchievementEnabler","BaseMod","Colored Map","Colored Powertips","Minty Spire (QoL Compilation)","Quick Restart","Rare Cards Sparkle","StSLib","Synergy Search"],"gold_per_floor":[111,131,131,147,147,147,185,185,237,270,270,20,43,68,68,198,198,222,222,222,237,257,257,257,278,278,278,296,334,334,221,221,221,221],"floor_reached":33,"language":"ENG","playtime":2019,"items_purged":["Strike_R"],"score":358,"play_id":"845a5c17-5591-4f51-8ae9-81e97f19d6d1","local_time":"20210121220124","is_ascension_mode":true,"campfire_choices":[{"data":"Body Slam","floor":6,"key":"SMITH"},{"floor":8,"key":"REST"},{"floor":15,"key":"REST"},{"data":"Body Slam","floor":23,"key":"SMITH"},{"floor":27,"key":"REST"},{"data":"Double Tap","floor":30,"key":"SMITH"},{"floor":32,"key":"REST"}],"circlet_count":0,"master_deck":["Strike_R","Strike_R","Defend_R","Defend_R","Defend_R","Defend_R","Bash","Armaments","Body Slam+1","Body Slam+1","Shrug It Off","Spot Weakness","Double Tap+1","Dual Wield","Shrug It Off","Ghostly Armor","Ghostly Armor","Disarm+1","Inflame"],"relics":["Burning Blood","NeowsBlessing","Golden Idol","Bag of Preparation","Tiny Chest","Regal Pillow","Shuriken","Sozu","Meat on the Bone","Letter Opener","Gremlin Horn"],"acts_visited":["Exordium","TheCity"],"potions_floor_usage":[7,10,29],"damage_taken":[{"damage":0,"enemies":"2 Louse","floor":1,"turns":1},{"damage":0,"enemies":"Cultist","floor":2,"turns":1},{"damage":0,"enemies":"Jaw Worm","floor":4,"turns":1},{"damage":54,"enemies":"Gremlin Nob","floor":7,"turns":5},{"damage":11,"enemies":"3 Sentries","floor":10,"turns":10},{"damage":0,"enemies":"Red Slaver","floor":13,"turns":3},{"damage":24,"enemies":"Large Slime","floor":14,"turns":6},{"damage":18,"enemies":"Slime Boss","floor":16,"turns":10},{"damage":24,"enemies":"Spheric Guardian","floor":18,"turns":5},{"damage":15,"enemies":"3 Byrds","floor":21,"turns":6},{"damage":35,"enemies":"3 Cultists","floor":22,"turns":6},{"damage":27,"enemies":"Sentry and Sphere","floor":25,"turns":6},{"damage":17,"enemies":"Snake Plant","floor":28,"turns":3},{"damage":49,"enemies":"Gremlin Leader","floor":29,"turns":7},{"damage":77,"enemies":"Champ","floor":33,"turns":11}],"seed_played":"1014558729941405218","potions_obtained":[{"floor":4,"key":"BlessingOfTheForge"},{"floor":7,"key":"GamblersBrew"},{"floor":16,"key":"Weak Potion"}],"is_trial":false,"path_per_floor":["M","M","?","M","?","R","E","R","T","E","?","$","M","M","R","B",null,"M","T","T","M","M","R","?","M","T","R","M","E","R","$","R","B"],"character_chosen":"IRONCLAD","items_purchased":["Shuriken","Inflame"],"campfire_rested":4,"item_purchase_floors":[12,31],"current_hp_per_floor":[78,80,80,80,60,60,12,36,36,31,24,24,30,12,51,39,70,52,52,52,55,38,38,38,29,29,68,57,26,26,26,65,0,0],"gold":221,"neow_bonus":"THREE_ENEMY_KILL","is_daily":false,"chose_seed":false,"campfire_upgraded":3,"win_rate":0.0,"timestamp":1611295284,"path_taken":["M","M","?","?","?","R","E","R","T","E","?","$","?","M","R","BOSS","M","?","?","?","M","R","?","M","T","R","M","E","R","$","R","BOSS"],"items_purchased_type":["Relic","Card"],"build_version":"2020-12-22","purchased_purges":1,"victory":false,"max_hp_per_floor":[80,80,80,80,80,80,80,80,80,80,80,80,80,80,80,80,80,80,80,80,80,80,80,80,80,80,80,80,80,80,80,80,80,80],"card_choices":[{"not_picked":["Perfected Strike","Disarm"],"picked":"Armaments","floor":1},{"not_picked":["Iron Wave","Twin Strike"],"picked":"Body Slam","floor":2},{"not_picked":["Blood for Blood","Bloodletting","Iron Wave"],"picked":"SKIP","floor":4},{"not_picked":["Power Through","Intimidate"],"picked":"Shrug It Off","floor":7},{"not_picked":["Anger","Rupture"],"picked":"Spot Weakness","floor":10},{"not_picked":["Iron Wave","Headbutt","Rampage"],"picked":"SKIP","floor":13},{"not_picked":["True Grit","Entrench","Flex"],"picked":"SKIP","floor":14},{"not_picked":["Immolate","Bludgeon"],"picked":"Double Tap","floor":16},{"not_picked":["Anger","Wild Strike"],"picked":"Dual Wield","floor":18},{"not_picked":["Thunderclap","Warcry"],"picked":"Shrug It Off","floor":21},{"not_picked":["Power Through+1","Clash","Thunderclap"],"picked":"SKIP","floor":22},{"not_picked":["Anger","Bloodletting+1"],"picked":"Ghostly Armor","floor":25},{"not_picked":["Armaments","Body Slam"],"picked":"Disarm+1","floor":28},{"not_picked":["Armaments","Combust","Havoc"],"picked":"SKIP","floor":29}],"player_experience":301693,"relics_obtained":[{"floor":7,"key":"Bag of Preparation"},{"floor":9,"key":"Tiny Chest"},{"floor":10,"key":"Regal Pillow"},{"floor":20,"key":"Meat on the Bone"},{"floor":26,"key":"Letter Opener"},{"floor":29,"key":"Gremlin Horn"}],"event_choices":[{"damage_healed":0,"gold_gain":0,"cards_transformed":["Strike_R"],"player_choice":"Transformed","damage_taken":0,"max_hp_gain":0,"max_hp_loss":0,"event_name":"Transmorgrifier","floor":3,"gold_loss":0,"cards_obtained":["Body Slam"]},{"damage_healed":0,"gold_gain":0,"player_choice":"Take Damage","damage_taken":20,"relics_obtained":["Golden Idol"],"max_hp_gain":0,"max_hp_loss":0,"event_name":"Golden Idol","floor":5,"gold_loss":0},{"cards_removed":["Strike_R"],"damage_healed":0,"gold_gain":0,"player_choice":"Card Removal","damage_taken":7,"max_hp_gain":0,"max_hp_loss":0,"event_name":"Golden Wing","floor":11,"gold_loss":0},{"damage_healed":0,"gold_gain":0,"player_choice":"Read","damage_taken":0,"max_hp_gain":0,"max_hp_loss":0,"event_name":"The Library","floor":24,"gold_loss":0,"cards_obtained":["Ghostly Armor"]}],"is_beta":false,"boss_relics":[{"not_picked":["Coffee Dripper","SacredBark"],"picked":"Sozu"}],"items_purged_floors":[31],"is_endless":false,"potions_floor_spawned":[4,7,16,22,25],"killed_by":"Champ","ascension_level":6}}