{"host":"70zhvo5nwrhp1mbg","time":1611281453,"event":{"mods":["BaseMod","Colored Map","Colored Powertips","Highlight Path","Minty Spire (QoL Compilation)","Rare Cards Sparkle","StSLib"],"gold_per_floor":[116,116,135,135,147,147,176,176,245,280,280,65,90,90,90,188,188,200,218,228,248,265,265,20,20,20,30,30,30,30,59,59,59,59],"floor_reached":33,"language":"ENG","playtime":2289,"items_purged":[],"score":368,"play_id":"d39bfb5f-4cf2-460b-9bbb-c192adee8726","local_time":"20210121211053","is_ascension_mode":true,"campfire_choices":[{"data":"Disarm","floor":6,"key":"SMITH"},{"floor":8,"key":"REST"},{"floor":11,"key":"REST"},{"floor":15,"key":"REST"},{"floor":23,"key":"REST"},{"data":"Flame Barrier","floor":25,"key":"SMITH"},{"data":"Spot Weakness","floor":30,"key":"SMITH"},{"data":"Infernal Blade","floor":32,"key":"SMITH"}],"circlet_count":0,"master_deck":["Strike_R+1","Strike_R+1","Strike_R+1","Strike_R+1","Defend_R+1","Defend_R+1","Defend_R+1","Defend_R+1","Bash","Disarm+1","Clothesline","Clash","Burning Pact","Infernal Blade","Searing Blow","Spot Weakness+1","Corruption","Sword Boomerang","Feel No Pain+1","Shrug It Off","Flame Barrier+1","Thunderclap+1","Flame Barrier+1","Infernal Blade+1"],"relics":["Black Blood","NeowsBlessing","WarpedTongs","Gremlin Horn","Lantern","Pear","Du-Vu Doll","Ancient Tea Set","Art of War","Shuriken","Ginger","Pen Nib"],"acts_visited":["Exordium","TheCity"],"potions_floor_usage":[10,10,13,20,22,33],"damage_taken":[{"damage":0,"enemies":"Jaw Worm","floor":1,"turns":1},{"damage":0,"enemies":"Cultist","floor":3,"turns":1},{"damage":0,"enemies":"Small Slimes","floor":5,"turns":1},{"damage":47,"enemies":"3 Sentries","floor":7,"turns":10},{"damage":30,"enemies":"Gremlin Nob","floor":10,"turns":4},{"damage":23,"enemies":"Lagavulin","floor":13,"turns":5},{"damage":16,"enemies":"The Guardian","floor":16,"turns":13},{"damage":17,"enemies":"Shell Parasite","floor":18,"turns":7},{"damage":26,"enemies":"3 Byrds","floor":19,"turns":7},{"damage":24,"enemies":"Centurion and Healer","floor":20,"turns":7},{"damage":20,"enemies":"Sentry and Sphere","floor":21,"turns":6},{"damage":3,"enemies":"Shelled Parasite and Fungi","floor":22,"turns":6},{"damage":16,"enemies":"Snecko","floor":27,"turns":6},{"damage":7,"enemies":"Book of Stabbing","floor":31,"turns":5},{"damage":83,"enemies":"Automaton","floor":33,"turns":6}],"seed_played":"-8199567440941584152","potions_obtained":[{"floor":1,"key":"DuplicationPotion"},{"floor":5,"key":"SteroidPotion"},{"floor":7,"key":"FearPotion"},{"floor":13,"key":"ElixirPotion"},{"floor":19,"key":"SpeedPotion"},{"floor":21,"key":"SkillPotion"},{"floor":22,"key":"Ancient Potion"}],"is_trial":false,"path_per_floor":["M","?","M","T","M","R","E","R","T","E","R","$","E","?","R","B",null,"M","M","M","M","M","R","$","R","T","M","?","?","R","E","R","B"],"character_chosen":"IRONCLAD","items_purchased":["Ancient Tea Set","Searing Blow","Shuriken"],"campfire_rested":4,"item_purchase_floors":[12,12,24],"current_hp_per_floor":[78,78,80,80,80,80,39,63,73,49,76,76,59,52,79,69,85,80,66,54,46,55,82,82,82,82,78,78,78,78,83,83,0,0],"gold":59,"neow_bonus":"THREE_ENEMY_KILL","is_daily":false,"chose_seed":false,"campfire_upgraded":4,"win_rate":0.0,"timestamp":1611281453,"path_taken":["M","?","?","?","M","R","E","R","T","E","R","$","E","?","R","BOSS","M","M","M","M","M","R","$","R","T","M","?","?","R","E","R","BOSS"],"items_purchased_type":["Relic","Card","Relic"],"build_version":"2020-12-22","purchased_purges":0,"victory":false,"max_hp_per_floor":[80,80,80,80,80,80,80,80,90,90,90,90,90,90,90,90,90,90,90,90,90,90,90,90,90,90,90,90,90,90,90,90,90,90],"card_choices":[{"not_picked":["Second Wind","Havoc"],"picked":"Disarm","floor":1},{"not_picked":["Wild Strike","Whirlwind"],"picked":"Clothesline","floor":3},{"not_picked":["Warcry","Entrench"],"picked":"Clash","floor":5},{"not_picked":["Wild Strike","Bloodletting"],"picked":"Burning Pact","floor":7},{"not_picked":["Entrench","Disarm"],"picked":"Infernal Blade","floor":10},{"not_picked":["Sentinel","Headbutt"],"picked":"Spot Weakness","floor":13},{"not_picked":["Impervious","Offering"],"picked":"Corruption","floor":16},{"not_picked":["Clothesline+1","Spot Weakness"],"picked":"Sword Boomerang","floor":18},{"not_picked":["Heavy Blade","Sword Boomerang"],"picked":"Feel No Pain+1","floor":19},{"not_picked":["Havoc+1","Thunderclap"],"picked":"Shrug It Off","floor":20},{"not_picked":["Sword Boomerang","Wild Strike+1"],"picked":"Flame Barrier","floor":21},{"not_picked":["Rage","Armaments"],"picked":"Thunderclap+1","floor":22},{"not_picked":["Twin Strike","Reckless Charge"],"picked":"Flame Barrier+1","floor":27},{"not_picked":["Havoc","Iron Wave"],"picked":"Infernal Blade","floor":31}],"player_experience":428572,"relics_obtained":[{"floor":4,"key":"Gremlin Horn"},{"floor":7,"key":"Lantern"},{"floor":9,"key":"Pear"},{"floor":10,"key":"Du-Vu Doll"},{"floor":13,"key":"Art of War"},{"floor":26,"key":"Ginger"},{"floor":31,"key":"Pen Nib"}],"event_choices":[{"damage_healed":0,"gold_gain":0,"player_choice":"Rummage","damage_taken":0,"relics_obtained":["WarpedTongs"],"max_hp_gain":0,"max_hp_loss":0,"event_name":"Accursed Blacksmith","floor":2,"gold_loss":0,"cards_obtained":["Pain"]},{"cards_removed":["Pain"],"damage_healed":0,"gold_gain":0,"player_choice":"Card Removal","damage_taken":7,"max_hp_gain":0,"max_hp_loss":0,"event_name":"Golden Wing","floor":14,"gold_loss":0},{"damage_healed":0,"gold_gain":0,"player_choice":"Simplicity","damage_taken":0,"max_hp_gain":0,"max_hp_loss":0,"event_name":"Back to Basics","floor":28,"gold_loss":0,"cards_upgraded":["Strike_R","Strike_R","Strike_R","Strike_R","Strike_R","Defend_R","Defend_R","Defend_R","Defend_R"]},{"cards_removed":["Strike_R"],"damage_healed":0,"gold_gain":0,"player_choice":"Purged","damage_taken":0,"max_hp_gain":0,"max_hp_loss":0,"event_name":"Purifier","floor":29,"gold_loss":0}],"is_beta":false,"boss_relics":[{"not_picked":["Coffee Dripper","Tiny House"],"picked":"Black Blood"}],"items_purged_floors":[],"is_endless":false,"potions_floor_spawned":[1,5,7,13,19,21,22],"killed_by":"Automaton","ascension_level":6}}