{"host":"j3kbm8fz4f78dhv0","time":1611351805,"event":{"mods":["BaseMod","Better Third Choice","CapriCore","Hermit","Minty Spire (QoL Compilation)","Replay The Spire","StSLib"],"gold_per_floor":[114,129,144,159,174,204,204,204,204,9,59,82,82,107,107,217,217,248,248,248,248,283,283,316,316,316,316,355,394,427,352,352,376,376],"floor_reached":33,"language":"ENG","playtime":3325,"items_purged":[],"score":249,"play_id":"c0c7cf54-e456-469f-9bbb-253371f27c3c","local_time":"20210122154325","daily_mods":["Heirloom","Time Dilation","Night Terrors"],"is_ascension_mode":false,"campfire_choices":[{"floor":7,"key":"REST"},{"data":"hermit:Dissolve","floor":15,"key":"SMITH"},{"data":"hermit:Magnum","floor":23,"key":"SMITH"},{"data":"hermit:Brawl","floor":25,"key":"SMITH"},{"floor":27,"key":"REST"},{"floor":32,"key":"REST"}],"circlet_count":0,"master_deck":["hermit:Strike_Hermit","hermit:Strike_Hermit","hermit:Strike_Hermit","hermit:Strike_Hermit+1","hermit:Defend_Hermit","hermit:Defend_Hermit","hermit:Defend_Hermit","hermit:Defend_Hermit","hermit:Snapshot","hermit:Covet","hermit:WideOpen","hermit:ShadowCloak","hermit:Spite","hermit:TakeAim+1","hermit:Gestalt","hermit:Vantage+1","hermit:ItchyTrigger","hermit:Dissolve+1","hermit:BigShot","Replay:Hysterical Blindness","hermit:Magnum+1","hermit:CalledShot+1","hermit:Brawl+1","hermit:Desperado","hermit:Misfire","hermit:TrackingShot+1","hermit:WideOpen","Doubt","hermit:Snipe"],"relics":["hermit:Momento","TungstenRod","Replay:Bottled Eggs","hermit:Spyglass","Anchor","ReplayTheSpireMod:Ring of Exchange","Ring of Greed","Replay:Bandana","Blue Doll","Honey Jar","Replay:Accelerometer","Mummified Hand","Divine Protection","Red Mask"],"acts_visited":["Exordium","TheCity"],"potions_floor_usage":[6,12,16,28,28,33],"damage_taken":[{"damage":0,"enemies":"Cultist","floor":1,"turns":3},{"damage":0,"enemies":"Small Slimes","floor":2,"turns":3},{"damage":0,"enemies":"Jaw Worm","floor":3,"turns":4},{"damage":1,"enemies":"3 Louse","floor":4,"turns":3},{"damage":18,"enemies":"Blue Slaver","floor":5,"turns":4},{"damage":22,"enemies":"Lagavulin","floor":6,"turns":11},{"damage":2,"enemies":"Exordium Thugs","floor":12,"turns":5},{"damage":0,"enemies":"3 Louse","floor":14,"turns":4},{"damage":40,"enemies":"Fading Forest","floor":16,"turns":11},{"damage":0,"enemies":"Chosen","floor":18,"turns":4},{"damage":4,"enemies":"2 Thieves","floor":22,"turns":4},{"damage":17,"enemies":"3 Cultists","floor":24,"turns":6},{"damage":17,"enemies":"Masked Bandits","floor":28,"turns":5},{"damage":0,"enemies":"Snecko","floor":29,"turns":3},{"damage":7,"enemies":"Centurion and Healer","floor":30,"turns":6},{"damage":61,"enemies":"Collector","floor":33,"turns":9}],"seed_played":"8945501730091475425","potions_obtained":[{"floor":1,"key":"Languid Potion"},{"floor":4,"key":"LiquidMemories"},{"floor":6,"key":"SkillPotion"},{"floor":12,"key":"AttackPotion"},{"floor":22,"key":"Weak Potion"},{"floor":28,"key":"DuplicationPotion"}],"is_trial":false,"path_per_floor":["M","M","M","M","M","E","R","?","T","$","?","M","$","M","R","B",null,"M","?","T","?","M","R","M","R","T","R","?","M","M","?","R","B"],"character_chosen":"HERMIT","items_purchased":["Anchor","hermit:ItchyTrigger"],"campfire_rested":3,"item_purchase_floors":[10,10],"current_hp_per_floor":[75,75,75,74,56,34,70,57,57,57,57,55,55,55,55,37,70,70,70,70,70,66,66,49,49,49,65,48,48,41,41,60,0,0],"gold":376,"neow_bonus":"","is_daily":true,"chose_seed":false,"campfire_upgraded":3,"win_rate":0.0,"timestamp":1611351805,"path_taken":["M","?","M","?","M","E","R","?","T","?","?","M","?","M","R","BOSS","M","?","?","?","?","R","M","R","T","R","?","M","M","?","R","BOSS"],"items_purchased_type":["Relic","Card"],"build_version":"2020-12-22","purchased_purges":0,"victory":false,"max_hp_per_floor":[75,75,75,75,75,75,70,70,70,70,70,70,70,70,70,70,70,70,70,70,70,70,70,70,70,70,65,65,65,65,65,60,60,60],"card_choices":[{"not_picked":["hermit:Virtue","hermit:Desperado"],"picked":"hermit:WideOpen","floor":1},{"not_picked":["hermit:Showdown","hermit:CalledShot"],"picked":"hermit:ShadowCloak","floor":2},{"not_picked":["hermit:NoHoldsBarred","hermit:Virtue"],"picked":"hermit:Spite","floor":3},{"not_picked":["hermit:Snipe","hermit:BlackWind"],"picked":"hermit:TakeAim","floor":4},{"not_picked":["hermit:Coalescence","hermit:WideOpen"],"picked":"hermit:Gestalt","floor":5},{"not_picked":["hermit:Magnum","hermit:SprayPray"],"picked":"hermit:Vantage","floor":6},{"not_picked":["hermit:HighCaliber","hermit:Horror"],"picked":"hermit:Dissolve","floor":12},{"not_picked":["hermit:EyeOfTheStorm","hermit:Brawl"],"picked":"hermit:BigShot","floor":14},{"not_picked":["hermit:RoundhouseKick","hermit:Adapt"],"picked":"hermit:Magnum","floor":16},{"not_picked":["hermit:Coalescence","hermit:BigShot","hermit:LowProfile+1"],"picked":"hermit:CalledShot+1","floor":18},{"not_picked":["hermit:Quickdraw","hermit:Feint","hermit:HoleUp"],"picked":"hermit:Desperado","floor":22},{"not_picked":["hermit:FromBeyond","hermit:DeadMansHand+1","hermit:FullyLoaded"],"picked":"hermit:Misfire","floor":24},{"not_picked":["hermit:CursedWeapon+1","hermit:LowProfile+1","hermit:EyeOfTheStorm"],"picked":"hermit:TrackingShot+1","floor":28},{"not_picked":["hermit:CursedWeapon","hermit:Vantage+1","hermit:HoleUp"],"picked":"hermit:WideOpen","floor":29},{"not_picked":["hermit:Vantage","hermit:Cheat+1","hermit:LoneWolf"],"picked":"hermit:Snipe","floor":30}],"player_experience":159237,"relics_obtained":[{"floor":6,"key":"Replay:Bottled Eggs"},{"floor":9,"key":"hermit:Spyglass"},{"floor":11,"key":"ReplayTheSpireMod:Ring of Exchange"},{"floor":11,"key":"Ring of Greed"},{"floor":11,"key":"Replay:Bandana"},{"floor":11,"key":"Blue Doll"},{"floor":20,"key":"Replay:Accelerometer"},{"floor":26,"key":"Divine Protection"},{"floor":28,"key":"Red Mask"}],"event_choices":[{"damage_healed":70,"gold_gain":0,"player_choice":"Upgrade","damage_taken":14,"max_hp_gain":0,"max_hp_loss":70,"event_name":"betterThird:BetterShining","floor":8,"gold_loss":0,"cards_upgraded":["hermit:Strike_Hermit","hermit:Vantage"]},{"damage_healed":0,"gold_gain":0,"player_choice":"Read","damage_taken":0,"max_hp_gain":0,"max_hp_loss":0,"event_name":"The Library","floor":19,"gold_loss":0,"cards_obtained":["hermit:Brawl"]},{"damage_healed":0,"gold_gain":0,"player_choice":"Fought Bandits","damage_taken":0,"max_hp_gain":0,"max_hp_loss":0,"event_name":"Masked Bandits","floor":28,"gold_loss":0},{"cards_removed":["Overencumbered"],"damage_healed":0,"gold_gain":0,"player_choice":"Gave Gold","damage_taken":0,"max_hp_gain":0,"max_hp_loss":0,"event_name":"Beggar","floor":31,"gold_loss":75}],"is_beta":false,"boss_relics":[{"not_picked":["ChewingGum","hermit:BartenderGlass"],"picked":"Honey Jar"}],"items_purged_floors":[],"is_endless":false,"potions_floor_spawned":[1,4,6,12,22,28],"killed_by":"Collector","ascension_level":0}}