{"host":"dqv8oo4v229c1o2l","time":1611280917,"event":{"mods":["AchievementEnabler","BaseMod","Colored Map","Colored Powertips","Minty Spire (QoL Compilation)","Quick Restart","Rare Cards Sparkle","StSLib","Synergy Search"],"gold_per_floor":[116,127,139,139,157,157,170,170,170,184,517,517,517,542,542,665,665,680,696,474,474,474,474,474],"floor_reached":23,"language":"ENG","playtime":1016,"items_purged":["Strike_R"],"score":251,"play_id":"0c135471-e6fb-4790-b6d5-6f29bedcbe88","local_time":"20210121180157","is_ascension_mode":true,"campfire_choices":[{"data":"Uppercut","floor":6.0,"key":"SMITH"},{"data":"Flex","floor":8.0,"key":"SMITH"},{"data":"Infernal Blade","floor":13.0,"key":"SMITH"},{"data":"Exhume","floor":15.0,"key":"SMITH"}],"circlet_count":0,"master_deck":["Strike_R","Defend_R","Defend_R","Defend_R","Defend_R","Bash","Limit Break","Shrug It Off","Infernal Blade+1","Uppercut+1","Exhume+1","Flex+1","Clash","Flex","Demon Form+1","Offering+1","Pummel+1","Disarm+1","Infernal Blade","Heavy Blade","RitualDagger"],"relics":["Burning Blood","Frozen Egg 2","Champion Belt","Old Coin","Golden Idol","Astrolabe","Oddly Smooth Stone"],"acts_visited":["Exordium","TheCity"],"potions_floor_usage":[23,23],"damage_taken":[{"damage":5.0,"enemies":"2 Louse","floor":1.0,"turns":4.0},{"damage":12.0,"enemies":"Small Slimes","floor":2.0,"turns":4.0},{"damage":2.0,"enemies":"Cultist","floor":3.0,"turns":3.0},{"damage":19.0,"enemies":"Exordium Thugs","floor":5.0,"turns":5.0},{"damage":2.0,"enemies":"Blue Slaver","floor":7.0,"turns":3.0},{"damage":4.0,"enemies":"Large Slime","floor":10.0,"turns":4.0},{"damage":7.0,"enemies":"Lagavulin","floor":11.0,"turns":6.0},{"damage":7.0,"enemies":"Exordium Wildlife","floor":14.0,"turns":4.0},{"damage":20.0,"enemies":"The Guardian","floor":16.0,"turns":8.0},{"damage":14.0,"enemies":"2 Thieves","floor":18.0,"turns":4.0},{"damage":12.0,"enemies":"Shell Parasite","floor":19.0,"turns":5.0},{"damage":43,"enemies":"Slavers","floor":23,"turns":4}],"seed_played":"-766693607886528706","potions_obtained":[{"floor":2.0,"key":"Regen Potion"},{"floor":5.0,"key":"SkillPotion"},{"floor":10.0,"key":"SpeedPotion"},{"floor":16.0,"key":"Fire Potion"},{"floor":19.0,"key":"GamblersBrew"}],"is_trial":false,"path_per_floor":["M","M","M","?","M","R","M","R","T","M","E","?","R","M","R","B",null,"M","M","$","?","?","E"],"character_chosen":"IRONCLAD","items_purchased":["Oddly Smooth Stone"],"campfire_rested":0,"item_purchase_floors":[20],"current_hp_per_floor":[72,66,70,63,50,50,54,54,54,56,55,37,37,48,48,34,63,55,49,49,49,43,0,0],"gold":474,"neow_bonus":"THREE_RARE_CARDS","is_daily":false,"chose_seed":false,"campfire_upgraded":4,"win_rate":0.0,"timestamp":1611280917,"path_taken":["M","M","M","?","M","R","M","R","T","M","E","?","R","M","R","BOSS","M","M","$","?","?","E"],"items_purchased_type":["Relic"],"build_version":"2020-12-22","purchased_purges":1,"victory":false,"max_hp_per_floor":[72,72,72,72,72,72,72,72,72,72,72,72,72,72,72,72,72,72,72,72,72,72,72,72],"card_choices":[{"not_picked":["Demon Form","Barricade"],"picked":"Limit Break","floor":0.0},{"not_picked":["Armaments","Anger"],"picked":"Shrug It Off","floor":1.0},{"not_picked":["Thunderclap","Iron Wave"],"picked":"Infernal Blade","floor":2.0},{"not_picked":["Wild Strike","Clothesline"],"picked":"Uppercut","floor":3.0},{"not_picked":["Armaments","Flame Barrier"],"picked":"Exhume","floor":5.0},{"not_picked":["Hemokinesis","Intimidate"],"picked":"Flex","floor":7.0},{"not_picked":["Rampage","Thunderclap","True Grit"],"picked":"SKIP","floor":10.0},{"not_picked":["Hemokinesis","Evolve+1"],"picked":"Clash","floor":11.0},{"not_picked":["Corruption+1","Clothesline"],"picked":"Flex","floor":14.0},{"not_picked":["Brutality+1","Juggernaut+1"],"picked":"Demon Form+1","floor":16.0},{"not_picked":["Reckless Charge","Wild Strike","Dual Wield"],"picked":"SKIP","floor":18.0},{"not_picked":["Warcry","Uppercut"],"picked":"Infernal Blade","floor":19.0}],"player_experience":300677,"relics_obtained":[{"floor":9.0,"key":"Champion Belt"},{"floor":11.0,"key":"Old Coin"}],"event_choices":[{"damage_healed":0.0,"max_hp_gain":0.0,"max_hp_loss":0.0,"gold_gain":0.0,"event_name":"Scrap Ooze","player_choice":"Success","floor":4.0,"gold_loss":0.0,"damage_taken":7.0,"relics_obtained":["Frozen Egg 2"]},{"damage_healed":0.0,"max_hp_gain":0.0,"max_hp_loss":0.0,"gold_gain":0.0,"event_name":"Golden Idol","player_choice":"Take Damage","floor":12.0,"gold_loss":0.0,"damage_taken":18.0,"relics_obtained":["Golden Idol"]},{"damage_healed":0.0,"max_hp_gain":0.0,"max_hp_loss":0.0,"gold_gain":0.0,"event_name":"The Library","player_choice":"Read","floor":21.0,"gold_loss":0.0,"damage_taken":0.0,"cards_obtained":["Heavy Blade"]},{"damage_healed":0.0,"max_hp_gain":0.0,"max_hp_loss":0.0,"gold_gain":0.0,"event_name":"Nest","player_choice":"Joined the Cult","floor":22.0,"gold_loss":0.0,"damage_taken":6.0,"cards_obtained":["RitualDagger"]}],"is_beta":false,"boss_relics":[{"not_picked":["Runic Cube","Fusion Hammer"],"picked":"Astrolabe"}],"items_purged_floors":[20],"is_endless":false,"potions_floor_spawned":[2,5,10,16,19],"killed_by":"Slavers","ascension_level":6}}