{"host":"y1oqg7uy0jc6f5mb","time":1611321612,"event":{"mods":["BaseMod","Better Altar","Better Match","Better Note","Better Sensory Stone","Better Skull","Better Third Choice","BetterRewards","Block Reminder","Colored Map","Colored Powertips","Custom Start","DeckTracker","Displayed Cursed Tome","Highlight Path","Ironclad Rager","Minty Spire (QoL Compilation)","Permanent Neow","Quick Restart","Relic Sorter","Relic Stats","Shop Mod","StSLib"],"gold_per_floor":[13,31,31,54,77,77,117,129,164,220,232,260,307,319,331,467,479,504,541,84,107,145,145,145,145],"floor_reached":24,"language":"ENG","playtime":2430,"items_purged":["Decay"],"score":227,"play_id":"aeb16619-5531-4b30-bb87-d990acd81975","local_time":"20210122212012","is_ascension_mode":true,"campfire_choices":[{"data":"Barrage","floor":6.0,"key":"SMITH"},{"floor":8.0,"key":"REST"},{"data":"Echo Form","floor":11.0,"key":"SMITH"},{"floor":15.0,"key":"REST"},{"floor":23,"key":"REST"}],"circlet_count":0,"master_deck":["Zap","Dualcast","Ball Lightning","Cold Snap","Ball Lightning","Cold Snap","Leap","Leap","Leap","Barrage+1","Injury","Echo Form+1","Skim","Lockon","Multi-Cast","Consume+1","Tempest+1","Electrodynamics+1","Hologram+1","Hologram+1","Force Field","Heatsinks+1","Double Energy","Chill"],"relics":["Cracked Core","Golden Idol","MawBank","Art of War","Toy Ornithopter","Frozen Egg 2","Omamori","Astrolabe","Letter Opener","Red Mask"],"acts_visited":["Exordium","TheCity"],"potions_floor_usage":[24],"damage_taken":[{"damage":0.0,"enemies":"Small Slimes","floor":1.0,"turns":3.0},{"damage":2.0,"enemies":"Jaw Worm","floor":2.0,"turns":2.0},{"damage":0.0,"enemies":"2 Louse","floor":4.0,"turns":2.0},{"damage":0.0,"enemies":"Exordium Wildlife","floor":5.0,"turns":2.0},{"damage":18.0,"enemies":"Gremlin Nob","floor":7.0,"turns":4.0},{"damage":9.0,"enemies":"3 Sentries","floor":10.0,"turns":4.0},{"damage":14.0,"enemies":"Gremlin Gang","floor":12.0,"turns":4.0},{"damage":2.0,"enemies":"Lagavulin","floor":13.0,"turns":4.0},{"damage":14.0,"enemies":"The Guardian","floor":16.0,"turns":11.0},{"damage":15.0,"enemies":"Shell Parasite","floor":18.0,"turns":4.0},{"damage":5.0,"enemies":"Chosen","floor":19.0,"turns":4.0},{"damage":14.0,"enemies":"3 Cultists","floor":21.0,"turns":5.0},{"damage":29,"enemies":"Masked Bandits","floor":22,"turns":3},{"damage":37,"enemies":"Slavers","floor":24,"turns":3}],"seed_played":"7487294312251362694","potions_obtained":[{"floor":5.0,"key":"SpeedPotion"},{"floor":7.0,"key":"GamblersBrew"},{"floor":10.0,"key":"LiquidBronze"},{"floor":22,"key":"Block Potion"}],"is_trial":false,"path_per_floor":["M","M","?","M","M","R","E","R","T","E","R","M","E","?","R","B",null,"M","M","$","M","?","R","E"],"character_chosen":"DEFECT","items_purchased":["Letter Opener","Force Field","Heatsinks+1"],"campfire_rested":3,"item_purchase_floors":[20,20,20],"current_hp_per_floor":[50,48,48,48,48,48,30,50,50,41,41,27,25,7,27,23,68,54,49,49,35,6,26,0,0],"gold":145,"neow_bonus":"DEFECT_STORMLORD","is_daily":false,"chose_seed":false,"campfire_upgraded":2,"win_rate":0.0,"timestamp":1611321612,"path_taken":["M","M","?","M","M","R","E","R","T","E","R","M","E","?","R","BOSS","M","M","$","M","?","R","E"],"items_purchased_type":["Relic","Card","Card"],"build_version":"2020-12-22","purchased_purges":1,"victory":false,"max_hp_per_floor":[68,68,68,68,68,68,68,68,68,68,68,68,68,68,68,68,68,68,68,68,68,68,68,68,68],"relic_stats":{"counters":[14,55],"Golden Idol":83,"Astrolabe":["Consume","Tempest","Electrodynamics"],"Art of War":[9],"Letter Opener":[30],"MawBank":156,"obtain_stats":[{"Golden Idol":3,"Astrolabe":17,"Art of War":9,"Omamori":14,"Red Mask":22,"Letter Opener":20,"Frozen Egg 2":13,"Cracked Core":0,"MawBank":7,"Toy Ornithopter":10},{"Golden Idol":2,"Astrolabe":9,"Art of War":5,"Omamori":8,"Red Mask":13,"Letter Opener":11,"Frozen Egg 2":8,"Cracked Core":0,"MawBank":5,"Toy Ornithopter":6},{"Golden Idol":5,"Astrolabe":36,"Art of War":13,"Omamori":25,"Red Mask":52,"Letter Opener":44,"Frozen Egg 2":25,"Cracked Core":0,"MawBank":13,"Toy Ornithopter":17}],"Toy Ornithopter":16},"card_choices":[{"not_picked":["Hello World","Streamline"],"picked":"Barrage","floor":1.0},{"not_picked":["Redo","Stack"],"picked":"Sweeping Beam","floor":2.0},{"not_picked":["Sweeping Beam","Ball Lightning","Rebound"],"picked":"SKIP","floor":4.0},{"not_picked":["Aggregate","Cold Snap"],"picked":"Double Energy","floor":5.0},{"not_picked":["Static Discharge","Storm"],"picked":"Echo Form","floor":7.0},{"not_picked":["Steam Power","Sweeping Beam"],"picked":"Skim","floor":10.0},{"not_picked":["White Noise","Hologram"],"picked":"Lockon","floor":12.0},{"not_picked":["Echo Form+1","Hello World+1","Chaos"],"picked":"SKIP","floor":13.0},{"not_picked":["Amplify","Seek"],"picked":"Multi-Cast","floor":16.0},{"not_picked":["Leap","Compile Driver"],"picked":"Hologram+1","floor":18.0},{"not_picked":["FTL","Rip and Tear+1"],"picked":"Hologram+1","floor":19.0},{"not_picked":["Ball Lightning+1","FTL"],"picked":"Double Energy","floor":21.0},{"not_picked":["Compile Driver","Beam Cell"],"picked":"Chill","floor":22}],"player_experience":142845,"relics_obtained":[{"floor":7.0,"key":"MawBank"},{"floor":9.0,"key":"Art of War"},{"floor":10.0,"key":"Toy Ornithopter"},{"floor":13.0,"key":"Frozen Egg 2"},{"floor":22,"key":"Red Mask"}],"event_choices":[{"damage_healed":0.0,"max_hp_gain":0.0,"max_hp_loss":0.0,"gold_gain":0.0,"event_name":"Golden Idol","player_choice":"Take Wound","floor":3.0,"gold_loss":0.0,"damage_taken":0.0,"relics_obtained":["Golden Idol"],"cards_obtained":["Injury"]},{"damage_healed":0.0,"max_hp_gain":0.0,"max_hp_loss":0.0,"gold_gain":0.0,"event_name":"betterThird:BetterScrap","player_choice":"Relic ","floor":14.0,"gold_loss":0.0,"damage_taken":18.0,"cards_obtained":["Shockwave"]},{"damage_healed":0,"gold_gain":0,"player_choice":"Fought Bandits","damage_taken":0,"max_hp_gain":0,"max_hp_loss":0,"event_name":"Masked Bandits","floor":22,"gold_loss":0}],"is_beta":false,"boss_relics":[{"not_picked":["Tiny House","FrozenCore"],"picked":"Astrolabe"}],"items_purged_floors":[20],"is_endless":false,"potions_floor_spawned":[5,7,10,12,22],"killed_by":"Slavers","ascension_level":1}}