{"host":"lafpjqyrw507zkmv","time":1611331294,"event":{"mods":["AchievementEnabler","BaseMod","Colored Map","Minty Spire (QoL Compilation)","Relic Stats"],"gold_per_floor":[113,113,130,55,55,84,84,98,145,159,194,209,537,555,555,651,651,671,519,519,519,519,519,554,554,580,599,617,617,419,437,437,532,532,543,593,443,471,471,506,506,178,178,178,178,178,198,216,216,216],"floor_reached":51,"language":"ENG","playtime":2662,"items_purged":["Strike_R","Strike_R","Defend_R","Bash","Defend_R"],"score":1095,"play_id":"af9105f8-4707-4fc6-ae37-d9c393b5e7ef","local_time":"20210122180134","is_ascension_mode":true,"campfire_choices":[{"data":"Body Slam","floor":7,"key":"SMITH"},{"data":"Rampage","floor":15,"key":"SMITH"},{"data":"True Grit","floor":23,"key":"SMITH"},{"data":"Impervious","floor":25,"key":"SMITH"},{"data":"Body Slam","floor":29,"key":"SMITH"},{"data":"Power Through","floor":32,"key":"SMITH"},{"data":"Shrug It Off","floor":41,"key":"SMITH"},{"data":"Defend_R","floor":49,"key":"SMITH"}],"circlet_count":0,"master_deck":["Strike_R+1","Strike_R+1","Defend_R","Defend_R+1","Body Slam+1","Headbutt","Rampage+1","Shrug It Off+1","Impervious+1","True Grit+1","Power Through+1","Body Slam+1","True Grit+1","Havoc+1"],"relics":["Burning Blood","NeowsBlessing","Red Skull","Pantograph","Bag of Marbles","Ornamental Fan","Old Coin","Runic Pyramid","Mango","Omamori","CeramicFish","Runic Cube","Champion Belt","StoneCalendar","Kunai","Pen Nib","MealTicket"],"acts_visited":["Exordium","TheCity","TheBeyond"],"potions_floor_usage":[11,18,24,33],"damage_taken":[{"damage":0,"enemies":"2 Louse","floor":1,"turns":1},{"damage":0,"enemies":"Small Slimes","floor":3,"turns":1},{"damage":0,"enemies":"3 Sentries","floor":6,"turns":2},{"damage":0,"enemies":"Cultist","floor":8,"turns":2},{"damage":0,"enemies":"Large Slime","floor":10,"turns":5},{"damage":16,"enemies":"Gremlin Nob","floor":11,"turns":3},{"damage":9,"enemies":"3 Louse","floor":12,"turns":3},{"damage":23,"enemies":"3 Sentries","floor":13,"turns":9},{"damage":7,"enemies":"Exordium Thugs","floor":14,"turns":4},{"damage":34,"enemies":"Slime Boss","floor":16,"turns":8},{"damage":19,"enemies":"Shell Parasite","floor":18,"turns":7},{"damage":37,"enemies":"Slavers","floor":24,"turns":6},{"damage":9,"enemies":"2 Thieves","floor":27,"turns":3},{"damage":1,"enemies":"Snecko","floor":31,"turns":5},{"damage":28,"enemies":"Automaton","floor":33,"turns":9},{"damage":1,"enemies":"3 Shapes","floor":35,"turns":4},{"damage":5,"enemies":"Mind Bloom Boss Battle","floor":36,"turns":6},{"damage":0,"enemies":"3 Darklings","floor":38,"turns":4},{"damage":21,"enemies":"Reptomancer","floor":40,"turns":7},{"damage":0,"enemies":"Sphere and 2 Shapes","floor":47,"turns":7},{"damage":0,"enemies":"Jaw Worm Horde","floor":48,"turns":4},{"damage":16,"enemies":"Awakened One","floor":50,"turns":10}],"seed_played":"8739775050865979792","potions_obtained":[{"floor":3,"key":"Dexterity Potion"},{"floor":8,"key":"PowerPotion"},{"floor":12,"key":"EssenceOfSteel"},{"floor":14,"key":"Energy Potion"},{"floor":16,"key":"AttackPotion"},{"floor":27,"key":"Dexterity Potion"},{"floor":31,"key":"BloodPotion"},{"floor":35,"key":"Strength Potion"}],"is_trial":false,"path_per_floor":["M","?","M","$","?","E","R","M","T","M","E","M","E","M","R","B",null,"M","$","?","?","?","R","E","R","T","M","?","R","$","M","R","B",null,"M","?","$","M","T","E","R","$","T","?","?","$","M","M","R","B",null],"character_chosen":"IRONCLAD","items_purchased":["True Grit","GamblersBrew","Pen Nib"],"campfire_rested":0,"item_purchase_floors":[19,30,42],"current_hp_per_floor":[78,62,68,68,68,74,74,80,80,80,70,67,50,49,49,46,72,59,59,44,58,58,58,27,27,27,24,24,24,24,29,29,32,82,87,99,99,99,99,84,84,84,84,84,84,99,99,99,99,89],"gold":216,"neow_bonus":"THREE_ENEMY_KILL","is_daily":false,"chose_seed":false,"campfire_upgraded":8,"win_rate":0.0,"timestamp":1611331294,"path_taken":["M","?","M","$","?","E","R","M","T","M","E","M","E","?","R","BOSS","M","$","?","?","?","R","E","R","T","?","?","R","$","M","R","BOSS","M","?","$","M","?","E","R","$","T","?","?","$","M","M","R","BOSS"],"items_purchased_type":["Card","Potion","Relic"],"build_version":"2020-12-22","purchased_purges":5,"victory":true,"max_hp_per_floor":[80,80,80,80,80,80,80,80,80,80,80,80,80,80,80,80,80,80,80,85,99,99,99,99,99,99,99,99,99,99,99,99,99,99,99,99,99,99,99,99,99,99,99,99,99,99,99,99,99,99],"relic_stats":{"counters":[22,110],"Ornamental Fan":[100],"Pantograph":62,"CeramicFish":36,"StoneCalendar":[115],"MealTicket":15,"Pen Nib":[3],"Champion Belt":[14],"Kunai":[6],"obtain_stats":[{"NeowsBlessing":0,"CeramicFish":26,"Mango":21,"StoneCalendar":39,"Pen Nib":42,"Omamori":24,"Burning Blood":0,"Old Coin":13,"Ornamental Fan":11,"Pantograph":6,"MealTicket":43,"Bag of Marbles":9,"Champion Belt":36,"Kunai":40,"Red Skull":5,"Runic Pyramid":17,"Runic Cube":34},{"NeowsBlessing":0,"CeramicFish":12,"Mango":11,"StoneCalendar":18,"Pen Nib":19,"Omamori":12,"Burning Blood":0,"Old Coin":8,"Ornamental Fan":6,"Pantograph":3,"MealTicket":19,"Bag of Marbles":4,"Champion Belt":17,"Kunai":19,"Red Skull":2,"Runic Pyramid":10,"Runic Cube":15},{"NeowsBlessing":0,"CeramicFish":51,"Mango":45,"StoneCalendar":82,"Pen Nib":89,"Omamori":51,"Burning Blood":0,"Old Coin":26,"Ornamental Fan":14,"Pantograph":4,"MealTicket":89,"Bag of Marbles":6,"Champion Belt":78,"Kunai":89,"Red Skull":2,"Runic Pyramid":38,"Runic Cube":68}],"Burning Blood":107,"Runic Cube":[8]},"card_choices":[{"not_picked":["Pommel Strike","Thunderclap"],"picked":"Body Slam","floor":1},{"not_picked":["Armaments","Clothesline","Rupture"],"picked":"SKIP","floor":3},{"not_picked":["Headbutt","Burning Pact","Sentinel"],"picked":"SKIP","floor":6},{"not_picked":["Havoc","Sword Boomerang"],"picked":"Headbutt","floor":8},{"not_picked":["Thunderclap","Clash"],"picked":"Pommel Strike","floor":10},{"not_picked":["Brutality","Flex"],"picked":"Rampage","floor":11},{"not_picked":["Clash","Shrug It Off","Immolate"],"picked":"SKIP","floor":12},{"not_picked":["Clash","Immolate"],"picked":"Shrug It Off","floor":12},{"not_picked":["Spot Weakness","Body Slam","Clothesline"],"picked":"SKIP","floor":13},{"not_picked":["Body Slam","Shrug It Off","Heavy Blade"],"picked":"SKIP","floor":14},{"not_picked":["Brutality","Demon Form"],"picked":"Impervious","floor":16},{"not_picked":["Twin Strike+1","Clash+1","Searing Blow"],"picked":"SKIP","floor":18},{"not_picked":["Whirlwind","Sever Soul","Flex"],"picked":"SKIP","floor":24},{"not_picked":["Evolve","Sever Soul","Sentinel"],"picked":"SKIP","floor":27},{"not_picked":["Iron Wave","Whirlwind","Ghostly Armor"],"picked":"SKIP","floor":31},{"not_picked":["Shockwave","Sword Boomerang+1","Heavy Blade+1"],"picked":"SKIP","floor":35},{"not_picked":["Perfected Strike","Clash+1"],"picked":"True Grit+1","floor":38},{"not_picked":["Pommel Strike","Evolve+1","Heavy Blade+1"],"picked":"SKIP","floor":40},{"not_picked":["Pommel Strike","Evolve+1","Heavy Blade+1"],"picked":"SKIP","floor":40},{"not_picked":["Wild Strike","Power Through"],"picked":"Havoc+1","floor":47},{"not_picked":["Metallicize+1","Havoc+1","Clothesline+1"],"picked":"SKIP","floor":48}],"player_experience":356092,"relics_obtained":[{"floor":6,"key":"Pantograph"},{"floor":9,"key":"Bag of Marbles"},{"floor":11,"key":"Ornamental Fan"},{"floor":13,"key":"Old Coin"},{"floor":24,"key":"Omamori"},{"floor":26,"key":"CeramicFish"},{"floor":36,"key":"Champion Belt"},{"floor":39,"key":"StoneCalendar"},{"floor":40,"key":"Kunai"},{"floor":43,"key":"MealTicket"}],"event_choices":[{"damage_healed":0,"gold_gain":0,"player_choice":"Entered Light","damage_taken":16,"max_hp_gain":0,"max_hp_loss":0,"event_name":"Shining Light","floor":2,"gold_loss":0,"cards_upgraded":["Strike_R","Strike_R"]},{"damage_healed":0,"gold_gain":0,"player_choice":"Gave Potion","damage_taken":0,"relics_obtained":["Red Skull"],"max_hp_gain":0,"max_hp_loss":0,"event_name":"WeMeetAgain","floor":5,"gold_loss":0},{"damage_healed":0,"gold_gain":0,"player_choice":"Shed Blood","damage_taken":20,"max_hp_gain":5,"max_hp_loss":0,"event_name":"Forgotten Altar","floor":20,"gold_loss":0},{"damage_healed":0,"gold_gain":0,"player_choice":"Opened","damage_taken":0,"relics_obtained":["Mango"],"max_hp_gain":0,"max_hp_loss":0,"event_name":"The Mausoleum","floor":21,"gold_loss":0},{"damage_healed":0,"gold_gain":0,"cards_transformed":["Strike_R"],"player_choice":"Transformed","damage_taken":0,"max_hp_gain":0,"max_hp_loss":0,"event_name":"Transmorgrifier","floor":22,"gold_loss":0,"cards_obtained":["Blood for Blood"]},{"damage_healed":0,"gold_gain":0,"cards_transformed":["Pommel Strike","Blood for Blood"],"player_choice":"Became Test Subject","damage_taken":0,"max_hp_gain":0,"max_hp_loss":0,"event_name":"Drug Dealer","floor":28,"gold_loss":0,"cards_obtained":["Power Through","Body Slam"]},{"damage_healed":0,"gold_gain":0,"player_choice":"Fight","damage_taken":0,"max_hp_gain":0,"max_hp_loss":0,"event_name":"MindBloom","floor":36,"gold_loss":0},{"damage_healed":0,"gold_gain":0,"player_choice":"Memory 1","damage_taken":0,"max_hp_gain":0,"max_hp_loss":0,"event_name":"SensoryStone","floor":44,"gold_loss":0},{"damage_healed":0,"gold_gain":0,"player_choice":"0 cards matched","damage_taken":0,"max_hp_gain":0,"max_hp_loss":0,"event_name":"Match and Keep!","floor":45,"gold_loss":0,"cards_obtained":[]}],"is_beta":false,"boss_relics":[{"not_picked":["Tiny House","SlaversCollar"],"picked":"Runic Pyramid"},{"not_picked":["Philosopher\u0027s Stone","Runic Dome"],"picked":"Runic Cube"}],"items_purged_floors":[4,19,30,37,42],"is_endless":false,"potions_floor_spawned":[3,8,12,14,16,27,31,35,38],"ascension_level":9}}