{"host":"ux8r2oyej5019q8x","time":1611277242,"event":{"mods":["AchievementEnabler","BaseMod","Colored Map","Colored Powertips","GifTheSpireLib","HexUI Lib","Highlight Path","Minty Spire (QoL Compilation)","Rare Cards Sparkle","Relic Stats","StSLib","everything is the same but u backflip on backflip"],"gold_per_floor":[113,43,43,43,43,77,77,111,111,147,147,147,180,196,196,319,319,347,23,44,63,77,77,77,77],"floor_reached":24,"language":"ENG","playtime":1412,"items_purged":["Injury"],"score":340,"play_id":"cc97b885-a236-4be2-a05c-fbec114b4b79","local_time":"20210122020042","is_ascension_mode":true,"campfire_choices":[{"data":"Blizzard","floor":7,"key":"SMITH"},{"data":"Loop","floor":11,"key":"SMITH"},{"floor":15,"key":"REST"},{"floor":23,"key":"REST"}],"circlet_count":0,"master_deck":["Strike_B","Strike_B","Strike_B","Defend_B","Defend_B","Defend_B","Defend_B","Zap","Dualcast","Coolheaded","Capacitor","Consume+1","Blizzard+1","Loop+1","Recycle","Rebound","BootSequence","Fission","CurseOfTheBell","Cold Snap","Rainbow","Cold Snap+1","Tempest"],"relics":["Cracked Core","NeowsBlessing","Golden Idol","Question Card","Toy Ornithopter","Orichalcum","Vajra","Darkstone Periapt","Calling Bell","MawBank","White Beast Statue","FossilizedHelix","InkBottle"],"acts_visited":["Exordium","TheCity"],"potions_floor_usage":[10],"damage_taken":[{"damage":0,"enemies":"Jaw Worm","floor":1,"turns":1},{"damage":0,"enemies":"3 Sentries","floor":6,"turns":1},{"damage":0,"enemies":"Gremlin Nob","floor":8,"turns":1},{"damage":31,"enemies":"3 Sentries","floor":10,"turns":8},{"damage":17,"enemies":"Lagavulin","floor":13,"turns":6},{"damage":9,"enemies":"Small Slimes","floor":14,"turns":3},{"damage":28,"enemies":"Slime Boss","floor":16,"turns":8},{"damage":34,"enemies":"Shell Parasite","floor":18,"turns":8},{"damage":6,"enemies":"Chosen","floor":20,"turns":4},{"damage":9,"enemies":"Sentry and Sphere","floor":21,"turns":9},{"damage":47,"enemies":"Snake Plant","floor":22,"turns":6},{"damage":36,"enemies":"Gremlin Leader","floor":24,"turns":3}],"seed_played":"-7761448847083087618","potions_obtained":[{"floor":6,"key":"SkillPotion"},{"floor":13,"key":"Ancient Potion"},{"floor":14,"key":"Explosive Potion"},{"floor":16,"key":"FairyPotion"},{"floor":18,"key":"SkillPotion"},{"floor":20,"key":"Energy Potion"},{"floor":22,"key":"LiquidMemories"}],"is_trial":false,"path_per_floor":["M","$","?","?","?","E","R","E","T","E","R","?","E","M","R","B",null,"M","$","M","M","M","R","E"],"character_chosen":"DEFECT","items_purchased":["Capacitor","InkBottle"],"campfire_rested":2,"item_purchase_floors":[2,19],"current_hp_per_floor":[75,75,75,75,80,80,80,80,80,54,54,54,37,28,52,24,72,38,38,32,23,4,29,0,0],"gold":77,"neow_bonus":"THREE_ENEMY_KILL","is_daily":false,"chose_seed":false,"campfire_upgraded":2,"win_rate":0.0,"timestamp":1611277242,"path_taken":["M","$","?","?","?","E","R","E","T","E","R","?","E","M","R","BOSS","M","$","M","M","M","R","E"],"items_purchased_type":["Card","Relic"],"build_version":"2020-12-22","purchased_purges":1,"victory":false,"max_hp_per_floor":[75,75,75,75,80,80,80,80,80,80,80,80,80,80,80,80,86,86,86,86,86,86,86,86,86],"relic_stats":{"Darkstone Periapt":6,"counters":[12,56],"Golden Idol":70,"Orichalcum":[102],"Question Card":10,"MawBank":24,"obtain_stats":[{"Darkstone Periapt":13,"NeowsBlessing":0,"Golden Idol":4,"Vajra":10,"Orichalcum":9,"Question Card":6,"MawBank":17,"White Beast Statue":17,"Calling Bell":17,"Cracked Core":0,"Toy Ornithopter":8,"FossilizedHelix":17,"InkBottle":19},{"Darkstone Periapt":5,"NeowsBlessing":0,"Golden Idol":1,"Vajra":4,"Orichalcum":3,"Question Card":2,"MawBank":7,"White Beast Statue":7,"Calling Bell":7,"Cracked Core":0,"Toy Ornithopter":3,"FossilizedHelix":7,"InkBottle":8},{"Darkstone Periapt":17,"NeowsBlessing":0,"Golden Idol":1,"Vajra":11,"Orichalcum":3,"Question Card":2,"MawBank":27,"White Beast Statue":27,"Calling Bell":27,"Cracked Core":0,"Toy Ornithopter":3,"FossilizedHelix":27,"InkBottle":35}],"Toy Ornithopter":5,"InkBottle":[6]},"card_choices":[{"not_picked":["Beam Cell","Steam"],"picked":"Coolheaded","floor":1},{"not_picked":["Go for the Eyes","Stack"],"picked":"Blizzard","floor":6},{"not_picked":["Redo","Leap","Multi-Cast"],"picked":"Loop","floor":8},{"not_picked":["Gash","Barrage","Beam Cell"],"picked":"Recycle","floor":10},{"not_picked":["Auto Shields","Gash","Conserve Battery"],"picked":"Rebound","floor":13},{"not_picked":["Rip and Tear","Barrage","Hologram"],"picked":"BootSequence","floor":14},{"not_picked":["Machine Learning","Echo Form","Rainbow"],"picked":"Fission","floor":16},{"not_picked":["Heatsinks","Stack","Redo"],"picked":"Cold Snap","floor":18},{"not_picked":["Reinforced Body","Steam Power","Sweeping Beam"],"picked":"Rainbow","floor":20},{"not_picked":["Streamline","Ball Lightning+1","Rip and Tear"],"picked":"Cold Snap+1","floor":21},{"not_picked":["Streamline","Beam Cell+1","Turbo"],"picked":"Tempest","floor":22}],"player_experience":192568,"relics_obtained":[{"floor":6,"key":"Question Card"},{"floor":8,"key":"Toy Ornithopter"},{"floor":9,"key":"Orichalcum"},{"floor":10,"key":"Vajra"},{"floor":13,"key":"Darkstone Periapt"},{"floor":17,"key":"MawBank"},{"floor":17,"key":"White Beast Statue"},{"floor":17,"key":"FossilizedHelix"}],"event_choices":[{"damage_healed":0,"gold_gain":0,"cards_transformed":["Strike_B"],"player_choice":"Change","damage_taken":0,"max_hp_gain":0,"max_hp_loss":0,"event_name":"Living Wall","floor":3,"gold_loss":0,"cards_obtained":["Consume"]},{"damage_healed":0,"gold_gain":0,"player_choice":"Take Wound","damage_taken":0,"relics_obtained":["Golden Idol"],"max_hp_gain":0,"max_hp_loss":0,"event_name":"Golden Idol","floor":4,"gold_loss":0,"cards_obtained":["Injury"]},{"damage_healed":0,"gold_gain":0,"player_choice":"Donut","damage_taken":0,"max_hp_gain":5,"max_hp_loss":0,"event_name":"Big Fish","floor":5,"gold_loss":0},{"damage_healed":0,"gold_gain":0,"player_choice":"Forge","damage_taken":0,"max_hp_gain":0,"max_hp_loss":0,"event_name":"Accursed Blacksmith","floor":12,"gold_loss":0,"cards_upgraded":["Consume"]}],"is_beta":false,"boss_relics":[{"not_picked":["SacredBark","Fusion Hammer"],"picked":"Calling Bell"}],"items_purged_floors":[19],"is_endless":false,"potions_floor_spawned":[6,13,14,16,18,20,21,22],"killed_by":"Gremlin Leader","ascension_level":5}}