{"host":"92108ef2q9tm8rod","time":1611302690,"event":{"mods":["BaseMod","Defuse TimeMaze Blight","Minty Spire (QoL Compilation)","StSLib","The Jungle"],"gold_per_floor":[119,134,152,227,244,244,244,273,297,297,222,239,239,239,239,335,335,349,349,367,377,392,392,392,392,392,417,12,12,27,46,46,145,195,195],"floor_reached":34,"language":"ENG","playtime":1122,"items_purged":["Leap"],"score":397,"play_id":"2d1a03e5-67b9-45dd-a891-377b0ce29405","local_time":"20210122080450","daily_mods":["SealedDeck","Colorless Cards","Heirloom","Flight"],"is_ascension_mode":false,"campfire_choices":[{"data":"Trip","floor":6.0,"key":"SMITH"},{"data":"Coolheaded","floor":7.0,"key":"SMITH"},{"data":"Conserve Battery","floor":10.0,"key":"SMITH"},{"data":"Streamline","floor":13.0,"key":"SMITH"},{"data":"Gash","floor":15.0,"key":"SMITH"},{"data":"Go for the Eyes","floor":23,"key":"SMITH"},{"data":"Coolheaded","floor":24,"key":"SMITH"},{"data":"Streamline","floor":29,"key":"SMITH"},{"data":"Finesse","floor":32,"key":"SMITH"}],"circlet_count":0,"master_deck":["Streamline+1","Swift Strike+1","Coolheaded+1","Gash+1","Coolheaded+1","Streamline+1","Flash of Steel","Go for the Eyes+1","Trip+1","Conserve Battery+1","Finesse+1","Panache"],"relics":["Cracked Core","Turnip","Oddly Smooth Stone","Pen Nib","Blue Candle","Boot","Medical Kit","DataDisk","Tiny House"],"acts_visited":["Exordium","Exordium","TheBeyond"],"potions_floor_usage":[],"damage_taken":[{"damage":0.0,"enemies":"Jaw Worm","floor":1.0,"turns":2.0},{"damage":0.0,"enemies":"Small Slimes","floor":2.0,"turns":2.0},{"damage":0.0,"enemies":"2 Louse","floor":3.0,"turns":2.0},{"damage":0.0,"enemies":"Blue Slaver","floor":5.0,"turns":3.0},{"damage":2.0,"enemies":"Lagavulin","floor":8.0,"turns":3.0},{"damage":0.0,"enemies":"Exordium Thugs","floor":12.0,"turns":2.0},{"damage":7.0,"enemies":"The Guardian","floor":16.0,"turns":9.0},{"damage":0,"enemies":"theJungle:GiantWrat","floor":18,"turns":3},{"damage":8,"enemies":"Shell Parasite","floor":20,"turns":2},{"damage":0,"enemies":"Snake Plant","floor":21,"turns":3},{"damage":0,"enemies":"theJungle:SlimyTreeVines","floor":22,"turns":4},{"damage":0,"enemies":"theJungle:2_Phrogs","floor":27,"turns":4},{"damage":0,"enemies":"theJungle:Lyon","floor":30,"turns":2},{"damage":3,"enemies":"theJungle:Snecko_Cultist_And_Trap","floor":31,"turns":3},{"damage":3,"enemies":"theJungle:QueenSpyder","floor":33,"turns":4}],"seed_played":"-4124761472039543764","potions_obtained":[{"floor":1.0,"key":"LiquidMemories"},{"floor":5.0,"key":"Explosive Potion"},{"floor":12.0,"key":"PotionOfCapacity"},{"floor":16.0,"key":"FairyPotion"},{"floor":30,"key":"SkillPotion"},{"floor":33,"key":"Energy Potion"}],"is_trial":true,"path_per_floor":["M","M","M","?","M","R","R","E","T","R","$","M","R","$","R","B",null,"M","$","M","M","M","R","R","?","T","E","$","R","M","M","R","B",null],"character_chosen":"DEFECT","items_purchased":["Medical Kit","DataDisk","Finesse"],"campfire_rested":0,"item_purchase_floors":[28,28,28],"current_hp_per_floor":[75,75,75,64,64,64,64,62,62,62,62,62,62,62,62,55,75,75,75,67,67,70,70,70,70,70,70,70,70,70,67,67,64,80,80],"gold":195,"neow_bonus":"","is_daily":false,"chose_seed":false,"campfire_upgraded":9,"win_rate":0.0,"timestamp":1611302690,"path_taken":["M","M","M","?","M","R","R","E","T","R","$","M","R","$","R","BOSS","M","$","M","M","M","R","R","?","T","E","$","R","M","M","R","BOSS"],"items_purchased_type":["Relic","Relic","Card"],"build_version":"2020-12-22","purchased_purges":1,"victory":false,"max_hp_per_floor":[75,75,75,75,75,75,75,75,75,75,75,75,75,75,75,75,75,75,75,75,75,75,75,75,75,75,75,75,75,75,75,75,75,80,80],"card_choices":[{"not_picked":["Hologram","FTL"],"picked":"Conserve Battery","floor":1.0},{"not_picked":["Go for the Eyes","Turbo","Streamline"],"picked":"SKIP","floor":2.0},{"not_picked":["Stack","FTL","Impatience"],"picked":"SKIP","floor":3.0},{"not_picked":["Cold Snap","Sweeping Beam","Go for the Eyes"],"picked":"SKIP","floor":5.0},{"not_picked":["Chill","Barrage","Beam Cell"],"picked":"SKIP","floor":8.0},{"not_picked":["Conserve Battery","Beam Cell","Steam"],"picked":"SKIP","floor":12.0},{"not_picked":["Conserve Battery","Cold Snap+1","Barrage"],"picked":"SKIP","floor":18},{"not_picked":["Compile Driver","Cold Snap","Hologram"],"picked":"SKIP","floor":20},{"not_picked":["Dramatic Entrance","Sweeping Beam+1","Go for the Eyes"],"picked":"SKIP","floor":21},{"not_picked":["Coolheaded+1","Glacier","Heatsinks"],"picked":"SKIP","floor":22},{"not_picked":["Leap","Conserve Battery","PanicButton+1"],"picked":"SKIP","floor":27},{"not_picked":["Sweeping Beam","White Noise","Steam"],"picked":"SKIP","floor":30},{"not_picked":["Jack Of All Trades+1","Sunder","FTL"],"picked":"SKIP","floor":31},{"not_picked":["Electrodynamics","Buffer"],"picked":"Panache","floor":33}],"player_experience":3322076,"relics_obtained":[{"floor":8.0,"key":"Oddly Smooth Stone"},{"floor":9.0,"key":"Pen Nib"},{"floor":26,"key":"Blue Candle"},{"floor":27,"key":"Boot"}],"event_choices":[{"damage_healed":0.0,"max_hp_gain":0.0,"max_hp_loss":0.0,"gold_gain":75.0,"event_name":"World of Goop","player_choice":"Gather Gold","floor":4.0,"gold_loss":0.0,"damage_taken":11.0}],"is_beta":false,"boss_relics":[{"not_picked":["Calling Bell","Velvet Choker","Philosopher\u0027s Stone"]},{"not_picked":["Runic Pyramid","SlaversCollar"],"picked":"Tiny House"}],"items_purged_floors":[11],"is_endless":false,"potions_floor_spawned":[1,5,12,16,30,33],"ascension_level":0}}