{"host":"ggy1mjjy92c62u6a","time":1611285950,"event":{"mods":["10 clothes from DAL","ATMod(阿瑾Mod)","Act Like it!","BaseMod","Colored Powertips","GifTheSpireLib","Minty Spire (QoL Compilation)","Quick Restart","Relic Stats","RumiaBox-露米娅的神秘盒子","Shop Mod","Spicy Shops","StSLib","TestMod","Waifu the Spire","Warlord Emblem","【功能Mod】混沌之环修复补丁","【遗物Mod】死灵法师NEW","【遗物卡牌】REMEMod"],"gold_per_floor":[114,132,148,73,73,101,101,120,145,161,176,208,228,403,403,503,503,521,521,521,521,521,552,566,591,591,605,123,123,137,286,286,387,387,222,222,270,116,116,141,151,162,208,208,83,83,111,111,111,111],"floor_reached":51,"language":"ZHS","playtime":1847,"items_purged":["Strike_B","Defend_B","Defend_B"],"score":833,"play_id":"f24e6f2c-3ac2-4c62-b084-9ef9be84538f","local_time":"20210122112550","is_ascension_mode":false,"campfire_choices":[{"data":"Rainbow","floor":7.0,"key":"SMITH"},{"floor":15.0,"key":"REST"},{"data":"Loop","floor":29.0,"key":"SMITH"},{"data":"Capacitor","floor":32.0,"key":"SMITH"},{"data":"Fission","floor":44.0,"key":"SMITH"},{"data":"Aggregate","floor":46.0,"key":"SMITH"},{"data":"Darkness","floor":49.0,"key":"SMITH"}],"circlet_count":0,"master_deck":["Strike_B","Strike_B","Defend_B","Defend_B","Zap","Cold Snap","Darkness+1","Chaos","Compile Driver","Ball Lightning","Rainbow+1","AT_ThreeBodyProblem+1","Capacitor+1","Doubt","Defend_B","Thunder Strike","Loop+1","Fission+1","Aggregate+1","Go for the Eyes","Capacitor+1","Parasite","AT_ThreeBodyProblem+1"],"relics":["WarlordEmblem:SoulOfKael","REME_ComplimentaryCards","AT_ATBox","testmod-TestBox","NeowsBlessing","testmod-RealStoneCalender","testmod-TurbochargingSystem","Bag of Marbles","Tiny Chest","testmod-HarvestTotem","Vajra","testmod-IndustrialRevolution","Question Card","REME_PuzzleBoxRelic","testmod-Charity","Coffee Dripper","AT_RedNoBalance","Baka2","Bag of Preparation","Happy Flower","AT_Manta","Centennial Puzzle","Bottled Flame"],"acts_visited":["Exordium","TheCity","TheBeyond"],"potions_floor_usage":[50,50,50],"damage_taken":[{"damage":0.0,"enemies":"Cultist","floor":1.0,"turns":1.0},{"damage":2.0,"enemies":"2 Louse","floor":2.0,"turns":2.0},{"damage":0.0,"enemies":"Jaw Worm","floor":3.0,"turns":1.0},{"damage":21.0,"enemies":"3 Sentries","floor":6.0,"turns":4.0},{"damage":15.0,"enemies":"Blue Slaver","floor":8.0,"turns":3.0},{"damage":16.0,"enemies":"Gremlin Gang","floor":10.0,"turns":3.0},{"damage":0.0,"enemies":"Looter","floor":11.0,"turns":2.0},{"damage":13.0,"enemies":"Lagavulin","floor":12.0,"turns":4.0},{"damage":0.0,"enemies":"3 Louse","floor":13.0,"turns":1.0},{"damage":51.0,"enemies":"The Guardian","floor":16.0,"turns":7.0},{"damage":14.0,"enemies":"Shell Parasite","floor":18.0,"turns":5.0},{"damage":16.0,"enemies":"Slavers","floor":23.0,"turns":4.0},{"damage":27.0,"enemies":"3 Byrds","floor":24.0,"turns":2.0},{"damage":37.0,"enemies":"Snake Plant","floor":27.0,"turns":3.0},{"damage":4.0,"enemies":"Snecko","floor":30.0,"turns":3.0},{"damage":86.0,"enemies":"Champ","floor":33.0,"turns":9.0},{"damage":32.0,"enemies":"Orb Walker","floor":35.0,"turns":4.0},{"damage":5.0,"enemies":"Reptomancer","floor":40.0,"turns":6.0},{"damage":0.0,"enemies":"3 Shapes","floor":41.0,"turns":1.0},{"damage":27.0,"enemies":"Writhing Mass","floor":42.0,"turns":6.0},{"damage":33.0,"enemies":"Nemesis","floor":47.0,"turns":4.0},{"damage":62,"enemies":"Time Eater","floor":50,"turns":9}],"seed_played":"-8578952033850525071","potions_obtained":[{"floor":2.0,"key":"FearPotion"},{"floor":6.0,"key":"EssenceOfSteel"},{"floor":10.0,"key":"Fire Potion"},{"floor":12.0,"key":"FairyPotion"},{"floor":23.0,"key":"AttackPotion"}],"is_trial":false,"path_per_floor":["M","M","M","$","?","E","R","M","T","M","M","E","M","?","R","B",null,"M","$","?","?","T","E","M","T","T","M","$","R","M","?","R","B",null,"M","?","T","$","?","E","M","M","T","R","$","R","E","$","R","B",null],"character_chosen":"Kael","items_purchased":["REME_PuzzleBoxRelic","testmod-Charity","Loop","Happy Flower"],"campfire_rested":1,"item_purchase_floors":[28,28,28,38],"current_hp_per_floor":[75,73,73,73,73,52,52,37,37,21,21,8,8,8,39,14,232,230,230,230,230,230,214,187,187,187,150,150,150,150,154,154,90,238,214,214,218,218,218,121,125,124,128,128,128,128,99,99,99,37],"gold":111,"neow_bonus":"THREE_ENEMY_KILL","is_daily":false,"chose_seed":false,"campfire_upgraded":6,"win_rate":0.0,"timestamp":1611285950,"path_taken":["M","M","?","$","?","E","R","M","T","M","?","E","M","?","R","BOSS","M","$","?","?","?","E","M","?","T","M","$","R","M","?","R","BOSS","M","?","?","$","?","E","M","?","T","R","$","R","E","?","R","BOSS"],"items_purchased_type":["Relic","Relic","Card","Relic"],"build_version":"2020-12-22","purchased_purges":3,"victory":true,"max_hp_per_floor":[75,105,105,105,105,105,105,105,105,105,105,105,105,105,105,116,232,232,232,232,232,232,232,232,232,232,232,232,232,234,236,236,238,238,242,242,244,244,244,246,248,250,252,252,252,252,254,254,254,254],"relic_stats":{"Centennial Puzzle":[5],"Happy Flower":[8],"counters":[22,84],"Tiny Chest":2,"Bag of Preparation":[10],"Question Card":9,"obtain_stats":[{"AT_ATBox":0,"Vajra":22,"Bag of Preparation":37,"testmod-Charity":28,"Baka2":35,"Centennial Puzzle":43,"WarlordEmblem:SoulOfKael":0,"Tiny Chest":12,"AT_RedNoBalance":40,"testmod-TestBox":0,"NeowsBlessing":0,"Happy Flower":38,"AT_Manta":40,"AT_SilverBalance":35,"Baka":1,"testmod-HarvestTotem":17,"testmod-TurbochargingSystem":6,"testmod-IndustrialRevolution":25,"Question Card":26,"testmod-RealStoneCalender":0,"Bottled Flame":47,"Bag of Marbles":9,"Coffee Dripper":34,"REME_PuzzleBoxRelic":28,"testmod-OneHitWonder":23,"REME_ComplimentaryCards":0},{"AT_ATBox":0,"Vajra":11,"Bag of Preparation":17,"testmod-Charity":14,"Baka2":17,"Centennial Puzzle":20,"WarlordEmblem:SoulOfKael":0,"Tiny Chest":8,"AT_RedNoBalance":18,"testmod-TestBox":0,"NeowsBlessing":0,"Happy Flower":17,"AT_Manta":18,"AT_SilverBalance":17,"Baka":1,"testmod-HarvestTotem":10,"testmod-TurbochargingSystem":4,"testmod-IndustrialRevolution":13,"Question Card":13,"testmod-RealStoneCalender":0,"Bottled Flame":21,"Bag of Marbles":5,"Coffee Dripper":16,"REME_PuzzleBoxRelic":14,"testmod-OneHitWonder":12,"REME_ComplimentaryCards":0},{"AT_ATBox":0,"Vajra":33,"Bag of Preparation":58,"testmod-Charity":42,"Baka2":58,"Centennial Puzzle":71,"WarlordEmblem:SoulOfKael":0,"Tiny Chest":20,"AT_RedNoBalance":58,"testmod-TestBox":0,"NeowsBlessing":0,"Happy Flower":58,"AT_Manta":64,"AT_SilverBalance":58,"Baka":1,"testmod-HarvestTotem":28,"testmod-TurbochargingSystem":8,"testmod-IndustrialRevolution":39,"Question Card":39,"testmod-RealStoneCalender":0,"Bottled Flame":75,"Bag of Marbles":11,"Coffee Dripper":54,"REME_PuzzleBoxRelic":42,"testmod-OneHitWonder":37,"REME_ComplimentaryCards":0}]},"card_choices":[{"not_picked":["Go for the Eyes","Stack"],"picked":"Compile Driver","floor":1.0},{"not_picked":["Beam Cell","Streamline"],"picked":"Ball Lightning","floor":2.0},{"not_picked":["Steam","AT_RobotInSpace"],"picked":"Rainbow","floor":3.0},{"not_picked":["Sweeping Beam","Barrage","FTL"],"picked":"SKIP","floor":6.0},{"not_picked":["Sweeping Beam","Compile Driver"],"picked":"AT_ThreeBodyProblem","floor":8.0},{"not_picked":["REME_Whirling","Sweeping Beam","Stack"],"picked":"SKIP","floor":10.0},{"not_picked":["Go for the Eyes","Sweeping Beam","Lockon"],"picked":"SKIP","floor":11.0},{"not_picked":["REME_Compress","Redo"],"picked":"Capacitor","floor":12.0},{"not_picked":["Loop","Stack","Coolheaded"],"picked":"SKIP","floor":13.0},{"not_picked":["REME_Shoggoth","AT_WaterDrop"],"picked":"Thunder Strike","floor":16.0},{"not_picked":["Gash+1","Auto Shields","Barrage"],"picked":"SKIP","floor":18.0},{"not_picked":["Gash","Steam","Conserve Battery"],"picked":"SKIP","floor":23.0},{"not_picked":["Hologram","Steam","Streamline"],"picked":"SKIP","floor":24.0},{"not_picked":["BootSequence","Genetic Algorithm","Stack","White Noise"],"picked":"SKIP","floor":27.0},{"not_picked":["Coolheaded+1","Stack","Biased Cognition","Sweeping Beam"],"picked":"SKIP","floor":30.0},{"not_picked":["Thunder Strike","Buffer","Rainbow"],"picked":"Fission","floor":33.0},{"not_picked":["Darkness+1","Compile Driver","Go for the Eyes+1"],"picked":"Aggregate","floor":35.0},{"not_picked":["Reboot","Gash","Tempest+1","Compile Driver"],"picked":"SKIP","floor":40.0},{"not_picked":["Conserve Battery","Reprogram","Coolheaded+1"],"picked":"Capacitor+1","floor":41.0},{"not_picked":["Ball Lightning","Chill+1","Barrage+1"],"picked":"AT_ThreeBodyProblem+1","floor":42.0},{"not_picked":["Barrage+1","Static Discharge","Coolheaded+1","Redo+1"],"picked":"SKIP","floor":47.0}],"player_experience":71325,"relics_obtained":[{"floor":1.0,"key":"Baka"},{"floor":6.0,"key":"testmod-TurbochargingSystem"},{"floor":9.0,"key":"Bag of Marbles"},{"floor":12.0,"key":"Tiny Chest"},{"floor":22.0,"key":"Vajra"},{"floor":23.0,"key":"testmod-OneHitWonder"},{"floor":25.0,"key":"testmod-IndustrialRevolution"},{"floor":26.0,"key":"Question Card"},{"floor":35.0,"key":"AT_SilverBalance"},{"floor":35.0,"key":"Baka2"},{"floor":37.0,"key":"Bag of Preparation"},{"floor":40.0,"key":"AT_Manta"},{"floor":43.0,"key":"Centennial Puzzle"},{"floor":47.0,"key":"Bottled Flame"}],"event_choices":[{"damage_healed":0.0,"max_hp_gain":0.0,"max_hp_loss":0.0,"gold_gain":0.0,"event_name":"NoteForYourself","player_choice":"Ignored","floor":5.0,"gold_loss":0.0,"damage_taken":0.0},{"damage_healed":0.0,"max_hp_gain":0.0,"max_hp_loss":0.0,"gold_gain":175.0,"event_name":"Liars Game","player_choice":"AGREE","floor":14.0,"gold_loss":0.0,"damage_taken":0.0,"cards_obtained":["Doubt"]},{"damage_healed":0.0,"max_hp_gain":0.0,"max_hp_loss":0.0,"gold_gain":0.0,"event_name":"Ghosts","player_choice":"Ignored","floor":20.0,"gold_loss":0.0,"damage_taken":0.0},{"damage_healed":0.0,"max_hp_gain":0.0,"max_hp_loss":0.0,"gold_gain":0.0,"event_name":"Upgrade Shrine","player_choice":"Upgraded","floor":21.0,"gold_loss":0.0,"damage_taken":0.0,"cards_upgraded":["AT_ThreeBodyProblem"]},{"damage_healed":0.0,"max_hp_gain":0.0,"max_hp_loss":0.0,"gold_gain":150.0,"event_name":"恩洛斯的盘子","player_choice":"Sell","floor":31.0,"relics_lost":["testmod-OneHitWonder"],"gold_loss":0.0,"damage_taken":0.0},{"damage_healed":0.0,"max_hp_gain":0.0,"max_hp_loss":0.0,"gold_gain":0.0,"event_name":"SensoryStone","player_choice":"Memory 1","floor":36.0,"gold_loss":0.0,"damage_taken":0.0},{"damage_healed":0.0,"max_hp_gain":0.0,"max_hp_loss":0.0,"gold_gain":0.0,"cards_transformed":["Strike_B"],"event_name":"Transmorgrifier","player_choice":"Transformed","floor":39.0,"gold_loss":0.0,"damage_taken":0.0,"cards_obtained":["Go for the Eyes"]}],"is_beta":false,"boss_relics":[{"not_picked":["testmod-Nine","Pandora\u0027s Box"],"picked":"testmod-HarvestTotem"},{"not_picked":["Astrolabe","testmod-TimeTraveler"],"picked":"Coffee Dripper"}],"items_purged_floors":[4,28,45],"is_endless":false,"potions_floor_spawned":[2,6,10,12,13,23,33,35],"ascension_level":0}}