{"host":"70zhvo5nwrhp1mbg","time":1611283425,"event":{"mods":["BaseMod","Colored Map","Colored Powertips","Highlight Path","Minty Spire (QoL Compilation)","Rare Cards Sparkle","StSLib"],"gold_per_floor":[116,131,131,131,131,175,175,251,277,34,69,69,92,22,22,141,141,155,255,273,286,286,318,331,331,379,379,379],"floor_reached":27,"language":"ENG","playtime":1926,"items_purged":["Injury"],"score":343,"play_id":"9421fc11-e1c4-4bf4-9555-5c94f6b42bd6","local_time":"20210121214345","is_ascension_mode":true,"campfire_choices":[{"floor":12,"key":"REST"},{"data":"Inflame","floor":15,"key":"SMITH"},{"floor":25,"key":"REST"}],"circlet_count":0,"master_deck":["Strike_R","Strike_R+1","Strike_R","Strike_R","Strike_R+1","Defend_R","Defend_R","Defend_R","Defend_R","Bash","Headbutt","Intimidate","Reaper","Power Through","Shrug It Off","Reaper","Clash+1","Perfected Strike+1","Inflame+1","Impervious","Headbutt+1","Feel No Pain+1","Cleave+1","Searing Blow+1","Dual Wield"],"relics":["Burning Blood","NeowsBlessing","Bloody Idol","Mummified Hand","Lantern","Whetstone","Orichalcum","DollysMirror","Molten Egg 2","Black Star","Incense Burner","Shuriken","Regal Pillow"],"acts_visited":["Exordium","TheCity"],"potions_floor_usage":[20,21,23,24],"damage_taken":[{"damage":0,"enemies":"Cultist","floor":1,"turns":1},{"damage":0,"enemies":"2 Louse","floor":2,"turns":1},{"damage":0,"enemies":"Lagavulin","floor":6,"turns":2},{"damage":22,"enemies":"Gremlin Nob","floor":8,"turns":4},{"damage":22,"enemies":"Gremlin Nob","floor":11,"turns":6},{"damage":2,"enemies":"Jaw Worm","floor":13,"turns":2},{"damage":48,"enemies":"Slime Boss","floor":16,"turns":14},{"damage":2,"enemies":"Chosen","floor":18,"turns":4},{"damage":20,"enemies":"3 Byrds","floor":20,"turns":7},{"damage":35,"enemies":"Centurion and Healer","floor":21,"turns":8},{"damage":68,"enemies":"Slavers","floor":23,"turns":8},{"damage":34,"enemies":"Shelled Parasite and Fungi","floor":24,"turns":5},{"damage":49,"enemies":"Book of Stabbing","floor":27,"turns":5}],"seed_played":"-3788034154368692325","potions_obtained":[{"floor":1,"key":"BlessingOfTheForge"},{"floor":8,"key":"SteroidPotion"},{"floor":11,"key":"GamblersBrew"},{"floor":16,"key":"BloodPotion"},{"floor":18,"key":"Fire Potion"},{"floor":20,"key":"PowerPotion"}],"is_trial":false,"path_per_floor":["M","M","?","?","T","E","?","?","T","$","E","R","M","$","R","B",null,"M","?","M","M","?","E","M","R","T","E"],"character_chosen":"IRONCLAD","items_purchased":["Shrug It Off","DollysMirror","Inflame"],"campfire_rested":2,"item_purchase_floors":[10,10,14],"current_hp_per_floor":[78,80,80,80,80,80,80,64,64,64,48,72,76,76,76,49,72,76,76,66,60,60,41,18,42,47,0,0],"gold":379,"neow_bonus":"THREE_ENEMY_KILL","is_daily":false,"chose_seed":false,"campfire_upgraded":1,"win_rate":0.0,"timestamp":1611283425,"path_taken":["M","M","?","?","?","E","?","?","T","$","E","R","?","?","R","BOSS","M","?","?","M","?","E","M","R","T","E"],"items_purchased_type":["Card","Relic","Card"],"build_version":"2020-12-22","purchased_purges":1,"victory":false,"max_hp_per_floor":[80,80,80,80,80,80,80,80,80,80,80,80,80,80,80,80,80,80,80,80,80,80,80,80,80,80,80,80],"card_choices":[{"not_picked":["Pommel Strike","Heavy Blade"],"picked":"Headbutt","floor":1},{"not_picked":["Twin Strike","Sword Boomerang"],"picked":"Intimidate","floor":2},{"not_picked":["Perfected Strike","Body Slam"],"picked":"Reaper","floor":6},{"not_picked":["Warcry","Armaments"],"picked":"Power Through","floor":8},{"not_picked":["Sentinel","Sever Soul+1"],"picked":"Clash+1","floor":11},{"not_picked":["Shrug It Off","Burning Pact"],"picked":"Perfected Strike+1","floor":13},{"not_picked":["Immolate+1","Reaper+1"],"picked":"Impervious","floor":16},{"not_picked":["Bloodletting","True Grit+1"],"picked":"Headbutt+1","floor":18},{"not_picked":["Perfected Strike+1","Dark Embrace+1"],"picked":"Feel No Pain+1","floor":20},{"not_picked":["Blood for Blood+1","Body Slam+1"],"picked":"Cleave+1","floor":21},{"not_picked":["Disarm","Metallicize"],"picked":"Searing Blow+1","floor":23},{"not_picked":["Wild Strike+1","Pummel+1"],"picked":"Dual Wield","floor":24}],"player_experience":430884,"relics_obtained":[{"floor":5,"key":"Mummified Hand"},{"floor":6,"key":"Lantern"},{"floor":8,"key":"Whetstone"},{"floor":9,"key":"Orichalcum"},{"floor":11,"key":"Molten Egg 2"},{"floor":23,"key":"Incense Burner"},{"floor":23,"key":"Shuriken"},{"floor":26,"key":"Regal Pillow"}],"event_choices":[{"damage_healed":0,"gold_gain":0,"player_choice":"Ignored","damage_taken":0,"max_hp_gain":0,"max_hp_loss":0,"event_name":"Golden Wing","floor":3,"gold_loss":0},{"damage_healed":0,"gold_gain":0,"player_choice":"Take Wound","damage_taken":0,"relics_obtained":["Golden Idol"],"max_hp_gain":0,"max_hp_loss":0,"event_name":"Golden Idol","floor":4,"gold_loss":0,"cards_obtained":["Injury"]},{"damage_healed":0,"gold_gain":0,"player_choice":"Ignored","damage_taken":0,"max_hp_gain":0,"max_hp_loss":0,"event_name":"Liars Game","floor":7,"gold_loss":0},{"damage_healed":0,"gold_gain":0,"player_choice":"Searched \u00271\u0027 times","damage_taken":0,"max_hp_gain":0,"max_hp_loss":0,"event_name":"Dead Adventurer","floor":8,"gold_loss":0},{"damage_healed":0,"gold_gain":100,"player_choice":"Pray","damage_taken":0,"max_hp_gain":0,"max_hp_loss":0,"event_name":"Golden Shrine","floor":19,"gold_loss":0},{"damage_healed":0,"gold_gain":0,"player_choice":"Gave Idol","damage_taken":0,"relics_obtained":["Bloody Idol"],"max_hp_gain":0,"max_hp_loss":0,"event_name":"Forgotten Altar","floor":22,"relics_lost":["Golden Idol"],"gold_loss":0}],"is_beta":false,"boss_relics":[{"not_picked":["Runic Cube","Cursed Key"],"picked":"Black Star"}],"items_purged_floors":[10],"is_endless":false,"potions_floor_spawned":[1,8,11,16,18,20],"killed_by":"Book of Stabbing","ascension_level":6}}