{"host":"u7y9frlpoazak2mn","time":1611288093,"event":{"mods":["AchievementEnabler","Act Like it!","Alarm Clock","Aspiration","Astrologer","BaseMod","Beaked The Cultist","Better Altar","Better Match","Better Note","Better Sensory Stone","Better Skull","Better Third Choice","CCEM","Chen","Colored Map","Colored Powertips","Conspire","Curses Come First","Displayed Cursed Tome","Energized Spire","Fox Events","Friendly Minions","Gensokyo","GifTheSpireLib","Glutton Mod","Halation","Hallownest","Hermit","Hubris","Infinite Spire","Jedi Mod","KinomotoSakuraMod(????)","Koishi","Marisa????????","Mimic Mod","Minty Spire (QoL Compilation)","Pale of the Ancients","Prisma Mod","Quarter Circle Forward PUNCH!","Quick Restart","Random Character Button","Rare Cards Sparkle","Relic Stats","Remilia??????","Replay The Spire","Retaliation","Spicy Shops","Spikes Relics","StS++","StSLib","Stuff the Spire","TestMod","The Administrix","The Blue Laboratory","The Bug Knight","The Construct","The Cursed","The Factory","The Forsaken","The Juggle","The Jungle","The Marked","The Servant 0.9.4","Trackpad","Waifu the Spire","Wandering Minibosses","Wide Potions","Yuri Mod","vexMod"],"gold_per_floor":[114,131,144,144,167,167,181,181,214,214,227,237,237,237],"floor_reached":13,"language":"ENG","playtime":582,"items_purged":[],"score":81,"play_id":"9041d2d6-88d4-41bb-add5-c061314aa70f","local_time":"20210121230133","is_ascension_mode":true,"campfire_choices":[{"data":"construct:Failsafe","floor":6,"key":"SMITH"},{"floor":8,"key":"REST"}],"circlet_count":0,"master_deck":["construct:Strike_Gold","construct:Strike_Gold","construct:Strike_Gold","construct:Strike_Gold","construct:Strike_Gold","construct:Defend_Gold","construct:Defend_Gold","construct:Defend_Gold","construct:AttackMode","construct:Overcharge","construct:BatteryAcid","construct:Failsafe+1","construct:ModeShift","conspire:PoisonWeapons","Acrobatics","ReplayTheSpireMod:Speed Training","construct:Zapper","construct:ForceCore"],"relics":["construct:ClockworkPhoenix","testmod-TestBox","NeowsBlessing","hubris:SlimyHat"],"acts_visited":["Exordium"],"potions_floor_usage":[3,13],"damage_taken":[{"damage":0,"enemies":"Gensokyo:2_Kodama","floor":1,"turns":1},{"damage":0,"enemies":"Gensokyo:Python","floor":2,"turns":2},{"damage":2,"enemies":"Gensokyo:3_Fairies","floor":3,"turns":2},{"damage":20,"enemies":"Gensokyo:Kitsune","floor":7,"turns":4},{"damage":11,"enemies":"Gensokyo:VengefulSpirit","floor":9,"turns":8},{"damage":15,"enemies":"Gensokyo:VengefulSpirit","floor":11,"turns":4},{"damage":33,"enemies":"Gensokyo:Python_and_Kodama","floor":12,"turns":5},{"damage":26,"enemies":"Gensokyo:Aya","floor":13,"turns":3}],"seed_played":"8195159235022003580","potions_obtained":[{"floor":2,"key":"Weak Potion"},{"floor":3,"key":"Milkshake"},{"floor":12,"key":"SkillPotion"}],"is_trial":false,"path_per_floor":["M","M","M","?","T","R","M","R","MIM","?","M","M","E"],"character_chosen":"THE_CONSTRUCT_MOD","items_purchased":[],"campfire_rested":1,"item_purchase_floors":[],"current_hp_per_floor":[85,85,83,83,83,83,63,85,74,74,59,26,0,0],"gold":237,"neow_bonus":"THREE_ENEMY_KILL","is_daily":false,"chose_seed":false,"campfire_upgraded":1,"win_rate":0.0,"timestamp":1611288093,"path_taken":["M","M","?","?","?","R","M","R","MIM","?","?","M","E"],"items_purchased_type":[],"build_version":"2020-12-22","purchased_purges":0,"victory":false,"max_hp_per_floor":[85,85,85,85,85,85,85,85,85,85,85,85,85,85],"relic_stats":{"counters":[8,29],"obtain_stats":[{"testmod-TestBox":0,"NeowsBlessing":0,"hubris:SlimyHat":5,"construct:ClockworkPhoenix":0},{"testmod-TestBox":0,"NeowsBlessing":0,"hubris:SlimyHat":3,"construct:ClockworkPhoenix":0},{"testmod-TestBox":0,"NeowsBlessing":0,"hubris:SlimyHat":5,"construct:ClockworkPhoenix":0}]},"card_choices":[{"not_picked":["construct:ClusterMines","construct:HeavyBolt"],"picked":"construct:Overcharge","floor":1},{"not_picked":["construct:SweepLaser","construct:FierceBash"],"picked":"construct:BatteryAcid","floor":2},{"not_picked":["construct:ShiftStrike","construct:Reinforce","construct:Disrupt"],"picked":"SKIP","floor":3},{"not_picked":["ReplayTheSpireMod:Mirror System","construct:Analyze","construct:Backfire"],"picked":"SKIP","floor":7},{"not_picked":["construct:Backfire","construct:SyphonStrike"],"picked":"construct:ModeShift","floor":9},{"not_picked":["construct:OilSpill","construct:FlammableFog"],"picked":"construct:Zapper","floor":11},{"not_picked":["construct:FierceBash","construct:CripplingShot"],"picked":"construct:ForceCore","floor":12}],"player_experience":347684,"relics_obtained":[{"floor":5,"key":"hubris:SlimyHat"}],"event_choices":[],"is_beta":false,"boss_relics":[],"items_purged_floors":[],"is_endless":false,"potions_floor_spawned":[2,3,12],"killed_by":"Gensokyo:Aya","ascension_level":1}}