{"host":"ctlqibkg0sskiu65","time":1611290975,"event":{"mods":["AchievementEnabler","Aspiration","BaseMod","BetterRewards","Colored Map","Colored Powertips","Conspire","Fiend Mod","Infinite Spire","Minty Spire (QoL Compilation)","Quick Restart","Replay The Spire","Shop Mod","StSLib","The Bladedancer","The Cursed","The Hierophant","The Jungle","The Kombatant","The Servant 0.9.4","TheBandit"],"gold_per_floor":[111,128,147,147,147,147,147,163,163,188,213,213,228,238,249,249,249,321,321,338,338,0,0,0,0,0],"floor_reached":25,"language":"ENG","playtime":785,"items_purged":["Strike_G"],"score":553,"play_id":"a9968a38-c697-4a1a-acbc-224d2d5f5414","local_time":"20210121224935","is_ascension_mode":true,"campfire_choices":[{"floor":9.0,"key":"REST"},{"floor":12.0,"key":"REST"},{"floor":17.0,"key":"REST"}],"circlet_count":0,"master_deck":["AscendersBane","Strike_G","Strike_G","Strike_G","Strike_G","Defend_G","Defend_G","Defend_G","Defend_G","Defend_G","Survivor","Neutralize","PiercingWail","Dagger Spray","Bouncing Flask","Dagger Spray+1","Pot Of Greed","Pot Of Greed","Dodge and Roll","Poisoned Stab+1"],"relics":["Ring of the Snake","aspiration:StickyExplosives_weak","conspire:Boomerang","Bag of Marbles","Oddly Smooth Stone","Grinning Jar","NlothsMask","Whetstone","Sling","Nloth\u0027s Gift"],"acts_visited":["Exordium","TheCity"],"potions_floor_usage":[25],"damage_taken":[{"damage":18.0,"enemies":"Jaw Worm","floor":1.0,"turns":7.0},{"damage":4.0,"enemies":"Cultist","floor":3.0,"turns":4.0},{"damage":2.0,"enemies":"Small Slimes","floor":8.0,"turns":3.0},{"damage":19.0,"enemies":"Lagavulin","floor":10.0,"turns":6.0},{"damage":0.0,"enemies":"3 Louse","floor":13.0,"turns":1.0},{"damage":3.0,"enemies":"Looter","floor":14.0,"turns":3.0},{"damage":0.0,"enemies":"Exordium Thugs","floor":15.0,"turns":4.0},{"damage":41.0,"enemies":"Fading Forest","floor":18.0,"turns":11.0},{"damage":5.0,"enemies":"3 Byrds","floor":20.0,"turns":3.0},{"damage":49,"enemies":"Slavers","floor":25,"turns":5}],"seed_played":"2264674815215752903","potions_obtained":[{"floor":1.0,"key":"Block Potion"},{"floor":3.0,"key":"Dexterity Potion"},{"floor":14.0,"key":"Poison Potion"}],"is_trial":false,"path_per_floor":["M","?","M","PTL","PTL","T","?","M","R","E","T","R","M","M","M","?","R","B",null,"M","?","$","$","?","E"],"character_chosen":"THE_SILENT","items_purchased":["aspiration:StickyExplosives_weak","Whetstone","Sling"],"campfire_rested":3,"item_purchase_floors":[0,22,22],"current_hp_per_floor":[41,15,11,11,11,11,11,9,28,9,9,28,28,25,25,25,44,11,52,47,47,47,47,47,0,0],"gold":0,"neow_bonus":"","is_daily":false,"chose_seed":false,"campfire_upgraded":0,"win_rate":0.0,"timestamp":1611290975,"path_taken":["M","?","?","PTL","PTL","?","?","M","R","E","T","R","M","M","M","?","R","BOSS","M","?","?","$","?","E"],"items_purchased_type":["Relic","Relic","Relic"],"build_version":"2020-12-22","purchased_purges":1,"victory":false,"max_hp_per_floor":[66,66,66,66,66,66,66,66,66,66,66,66,66,66,66,66,66,66,66,66,66,66,66,66,66,66],"card_choices":[{"not_picked":["Accuracy","Masterful Stab"],"picked":"PiercingWail","floor":1.0},{"not_picked":["Underhanded Strike","Dodge and Roll"],"picked":"Dagger Spray","floor":2.0},{"not_picked":["Eviscerate","Backflip"],"picked":"Bouncing Flask","floor":3.0},{"not_picked":["Dodge and Roll","Quick Slash"],"picked":"Dagger Spray","floor":8.0},{"not_picked":["Envenom","Setup","ReplayTheSpireMod:The Works"],"picked":"SKIP","floor":10.0},{"not_picked":["Replay:Poison Smokescreen","Masterful Stab","Dagger Spray"],"picked":"SKIP","floor":13.0},{"not_picked":["Cloak And Dagger","Infinite Blades"],"picked":"Dodge and Roll","floor":14.0},{"not_picked":["Deadly Poison","Accuracy"],"picked":"Poisoned Stab","floor":15.0},{"not_picked":["Dash+1","Backflip","Quick Slash"],"picked":"SKIP","floor":20.0}],"player_experience":224664,"relics_obtained":[{"floor":2.0,"key":"conspire:Boomerang"},{"floor":6.0,"key":"Bag of Marbles"},{"floor":10.0,"key":"Oddly Smooth Stone"},{"floor":11.0,"key":"Grinning Jar"}],"event_choices":[{"damage_healed":0.0,"max_hp_gain":0.0,"max_hp_loss":0.0,"gold_gain":0.0,"event_name":"Dead Adventurer","player_choice":"Searched \u00270\u0027 times","floor":7.0,"gold_loss":0.0,"damage_taken":0.0},{"damage_healed":0.0,"max_hp_gain":0.0,"max_hp_loss":0.0,"gold_gain":0.0,"event_name":"FaceTrader","player_choice":"Trade","floor":21.0,"gold_loss":0.0,"damage_taken":0.0,"relics_obtained":["NlothsMask"]},{"damage_healed":0.0,"max_hp_gain":0.0,"max_hp_loss":0.0,"gold_gain":0.0,"event_name":"N\u0027loth","player_choice":"Traded Relic","floor":24.0,"relics_lost":["WristBlade"],"gold_loss":0.0,"damage_taken":0.0,"relics_obtained":["Nloth\u0027s Gift"]}],"is_beta":false,"boss_relics":[{"not_picked":["Kintsugi","Snecko Eye"],"picked":"WristBlade"}],"items_purged_floors":[0],"is_endless":false,"potions_floor_spawned":[1,3,14,15],"killed_by":"Slavers","ascension_level":17}}