{"host":"2ixd8xwebcm7gar8","time":1611358058,"event":{"mods":["AchievementEnabler","Act Like it!","BaseMod","Conspire","Defuse TimeMaze Blight","Downfall","Googly Eyes","Minty Spire (QoL Compilation)","StSLib"],"gold_per_floor":[99,118,53,503,363,363,363,393,393,469,486,486,486,515,533,631,631,631,646,31,31,31,51,51,66,66,66,66,42,42,42,56,56,56,56],"floor_reached":33,"language":"ENG","playtime":2214,"items_purged":[],"score":264,"play_id":"4e62c905-c2a1-44a9-8460-edeb2e463839","local_time":"20210122152738","daily_mods":["Heirloom","Time Dilation","Flight"],"is_ascension_mode":false,"campfire_choices":[{"data":"bronze:Replicate","floor":1.0,"key":"SMITH"},{"data":"bronze:ItsAFeature","floor":6.0,"key":"SMITH"},{"floor":9.0,"key":"REST"},{"data":"bronze:GetLatest","floor":13.0,"key":"SMITH"},{"data":"bronze:ClassDefault","floor":18.0,"key":"SMITH"},{"floor":26,"key":"REST"},{"data":"bronze:ClassDefault","floor":27,"key":"SMITH"},{"data":"bronze:ItsAFeature","floor":30,"key":"SMITH"}],"circlet_count":0,"master_deck":["bronze:Strike","bronze:Strike","bronze:Strike","bronze:Defend","bronze:Defend","bronze:Defend","bronze:Defend","bronze:Replicate+1","bronze:Goto","bronze:Branch","bronze:BuggyMess","bronze:BitShift","downfall:Icky","downfall:Icky","downfall:Icky","bronze:ItsAFeature+1","bronze:WhirlingStrike","bronze:DelayedSlice","bronze:GetLatest+1","bronze:BitShift","bronze:ClassDefault+1","bronze:ShipIt","bronze:CutThrough","bronze:WhirlingStrike","bronze:ClassDefault+1","bronze:Shell","bronze:ItsAFeature+1","bronze:HyperBeam","bronze:Replicate+1","bronze:Fortify"],"relics":["bronze:BronzeCore","Du-Vu Doll","White Beast Statue","Regal Pillow","Darkstone Periapt","conspire:TopHat","SacredBark","Ice Cream","Calipers","bronze:BottledCode","Ornamental Fan","Sundial","Bird Faced Urn"],"acts_visited":["Exordium","TheCity"],"potions_floor_usage":[23,25,25,29,32,33],"damage_taken":[{"damage":0.0,"enemies":"Small Slimes","floor":2.0,"turns":3.0},{"damage":0.0,"enemies":"downfall:FleeingMerchant","floor":3.0,"turns":4.0},{"damage":10.0,"enemies":"downfall:FleeingMerchant","floor":5.0,"turns":4.0},{"damage":22.0,"enemies":"3 Sentries","floor":8.0,"turns":4.0},{"damage":11.0,"enemies":"Jaw Worm","floor":11.0,"turns":2.0},{"damage":10.0,"enemies":"conspire:MimicChest","floor":14.0,"turns":5.0},{"damage":0.0,"enemies":"Cultist","floor":15.0,"turns":2.0},{"damage":39.0,"enemies":"WA_ARCHETYPE_RETAIN","floor":16.0,"turns":6.0},{"damage":23.0,"enemies":"conspire:FuzzyDice","floor":19.0,"turns":4.0},{"damage":5.0,"enemies":"downfall:FleeingMerchant","floor":20.0,"turns":4.0},{"damage":10,"enemies":"Chosen and Byrds","floor":23,"turns":2},{"damage":0,"enemies":"Centurion and Healer","floor":25,"turns":2},{"damage":0,"enemies":"downfall:FleeingMerchant","floor":29,"turns":2},{"damage":14,"enemies":"Cultist and Chosen","floor":32,"turns":6},{"damage":56,"enemies":"DF_ARCHETYPE_CLAW","floor":33,"turns":5}],"seed_played":"-1527616115020785556","potions_obtained":[{"floor":2.0,"key":"BlessingOfTheForge"},{"floor":8.0,"key":"LiquidMemories"},{"floor":11.0,"key":"EssenceOfSteel"},{"floor":14.0,"key":"Weak Potion"},{"floor":16.0,"key":"DuplicationPotion"},{"floor":20.0,"key":"ColorlessPotion"},{"floor":23,"key":"Swift Potion"},{"floor":25,"key":"AttackPotion"},{"floor":29,"key":"LiquidBronze"},{"floor":32,"key":"Guardian:BlockOnCardUsePotion"}],"is_trial":true,"path_per_floor":["R","M","$","?","$","R","T","E","R","T","M","?","R","?","M","B",null,"R","M","$","?","?","M","T","M","R","R","T","$","R","?","M","B"],"character_chosen":"THE_AUTOMATON","items_purchased":["bronze:BitShift","bronze:ItsAFeature","bronze:WhirlingStrike","Ice Cream","Calipers","Bird Faced Urn","bronze:HyperBeam"],"campfire_rested":2,"item_purchase_floors":[3,5,5,20,20,29,29],"current_hp_per_floor":[70,70,70,70,60,60,60,38,70,70,59,59,59,49,49,10,70,70,47,42,42,42,32,32,32,60,60,60,60,60,60,46,0,0,0],"gold":56,"neow_bonus":"","is_daily":false,"chose_seed":false,"campfire_upgraded":6,"win_rate":0.0,"timestamp":1611358058,"path_taken":["R","M","$","?","$","R","T","E","R","?","?","?","R","?","M","BOSS","R","M","$","?","?","M","T","M","R","R","?","$","R","?","M","BOSS"],"items_purchased_type":["Card","Card","Card","Relic","Relic","Relic","Card"],"build_version":"2020-12-22","purchased_purges":0,"victory":false,"max_hp_per_floor":[70,70,70,70,70,70,70,70,70,70,70,70,70,70,70,70,70,70,70,70,60,60,60,60,60,60,60,60,60,60,60,60,60,60,60],"card_choices":[{"not_picked":["bronze:Return","bronze:Iterate"],"picked":"bronze:Branch","floor":2.0},{"not_picked":["bronze:WildBeam","bronze:Iterate"],"picked":"bronze:BuggyMess","floor":3.0},{"not_picked":["bronze:Deprecate","bronze:ForLoop","bronze:FineTuning"],"picked":"SKIP","floor":5.0},{"not_picked":["bronze:Invalidate","bronze:Shield"],"picked":"bronze:DelayedSlice","floor":8.0},{"not_picked":["bronze:ForceShield","bronze:DelayedGuard"],"picked":"bronze:GetLatest","floor":11.0},{"not_picked":["bronze:DelayedGuard","bronze:FineTuning"],"picked":"bronze:BitShift","floor":14.0},{"not_picked":["bronze:CloningBeam","bronze:WhirlingStrike"],"picked":"bronze:ClassDefault","floor":15.0},{"not_picked":["bronze:Break","bronze:FindAndReplace"],"picked":"bronze:ShipIt","floor":16.0},{"not_picked":["bronze:BitShift","bronze:DelayedSlice"],"picked":"bronze:CutThrough","floor":19.0},{"not_picked":["bronze:Branch","bronze:BitShift"],"picked":"bronze:WhirlingStrike","floor":20.0},{"not_picked":["bronze:Shield+1","bronze:Iterate"],"picked":"bronze:ClassDefault","floor":23},{"not_picked":["bronze:BronzeOrb","bronze:CloningBeam"],"picked":"bronze:Shell","floor":25},{"not_picked":["bronze:BugBarrage","bronze:Frontload"],"picked":"bronze:ItsAFeature","floor":29},{"not_picked":["bronze:Deprecate","bronze:BitShift+1"],"picked":"bronze:Fortify","floor":32}],"player_experience":441522,"relics_obtained":[{"floor":7.0,"key":"White Beast Statue"},{"floor":8.0,"key":"Regal Pillow"},{"floor":10.0,"key":"Darkstone Periapt"},{"floor":14.0,"key":"conspire:TopHat"},{"floor":24,"key":"Ornamental Fan"},{"floor":28,"key":"Sundial"}],"event_choices":[],"is_beta":false,"boss_relics":[{"not_picked":["Runic Dome","Fusion Hammer"],"picked":"SacredBark"}],"items_purged_floors":[],"is_endless":false,"potions_floor_spawned":[2,8,11,14,15,16,19,20,23,25,29,32],"killed_by":"DF_ARCHETYPE_CLAW","ascension_level":0}}