{"host":"kh6fvhxn285ncg0o","time":1611354753,"event":{"mods":["Act Like it!","BaseMod","Colored Map","Friendly Minions","Keyboard Shortcuts","Minty Spire (QoL Compilation)","Quick Restart","Relic Stats","StSLib","SuperFastMode"],"gold_per_floor":[115,130,55,65,65,65,90,90,160,189,28,28,47,74,74,146,146,161,176,176,76,87,113,113,140,164,197,210,210,221,96,96,170,170,190,215,269,285,295,295,327,338,338,367,383,383,383,29,29,29,29,29,29,3,36,36],"floor_reached":57,"language":"KOR","playtime":2327,"items_purged":["Strike_G","Defend_G","Strike_G+1"],"score":3406,"play_id":"1daa0872-2eda-4e53-be47-75ca0c761752","local_time":"20210123073233","is_ascension_mode":true,"campfire_choices":[{"data":"Deadly Poison","floor":6.0,"key":"SMITH"},{"data":"Neutralize","floor":8.0,"key":"SMITH"},{"data":"Eviscerate","floor":12.0,"key":"SMITH"},{"data":"Cloak And Dagger","floor":15.0,"key":"SMITH"},{"data":"Prepared","floor":24.0,"key":"SMITH"},{"data":"Tactician","floor":29.0,"key":"SMITH"},{"data":"Calculated Gamble","floor":32.0,"key":"SMITH"},{"data":"Catalyst","floor":40.0,"key":"SMITH"},{"data":"Burst","floor":47.0,"key":"SMITH"},{"floor":49.0,"key":"RECALL"},{"data":"Acrobatics","floor":53.0,"key":"SMITH"}],"circlet_count":0,"master_deck":["AscendersBane","Defend_G","Defend_G","Defend_G","Defend_G","Survivor","Neutralize+1","Backstab+1","Deadly Poison+1","After Image","After Image","Eviscerate+1","Infinite Blades","Cloak And Dagger+1","Corpse Explosion","Heel Hook","Prepared+1","Tactician+1","Calculated Gamble+1","Burst+1","Acrobatics+1","Catalyst+1","Clumsy","PiercingWail","Malaise","Dark Shackles","Finesse","Noxious Fumes","Backflip"],"relics":["Ring of the Snake","Gambling Chip","Odd Mushroom","Eternal Feather","Akabeko","Whetstone","Runic Pyramid","Centennial Puzzle","Tiny Chest","Letter Opener","Cursed Key","Thread and Needle","Anchor","Paper Crane","Vajra","Membership Card","Incense Burner","Torii"],"acts_visited":["Exordium","TheCity","TheBeyond","TheEnding"],"potions_floor_usage":[56,56],"damage_taken":[{"damage":9.0,"enemies":"Jaw Worm","floor":1.0,"turns":6.0},{"damage":1.0,"enemies":"2 Louse","floor":2.0,"turns":3.0},{"damage":0.0,"enemies":"Small Slimes","floor":4.0,"turns":3.0},{"damage":2.0,"enemies":"The Mushroom Lair","floor":7.0,"turns":5.0},{"damage":20.0,"enemies":"3 Sentries","floor":10.0,"turns":12.0},{"damage":0.0,"enemies":"Exordium Thugs","floor":13.0,"turns":3.0},{"damage":0.0,"enemies":"Lagavulin","floor":14.0,"turns":4.0},{"damage":0.0,"enemies":"Hexaghost","floor":16.0,"turns":9.0},{"damage":0.0,"enemies":"3 Byrds","floor":18.0,"turns":1.0},{"damage":0.0,"enemies":"Chosen","floor":19.0,"turns":3.0},{"damage":0.0,"enemies":"3 Cultists","floor":22.0,"turns":3.0},{"damage":0.0,"enemies":"Slavers","floor":23.0,"turns":1.0},{"damage":18.0,"enemies":"Gremlin Leader","floor":25.0,"turns":5.0},{"damage":6.0,"enemies":"Book of Stabbing","floor":27.0,"turns":4.0},{"damage":0.0,"enemies":"Centurion and Healer","floor":28.0,"turns":3.0},{"damage":1.0,"enemies":"Chosen and Byrds","floor":30.0,"turns":3.0},{"damage":0.0,"enemies":"Automaton","floor":33.0,"turns":8.0},{"damage":0.0,"enemies":"Orb Walker","floor":35.0,"turns":3.0},{"damage":0.0,"enemies":"Mind Bloom Boss Battle","floor":36.0,"turns":3.0},{"damage":0.0,"enemies":"3 Shapes","floor":38.0,"turns":1.0},{"damage":14.0,"enemies":"Sphere and 2 Shapes","floor":39.0,"turns":3.0},{"damage":0.0,"enemies":"Nemesis","floor":41.0,"turns":3.0},{"damage":0.0,"enemies":"Jaw Worm Horde","floor":42.0,"turns":2.0},{"damage":0.0,"enemies":"Giant Head","floor":44.0,"turns":6.0},{"damage":0.0,"enemies":"Maw","floor":45.0,"turns":6.0},{"damage":0.0,"enemies":"Time Eater","floor":50.0,"turns":10.0},{"damage":0.0,"enemies":"Awakened One","floor":51.0,"turns":12.0},{"damage":0.0,"enemies":"Shield and Spear","floor":55.0,"turns":6.0},{"damage":16,"enemies":"The Heart","floor":56,"turns":8}],"seed_played":"4022012584674985604","potions_obtained":[{"floor":1.0,"key":"AttackPotion"},{"floor":2.0,"key":"SkillPotion"},{"floor":10.0,"key":"EssenceOfSteel"},{"floor":13.0,"key":"Poison Potion"},{"floor":19.0,"key":"Weak Potion"},{"floor":22.0,"key":"Explosive Potion"},{"floor":23.0,"key":"DuplicationPotion"},{"floor":25.0,"key":"EntropicBrew"},{"floor":33.0,"key":"GhostInAJar"},{"floor":36.0,"key":"SpeedPotion"},{"floor":39.0,"key":"LiquidMemories"},{"floor":45.0,"key":"BlessingOfTheForge"},{"floor":55.0,"key":"FearPotion"}],"is_trial":false,"path_per_floor":["M","M","?","M","?","R","?","R","T","E","$","R","M","E","R","B",null,"M","M","?","$","M","E","R","E","T","E","M","R","M","$","R","B",null,"M","?","T","M","M","R","E","M","T","E","M","?","R","$","R","B","B",null,"R","$","E","B",null],"character_chosen":"THE_SILENT","items_purchased":["Eviscerate","Membership Card","Incense Burner","Noxious Fumes","Backflip"],"campfire_rested":0,"item_purchase_floors":[11,48,48,48,54],"current_hp_per_floor":[50,49,49,49,42,42,40,40,40,20,20,29,29,29,38,38,55,55,55,55,55,55,55,60,42,42,36,36,48,47,47,56,56,59,59,59,59,59,45,57,57,57,57,57,57,47,60,60,60,60,60,60,60,60,60,44],"gold":36,"neow_bonus":"ONE_RARE_RELIC","is_daily":false,"chose_seed":false,"campfire_upgraded":10,"win_rate":0.0,"timestamp":1611354753,"path_taken":["M","M","?","M","?","R","?","R","T","E","$","R","M","E","R","BOSS","M","M","?","$","M","E","R","E","T","E","?","R","M","?","R","BOSS","M","?","?","M","M","R","E","M","T","E","M","?","R","?","R","BOSS","BOSS","R","$","E","BOSS"],"items_purchased_type":["Card","Relic","Relic","Card","Card"],"build_version":"2020-12-22","purchased_purges":3,"victory":true,"max_hp_per_floor":[60,60,60,60,60,60,60,60,60,60,60,60,60,60,60,60,60,60,60,60,60,60,60,60,60,60,60,60,60,60,60,60,60,60,60,60,60,60,60,60,60,60,60,60,60,60,60,60,60,60,60,60,60,60,60,60],"relic_stats":{"Centennial Puzzle":[15],"Torii":0,"counters":[29,139],"Gambling Chip":[136],"Eternal Feather":69,"Tiny Chest":1,"Whetstone":["Backstab","Strike_G"],"Letter Opener":[430],"Cursed Key":1,"obtain_stats":[{"Torii":55,"Vajra":44,"Eternal Feather":9,"Thread and Needle":36,"Incense Burner":48,"Whetstone":14,"Letter Opener":27,"Odd Mushroom":7,"Paper Crane":41,"Cursed Key":34,"Akabeko":10,"Centennial Puzzle":23,"Anchor":37,"Gambling Chip":0,"Tiny Chest":25,"Membership Card":48,"Ring of the Snake":0,"Runic Pyramid":17},{"Torii":28,"Vajra":24,"Eternal Feather":4,"Thread and Needle":19,"Incense Burner":25,"Whetstone":7,"Letter Opener":14,"Odd Mushroom":4,"Paper Crane":22,"Cursed Key":17,"Akabeko":5,"Centennial Puzzle":12,"Anchor":19,"Gambling Chip":0,"Tiny Chest":13,"Membership Card":25,"Ring of the Snake":0,"Runic Pyramid":8},{"Torii":131,"Vajra":97,"Eternal Feather":17,"Thread and Needle":82,"Incense Burner":103,"Whetstone":36,"Letter Opener":62,"Odd Mushroom":17,"Paper Crane":89,"Cursed Key":76,"Akabeko":29,"Centennial Puzzle":53,"Anchor":82,"Gambling Chip":0,"Tiny Chest":58,"Membership Card":103,"Ring of the Snake":0,"Runic Pyramid":45}],"Ring of the Snake":[58]},"card_choices":[{"not_picked":["Choke","Sucker Punch"],"picked":"Backstab","floor":1.0},{"not_picked":["Flying Knee","Calculated Gamble"],"picked":"Deadly Poison","floor":2.0},{"not_picked":["Dagger Throw","Quick Slash"],"picked":"After Image","floor":4.0},{"not_picked":["Leg Sweep","Quick Slash"],"picked":"After Image","floor":10.0},{"not_picked":["Outmaneuver","Backflip"],"picked":"Infinite Blades","floor":13.0},{"not_picked":["PiercingWail","Underhanded Strike"],"picked":"Cloak And Dagger","floor":14.0},{"not_picked":["Burst","Doppelganger"],"picked":"Corpse Explosion","floor":16.0},{"not_picked":["Flechettes","Backflip","Deflect"],"picked":"SKIP","floor":18.0},{"not_picked":["Sucker Punch","Flechettes","Finisher"],"picked":"SKIP","floor":19.0},{"not_picked":["Finisher","Heel Hook","Backflip"],"picked":"SKIP","floor":22.0},{"not_picked":["Finisher","Backflip"],"picked":"Heel Hook","floor":22.0},{"not_picked":["Expertise","Cloak And Dagger"],"picked":"Prepared","floor":23.0},{"not_picked":["Deflect","Die Die Die","Poisoned Stab"],"picked":"SKIP","floor":25.0},{"not_picked":["Dagger Throw","Deadly Poison"],"picked":"Tactician","floor":27.0},{"not_picked":["Bane","Setup"],"picked":"Calculated Gamble","floor":28.0},{"not_picked":["Bouncing Flask","Footwork+1","Backstab+1"],"picked":"SKIP","floor":30.0},{"not_picked":["Die Die Die","Storm of Steel"],"picked":"Burst","floor":33.0},{"not_picked":["Flying Knee","Blade Dance"],"picked":"Acrobatics","floor":35.0},{"not_picked":["Deflect+1","Sucker Punch"],"picked":"Catalyst","floor":36.0},{"not_picked":["Skewer","Deflect"],"picked":"PiercingWail","floor":38.0},{"not_picked":["Dagger Spray","Bane","Flying Knee+1"],"picked":"SKIP","floor":39.0},{"not_picked":["Poisoned Stab","Blade Dance"],"picked":"Malaise","floor":41.0},{"not_picked":["Prepared","Leg Sweep","Predator"],"picked":"SKIP","floor":42.0},{"not_picked":["Leg Sweep","Deadly Poison","Sucker Punch"],"picked":"SKIP","floor":44.0},{"not_picked":["Sucker Punch","Dagger Throw","Storm of Steel"],"picked":"SKIP","floor":45.0},{"not_picked":["Madness","Jack Of All Trades"],"picked":"Dark Shackles","floor":46.0},{"not_picked":["Madness","Jack Of All Trades"],"picked":"Finesse","floor":46.0},{"not_picked":["A Thousand Cuts","Choke+1","Noxious Fumes"],"picked":"SKIP","floor":55.0}],"player_experience":1259849,"relics_obtained":[{"floor":7.0,"key":"Odd Mushroom"},{"floor":9.0,"key":"Eternal Feather"},{"floor":10.0,"key":"Akabeko"},{"floor":14.0,"key":"Whetstone"},{"floor":23.0,"key":"Centennial Puzzle"},{"floor":25.0,"key":"Tiny Chest"},{"floor":27.0,"key":"Letter Opener"},{"floor":36.0,"key":"Thread and Needle"},{"floor":37.0,"key":"Anchor"},{"floor":41.0,"key":"Paper Crane"},{"floor":44.0,"key":"Vajra"},{"floor":55.0,"key":"Torii"}],"event_choices":[{"cards_removed":["Strike_G"],"damage_healed":0.0,"max_hp_gain":0.0,"max_hp_loss":0.0,"gold_gain":0.0,"event_name":"The Cleric","player_choice":"Card Removal","floor":3.0,"gold_loss":75.0,"damage_taken":0.0},{"cards_removed":["Strike_G"],"damage_healed":0.0,"max_hp_gain":0.0,"max_hp_loss":0.0,"gold_gain":0.0,"event_name":"Golden Wing","player_choice":"Card Removal","floor":5.0,"gold_loss":0.0,"damage_taken":7.0},{"damage_healed":0.0,"max_hp_gain":0.0,"max_hp_loss":0.0,"gold_gain":0.0,"event_name":"Mushrooms","player_choice":"Fought Mushrooms","floor":7.0,"gold_loss":0.0,"damage_taken":0.0},{"cards_removed":["Strike_G"],"damage_healed":0.0,"max_hp_gain":0.0,"max_hp_loss":0.0,"gold_gain":0.0,"event_name":"Bonfire Elementals","player_choice":"Offered Basic","floor":20.0,"gold_loss":0.0,"damage_taken":0.0},{"damage_healed":0.0,"max_hp_gain":0.0,"max_hp_loss":0.0,"gold_gain":0.0,"event_name":"MindBloom","player_choice":"Fight","floor":36.0,"gold_loss":0.0,"damage_taken":0.0},{"damage_healed":0.0,"max_hp_gain":0.0,"max_hp_loss":0.0,"gold_gain":0.0,"event_name":"SensoryStone","player_choice":"Memory 3","floor":46.0,"gold_loss":0.0,"damage_taken":10.0}],"is_beta":false,"boss_relics":[{"not_picked":["Philosopher\u0027s Stone","SlaversCollar"],"picked":"Runic Pyramid"},{"not_picked":["WristBlade","Black Star"],"picked":"Cursed Key"}],"items_purged_floors":[11,21,31],"is_endless":false,"potions_floor_spawned":[1,2,10,13,19,22,23,25,33,36,39,45,55],"ascension_level":20}}