{"host":"41y51qpuw3tri6uv","time":1611300848,"event":{"mods":["AchievementEnabler","BaseMod","Bestiary","Better Altar","Better Match","Better Note","Better Sensory Stone","Better Skull","Better Third Choice","Better Vampires","Colored Map","Colored Powertips","DeckTracker","Minty Spire (QoL Compilation)","Permanent Neow","Quick Restart","Random Character Button","StSLib","SuperFastMode","Synergy Search","Thieving Mod"],"gold_per_floor":[109,119,132,148,160,160,160],"floor_reached":6,"language":"ENG","playtime":413,"items_purged":[],"score":48,"play_id":"fb4d41f6-f313-4239-8687-755b0d32fea7","local_time":"20210122023408","is_ascension_mode":true,"campfire_choices":[],"circlet_count":0,"master_deck":["Strike_R","Strike_R","Strike_R","Strike_R","Strike_R","Defend_R","Defend_R","Defend_R","Defend_R","Bash","Flex","Uppercut","Armaments","Shrug It Off","Iron Wave"],"relics":["Burning Blood","NeowsBlessing"],"acts_visited":["Exordium"],"potions_floor_usage":[],"damage_taken":[{"damage":0,"enemies":"2 Louse","floor":1,"turns":1},{"damage":0,"enemies":"Small Slimes","floor":2,"turns":1},{"damage":0,"enemies":"Jaw Worm","floor":3,"turns":1},{"damage":29,"enemies":"Large Slime","floor":4,"turns":7},{"damage":2,"enemies":"2 Fungi Beasts","floor":5,"turns":4},{"damage":66,"enemies":"Lagavulin","floor":6,"turns":7}],"seed_played":"1055814556416041128","potions_obtained":[{"floor":5,"key":"DuplicationPotion"}],"is_trial":false,"path_per_floor":["M","M","M","M","M","E"],"character_chosen":"IRONCLAD","items_purchased":[],"campfire_rested":0,"item_purchase_floors":[],"current_hp_per_floor":[80,80,80,57,61,0,0],"gold":160,"neow_bonus":"THREE_ENEMY_KILL","is_daily":false,"chose_seed":false,"campfire_upgraded":0,"win_rate":0.0,"timestamp":1611300848,"path_taken":["M","M","M","M","M","E"],"items_purchased_type":[],"build_version":"2020-12-22","purchased_purges":0,"victory":false,"max_hp_per_floor":[80,80,80,80,80,80,80],"card_choices":[{"not_picked":["Perfected Strike","Shrug It Off"],"picked":"Flex","floor":1},{"not_picked":["Cleave","Uppercut","Havoc"],"picked":"SKIP","floor":2},{"not_picked":["Cleave","Havoc"],"picked":"Uppercut","floor":2},{"not_picked":["Anger","Heavy Blade"],"picked":"Armaments","floor":3},{"not_picked":["Havoc","Uppercut"],"picked":"Shrug It Off","floor":4},{"not_picked":["Warcry","Anger"],"picked":"Iron Wave","floor":5}],"player_experience":126873,"relics_obtained":[],"event_choices":[],"is_beta":false,"boss_relics":[],"items_purged_floors":[],"is_endless":false,"potions_floor_spawned":[5],"killed_by":"Lagavulin","ascension_level":4}}