{"host":"qm4rv4rkpk76sbxu","time":1611330382,"event":{"mods":["BaseMod","Bestiary","Block Reminder","DeckTracker","Filter the Spire","Keyboard Shortcuts","Minty Spire (QoL Compilation)","MonsterHotkey","Quick Restart","Random Character Button","Relic Stats","Slay-I","StSLib","Unceasing Turn Reminder","ojb\u0027s Better Paths Mod","ojb\u0027s Info Mod"],"gold_per_floor":[111,111,111,61,77,77,89,107,107,121,296,296,316,330,330,427,427,438,438,449,70,81,108,33,62,62,62,62,90,106,146,146,242,242,258,258,268,319,341,373,388,428,428,461,486,515,515,533,533,533,533,533,1,39,39],"floor_reached":56,"language":"ENG","playtime":1463,"items_purged":["Defend_P"],"score":1593,"play_id":"459e7ae2-631f-4b05-8775-fe7359afcacb","local_time":"20210122164622","is_ascension_mode":true,"campfire_choices":[{"data":"CarveReality","floor":6,"key":"SMITH"},{"data":"Eruption","floor":12,"key":"SMITH"},{"data":"Meditate","floor":15,"key":"SMITH"},{"data":"Scrawl","floor":32,"key":"SMITH"},{"data":"DevaForm","floor":47,"key":"SMITH"},{"floor":49,"key":"RECALL"},{"data":"Madness","floor":52,"key":"SMITH"}],"circlet_count":0,"master_deck":["Strike_P+1","Strike_P+1","Defend_P","Defend_P+1","Eruption+1","Vigilance+1","Conclude","CarveReality+1","Wallop+1","WheelKick+1","Meditate+1","DeusExMachina+1","LessonLearned+1","WheelKick+1","Scrawl+1","Tantrum+1","MentalFortress+1","CrushJoints+1","Prostrate+1","DevaForm+1","Madness+1","Madness+1","LikeWater","TalkToTheHand","CutThroughFate","Prostrate+1"],"relics":["PureWater","NeowsBlessing","Mummified Hand","Singing Bowl","Coffee Dripper","Medical Kit","Oddly Smooth Stone","HornCleat","Mercury Hourglass","Bird Faced Urn","Bag of Marbles","CeramicFish","Black Star","Bag of Preparation","Question Card","Kunai","Damaru","PreservedInsect","Calipers","Unceasing Top","Vajra","TheAbacus","TeardropLocket","FossilizedHelix"],"acts_visited":["Exordium","TheCity","TheBeyond","TheEnding"],"potions_floor_usage":[14,22,29,31,31,40,44,50,54],"damage_taken":[{"damage":0,"enemies":"Jaw Worm","floor":1,"turns":1},{"damage":0,"enemies":"2 Louse","floor":5,"turns":1},{"damage":0,"enemies":"Small Slimes","floor":7,"turns":1},{"damage":0,"enemies":"3 Louse","floor":8,"turns":1},{"damage":4,"enemies":"Blue Slaver","floor":10,"turns":3},{"damage":0,"enemies":"Exordium Wildlife","floor":13,"turns":1},{"damage":0,"enemies":"Gremlin Gang","floor":14,"turns":1},{"damage":0,"enemies":"Slime Boss","floor":16,"turns":5},{"damage":2,"enemies":"Spheric Guardian","floor":18,"turns":3},{"damage":7,"enemies":"Shell Parasite","floor":20,"turns":3},{"damage":0,"enemies":"Snecko","floor":22,"turns":4},{"damage":8,"enemies":"Slavers","floor":23,"turns":2},{"damage":12,"enemies":"Book of Stabbing","floor":25,"turns":2},{"damage":28,"enemies":"Slavers","floor":29,"turns":3},{"damage":0,"enemies":"Snake Plant","floor":30,"turns":1},{"damage":0,"enemies":"Book of Stabbing","floor":31,"turns":1},{"damage":0,"enemies":"Collector","floor":33,"turns":3},{"damage":0,"enemies":"3 Shapes","floor":35,"turns":1},{"damage":0,"enemies":"3 Darklings","floor":37,"turns":2},{"damage":0,"enemies":"Writhing Mass","floor":39,"turns":3},{"damage":0,"enemies":"Reptomancer","floor":40,"turns":4},{"damage":0,"enemies":"Spire Growth","floor":41,"turns":2},{"damage":0,"enemies":"Nemesis","floor":42,"turns":3},{"damage":36,"enemies":"Reptomancer","floor":44,"turns":2},{"damage":0,"enemies":"Maw","floor":45,"turns":6},{"damage":0,"enemies":"Sphere and 2 Shapes","floor":46,"turns":2},{"damage":1,"enemies":"Awakened One","floor":50,"turns":7},{"damage":0,"enemies":"Shield and Spear","floor":54,"turns":3},{"damage":56,"enemies":"The Heart","floor":55,"turns":7}],"seed_played":"2072127165243735156","potions_obtained":[{"floor":1,"key":"Regen Potion"},{"floor":10,"key":"AttackPotion"},{"floor":16,"key":"Fruit Juice"},{"floor":20,"key":"Regen Potion"},{"floor":22,"key":"Block Potion"},{"floor":29,"key":"BottledMiracle"},{"floor":33,"key":"BottledMiracle"},{"floor":41,"key":"ColorlessPotion"},{"floor":44,"key":"Fire Potion"},{"floor":46,"key":"Explosive Potion"}],"is_trial":false,"path_per_floor":["M","?","?","?","M","R","M","M","T","M","?","R","M","M","R","B",null,"M","?","M","$","M","E","?","E","T","?","?","E","M","E","R","B",null,"M","?","M","T","M","E","M","E","T","E","M","M","R","?","R","B",null,"R","$","E","B",null],"character_chosen":"WATCHER","items_purchased":["Medical Kit","Oddly Smooth Stone","Vajra","TheAbacus","LikeWater","TalkToTheHand","CutThroughFate","Swift Potion"],"campfire_rested":0,"item_purchase_floors":[21,21,53,53,53,53,53,53],"current_hp_per_floor":[72,58,46,46,46,46,46,46,46,42,42,42,42,44,44,44,74,74,74,69,69,76,70,70,60,60,60,60,41,41,41,41,43,91,93,93,95,95,95,97,99,99,99,65,67,67,67,54,54,72,101,101,101,101,47],"gold":39,"neow_bonus":"THREE_ENEMY_KILL","is_daily":false,"chose_seed":false,"campfire_upgraded":6,"win_rate":0.0,"timestamp":1611330382,"path_taken":["M","?","?","?","M","R","M","M","T","M","?","R","?","M","R","BOSS","M","?","?","$","M","E","?","E","T","?","?","E","M","E","R","BOSS","M","?","M","?","M","E","M","E","T","E","M","M","R","?","R","BOSS","R","$","E","BOSS"],"items_purchased_type":["Relic","Relic","Relic","Relic","Card","Card","Card","Potion"],"build_version":"2020-12-22","purchased_purges":1,"victory":true,"max_hp_per_floor":[72,72,72,72,72,72,72,72,72,72,72,72,72,74,74,74,74,76,76,78,78,85,87,87,89,89,89,89,89,89,89,89,91,91,93,93,95,95,95,97,99,99,99,101,101,101,101,101,101,101,101,101,101,101,101],"relic_stats":{"Singing Bowl":24,"counters":[29,78],"CeramicFish":99,"PreservedInsect":127,"Bag of Preparation":[18],"Medical Kit":[7],"Question Card":6,"Mercury Hourglass":[205],"TheAbacus":[18],"Mummified Hand":[18],"Bird Faced Urn":[8],"Black Star":4,"Kunai":[21],"obtain_stats":[{"Calipers":44,"NeowsBlessing":0,"Singing Bowl":9,"CeramicFish":31,"Oddly Smooth Stone":21,"Damaru":42,"Vajra":53,"PreservedInsect":43,"Bag of Preparation":40,"TeardropLocket":54,"Medical Kit":21,"Question Card":40,"Mercury Hourglass":25,"HornCleat":23,"TheAbacus":53,"Mummified Hand":3,"Bird Faced Urn":26,"Coffee Dripper":17,"Bag of Marbles":29,"Black Star":34,"Kunai":42,"PureWater":0,"Unceasing Top":44,"FossilizedHelix":54},{"Calipers":24,"NeowsBlessing":0,"Singing Bowl":4,"CeramicFish":16,"Oddly Smooth Stone":10,"Damaru":23,"Vajra":27,"PreservedInsect":23,"Bag of Preparation":21,"TeardropLocket":28,"Medical Kit":10,"Question Card":21,"Mercury Hourglass":13,"HornCleat":12,"TheAbacus":27,"Mummified Hand":1,"Bird Faced Urn":13,"Coffee Dripper":8,"Bag of Marbles":14,"Black Star":17,"Kunai":23,"PureWater":0,"Unceasing Top":24,"FossilizedHelix":28},{"Calipers":53,"NeowsBlessing":0,"Singing Bowl":4,"CeramicFish":33,"Oddly Smooth Stone":20,"Damaru":51,"Vajra":68,"PreservedInsect":51,"Bag of Preparation":46,"TeardropLocket":71,"Medical Kit":20,"Question Card":46,"Mercury Hourglass":28,"HornCleat":26,"TheAbacus":68,"Mummified Hand":1,"Bird Faced Urn":28,"Coffee Dripper":14,"Bag of Marbles":31,"Black Star":36,"Kunai":51,"PureWater":0,"Unceasing Top":53,"FossilizedHelix":71}],"Unceasing Top":[3]},"card_choices":[{"not_picked":["Collect","CrushJoints"],"picked":"Conclude","floor":1},{"not_picked":["Prostrate","Collect"],"picked":"CarveReality","floor":5},{"not_picked":["LikeWater","DeceiveReality"],"picked":"Wallop","floor":7},{"not_picked":["PathToVictory","JustLucky","Indignation"],"picked":"SKIP","floor":8},{"not_picked":["BowlingBash","Brilliance"],"picked":"WheelKick","floor":10},{"not_picked":["JustLucky","CarveReality"],"picked":"Meditate","floor":13},{"not_picked":["Weave","BowlingBash","Consecrate"],"picked":"Singing Bowl","floor":14},{"not_picked":["Alpha","ConjureBlade"],"picked":"DeusExMachina","floor":16},{"not_picked":["ClearTheMind+1","BattleHymn+1","ThirdEye"],"picked":"Singing Bowl","floor":18},{"not_picked":["BowlingBash","WreathOfFlame+1","WindmillStrike+1"],"picked":"Singing Bowl","floor":20},{"not_picked":["FlurryOfBlows","EmptyFist","FlyingSleeves"],"picked":"Singing Bowl","floor":22},{"not_picked":["EmptyMind","DeusExMachina","FlyingSleeves+1"],"picked":"Singing Bowl","floor":23},{"not_picked":["BattleHymn","CutThroughFate+1","FollowUp+1"],"picked":"Singing Bowl","floor":25},{"not_picked":["Study","FollowUp"],"picked":"WheelKick+1","floor":29},{"not_picked":["FollowUp","CrushJoints+1"],"picked":"Scrawl","floor":30},{"not_picked":["Conclude","Prostrate"],"picked":"Tantrum","floor":31},{"not_picked":["Brilliance","Judgement","Omniscience"],"picked":"Singing Bowl","floor":33},{"not_picked":["FlurryOfBlows","WindmillStrike+1","Crescendo+1"],"picked":"Singing Bowl","floor":35},{"not_picked":["CutThroughFate","ThirdEye+1","Tantrum+1"],"picked":"Singing Bowl","floor":37},{"not_picked":["Perseverance","ForeignInfluence+1"],"picked":"MentalFortress+1","floor":39},{"not_picked":["Judgement","MentalFortress+1","EmptyFist"],"picked":"Singing Bowl","floor":40},{"not_picked":["Halt+1","Nirvana","DeceiveReality+1","Crescendo+1"],"picked":"Singing Bowl","floor":41},{"not_picked":["FlurryOfBlows","Devotion","Omniscience"],"picked":"CrushJoints+1","floor":42},{"not_picked":["FearNoEvil","Evaluate","EmptyMind+1","LikeWater+1"],"picked":"Singing Bowl","floor":44},{"not_picked":["FlyingSleeves+1","WindmillStrike","Protect"],"picked":"Prostrate+1","floor":45},{"not_picked":["JustLucky+1","FlyingSleeves+1","InnerPeace+1"],"picked":"DevaForm","floor":46},{"not_picked":["PathToVictory+1","JustLucky","FollowUp"],"picked":"Prostrate+1","floor":54}],"player_experience":1364211,"relics_obtained":[{"floor":9,"key":"Singing Bowl"},{"floor":23,"key":"HornCleat"},{"floor":25,"key":"Mercury Hourglass"},{"floor":26,"key":"Bird Faced Urn"},{"floor":29,"key":"Bag of Marbles"},{"floor":31,"key":"CeramicFish"},{"floor":40,"key":"Bag of Preparation"},{"floor":40,"key":"Question Card"},{"floor":42,"key":"Kunai"},{"floor":42,"key":"Damaru"},{"floor":43,"key":"PreservedInsect"},{"floor":44,"key":"Calipers"},{"floor":44,"key":"Unceasing Top"},{"floor":54,"key":"TeardropLocket"},{"floor":54,"key":"FossilizedHelix"}],"event_choices":[{"damage_healed":0,"gold_gain":0,"player_choice":"Entered Light","damage_taken":14,"max_hp_gain":0,"max_hp_loss":0,"event_name":"Shining Light","floor":2,"gold_loss":0,"cards_upgraded":["Strike_P","Strike_P"]},{"damage_healed":0,"gold_gain":0,"player_choice":"Success","damage_taken":12,"relics_obtained":["Mummified Hand"],"max_hp_gain":0,"max_hp_loss":0,"event_name":"Scrap Ooze","floor":3,"gold_loss":0},{"cards_removed":["Strike_P"],"damage_healed":0,"gold_gain":0,"player_choice":"Card Removal","damage_taken":0,"max_hp_gain":0,"max_hp_loss":0,"event_name":"The Cleric","floor":4,"gold_loss":50},{"damage_healed":0,"gold_gain":175,"player_choice":"AGREE","damage_taken":0,"max_hp_gain":0,"max_hp_loss":0,"event_name":"Liars Game","floor":11,"gold_loss":0,"cards_obtained":["Doubt"]},{"cards_removed":["Doubt"],"damage_healed":0,"gold_gain":0,"player_choice":"Removed Curses","damage_taken":0,"max_hp_gain":0,"max_hp_loss":0,"event_name":"Fountain of Cleansing","floor":19,"gold_loss":0},{"cards_removed":["Strike_P"],"damage_healed":0,"gold_gain":0,"player_choice":"Gave Gold","damage_taken":0,"max_hp_gain":0,"max_hp_loss":0,"event_name":"Beggar","floor":24,"gold_loss":75},{"damage_healed":0,"gold_gain":0,"player_choice":"Read","damage_taken":0,"max_hp_gain":0,"max_hp_loss":0,"event_name":"The Library","floor":27,"gold_loss":0,"cards_obtained":["LessonLearned"]},{"cards_removed":["Defend_P"],"damage_healed":0,"gold_gain":0,"player_choice":"Elegance","damage_taken":0,"max_hp_gain":0,"max_hp_loss":0,"event_name":"Back to Basics","floor":28,"gold_loss":0},{"damage_healed":0,"gold_gain":0,"player_choice":"Ignored","damage_taken":0,"max_hp_gain":0,"max_hp_loss":0,"event_name":"Tomb of Lord Red Mask","floor":36,"gold_loss":0},{"damage_healed":0,"gold_gain":0,"player_choice":"Embrace Madness","damage_taken":13,"max_hp_gain":0,"max_hp_loss":0,"event_name":"Winding Halls","floor":48,"gold_loss":0,"cards_obtained":["Madness","Madness"]}],"is_beta":false,"boss_relics":[{"not_picked":["Calling Bell","Philosopher\u0027s Stone"],"picked":"Coffee Dripper"},{"not_picked":["HolyWater","Cursed Key"],"picked":"Black Star"}],"items_purged_floors":[21],"is_endless":false,"potions_floor_spawned":[1,10,16,20,22,29,33,41,44,46],"ascension_level":1}}