{"host":"ml80p9p157c7xd90","time":1611315087,"event":{"mods":["Ascension Unlocker","Aspiration","BaseMod","Bestiary","Better Altar","Better Match","Better Note","Better Sensory Stone","Better Skull","Better Third Choice","Colored Map","Conspire","Dark Map","Downfall","Friendly Minions","Halation","Hubris","Minty Spire (QoL Compilation)","Relic Stats","StSLib","Wandering Minibosses"],"gold_per_floor":[116,116,116,37,37,66,66,94,94,94,94,94,94],"floor_reached":11,"language":"ENG","playtime":426,"items_purged":[],"score":254,"play_id":"57b3d5b3-fb9a-4dcc-afe4-9621591642d5","local_time":"20210122043127","daily_mods":["Draft","Heirloom","DeadlyEvents","Night Terrors","Terminal","downfall:WorldOfGoo","downfall:Enraging"],"is_ascension_mode":true,"campfire_choices":[{"data":"Slimebound:SpikyOuterGoop","floor":7,"key":"SMITH"}],"circlet_count":0,"master_deck":["AscendersBane","hubris:Hubris","Slimebound:SplitAcid","Slimebound:Recollect","Slimebound:Gluttony","Slimebound:HungryTackle","Slimebound:SplitSpecialist","Slimebound:FormOfPuddle","Slimebound:Grow","Slimebound:LivingWall","Slimebound:LeechEnergy","Slimebound:SpikyOuterGoop+1","Slimebound:LeechingTouch","Slimebound:GoopSpray","Slimebound:RainOfGoop","Slimebound:ItLooksTasty","Slimebound:MegaLick","Slimebound:Gluttony","Slimebound:SplitSpecialist","Slimebound:LeechingTouch","hubris:Compulsion","hubris:Despair","Slimebound:GrowthPunch"],"relics":["Slimebound:AbsorbEndCombat","Pocketwatch","aspiration:SeaSaltIceCream","downfall:HeartsMalice","Regal Pillow","downfall:ExtraCursedKey","Dream Catcher","Lantern","InkBottle"],"acts_visited":["Exordium"],"potions_floor_usage":[],"damage_taken":[{"damage":0,"enemies":"Cultist","floor":1,"turns":5},{"damage":0,"enemies":"3 Sentries","floor":6,"turns":1},{"damage":0,"enemies":"Lagavulin","floor":8,"turns":1},{"damage":0,"enemies":"2 Louse","floor":10,"turns":1},{"damage":45,"enemies":"Gremlin Nob","floor":11,"turns":4}],"seed_played":"8782111904384850743","potions_obtained":[{"floor":6,"key":"BlessingOfTheForge"}],"is_trial":true,"path_per_floor":["M","T","?","$","?","E","R","E","T","M","E"],"character_chosen":"SLIMEBOUND","items_purchased":["Slimebound:SplitSpecialist"],"campfire_rested":0,"item_purchase_floors":[4],"current_hp_per_floor":[57,56,30,30,30,30,30,30,30,30,0,0,0],"gold":94,"neow_bonus":"","is_daily":false,"chose_seed":false,"campfire_upgraded":1,"win_rate":0.0,"timestamp":1611315087,"path_taken":["M","?","?","?","?","E","R","E","T","M","?"],"items_purchased_type":["Card"],"build_version":"2020-12-22","purchased_purges":0,"victory":false,"max_hp_per_floor":[57,56,55,54,53,52,51,50,49,48,48,48,48],"relic_stats":{"Regal Pillow":0,"Dream Catcher":0,"counters":[5,8],"obtain_stats":[{"Regal Pillow":3,"Dream Catcher":6,"Lantern":8,"downfall:HeartsMalice":2,"downfall:ExtraCursedKey":5,"Slimebound:AbsorbEndCombat":0,"aspiration:SeaSaltIceCream":2,"InkBottle":9,"Pocketwatch":0},{"Regal Pillow":1,"Dream Catcher":2,"Lantern":3,"downfall:HeartsMalice":1,"downfall:ExtraCursedKey":1,"Slimebound:AbsorbEndCombat":0,"aspiration:SeaSaltIceCream":1,"InkBottle":3,"Pocketwatch":0},{"Regal Pillow":4,"Dream Catcher":4,"Lantern":4,"downfall:HeartsMalice":4,"downfall:ExtraCursedKey":4,"Slimebound:AbsorbEndCombat":0,"aspiration:SeaSaltIceCream":4,"InkBottle":4,"Pocketwatch":0}],"InkBottle":[1],"Pocketwatch":[6]},"card_choices":[{"not_picked":["Slimebound:SplitLeeching","Slimebound:SlimeSpikes"],"picked":"Slimebound:SplitAcid","floor":0},{"not_picked":["Slimebound:FinishingTackle","Slimebound:ItLooksTasty"],"picked":"Slimebound:Recollect","floor":0},{"not_picked":["Slimebound:LeechingTouch","Slimebound:Equalize"],"picked":"Slimebound:Gluttony","floor":0},{"not_picked":["Slimebound:Chomp","Slimebound:SpikyOuterGoop"],"picked":"Slimebound:HungryTackle","floor":0},{"not_picked":["Slimebound:GoopTackle","Slimebound:LeechingTouch"],"picked":"Slimebound:SplitSpecialist","floor":0},{"not_picked":["Slimebound:ServeAndProtect","Slimebound:ViciousTackle"],"picked":"Slimebound:FormOfPuddle","floor":0},{"not_picked":["Slimebound:SlimeBarrage","Slimebound:SamplingLick"],"picked":"Slimebound:Grow","floor":0},{"not_picked":["Slimebound:ServeAndProtect","Slimebound:SplitLeeching"],"picked":"Slimebound:LivingWall","floor":0},{"not_picked":["Slimebound:SplitAcid","Slimebound:BestDefense"],"picked":"Slimebound:LeechEnergy","floor":0},{"not_picked":["Slimebound:SamplingLick","Slimebound:LeechEnergy"],"picked":"Slimebound:SpikyOuterGoop","floor":0},{"not_picked":["Slimebound:FinishingTackle","Slimebound:DisruptingSlam"],"picked":"Slimebound:LeechingTouch","floor":0},{"not_picked":["Slimebound:Prepare","Slimebound:Schlurp"],"picked":"Slimebound:GoopSpray","floor":0},{"not_picked":["Slimebound:SplitBruiser","Slimebound:Prepare"],"picked":"Slimebound:RainOfGoop","floor":0},{"not_picked":["Slimebound:SplitBruiser","Slimebound:SplitMire"],"picked":"Slimebound:ItLooksTasty","floor":0},{"not_picked":["Slimebound:Chomp","Slimebound:GoopTackle"],"picked":"Slimebound:MegaLick","floor":0},{"not_picked":["Slimebound:FlameTackle","Slimebound:SplitLeeching"],"picked":"Slimebound:Gluttony","floor":1},{"not_picked":["Slimebound:FormOfPuddle","Slimebound:LivingWall"],"picked":"Slimebound:LeechingTouch","floor":6},{"not_picked":["Slimebound:PressTheAttack","Slimebound:BestDefense","Slimebound:ProtectTheBoss"],"picked":"SKIP","floor":8},{"not_picked":["Slimebound:RainOfGoop","Slimebound:PressTheAttack"],"picked":"Slimebound:GrowthPunch","floor":10}],"player_experience":452543,"relics_obtained":[{"floor":2,"key":"aspiration:SeaSaltIceCream"},{"floor":6,"key":"Dream Catcher"},{"floor":8,"key":"Lantern"},{"floor":9,"key":"InkBottle"}],"event_choices":[{"damage_healed":0,"gold_gain":0,"player_choice":"Success","damage_taken":26,"relics_obtained":["Regal Pillow"],"max_hp_gain":0,"max_hp_loss":0,"event_name":"Scrap Ooze","floor":3,"gold_loss":0}],"is_beta":false,"boss_relics":[],"items_purged_floors":[],"is_endless":false,"potions_floor_spawned":[6],"killed_by":"Gremlin Nob","ascension_level":20}}