{"host":"yvb207ks1sg3cxef","time":1611337302,"event":{"mods":["2.2 Compatiblity","BaseMod","Bestiary","Colored Powertips","Minty Spire (QoL Compilation)","Permanent Neow","Quick Restart","Relic Stats","StSLib"],"gold_per_floor":[113,128,148,162,162,188,188,216,265,265,276,17,35,54,54,133,133,146,164,177,192,211,211,241,241,267,302,317,317,335,374,374,456,456,484,513,531,531,554,554,573,582,582,617,629,629,648,677,677,677,677,677,86,120,120],"floor_reached":56,"language":"ENG","playtime":4654,"items_purged":["Strike_P","Strike_P+1"],"score":2160,"play_id":"869b4f18-0840-4b2c-bd77-56b626bf92d9","local_time":"20210122231142","is_ascension_mode":true,"campfire_choices":[{"floor":7.0,"key":"REST"},{"floor":10.0,"key":"REST"},{"data":"MentalFortress","floor":15.0,"key":"SMITH"},{"floor":23.0,"key":"REST"},{"floor":29.0,"key":"REST"},{"floor":32.0,"key":"REST"},{"data":"Scrawl","floor":40.0,"key":"SMITH"},{"data":"Scrawl","floor":46.0,"key":"SMITH"},{"floor":49,"key":"RECALL"},{"floor":52,"key":"REST"}],"circlet_count":0,"master_deck":["AscendersBane","Strike_P+1","Strike_P+1","Defend_P+1","Defend_P+1","Defend_P+1","Defend_P+1","Eruption+1","Vigilance+1","LessonLearned+1","CutThroughFate+1","EmptyBody+1","Protect+1","SandsOfTime+1","InnerPeace+1","FlurryOfBlows+1","FlurryOfBlows+1","FearNoEvil+1","MentalFortress+1","Vengeance+1","ThirdEye+1","InnerPeace+1","Scrawl+1","CutThroughFate+1","EmptyMind+1","EmptyBody+1","FlurryOfBlows+1","Scrawl+1","Perseverance+1","DeusExMachina+1","Wallop+1","FearNoEvil+1","Meditate+1","Adaptation+1","Consecrate+1","Indignation+1","Sanctity","Master of Strategy+1","Scrawl"],"relics":["PureWater","War Paint","Kunai","SlaversCollar","Orichalcum","CeramicFish","Happy Flower","InkBottle","Black Star","Art of War","Blood Vial","Bronze Scales","Membership Card","Bag of Preparation","Thread and Needle","Nunchaku","Bottled Flame"],"acts_visited":["Exordium","TheCity","TheBeyond","TheEnding"],"potions_floor_usage":[55],"damage_taken":[{"damage":20.0,"enemies":"Jaw Worm","floor":1.0,"turns":6.0},{"damage":7.0,"enemies":"Cultist","floor":2.0,"turns":4.0},{"damage":0.0,"enemies":"2 Louse","floor":3.0,"turns":2.0},{"damage":2.0,"enemies":"Lots of Slimes","floor":4.0,"turns":4.0},{"damage":21.0,"enemies":"3 Sentries","floor":6.0,"turns":15.0},{"damage":17.0,"enemies":"Lagavulin","floor":8.0,"turns":11.0},{"damage":0.0,"enemies":"3 Louse","floor":11.0,"turns":4.0},{"damage":2.0,"enemies":"Blue Slaver","floor":13.0,"turns":3.0},{"damage":3.0,"enemies":"Exordium Wildlife","floor":14.0,"turns":4.0},{"damage":0.0,"enemies":"Slime Boss","floor":16.0,"turns":6.0},{"damage":17.0,"enemies":"3 Byrds","floor":18.0,"turns":8.0},{"damage":5.0,"enemies":"Spheric Guardian","floor":19.0,"turns":4.0},{"damage":10.0,"enemies":"Centurion and Healer","floor":20.0,"turns":7.0},{"damage":0.0,"enemies":"Snake Plant","floor":21.0,"turns":6.0},{"damage":6.0,"enemies":"3 Cultists","floor":22.0,"turns":5.0},{"damage":9.0,"enemies":"Slavers","floor":24.0,"turns":10.0},{"damage":11.0,"enemies":"Book of Stabbing","floor":27.0,"turns":3.0},{"damage":9.0,"enemies":"Shelled Parasite and Fungi","floor":28.0,"turns":2.0},{"damage":3.0,"enemies":"Sentry and Sphere","floor":30.0,"turns":6.0},{"damage":6.0,"enemies":"Gremlin Leader","floor":31.0,"turns":8.0},{"damage":0.0,"enemies":"Collector","floor":33.0,"turns":12.0},{"damage":6.0,"enemies":"3 Shapes","floor":35.0,"turns":4.0},{"damage":0.0,"enemies":"3 Darklings","floor":36.0,"turns":4.0},{"damage":0.0,"enemies":"Sphere and 2 Shapes","floor":37.0,"turns":3.0},{"damage":12.0,"enemies":"Transient","floor":39.0,"turns":5.0},{"damage":0.0,"enemies":"Maw","floor":41.0,"turns":8.0},{"damage":0.0,"enemies":"Nemesis","floor":44.0,"turns":5.0},{"damage":0.0,"enemies":"Sphere and 2 Shapes","floor":45.0,"turns":6.0},{"damage":0.0,"enemies":"3 Darklings","floor":47.0,"turns":4.0},{"damage":5.0,"enemies":"Writhing Mass","floor":48.0,"turns":7.0},{"damage":29,"enemies":"Awakened One","floor":50,"turns":10},{"damage":0,"enemies":"Shield and Spear","floor":54,"turns":9},{"damage":23,"enemies":"The Heart","floor":55,"turns":8}],"seed_played":"-6516786224771732791","potions_obtained":[{"floor":2.0,"key":"ColorlessPotion"},{"floor":4.0,"key":"GamblersBrew"},{"floor":8.0,"key":"PowerPotion"},{"floor":11.0,"key":"Energy Potion"},{"floor":19.0,"key":"DuplicationPotion"},{"floor":21.0,"key":"LiquidBronze"},{"floor":28.0,"key":"Block Potion"},{"floor":31.0,"key":"Ancient Potion"},{"floor":33.0,"key":"SteroidPotion"},{"floor":36.0,"key":"DistilledChaos"},{"floor":39.0,"key":"EssenceOfSteel"},{"floor":45.0,"key":"StancePotion"},{"floor":48,"key":"SteroidPotion"}],"is_trial":false,"path_per_floor":["M","M","M","M","?","E","R","E","T","R","M","$","M","M","R","B",null,"M","M","M","M","M","R","E","?","T","E","M","R","M","E","R","B",null,"M","M","M","?","M","R","M","?","T","E","M","R","M","M","R","B",null,"R","$","E","B",null],"character_chosen":"WATCHER","items_purchased":["FearNoEvil","MentalFortress","Vengeance","Membership Card","Bag of Preparation","Thread and Needle","LiquidMemories","Sanctity","Master of Strategy","LiquidMemories"],"campfire_rested":6,"item_purchase_floors":[12,12,12,53,53,53,53,53,53,53],"current_hp_per_floor":[41,34,34,32,32,11,29,12,12,30,30,30,28,25,25,25,53,36,31,21,21,15,33,24,24,24,13,4,22,19,13,31,31,54,48,48,48,48,36,36,36,36,36,36,38,38,40,37,37,10,49,62,62,62,39],"gold":120,"neow_bonus":"THREE_RARE_CARDS","is_daily":false,"chose_seed":false,"campfire_upgraded":3,"win_rate":0.0,"timestamp":1611337302,"path_taken":["M","M","M","M","?","E","R","E","T","R","M","?","M","M","R","BOSS","M","M","M","M","M","R","E","?","T","E","M","R","M","E","R","BOSS","M","?","M","?","M","R","M","?","T","E","M","R","M","M","R","BOSS","R","$","E","BOSS"],"items_purchased_type":["Card","Card","Card","Relic","Relic","Relic","Potion","Card","Card","Potion"],"build_version":"2020-12-22","purchased_purges":2,"victory":true,"max_hp_per_floor":[62,62,62,62,62,62,62,62,62,62,62,62,62,62,62,62,62,62,62,62,62,62,62,62,62,62,62,62,62,62,62,62,62,62,62,62,62,62,62,62,62,62,62,62,62,62,62,62,62,62,62,62,62,62,62],"relic_stats":{"Happy Flower":[33],"counters":[33,203],"CeramicFish":99,"Bag of Preparation":[6],"War Paint":["InnerPeace","EmptyBody"],"Orichalcum":[18],"Blood Vial":8,"Nunchaku":[6],"Bronze Scales":[233],"Black Star":2,"Art of War":[2],"Kunai":[166],"obtain_stats":[{"Happy Flower":27,"CeramicFish":26,"Thread and Needle":53,"Bag of Preparation":53,"War Paint":6,"Orichalcum":24,"Blood Vial":44,"SlaversCollar":17,"Nunchaku":54,"Bottled Flame":54,"Bronze Scales":44,"Black Star":34,"Art of War":43,"Kunai":8,"Membership Card":53,"PureWater":0,"InkBottle":31},{"Happy Flower":17,"CeramicFish":16,"Thread and Needle":31,"Bag of Preparation":31,"War Paint":5,"Orichalcum":16,"Blood Vial":27,"SlaversCollar":10,"Nunchaku":32,"Bottled Flame":32,"Bronze Scales":27,"Black Star":21,"Art of War":26,"Kunai":6,"Membership Card":31,"PureWater":0,"InkBottle":20},{"Happy Flower":102,"CeramicFish":99,"Thread and Needle":186,"Bag of Preparation":186,"War Paint":31,"Orichalcum":99,"Blood Vial":159,"SlaversCollar":59,"Nunchaku":195,"Bottled Flame":195,"Bronze Scales":159,"Black Star":130,"Art of War":154,"Kunai":42,"Membership Card":186,"PureWater":0,"InkBottle":118}],"InkBottle":[76]},"card_choices":[{"not_picked":["Vault","Ragnarok"],"picked":"LessonLearned","floor":0.0},{"not_picked":["EmptyBody","EmptyFist"],"picked":"CutThroughFate","floor":1.0},{"not_picked":["FollowUp","EmptyFist"],"picked":"EmptyBody","floor":2.0},{"not_picked":["WindmillStrike","WreathOfFlame"],"picked":"Protect","floor":3.0},{"not_picked":["SashWhip","Prostrate"],"picked":"SandsOfTime","floor":4.0},{"not_picked":["Judgement","ThirdEye"],"picked":"InnerPeace","floor":6.0},{"not_picked":["Study","Worship"],"picked":"FlurryOfBlows","floor":8.0},{"not_picked":["SashWhip","CutThroughFate"],"picked":"FlurryOfBlows","floor":11.0},{"not_picked":["Protect","Consecrate"],"picked":"ThirdEye","floor":13.0},{"not_picked":["CutThroughFate","PathToVictory"],"picked":"InnerPeace","floor":14.0},{"not_picked":["Alpha","Establishment"],"picked":"Scrawl","floor":16.0},{"not_picked":["Evaluate","CrushJoints","JustLucky"],"picked":"SKIP","floor":18.0},{"not_picked":["WreathOfFlame+1","CutThroughFate","ReachHeaven"],"picked":"SKIP","floor":19.0},{"not_picked":["WreathOfFlame+1","ReachHeaven"],"picked":"CutThroughFate","floor":19.0},{"not_picked":["Brilliance","Crescendo"],"picked":"EmptyMind","floor":20.0},{"not_picked":["Evaluate","CrushJoints"],"picked":"EmptyBody","floor":21.0},{"not_picked":["Fasting2","SashWhip+1","WreathOfFlame"],"picked":"SKIP","floor":22.0},{"not_picked":["Vengeance","Consecrate"],"picked":"FlurryOfBlows","floor":24.0},{"not_picked":["Collect","Consecrate","Brilliance"],"picked":"SKIP","floor":27.0},{"not_picked":["SandsOfTime","Fasting2","PathToVictory"],"picked":"SKIP","floor":28.0},{"not_picked":["ClearTheMind","Evaluate","JustLucky"],"picked":"SKIP","floor":30.0},{"not_picked":["Consecrate","LikeWater"],"picked":"Perseverance+1","floor":31.0},{"not_picked":["ConjureBlade","Judgement"],"picked":"DeusExMachina","floor":33.0},{"not_picked":["Worship","PathToVictory"],"picked":"Wallop+1","floor":35.0},{"not_picked":["JustLucky","EmptyBody"],"picked":"FearNoEvil","floor":36.0},{"not_picked":["Vengeance","CutThroughFate","Worship+1"],"picked":"SKIP","floor":37.0},{"not_picked":["FlyingSleeves","WreathOfFlame"],"picked":"Meditate+1","floor":39.0},{"not_picked":["SpiritShield","Conclude+1"],"picked":"Adaptation+1","floor":41.0},{"not_picked":["WreathOfFlame","ClearTheMind+1","JustLucky"],"picked":"SKIP","floor":44.0},{"not_picked":["CrushJoints+1","Protect","Study"],"picked":"SKIP","floor":45.0},{"not_picked":["Consecrate+1","JustLucky","InnerPeace"],"picked":"SKIP","floor":47.0},{"not_picked":["Evaluate","EmptyFist+1"],"picked":"Indignation","floor":48},{"not_picked":["ThirdEye","Prostrate"],"picked":"Scrawl","floor":54}],"player_experience":405762,"relics_obtained":[{"floor":6.0,"key":"War Paint"},{"floor":8.0,"key":"Kunai"},{"floor":24.0,"key":"Orichalcum"},{"floor":26.0,"key":"CeramicFish"},{"floor":27.0,"key":"Happy Flower"},{"floor":31.0,"key":"InkBottle"},{"floor":43.0,"key":"Art of War"},{"floor":44.0,"key":"Blood Vial"},{"floor":44.0,"key":"Bronze Scales"},{"floor":54,"key":"Nunchaku"},{"floor":54,"key":"Bottled Flame"}],"event_choices":[{"damage_healed":0.0,"max_hp_gain":0.0,"max_hp_loss":0.0,"gold_gain":0.0,"event_name":"Upgrade Shrine","player_choice":"Upgraded","floor":5.0,"gold_loss":0.0,"damage_taken":0.0,"cards_upgraded":["CutThroughFate"]},{"damage_healed":0.0,"max_hp_gain":0.0,"max_hp_loss":0.0,"gold_gain":0.0,"event_name":"Duplicator","player_choice":"Copied","floor":25.0,"gold_loss":0.0,"damage_taken":0.0,"cards_obtained":["Scrawl"]},{"damage_healed":0.0,"max_hp_gain":0.0,"max_hp_loss":0.0,"gold_gain":0.0,"event_name":"Mysterious Sphere","player_choice":"Ignored","floor":38.0,"gold_loss":0.0,"damage_taken":0.0},{"damage_healed":0.0,"max_hp_gain":0.0,"max_hp_loss":0.0,"gold_gain":0.0,"event_name":"Match and Keep!","player_choice":"1 cards matched","floor":42.0,"gold_loss":0.0,"damage_taken":0.0,"cards_obtained":["Consecrate"]}],"is_beta":false,"boss_relics":[{"not_picked":["Sozu","Calling Bell"],"picked":"SlaversCollar"},{"not_picked":["Tiny House","Busted Crown"],"picked":"Black Star"}],"items_purged_floors":[12,53],"is_endless":false,"potions_floor_spawned":[2,4,8,11,14,19,21,28,30,31,33,36,39,45,48],"ascension_level":14}}