{"host":"6eswuwtz6j8isipc","time":1611347280,"event":{"mods":["BaseMod","Better Third Choice","BetterRewards","Colored Map","Conspire","Hubris","Infinite Spire","Minty Spire (QoL Compilation)","Replay The Spire","Spicy Shops","StSLib","The Animator","The Bug Knight"],"gold_per_floor":[111,130,59,76,76,102,102,132,132,132,67,67,137,15,15,128,128,140,173,195,197,7,7,41,55,126,128,128],"floor_reached":27,"language":"ENG","playtime":2557,"items_purged":["Regret","Injury"],"score":287,"play_id":"07237117-5e7c-4271-977d-d389281ee496","local_time":"20210122152800","is_ascension_mode":false,"campfire_choices":[{"data":"HollowMod:CycloneSlash","floor":7,"key":"SMITH"},{"data":"HollowMod:FastStrike","floor":10,"key":"SMITH"},{"data":"Mayhem","floor":15,"key":"SMITH"},{"data":"HollowMod:HornetsHelp","floor":23,"key":"SMITH"}],"circlet_count":0,"master_deck":["HollowMod:NailStrikeStart","HollowMod:NailStrikeStart","HollowMod:NailStrikeStart","HollowMod:NailStrikeStart","HollowMod:QuickDashStart","HollowMod:QuickDashStart","HollowMod:QuickDashStart","HollowMod:QuickDashStart","HollowMod:FocusHealStart","HollowMod:PogoStrike","HollowMod:PerfectDash","HollowMod:SoulVessel","HollowMod:RecoilStrike+1","HollowMod:FastStrike+1","HollowMod:CycloneSlash+1","HollowMod:SoulSplash","Pot Of Greed","Pot Of Greed","Mayhem+1","Blind","Finesse","HollowMod:MantisMark","HollowMod:HornetsHelp+1","HollowMod:LifebloodCocoon+1","HollowMod:MawleksShell","Pot Of Greed"],"relics":["HollowMod:VesselMask","NeowsBlessing","Akabeko","Grinning Jar","infinitespire:BottledMercury","ReplayTheSpireMod:ShopPack","hubris:OldNail","infinitespire:Midas Blood","Philosopher\u0027s Stone","HollowMod:GreatKnightMask","hubris:BottledHeart","ReplayTheSpireMod:CursedCoin","hubris:BottledRain","Toy Ornithopter","infinitespire:WardingShard"],"acts_visited":["Exordium","TheCity"],"potions_floor_usage":[],"damage_taken":[{"damage":0,"enemies":"infinitespire:Voidling","floor":1,"turns":1},{"damage":0,"enemies":"Small Slimes","floor":2,"turns":1},{"damage":0,"enemies":"conspire:RoseBush","floor":4,"turns":1},{"damage":5,"enemies":"HollowMod:MossKnight","floor":6,"turns":12},{"damage":4,"enemies":"Lagavulin","floor":8,"turns":7},{"damage":15,"enemies":"HollowMod:FalseKnight","floor":16,"turns":7},{"damage":6,"enemies":"Shell Parasite","floor":18,"turns":3},{"damage":0,"enemies":"HollowMod:Zote","floor":19,"turns":2},{"damage":11,"enemies":"conspire:FuzzyDice","floor":20,"turns":4},{"damage":0,"enemies":"Book of Stabbing","floor":24,"turns":5},{"damage":0,"enemies":"Centurion and Healer","floor":25,"turns":4},{"damage":5,"enemies":"Nightmare","floor":27,"turns":4}],"seed_played":"3493410941955972094","potions_obtained":[{"floor":1,"key":"Toxic Potion"},{"floor":4,"key":"SmokeBomb"},{"floor":6,"key":"Fire Potion"}],"is_trial":false,"path_per_floor":["M","M","$","M","?","E","R","E","T","R","$","?","T","$","R","B",null,"M","?","M","?","$","R","E","M","T","NM"],"character_chosen":"THE_BUGKNIGHT","items_purchased":["HollowMod:RecoilStrike","ReplayTheSpireMod:ShopPack","HollowMod:MantisMark","ReplayTheSpireMod:CursedCoin","hubris:BottledRain"],"campfire_rested":0,"item_purchase_floors":[3,11,14,22,22],"current_hp_per_floor":[75,75,75,75,75,75,75,71,71,71,71,71,71,71,71,62,75,69,69,58,1,1,1,1,1,1,0,0],"gold":128,"neow_bonus":"THREE_ENEMY_KILL","is_daily":false,"chose_seed":false,"campfire_upgraded":4,"win_rate":0.0,"timestamp":1611347280,"path_taken":["M","M","$","?","?","E","R","E","T","R","$","?","?","$","R","BOSS","M","?","M","?","?","R","E","M","T","NM"],"items_purchased_type":["Card","Relic","Card","Relic","Relic"],"build_version":"2020-12-22","purchased_purges":2,"victory":false,"max_hp_per_floor":[75,75,75,75,75,75,75,75,75,75,75,75,75,75,75,75,75,75,75,75,1,1,1,1,1,1,1,1],"card_choices":[{"not_picked":["HollowMod:SoulVessel","HollowMod:CrystalDash"],"picked":"HollowMod:PerfectDash","floor":1},{"not_picked":["HollowMod:TaintedHusks","HollowMod:PerfectDash"],"picked":"HollowMod:SoulVessel","floor":2},{"not_picked":["HollowMod:CornifersMapStart","HollowMod:VengefulVoid"],"picked":"HollowMod:FastStrike","floor":4},{"not_picked":["HollowMod:SoulStrike","HollowMod:SoulSplash"],"picked":"HollowMod:CycloneSlash","floor":6},{"not_picked":["HollowMod:LifebloodCocoon","HollowMod:HowlingWraiths"],"picked":"HollowMod:SoulSplash","floor":8},{"not_picked":["Sadistic Nature","Chrysalis"],"picked":"Mayhem","floor":11},{"not_picked":["Impatience","Madness"],"picked":"Blind","floor":11},{"not_picked":["Transmutation","ReplayTheSpireMod:Trickstab"],"picked":"Finesse","floor":11},{"not_picked":["HollowMod:ElderbugsWisdom","HollowMod:Weaversong"],"picked":"HollowMod:HornetsHelp","floor":16},{"not_picked":["HollowMod:CycloneSlash","HollowMod:SharpenedNail"],"picked":"HollowMod:LifebloodCocoon+1","floor":18},{"not_picked":["HollowMod:DashSlash","HollowMod:PerfectDash"],"picked":"HollowMod:MawleksShell","floor":19},{"not_picked":["HollowMod:AbyssShriek","HollowMod:NewJinnsSoul","HollowMod:GreatSlash"],"picked":"SKIP","floor":20},{"not_picked":["HollowMod:WraithStrike","HollowMod:MidwifesHunger","HollowMod:GoodIntentions"],"picked":"SKIP","floor":24},{"not_picked":["HollowMod:TaintedHusks","HollowMod:SharpenedNail","HollowMod:InfectedAttack"],"picked":"SKIP","floor":25}],"player_experience":1305544,"relics_obtained":[{"floor":6,"key":"Akabeko"},{"floor":8,"key":"Grinning Jar"},{"floor":9,"key":"infinitespire:BottledMercury"},{"floor":13,"key":"infinitespire:Midas Blood"},{"floor":19,"key":"HollowMod:GreatKnightMask"},{"floor":24,"key":"Toy Ornithopter"},{"floor":26,"key":"infinitespire:WardingShard"}],"event_choices":[{"damage_healed":0,"gold_gain":0,"player_choice":"Box","damage_taken":0,"relics_obtained":["hubris:OldNail"],"max_hp_gain":0,"max_hp_loss":0,"event_name":"Big Fish","floor":12,"gold_loss":0,"cards_obtained":["Regret"]}],"is_beta":false,"boss_relics":[{"not_picked":["hubris:RunicObelisk","hubris:BlackHole"],"picked":"Philosopher\u0027s Stone"}],"items_purged_floors":[14,22],"is_endless":true,"potions_floor_spawned":[1,4,6,16,24],"killed_by":"Nightmare","ascension_level":0}}