{"host":"bxd97rc2ofc6op20","time":1611303902,"event":{"mods":["BaseMod","Colored Map","Colored Powertips","Googly Eyes","Highlight Path","Minty Spire (QoL Compilation)","Quick Restart","Rare Cards Sparkle"],"gold_per_floor":[117,192,209,221,257,257,291,305,305,305,339,339,364,379,379,474,474,490,155,155,207,233,233,268,288,288,288,288,288,317,317,317,415,415,433,448,129,141,158,158,158,158],"floor_reached":41,"language":"ENG","playtime":4517,"items_purged":["Strike_P","Strike_P"],"score":498,"play_id":"39b4bfc1-b51c-48b9-9e30-5324f9abbd30","local_time":"20210122002502","is_ascension_mode":true,"campfire_choices":[{"data":"WindmillStrike","floor":6.0,"key":"SMITH"},{"floor":12.0,"key":"REST"},{"data":"Establishment","floor":15.0,"key":"SMITH"},{"floor":23.0,"key":"REST"},{"data":"RitualDagger","floor":29.0,"key":"SMITH"},{"floor":32.0,"key":"REST"},{"data":"Vigilance","floor":40,"key":"SMITH"}],"circlet_count":0,"master_deck":["Strike_P","Strike_P","Defend_P","Defend_P","Defend_P","Defend_P","Eruption","Vigilance+1","WindmillStrike+1","ThirdEye","CutThroughFate","Pray","FlurryOfBlows","Establishment+1","ClearTheMind","Collect","ConjureBlade","InnerPeace","BattleHymn","Prostrate","EmptyBody+1","RitualDagger+1","SashWhip+1","Scrawl","Adaptation+1","ThirdEye","TalkToTheHand+1"],"relics":["PureWater","Bag of Preparation","Smiling Mask","Ancient Tea Set","Meat on the Bone","Damaru","Sozu","Pantograph","Juzu Bracelet","Red Mask","Blue Candle","Bird Faced Urn","Singing Bowl","Nilry\u0027s Codex","Cursed Key","Molten Egg 2"],"acts_visited":["Exordium","TheCity","TheBeyond"],"potions_floor_usage":[],"damage_taken":[{"damage":0.0,"enemies":"Jaw Worm","floor":1.0,"turns":6.0},{"damage":0.0,"enemies":"Small Slimes","floor":3.0,"turns":4.0},{"damage":0.0,"enemies":"Cultist","floor":4.0,"turns":3.0},{"damage":0.0,"enemies":"Exordium Wildlife","floor":5.0,"turns":2.0},{"damage":26.0,"enemies":"3 Sentries","floor":7.0,"turns":12.0},{"damage":0.0,"enemies":"Large Slime","floor":8.0,"turns":5.0},{"damage":6.0,"enemies":"Lagavulin","floor":11.0,"turns":7.0},{"damage":28.0,"enemies":"Gremlin Nob","floor":13.0,"turns":4.0},{"damage":10.0,"enemies":"Looter","floor":14.0,"turns":2.0},{"damage":6.0,"enemies":"Hexaghost","floor":16.0,"turns":6.0},{"damage":20.0,"enemies":"3 Byrds","floor":18.0,"turns":5.0},{"damage":48.0,"enemies":"Masked Bandits","floor":22.0,"turns":6.0},{"damage":33.0,"enemies":"Book of Stabbing","floor":24.0,"turns":6.0},{"damage":0.0,"enemies":"Spheric Guardian","floor":25.0,"turns":2.0},{"damage":27.0,"enemies":"Gremlin Leader","floor":30.0,"turns":5.0},{"damage":37.0,"enemies":"Automaton","floor":33.0,"turns":10.0},{"damage":23.0,"enemies":"3 Darklings","floor":35.0,"turns":5.0},{"damage":0,"enemies":"3 Shapes","floor":36,"turns":5},{"damage":57,"enemies":"Transient","floor":38,"turns":5},{"damage":0,"enemies":"Maw","floor":39,"turns":5},{"damage":55,"enemies":"Reptomancer","floor":41,"turns":3}],"seed_played":"-8649876931397431606","potions_obtained":[{"floor":1.0,"key":"SkillPotion"},{"floor":3.0,"key":"ColorlessPotion"},{"floor":13.0,"key":"SpeedPotion"},{"floor":14.0,"key":"PowerPotion"}],"is_trial":false,"path_per_floor":["M","?","M","M","M","R","E","M","T","?","E","R","E","M","R","B",null,"M","$","?","T","?","R","E","M","T","?","?","R","E","?","R","B",null,"M","M","$","M","M","R","E"],"character_chosen":"WATCHER","items_purchased":["Pantograph","BattleHymn","Molten Egg 2","ThirdEye"],"campfire_rested":3,"item_purchase_floors":[19,19,37,37],"current_hp_per_floor":[79,68,68,68,68,68,42,42,42,30,24,47,31,33,33,39,79,59,59,59,59,23,46,25,37,37,37,31,31,20,4,27,39,79,58,68,68,25,45,45,0,0],"gold":158,"neow_bonus":"TEN_PERCENT_HP_BONUS","is_daily":false,"chose_seed":false,"campfire_upgraded":4,"win_rate":0.0,"timestamp":1611303902,"path_taken":["M","?","M","M","M","R","E","M","T","?","E","R","E","M","R","BOSS","M","$","?","?","?","R","E","M","T","?","?","R","E","?","R","BOSS","M","M","$","M","M","R","E"],"items_purchased_type":["Relic","Card","Relic","Card"],"build_version":"2020-12-22","purchased_purges":2,"victory":false,"max_hp_per_floor":[79,79,79,79,79,79,79,79,79,79,79,79,79,79,79,79,79,79,79,79,79,79,79,79,79,79,79,79,79,79,79,79,79,79,79,81,81,81,83,83,83,83],"card_choices":[{"not_picked":["FollowUp","Weave"],"picked":"WindmillStrike","floor":1.0},{"not_picked":["FlurryOfBlows","MentalFortress"],"picked":"ThirdEye","floor":3.0},{"not_picked":["Pray","BattleHymn"],"picked":"CutThroughFate","floor":5.0},{"not_picked":["FollowUp","Omniscience"],"picked":"Pray","floor":7.0},{"not_picked":["PathToVictory","BowlingBash"],"picked":"FlurryOfBlows","floor":8.0},{"not_picked":["Prostrate","ClearTheMind"],"picked":"Establishment","floor":11.0},{"not_picked":["Crescendo","Conclude"],"picked":"ClearTheMind","floor":13.0},{"not_picked":["EmptyFist","CrushJoints"],"picked":"Collect","floor":14.0},{"not_picked":["Vault","MasterReality"],"picked":"ConjureBlade","floor":16.0},{"not_picked":["FlyingSleeves+1","CrushJoints"],"picked":"InnerPeace","floor":18.0},{"not_picked":["JustLucky","Evaluate"],"picked":"Prostrate","floor":22.0},{"not_picked":["PathToVictory+1","ThirdEye"],"picked":"EmptyBody+1","floor":24.0},{"not_picked":["SandsOfTime+1","InnerPeace","SignatureMove+1"],"picked":"SKIP","floor":25.0},{"not_picked":["Wish","EmptyFist+1"],"picked":"SashWhip+1","floor":30.0},{"not_picked":["Establishment","DeusExMachina"],"picked":"Scrawl","floor":33.0},{"not_picked":["WreathOfFlame+1","EmptyBody"],"picked":"Adaptation+1","floor":35},{"not_picked":["BowlingBash+1","Vengeance","JustLucky"],"picked":"Singing Bowl","floor":36},{"not_picked":["Crescendo","ThirdEye+1"],"picked":"TalkToTheHand+1","floor":38},{"not_picked":["EmptyMind+1","ForeignInfluence","WreathOfFlame"],"picked":"Singing Bowl","floor":39}],"player_experience":349800,"relics_obtained":[{"floor":7.0,"key":"Bag of Preparation"},{"floor":9.0,"key":"Smiling Mask"},{"floor":11.0,"key":"Meat on the Bone"},{"floor":13.0,"key":"Damaru"},{"floor":21.0,"key":"Juzu Bracelet"},{"floor":22.0,"key":"Red Mask"},{"floor":24.0,"key":"Blue Candle"},{"floor":26.0,"key":"Bird Faced Urn"},{"floor":30.0,"key":"Singing Bowl"},{"floor":31.0,"key":"Nilry\u0027s Codex"}],"event_choices":[{"damage_healed":0.0,"max_hp_gain":0.0,"max_hp_loss":0.0,"gold_gain":75.0,"event_name":"World of Goop","player_choice":"Gather Gold","floor":2.0,"gold_loss":0.0,"damage_taken":11.0},{"damage_healed":0.0,"max_hp_gain":0.0,"max_hp_loss":0.0,"gold_gain":0.0,"event_name":"Scrap Ooze","player_choice":"Success","floor":10.0,"gold_loss":0.0,"damage_taken":12.0,"relics_obtained":["Ancient Tea Set"]},{"damage_healed":0.0,"max_hp_gain":0.0,"max_hp_loss":0.0,"gold_gain":0.0,"event_name":"Beggar","player_choice":"Ignored","floor":20.0,"gold_loss":0.0,"damage_taken":0.0},{"damage_healed":0.0,"max_hp_gain":0.0,"max_hp_loss":0.0,"gold_gain":0.0,"event_name":"Masked Bandits","player_choice":"Fought Bandits","floor":22.0,"gold_loss":0.0,"damage_taken":0.0},{"damage_healed":0.0,"max_hp_gain":0.0,"max_hp_loss":0.0,"gold_gain":0.0,"event_name":"Vampires","player_choice":"Ignored","floor":27.0,"gold_loss":0.0,"damage_taken":0.0},{"damage_healed":0.0,"max_hp_gain":0.0,"max_hp_loss":0.0,"gold_gain":0.0,"event_name":"Nest","player_choice":"Joined the Cult","floor":28.0,"gold_loss":0.0,"damage_taken":6.0,"cards_obtained":["RitualDagger"]},{"damage_healed":0.0,"max_hp_gain":0.0,"max_hp_loss":0.0,"gold_gain":0.0,"event_name":"Cursed Tome","player_choice":"Obtained Book","floor":31.0,"gold_loss":0.0,"damage_taken":16.0}],"is_beta":false,"boss_relics":[{"not_picked":["SlaversCollar","Calling Bell"],"picked":"Sozu"},{"not_picked":["Pandora\u0027s Box","Astrolabe"],"picked":"Cursed Key"}],"items_purged_floors":[19,37],"is_endless":false,"potions_floor_spawned":[1,3,13,14,18,30,35,36,38],"killed_by":"Reptomancer","ascension_level":1}}