{"host":"njb27ds59h4j3ikk","time":1611300159,"event":{"mods":["AchievementEnabler","BaseMod","Better Altar","Better Match","Better Note","Better Sensory Stone","Better Skull","Better Third Choice","BetterRewards","Downfall","Hermit","Hubris","Minty Spire (QoL Compilation)","Permanent Neow","Quarter Circle Forward PUNCH!","Quick Restart","Rare Cards Sparkle","Shop Mod","StSLib","Trackpad","Transform Curses"],"gold_per_floor":[99,119,119,119,139,139,139,153,183,183,217,217,217,22,37,133,133,133,151,6,6,17,36,104,104,119,132,132,57,57,75,75,75,75],"floor_reached":32,"language":"ENG","playtime":1790,"items_purged":[],"score":338,"play_id":"ca9f88c8-154c-40b7-920c-59b55ba47e89","local_time":"20210122022239","is_ascension_mode":true,"campfire_choices":[{"data":"bronze:Replicate","floor":1.0,"key":"SMITH"},{"floor":6.0,"key":"REST"},{"floor":10.0,"key":"REST"},{"data":"bronze:Overheat","floor":13.0,"key":"SMITH"},{"data":"bronze:Format","floor":18.0,"key":"SMITH"},{"floor":30,"key":"REST"}],"circlet_count":0,"master_deck":["bronze:Strike+1","bronze:Strike+1","bronze:Strike+1","bronze:Strike+1","bronze:Defend+1","bronze:Defend+1","bronze:Defend+1","bronze:Defend+1","bronze:Replicate+1","bronze:Goto","Regret","bronze:Branch","bronze:Spike","bronze:DazingPulse","bronze:Explode","bronze:CutThrough","bronze:InfiniteBeams","hermit:Feint","bronze:Overheat+1","bronze:Safeguard","bronze:Overheat","bronze:DigitalCarnage","bronze:Format+1","bronze:BuggyMess","bronze:Terminator","bronze:BronzeOrb","bronze:Constructor","bronze:Invalidate+1","bronze:BuggyMess+1","Guardian:DonusPower","bronze:DelayedGuard+1","bronze:ItsAFeature","bronze:Mutator","Good Instincts","bronze:Separator","bronze:CloningBeam"],"relics":["bronze:BronzeCore","hubris:DisguiseKit","Pear","StrikeDummy","hubris:EmptyBottle","SacredBark","trackpad:DisasterInABottle"],"acts_visited":["Exordium","TheCity"],"potions_floor_usage":[],"damage_taken":[{"damage":8.0,"enemies":"Jaw Worm","floor":2.0,"turns":3.0},{"damage":76.0,"enemies":"Jaw Worm","floor":4.0,"turns":7.0},{"damage":0.0,"enemies":"Small Slimes","floor":5.0,"turns":3.0},{"damage":2.0,"enemies":"2 Louse","floor":8.0,"turns":2.0},{"damage":24.0,"enemies":"3 Sentries","floor":9.0,"turns":7.0},{"damage":11.0,"enemies":"Gremlin Nob","floor":11.0,"turns":3.0},{"damage":7.0,"enemies":"downfall:FleeingMerchant","floor":14.0,"turns":4.0},{"damage":1.0,"enemies":"Exordium Wildlife","floor":15.0,"turns":2.0},{"damage":30.0,"enemies":"IC_STATUS_ARCHETYPE","floor":16.0,"turns":6.0},{"damage":19.0,"enemies":"Shell Parasite","floor":19.0,"turns":4.0},{"damage":4.0,"enemies":"downfall:FleeingMerchant","floor":20.0,"turns":4.0},{"damage":30.0,"enemies":"Snecko","floor":22.0,"turns":6.0},{"damage":20.0,"enemies":"Snake Plant","floor":23.0,"turns":3.0},{"damage":24.0,"enemies":"Shelled Parasite and Fungi","floor":26.0,"turns":3.0},{"damage":10.0,"enemies":"Snecko","floor":27.0,"turns":4.0},{"damage":37,"enemies":"Sentry and Sphere","floor":31,"turns":5},{"damage":4,"enemies":"Snake Plant","floor":32,"turns":4}],"seed_played":"-652062185423881474","potions_obtained":[{"floor":4.0,"key":"Fruit Juice"},{"floor":9.0,"key":"Strength Potion"},{"floor":11.0,"key":"Block Potion"},{"floor":15.0,"key":"AttackPotion"},{"floor":21.0,"key":"hexamod:SoulburnPotion"},{"floor":21.0,"key":"hexamod:SoulburnPotion"},{"floor":21.0,"key":"Slimebound:ThreeZeroPotion"}],"is_trial":false,"path_per_floor":["R","M","?","?","M","R","T","M","E","R","E","?","R","$","M","B",null,"R","M","$","?","M","M","T","?","M","M","?","?","R","M","M"],"character_chosen":"THE_AUTOMATON","items_purchased":["hubris:EmptyBottle","bronze:Overheat","bronze:BronzeOrb","bronze:Constructor"],"campfire_rested":3,"item_purchase_floors":[14,14,20,20],"current_hp_per_floor":[84,76,81,10,10,38,38,36,22,53,42,114,114,107,106,76,114,114,95,91,91,61,41,41,41,17,7,7,7,41,4,0,0,0],"gold":75,"neow_bonus":"TWENTY_PERCENT_HP_BONUS","is_daily":false,"chose_seed":false,"campfire_upgraded":3,"win_rate":0.0,"timestamp":1611300159,"path_taken":["R","M","?","?","M","R","T","M","E","R","E","?","R","$","M","BOSS","R","M","$","?","M","M","T","?","M","M","?","?","R","M","M"],"items_purchased_type":["Relic","Card","Card","Card"],"build_version":"2020-12-22","purchased_purges":0,"victory":false,"max_hp_per_floor":[84,84,89,94,94,94,94,94,104,104,104,114,114,114,114,114,114,114,114,114,114,114,114,114,114,114,114,114,114,114,114,114,114,114],"card_choices":[{"not_picked":["bronze:ForceShield","bronze:Iterate"],"picked":"bronze:Branch","floor":2.0},{"not_picked":[],"picked":"bronze:Spike","floor":4.0},{"not_picked":[],"picked":"bronze:DazingPulse","floor":4.0},{"not_picked":[],"picked":"bronze:Explode","floor":4.0},{"not_picked":["bronze:Allocate","bronze:Constructor"],"picked":"bronze:CutThrough","floor":4.0},{"not_picked":["bronze:WildBeam","bronze:Invalidate"],"picked":"bronze:InfiniteBeams","floor":5.0},{"not_picked":["bronze:Deprecate","bronze:Format","bronze:BitShift"],"picked":"hermit:Feint","floor":8.0},{"not_picked":["bronze:BitShift","bronze:Refactor","bronze:CutThrough"],"picked":"hermit:BlackWind","floor":9.0},{"not_picked":["bronze:FindAndReplace","bronze:Deprecate","hermit:Spite"],"picked":"bronze:Overheat","floor":11.0},{"not_picked":["bronze:MaxOutput","bronze:InfiniteBeams","hermit:TakeAim"],"picked":"bronze:Safeguard","floor":14.0},{"not_picked":["bronze:Branch","bronze:Turbo","hermit:Combo"],"picked":"bronze:DigitalCarnage","floor":15.0},{"not_picked":["bronze:RecursiveStrike","bronze:FindAndReplace","hermit:FromBeyond"],"picked":"bronze:Format","floor":16.0},{"not_picked":["bronze:Philosophize","bronze:Constructor","hermit:Headshot"],"picked":"bronze:BuggyMess","floor":19.0},{"not_picked":["bronze:Flail","bronze:Separator","hermit:Quickdraw"],"picked":"bronze:Terminator","floor":20.0},{"not_picked":["bronze:Overload+1","bronze:Boost+1","hermit:Headshot"],"picked":"bronze:Invalidate+1","floor":22.0},{"not_picked":["bronze:Shield","bronze:Branch","hermit:Enervate"],"picked":"bronze:BuggyMess+1","floor":23.0},{"not_picked":["bronze:Fortify","bronze:Deprecate","hermit:Dive"],"picked":"bronze:DelayedGuard+1","floor":26.0},{"not_picked":["bronze:Terminator","bronze:Deprecate","hermit:TakeAim"],"picked":"bronze:ItsAFeature","floor":27.0},{"not_picked":["bronze:Format","bronze:ThunderWave","bronze:FindAndReplace"],"picked":"bronze:Mutator","floor":29},{"not_picked":["Mind Blast","Trip","hubris:Insight"],"picked":"Good Instincts","floor":29},{"not_picked":["bronze:BugBarrage","bronze:Constructor","bronze:Invalidate"],"picked":"bronze:Separator","floor":29},{"not_picked":["bronze:Fortify","bronze:CutThrough","hermit:EyeOfTheStorm"],"picked":"bronze:CloningBeam","floor":31}],"player_experience":1288299,"relics_obtained":[{"floor":7.0,"key":"hubris:DisguiseKit"},{"floor":9.0,"key":"Pear"},{"floor":11.0,"key":"StrikeDummy"},{"floor":24.0,"key":"trackpad:DisasterInABottle"}],"event_choices":[{"damage_healed":0.0,"max_hp_gain":5.0,"max_hp_loss":0.0,"gold_gain":0.0,"event_name":"Big Fish","player_choice":"Donut","floor":3.0,"gold_loss":0.0,"damage_taken":0.0},{"damage_healed":0.0,"max_hp_gain":0.0,"max_hp_loss":0.0,"gold_gain":0.0,"event_name":"Lab","player_choice":"Got Potions","floor":21.0,"gold_loss":0.0,"damage_taken":0.0},{"cards_removed":["bronze:Format"],"damage_healed":0.0,"max_hp_gain":0.0,"max_hp_loss":0.0,"gold_gain":0.0,"event_name":"betterNote:BetterNote","player_choice":"Take \u0026 Give","floor":25.0,"gold_loss":0.0,"damage_taken":0.0,"cards_obtained":["Guardian:DonusPower"]},{"damage_healed":0,"gold_gain":0,"player_choice":"1","damage_taken":0,"max_hp_gain":0,"max_hp_loss":0,"event_name":"betterMatch:BetterMatch","floor":29,"gold_loss":0,"cards_obtained":["betterMatch:RareCard","betterMatch:ColorlessUncommonCard","betterMatch:CommonCard"]}],"is_beta":false,"boss_relics":[{"not_picked":["qcfpunch:Killian_Engine_Alpha","trackpad:StolenKidneys"],"picked":"SacredBark"}],"items_purged_floors":[],"is_endless":false,"potions_floor_spawned":[4,9,11,15,22,26,27,31],"killed_by":"Snake Plant","ascension_level":1}}