{"host":"xzukajja6sl452e9","time":1611326631,"event":{"mods":["BaseMod","Colored Powertips","Minty Spire (QoL Compilation)","Rare Cards Sparkle","Relic Stats"],"gold_per_floor":[17,37,53,63,63,63,88,88,88,122,139,16,41,41,41,143,143,157,169,185,185,100,100,113,15,39,71,71,71,71,71,71,169,169,184,234,234,254,254,254,279,279,279,289,316,316,339,27,27,27],"floor_reached":51,"language":"ENG","playtime":16824,"items_purged":["Defend_G"],"score":907,"play_id":"0744dc02-fa8f-489b-860f-9e82a205a27a","local_time":"20210122094351","is_ascension_mode":true,"campfire_choices":[{"floor":6.0,"key":"REST"},{"floor":8.0,"key":"REST"},{"floor":15.0,"key":"REST"},{"data":"Panache","floor":23.0,"key":"SMITH"},{"floor":32.0,"key":"REST"},{"floor":40,"key":"REST"},{"data":"Footwork","floor":42,"key":"SMITH"},{"data":"Bullet Time","floor":46,"key":"SMITH"},{"floor":49,"key":"REST"}],"circlet_count":0,"master_deck":["Strike_G+1","Strike_G","Strike_G+1","Defend_G","Defend_G","Defend_G","Defend_G","Survivor","Neutralize","Panache+1","Blade Dance","Bane","Escape Plan","Bullet Time+1","Cloak And Dagger","Dodge and Roll+1","Footwork+1","Outmaneuver+1","Blur+1","Blade Dance+1","Reflex+1","After Image","Corpse Explosion+1","Acrobatics+1","Cloak And Dagger+1","PiercingWail+1","Finesse+1","PiercingWail+1","Slice+1","Writhe","Backflip+1","PiercingWail+1","Well Laid Plans","Corpse Explosion+1","Accuracy","Accuracy","Crippling Poison+1","Dodge and Roll+1"],"relics":["Ring of the Snake","InkBottle","Meat on the Bone","Toxic Egg 2","Shuriken","Busted Crown","Smiling Mask","Juzu Bracelet","Art of War","Tiny Chest","Blue Candle","Black Star","Mango","Letter Opener","Bag of Preparation","Dream Catcher","Whetstone","Snake Skull","Vajra","DollysMirror"],"acts_visited":["Exordium","TheCity","TheBeyond"],"potions_floor_usage":[36,50,50],"damage_taken":[{"damage":1.0,"enemies":"Cultist","floor":1.0,"turns":5.0},{"damage":0.0,"enemies":"Small Slimes","floor":2.0,"turns":1.0},{"damage":0.0,"enemies":"2 Louse","floor":3.0,"turns":3.0},{"damage":17.0,"enemies":"Exordium Thugs","floor":4.0,"turns":6.0},{"damage":20.0,"enemies":"Lagavulin","floor":7.0,"turns":6.0},{"damage":14.0,"enemies":"3 Sentries","floor":10.0,"turns":6.0},{"damage":0.0,"enemies":"Exordium Wildlife","floor":11.0,"turns":2.0},{"damage":26.0,"enemies":"Gremlin Nob","floor":13.0,"turns":5.0},{"damage":44.0,"enemies":"Slime Boss","floor":16.0,"turns":9.0},{"damage":10.0,"enemies":"3 Byrds","floor":18.0,"turns":3.0},{"damage":0.0,"enemies":"Shell Parasite","floor":19.0,"turns":3.0},{"damage":4.0,"enemies":"3 Cultists","floor":20.0,"turns":5.0},{"damage":2.0,"enemies":"Chosen and Byrds","floor":24.0,"turns":7.0},{"damage":33.0,"enemies":"Book of Stabbing","floor":27.0,"turns":7.0},{"damage":4.0,"enemies":"Champ","floor":33.0,"turns":11.0},{"damage":0,"enemies":"3 Darklings","floor":35,"turns":2},{"damage":60,"enemies":"2 Orb Walkers","floor":36,"turns":5},{"damage":4,"enemies":"3 Shapes","floor":38,"turns":7},{"damage":9,"enemies":"Giant Head","floor":41,"turns":8},{"damage":9,"enemies":"Writhing Mass","floor":44,"turns":6},{"damage":10,"enemies":"Reptomancer","floor":45,"turns":5},{"damage":44,"enemies":"Donu and Deca","floor":50,"turns":6}],"seed_played":"445749574816941081","potions_obtained":[{"floor":1.0,"key":"Poison Potion"},{"floor":2.0,"key":"FearPotion"},{"floor":4.0,"key":"Dexterity Potion"},{"floor":11.0,"key":"Explosive Potion"},{"floor":18.0,"key":"Fire Potion"},{"floor":19.0,"key":"SkillPotion"},{"floor":27.0,"key":"BlessingOfTheForge"},{"floor":35,"key":"FearPotion"},{"floor":41,"key":"Fire Potion"},{"floor":45,"key":"Regen Potion"}],"is_trial":false,"path_per_floor":["M","M","M","M","?","R","E","R","T","E","M","$","E","?","R","B",null,"M","M","M","?","?","R","M","$","T","E","?","?","?","T","R","B",null,"M","?","?","M","?","R","E","R","T","M","E","R","T","$","R","B",null],"character_chosen":"THE_SILENT","items_purchased":["Outmaneuver+1","Blur+1","Finesse+1","Accuracy","DollysMirror","Crippling Poison+1"],"campfire_rested":6,"item_purchase_floors":[12,12,25,48,48,48],"current_hp_per_floor":[69,69,69,52,45,66,46,67,67,53,53,53,39,39,60,28,70,60,60,56,56,56,56,54,54,54,33,20,20,13,13,35,43,75,75,41,63,59,59,85,76,76,76,67,57,57,57,57,83,53],"gold":27,"neow_bonus":"RANDOM_COLORLESS_2","is_daily":false,"chose_seed":false,"campfire_upgraded":3,"win_rate":0.0,"timestamp":1611326631,"path_taken":["M","M","?","M","?","R","E","R","T","E","M","$","E","?","R","BOSS","M","M","M","?","?","R","M","$","T","E","?","?","?","?","R","BOSS","M","?","?","M","?","R","E","R","T","M","E","R","?","$","R","BOSS"],"items_purchased_type":["Card","Card","Card","Card","Relic","Card"],"build_version":"2020-12-22","purchased_purges":1,"victory":true,"max_hp_per_floor":[70,70,70,70,70,70,70,70,70,70,70,70,70,70,70,70,70,70,70,70,70,70,70,70,70,70,70,75,75,75,75,75,75,75,75,89,89,89,89,89,89,89,89,89,89,89,89,89,89,89],"relic_stats":{"counters":[22,118],"Blue Candle":[4],"Snake Skull":[5],"Juzu Bracelet":1,"Bag of Preparation":[6],"Letter Opener":[112],"Whetstone":["Strike_G","Strike_G"],"Smiling Mask":25,"Dream Catcher":1,"Busted Crown":26,"Shuriken":[46],"Tiny Chest":2,"Art of War":[7],"Black Star":2,"obtain_stats":[{"Blue Candle":31,"Vajra":47,"Mango":36,"Snake Skull":45,"Juzu Bracelet":22,"Bag of Preparation":41,"Letter Opener":41,"Whetstone":45,"Smiling Mask":21,"Dream Catcher":43,"Busted Crown":17,"Shuriken":13,"DollysMirror":48,"Tiny Chest":27,"Art of War":26,"Black Star":34,"Toxic Egg 2":10,"InkBottle":7,"Ring of the Snake":0,"Meat on the Bone":9},{"Blue Candle":14,"Vajra":21,"Mango":17,"Snake Skull":21,"Juzu Bracelet":12,"Bag of Preparation":19,"Letter Opener":19,"Whetstone":21,"Smiling Mask":12,"Dream Catcher":19,"Busted Crown":9,"Shuriken":8,"DollysMirror":21,"Tiny Chest":14,"Art of War":13,"Black Star":15,"Toxic Egg 2":6,"InkBottle":5,"Ring of the Snake":0,"Meat on the Bone":5},{"Blue Candle":68,"Vajra":112,"Mango":86,"Snake Skull":112,"Juzu Bracelet":54,"Bag of Preparation":101,"Letter Opener":101,"Whetstone":112,"Smiling Mask":54,"Dream Catcher":101,"Busted Crown":43,"Shuriken":34,"DollysMirror":112,"Tiny Chest":68,"Art of War":61,"Black Star":79,"Toxic Egg 2":27,"InkBottle":21,"Ring of the Snake":0,"Meat on the Bone":21}],"InkBottle":[49],"Ring of the Snake":[44],"Meat on the Bone":60},"card_choices":[{"not_picked":["Secret Technique","Secret Weapon"],"picked":"Panache","floor":0.0},{"not_picked":["Skewer","Dagger Spray"],"picked":"Blade Dance","floor":1.0},{"not_picked":["Prepared","Reflex"],"picked":"Bane","floor":2.0},{"not_picked":["Underhanded Strike","Bane"],"picked":"Escape Plan","floor":3.0},{"not_picked":["Bane","Reflex"],"picked":"Bullet Time","floor":4.0},{"not_picked":["Catalyst","Deflect"],"picked":"Cloak And Dagger","floor":7.0},{"not_picked":["Outmaneuver+1","Skewer"],"picked":"Dodge and Roll+1","floor":10.0},{"not_picked":["Flying Knee","Blade Dance+1"],"picked":"Footwork","floor":11.0},{"not_picked":["Bouncing Flask+1","Poisoned Stab"],"picked":"Blade Dance+1","floor":13.0},{"not_picked":["Doppelganger+1","Malaise+1"],"picked":"Corpse Explosion+1","floor":16.0},{"not_picked":[],"picked":"Acrobatics+1","floor":18.0},{"not_picked":[],"picked":"Cloak And Dagger+1","floor":19.0},{"not_picked":["Acrobatics+1"],"picked":"SKIP","floor":20.0},{"not_picked":[],"picked":"PiercingWail+1","floor":24.0},{"not_picked":["Sucker Punch"],"picked":"SKIP","floor":27.0},{"not_picked":[],"picked":"Slice+1","floor":35},{"not_picked":[],"picked":"Backflip+1","floor":38},{"not_picked":[],"picked":"PiercingWail+1","floor":41},{"not_picked":[],"picked":"Well Laid Plans","floor":44},{"not_picked":[],"picked":"Corpse Explosion+1","floor":45},{"not_picked":[],"picked":"Dodge and Roll+1","floor":49}],"player_experience":564135,"relics_obtained":[{"floor":7.0,"key":"InkBottle"},{"floor":9.0,"key":"Meat on the Bone"},{"floor":10.0,"key":"Toxic Egg 2"},{"floor":13.0,"key":"Shuriken"},{"floor":26.0,"key":"Art of War"},{"floor":27.0,"key":"Tiny Chest"},{"floor":31.0,"key":"Blue Candle"},{"floor":36,"key":"Mango"},{"floor":41,"key":"Letter Opener"},{"floor":41,"key":"Bag of Preparation"},{"floor":43,"key":"Dream Catcher"},{"floor":45,"key":"Whetstone"},{"floor":45,"key":"Snake Skull"},{"floor":47,"key":"Vajra"}],"event_choices":[{"cards_removed":["Strike_G"],"damage_healed":0.0,"max_hp_gain":0.0,"max_hp_loss":0.0,"gold_gain":0.0,"event_name":"Golden Wing","player_choice":"Card Removal","floor":5.0,"gold_loss":0.0,"damage_taken":7.0},{"damage_healed":0.0,"max_hp_gain":0.0,"max_hp_loss":0.0,"gold_gain":0.0,"event_name":"Match and Keep!","player_choice":"2 cards matched","floor":14.0,"gold_loss":0.0,"damage_taken":0.0,"cards_obtained":["Reflex","After Image"]},{"damage_healed":0.0,"max_hp_gain":0.0,"max_hp_loss":0.0,"gold_gain":0.0,"event_name":"The Mausoleum","player_choice":"Opened","floor":21.0,"gold_loss":0.0,"damage_taken":0.0,"relics_obtained":["Smiling Mask"]},{"damage_healed":0.0,"max_hp_gain":0.0,"max_hp_loss":0.0,"gold_gain":0.0,"event_name":"Addict","player_choice":"Obtained Relic","floor":22.0,"gold_loss":85.0,"damage_taken":0.0,"relics_obtained":["Juzu Bracelet"]},{"damage_healed":0.0,"max_hp_gain":5.0,"max_hp_loss":0.0,"gold_gain":0.0,"event_name":"Forgotten Altar","player_choice":"Shed Blood","floor":28.0,"gold_loss":0.0,"damage_taken":18.0},{"damage_healed":0.0,"max_hp_gain":0.0,"max_hp_loss":0.0,"gold_gain":0.0,"event_name":"Match and Keep!","player_choice":"1 cards matched","floor":29.0,"gold_loss":0.0,"damage_taken":0.0,"cards_obtained":["PiercingWail"]},{"damage_healed":0.0,"max_hp_gain":0.0,"max_hp_loss":0.0,"gold_gain":0.0,"event_name":"Wheel of Change","player_choice":"Damaged","floor":30.0,"gold_loss":0.0,"damage_taken":7.0},{"damage_healed":0,"gold_gain":0,"player_choice":"Fight","damage_taken":0,"max_hp_gain":0,"max_hp_loss":0,"event_name":"Mysterious Sphere","floor":36,"gold_loss":0},{"damage_healed":22,"gold_gain":0,"player_choice":"Writhe","damage_taken":0,"max_hp_gain":0,"max_hp_loss":0,"event_name":"Winding Halls","floor":37,"gold_loss":0,"cards_obtained":["Writhe"]},{"cards_removed":["Strike_G"],"damage_healed":0,"gold_gain":0,"player_choice":"Removed Attack","damage_taken":0,"max_hp_gain":0,"max_hp_loss":0,"event_name":"Falling","floor":39,"gold_loss":0}],"is_beta":false,"boss_relics":[{"not_picked":["Philosopher\u0027s Stone","Runic Dome"],"picked":"Busted Crown"},{"not_picked":["Coffee Dripper","Empty Cage"],"picked":"Black Star"}],"items_purged_floors":[48],"is_endless":false,"potions_floor_spawned":[1,2,4,11,18,19,27,35,41,45],"ascension_level":4}}