{"host":"x6165drukuu8ns9f","time":1611352142,"event":{"mods":["2.2 Compatiblity","Act Like it!","Arknights The Spire","Aspiration","BaseMod","CapriCore","Colored Map","Colored Powertips","Conspire","Ekko","Elementarium","Gensokyo","GifTheSpireLib","Hallownest","Hubris","Luminous","Minty Spire (QoL Compilation)","Pale of the Ancients","Spicy Shops","Spire Birthday Party","StSLib","SuperFastMode","The Blue Laboratory","The Bug Knight","The Marked","vexMod","??????REMEMod"],"gold_per_floor":[153,198,246,18,72,150,150,150,150,207,243,71,71,113,113,398,398,440,47,104,152,200,200,281,332,378,471,471,525,576,105,105,426,426,477,160,109,139,199,298,409,184,184,241,280,385,439,550,550,550,550,610,610,151,151,202,202,15,15,78],"floor_reached":61,"language":"ENG","playtime":1461,"items_purged":["ekkoTheBoyWhoShatteredTime:Defend","ekkoTheBoyWhoShatteredTime:Defend","ekkoTheBoyWhoShatteredTime:Defend","ekkoTheBoyWhoShatteredTime:Defend"],"score":1814,"play_id":"2fab1829-652b-4c73-8d71-81261d6413f5","local_time":"20210122224902","daily_mods":["Vintage","Flight","DeadlyEvents","Midas"],"is_ascension_mode":false,"campfire_choices":[{"floor":7,"key":"REST"},{"floor":8,"key":"REST"},{"floor":13,"key":"REST"},{"floor":15,"key":"REST"},{"floor":23,"key":"REST"},{"floor":28,"key":"REST"},{"floor":32,"key":"REST"},{"floor":49,"key":"REST"},{"floor":55,"key":"REST"},{"floor":57,"key":"REST"}],"circlet_count":0,"master_deck":["ekkoTheBoyWhoShatteredTime:Strike","ekkoTheBoyWhoShatteredTime:Strike","ekkoTheBoyWhoShatteredTime:Strike","ekkoTheBoyWhoShatteredTime:Strike","ekkoTheBoyWhoShatteredTime:Strike","ekkoTheBoyWhoShatteredTime:TimeMaster","ats:Collapsing Strike","ekkoTheBoyWhoShatteredTime:IceBreak+1","ekkoTheBoyWhoShatteredTime:WideSlice","ekkoTheBoyWhoShatteredTime:DelayedWork","ekkoTheBoyWhoShatteredTime:FeelIt","ekkoTheBoyWhoShatteredTime:AfterimageHit+1","ekkoTheBoyWhoShatteredTime:SneakHit","hubris:DuctTapeCard","ekkoTheBoyWhoShatteredTime:TrinityForce","ekkoTheBoyWhoShatteredTime:AfterimageDualStroke+1","ekkoTheBoyWhoShatteredTime:OverloadingWeapon","ekkoTheBoyWhoShatteredTime:NaggingBlow","ekkoTheBoyWhoShatteredTime:NeedlesslyLargeRod","ekkoTheBoyWhoShatteredTime:Confident","ekkoTheBoyWhoShatteredTime:SpHit","ekkoTheBoyWhoShatteredTime:Discharge","ekkoTheBoyWhoShatteredTime:CommittedStrike","Gensokyo:CustomPotion","ekkoTheBoyWhoShatteredTime:NaggingBlow+1","ekkoTheBoyWhoShatteredTime:NaggingBlow+1","ekkoTheBoyWhoShatteredTime:GrandeFinale","ekkoTheBoyWhoShatteredTime:CommittedStrike+1","ekkoTheBoyWhoShatteredTime:OverloadingWeapon","ekkoTheBoyWhoShatteredTime:AfterimageHit+1","ekkoTheBoyWhoShatteredTime:NeedlesslyLargeRod","ekkoTheBoyWhoShatteredTime:Timewinder","ekkoTheBoyWhoShatteredTime:HauntedAfterimage","ekkoTheBoyWhoShatteredTime:Disturblast"],"relics":["ekkoTheBoyWhoShatteredTime:zDriveResonance","REME_ComplimentaryCards","REME_LimitBreaker","InkBottle","Lantern","FossilizedHelix","hubris:OldNail","conspire:DecoderRing","vexMod:HeadHunter","hubris:ToyBattleship","Ancient Tea Set","Toxic Egg 2","aspiration:PoetsPen_weak","vexMod:MemoryStick","aspiration:Nostalgia","PureWater","Regal Pillow","hubris:DuctTape","Vajra","Bag of Marbles","Whetstone","CeramicFish","Bronze Scales","Eternal Feather","Bottled Flame","ekkoTheBoyWhoShatteredTime:TwistedClockwork","hubris:ScarierMask","Gremlin Horn","Sling","HollowMod:LifeEnderRelic","Smiling Mask","White Beast Statue","conspire:TreasureMap","hubris:FunFungus","Bottled Tornado","Blue Candle","Ice Cream","hubris:BottledRain","vexMod:ScavengeHelm","paleoftheancients:Timepiece","Oddly Smooth Stone","Sozu","Mercury Hourglass","hubris:Potato","paleoftheancients:SoulOfTheWatcher","ekkoTheBoyWhoShatteredTime:BronzeTube","Mummified Hand","REME_ArchaeologicalTools","Pantograph"],"acts_visited":["Exordium","TheCity","Gensokyo:Gensokyoest","paleoftheancients:PaleOfTheAncients"],"potions_floor_usage":[16,50,50,50],"damage_taken":[{"damage":1,"enemies":"Cultist","floor":1,"turns":4},{"damage":16,"enemies":"Jaw Worm","floor":2,"turns":4},{"damage":4,"enemies":"Small Slimes","floor":3,"turns":3},{"damage":15,"enemies":"Looter","floor":5,"turns":3},{"damage":38,"enemies":"Lagavulin","floor":6,"turns":8},{"damage":1,"enemies":"2 Fungi Beasts","floor":10,"turns":3},{"damage":6,"enemies":"3 Louse","floor":11,"turns":3},{"damage":15,"enemies":"Exordium Thugs","floor":14,"turns":4},{"damage":69,"enemies":"The Guardian","floor":16,"turns":8},{"damage":23,"enemies":"3 Byrds","floor":18,"turns":5},{"damage":0,"enemies":"Spheric Guardian","floor":20,"turns":2},{"damage":0,"enemies":"Centurion and Healer","floor":21,"turns":4},{"damage":20,"enemies":"Snake Plant","floor":22,"turns":3},{"damage":6,"enemies":"HollowMod:Nosk","floor":24,"turns":4},{"damage":0,"enemies":"Snecko","floor":25,"turns":3},{"damage":41,"enemies":"Book of Stabbing","floor":27,"turns":4},{"damage":0,"enemies":"Cultist and Chosen","floor":29,"turns":1},{"damage":0,"enemies":"Shelled Parasite and Fungi","floor":30,"turns":2},{"damage":0,"enemies":"Collector","floor":33,"turns":2},{"damage":0,"enemies":"Gensokyo:AncientGuardian","floor":35,"turns":1},{"damage":0,"enemies":"Gensokyo:3_Bats","floor":38,"turns":1},{"damage":0,"enemies":"Gensokyo:Dusk_and_Dawn","floor":39,"turns":1},{"damage":0,"enemies":"Gensokyo:Kasen","floor":40,"turns":3},{"damage":0,"enemies":"Gensokyo:Marisa","floor":41,"turns":1},{"damage":0,"enemies":"Gensokyo:SeedOfUnknown","floor":44,"turns":2},{"damage":0,"enemies":"Gensokyo:Sharpion","floor":45,"turns":1},{"damage":0,"enemies":"Gensokyo:Doremy","floor":46,"turns":2},{"damage":0,"enemies":"Gensokyo:Rafflesia","floor":47,"turns":2},{"damage":40,"enemies":"Gensokyo:Marisa","floor":48,"turns":2},{"damage":0,"enemies":"Gensokyo:Scarlet_Devils","floor":50,"turns":2},{"damage":91,"enemies":"Gensokyo:Scarlet_Devils","floor":51,"turns":4},{"damage":31,"enemies":"Gensokyo:Scarlet_Devils","floor":52,"turns":6},{"damage":0,"enemies":"Gensokyo:Scarlet_Devils","floor":56,"turns":1},{"damage":0,"enemies":"paleoftheancients:N","floor":60,"turns":2}],"seed_played":"7744438917834425871","potions_obtained":[{"floor":1,"key":"blueLaboratory:ForbiddenFruitJuice"},{"floor":6,"key":"PowerPotion"},{"floor":14,"key":"blueLaboratory:BottledHope"},{"floor":16,"key":"blueLaboratory:NullPotion"},{"floor":20,"key":"ColorlessPotion"},{"floor":24,"key":"blueLaboratory:ExaltedPotion"},{"floor":45,"key":"LiquidBronze"}],"is_trial":true,"path_per_floor":["M","M","M","$","M","E","R","R","T","M","M","$","R","M","R","B",null,"M","$","M","M","M","R","E","M","T","E","R","M","M","$","R","B",null,"M","$","?","M","M","E","E","COS","T","M","M","E","M","E","R","B","M","M","?","$","R","M","R","$","?","B",null],"character_chosen":"EKKO_THE_BOY_WHO_SHATTERED_TIME","items_purchased":["ekkoTheBoyWhoShatteredTime:IceBreak","ekkoTheBoyWhoShatteredTime:WideSlice","ekkoTheBoyWhoShatteredTime:FluidEnergy","ekkoTheBoyWhoShatteredTime:FeelIt","Ancient Tea Set","ekkoTheBoyWhoShatteredTime:AfterimageHit","ekkoTheBoyWhoShatteredTime:SneakHit","vexMod:MemoryStick","aspiration:Nostalgia","ekkoTheBoyWhoShatteredTime:TwistedClockwork","ekkoTheBoyWhoShatteredTime:NeedlesslyLargeRod","ekkoTheBoyWhoShatteredTime:Confident","ekkoTheBoyWhoShatteredTime:SpHit","ekkoTheBoyWhoShatteredTime:CommittedStrike","Sling","Mummified Hand","ekkoTheBoyWhoShatteredTime:NeedlesslyLargeRod","ekkoTheBoyWhoShatteredTime:Timewinder","ekkoTheBoyWhoShatteredTime:HauntedAfterimage","ekkoTheBoyWhoShatteredTime:Disturblast","Pantograph"],"campfire_rested":10,"item_purchase_floors":[4,4,4,12,12,19,19,19,19,31,31,31,31,36,36,54,54,54,54,58,58],"current_hp_per_floor":[77,61,57,57,42,4,27,50,50,49,43,43,66,51,74,5,78,55,55,55,55,35,73,67,67,67,26,64,64,64,64,78,78,78,78,78,78,78,78,78,78,78,78,78,78,78,78,41,78,78,78,63,63,63,78,78,78,78,78,78],"gold":78,"neow_bonus":"","is_daily":false,"chose_seed":false,"campfire_upgraded":0,"win_rate":0.0,"timestamp":1611352142,"path_taken":["M","M","M","$","M","E","R","R","T","M","M","$","R","M","R","BOSS","M","$","M","M","M","R","E","M","T","E","R","M","M","$","R","BOSS","M","$","?","M","M","E","E","COS","T","M","M","E","M","E","R","BOSS","M","M","?","$","R","M","R","$","?","BOSS"],"items_purchased_type":["Card","Card","Card","Card","Relic","Card","Card","Relic","Relic","Relic","Card","Card","Card","Card","Relic","Relic","Card","Card","Card","Card","Relic"],"build_version":"2020-12-22","purchased_purges":4,"victory":true,"max_hp_per_floor":[78,78,78,78,78,78,78,78,78,78,78,78,78,78,78,78,78,78,78,78,78,78,78,78,78,78,78,78,78,78,78,78,78,78,78,78,78,78,78,78,78,78,78,78,78,78,78,78,78,78,78,78,78,78,78,78,78,78,78,78],"card_choices":[{"not_picked":["ekkoTheBoyWhoShatteredTime:KeepingMomentum","ekkoTheBoyWhoShatteredTime:LevelUp"],"picked":"ekkoTheBoyWhoShatteredTime:DelayedWork","floor":6},{"not_picked":["ekkoTheBoyWhoShatteredTime:CatchUpTime+1","ekkoTheBoyWhoShatteredTime:TimeIndustry+1"],"picked":"ekkoTheBoyWhoShatteredTime:GuinsoosRageblade","floor":16},{"not_picked":["ekkoTheBoyWhoShatteredTime:DuplicateTimelines","ekkoTheBoyWhoShatteredTime:ZhonyasHourglass"],"picked":"ekkoTheBoyWhoShatteredTime:TrinityForce","floor":24},{"not_picked":["ekkoTheBoyWhoShatteredTime:TimeIndustry+1","ekkoTheBoyWhoShatteredTime:LoadUp+1"],"picked":"ekkoTheBoyWhoShatteredTime:AfterimageDualStroke+1","floor":24},{"not_picked":["ekkoTheBoyWhoShatteredTime:CatchUpTime","ekkoTheBoyWhoShatteredTime:DuplicateTimelines"],"picked":"ekkoTheBoyWhoShatteredTime:OverloadingWeapon","floor":27},{"not_picked":["ekkoTheBoyWhoShatteredTime:Backtrack+1","ekkoTheBoyWhoShatteredTime:LevelUp+1"],"picked":"ekkoTheBoyWhoShatteredTime:NaggingBlow","floor":27},{"not_picked":["ekkoTheBoyWhoShatteredTime:Chronobreak","ekkoTheBoyWhoShatteredTime:SktSynergy"],"picked":"ekkoTheBoyWhoShatteredTime:Discharge","floor":33},{"not_picked":["ekkoTheBoyWhoShatteredTime:KneeNSwordCombo","ekkoTheBoyWhoShatteredTime:Acceleration+1"],"picked":"ekkoTheBoyWhoShatteredTime:NaggingBlow+1","floor":40},{"not_picked":["ekkoTheBoyWhoShatteredTime:SktSynergy","ekkoTheBoyWhoShatteredTime:CatchUpTime","ekkoTheBoyWhoShatteredTime:PulsefirePooling"],"picked":"SKIP","floor":40},{"not_picked":["ekkoTheBoyWhoShatteredTime:ComeAtMe+1","ekkoTheBoyWhoShatteredTime:FluidEnergy"],"picked":"ekkoTheBoyWhoShatteredTime:NaggingBlow+1","floor":41},{"not_picked":["ekkoTheBoyWhoShatteredTime:GuinsoosRageblade","ekkoTheBoyWhoShatteredTime:DuplicateTimelines"],"picked":"ekkoTheBoyWhoShatteredTime:GrandeFinale","floor":41},{"not_picked":["ekkoTheBoyWhoShatteredTime:AfterimageBait+1","ekkoTheBoyWhoShatteredTime:CalmingWaves+1"],"picked":"ekkoTheBoyWhoShatteredTime:CommittedStrike+1","floor":46},{"not_picked":["ekkoTheBoyWhoShatteredTime:URF","ekkoTheBoyWhoShatteredTime:GuinsoosRageblade","ekkoTheBoyWhoShatteredTime:TrinityForce"],"picked":"SKIP","floor":46},{"not_picked":["ekkoTheBoyWhoShatteredTime:ProjectPreference","ekkoTheBoyWhoShatteredTime:CatchUpTime"],"picked":"ekkoTheBoyWhoShatteredTime:OverloadingWeapon","floor":48},{"not_picked":["ekkoTheBoyWhoShatteredTime:NashorsTooth","ekkoTheBoyWhoShatteredTime:GuinsoosRageblade"],"picked":"ekkoTheBoyWhoShatteredTime:AfterimageHit+1","floor":48}],"player_experience":124793,"relics_obtained":[{"floor":1,"key":"REME_LimitBreaker"},{"floor":2,"key":"InkBottle"},{"floor":3,"key":"Lantern"},{"floor":5,"key":"FossilizedHelix"},{"floor":6,"key":"hubris:OldNail"},{"floor":9,"key":"conspire:DecoderRing"},{"floor":10,"key":"vexMod:HeadHunter"},{"floor":11,"key":"hubris:ToyBattleship"},{"floor":14,"key":"Toxic Egg 2"},{"floor":20,"key":"Regal Pillow"},{"floor":21,"key":"hubris:DuctTape"},{"floor":22,"key":"Vajra"},{"floor":24,"key":"Bag of Marbles"},{"floor":25,"key":"Whetstone"},{"floor":26,"key":"CeramicFish"},{"floor":27,"key":"Bronze Scales"},{"floor":29,"key":"Eternal Feather"},{"floor":30,"key":"Bottled Flame"},{"floor":35,"key":"Gremlin Horn"},{"floor":38,"key":"HollowMod:LifeEnderRelic"},{"floor":40,"key":"Smiling Mask"},{"floor":41,"key":"White Beast Statue"},{"floor":43,"key":"hubris:FunFungus"},{"floor":44,"key":"Bottled Tornado"},{"floor":45,"key":"Blue Candle"},{"floor":46,"key":"Ice Cream"},{"floor":47,"key":"hubris:BottledRain"},{"floor":48,"key":"vexMod:ScavengeHelm"},{"floor":52,"key":"paleoftheancients:SoulOfTheWatcher"},{"floor":52,"key":"ekkoTheBoyWhoShatteredTime:BronzeTube"},{"floor":56,"key":"REME_ArchaeologicalTools"}],"event_choices":[{"damage_healed":0,"gold_gain":0,"player_choice":"Leave","damage_taken":0,"max_hp_gain":0,"max_hp_loss":0,"event_name":"conspire:Investor","floor":53,"gold_loss":0}],"is_beta":false,"boss_relics":[{"not_picked":["vexMod:TanglingVine","hubris:BlackHole"],"picked":"aspiration:PoetsPen_weak"},{"not_picked":["Pandora\u0027s Box","aspiration:WatcherSkillbook"],"picked":"hubris:ScarierMask"}],"items_purged_floors":[19,31,36,54],"is_endless":false,"potions_floor_spawned":[1,6,14,16,20,24,27,30,40,41,44,45,46,47,48,51,52,56],"ascension_level":0}}