{"host":"f0gpob8hq9vgebej","time":1611333086,"event":{"mods":["AchievementEnabler","BaseMod","Minty Spire (QoL Compilation)","Quick Restart","SuperFastMode"],"gold_per_floor":[20,38,50,20,20,20,20,47,47,58,76,1,11,31,31,129,129,96,111,61,71,91,91,91,91],"floor_reached":24,"language":"KOR","playtime":955,"items_purged":["Strike_G"],"score":365,"play_id":"ce6ce93a-f8f1-4396-a1ba-c08536e2420b","local_time":"20210123013126","is_ascension_mode":true,"campfire_choices":[{"data":"Deadly Poison","floor":6,"key":"SMITH"},{"data":"Tactician","floor":15,"key":"SMITH"},{"data":"Tactician","floor":23,"key":"SMITH"}],"circlet_count":0,"master_deck":["Strike_G","Strike_G","Strike_G","Defend_G","Defend_G","Defend_G","Defend_G","Defend_G","Survivor","Neutralize","After Image","Bouncing Flask","Crippling Poison","Deadly Poison+1","Reflex","Endless Agony","Tactician+1","After Image","Prepared","Burst","CurseOfTheBell","Escape Plan+1","Tactician+1"],"relics":["Ring of the Snake","Pocketwatch","Peace Pipe","Calling Bell","Art of War","Shuriken","Bird Faced Urn"],"acts_visited":["Exordium","TheCity"],"potions_floor_usage":[16,22,22,22,22,22,24,24],"damage_taken":[{"damage":0.0,"enemies":"Cultist","floor":1.0,"turns":6.0},{"damage":2,"enemies":"2 Louse","floor":2,"turns":3},{"damage":2,"enemies":"Small Slimes","floor":3,"turns":4},{"damage":1,"enemies":"Looter","floor":4,"turns":4},{"damage":24,"enemies":"3 Sentries","floor":8,"turns":9},{"damage":7,"enemies":"3 Louse","floor":10,"turns":4},{"damage":0,"enemies":"Red Slaver","floor":11,"turns":4},{"damage":3,"enemies":"Exordium Thugs","floor":13,"turns":6},{"damage":0,"enemies":"2 Fungi Beasts","floor":14,"turns":4},{"damage":0,"enemies":"Hexaghost","floor":16,"turns":7},{"damage":27,"enemies":"2 Thieves","floor":18,"turns":5},{"damage":8,"enemies":"Spheric Guardian","floor":19,"turns":4},{"damage":9,"enemies":"Snake Plant","floor":21,"turns":5},{"damage":15,"enemies":"Shelled Parasite and Fungi","floor":22,"turns":5},{"damage":20,"enemies":"3 Cultists","floor":24,"turns":6}],"seed_played":"5542464381771852204","potions_obtained":[{"floor":3,"key":"BlessingOfTheForge"},{"floor":10,"key":"EntropicBrew"},{"floor":11,"key":"Energy Potion"},{"floor":16,"key":"LiquidBronze"},{"floor":22,"key":"Explosive Potion"}],"is_trial":false,"path_per_floor":["M","M","M","M","?","R","$","E","T","M","M","$","M","M","R","B",null,"M","M","?","M","M","R","M"],"character_chosen":"THE_SILENT","items_purchased":[],"campfire_rested":0,"item_purchase_floors":[],"current_hp_per_floor":[63,61,59,58,58,58,58,34,34,27,27,27,24,24,24,24,59,34,30,30,25,14,14,0,0],"gold":91,"neow_bonus":"THREE_RARE_CARDS","is_daily":false,"chose_seed":false,"campfire_upgraded":3,"win_rate":0.0,"timestamp":1611333086,"path_taken":["M","M","M","M","?","R","$","E","T","M","M","?","M","M","R","BOSS","M","M","?","?","M","R","M"],"items_purchased_type":[],"build_version":"2020-12-22","purchased_purges":1,"victory":false,"max_hp_per_floor":[70,70,70,70,70,70,70,70,70,70,70,70,70,70,70,70,70,70,70,70,70,70,70,70,70],"card_choices":[{"not_picked":["Storm of Steel","Night Terror"],"picked":"After Image","floor":0.0},{"not_picked":["Bane","Prepared"],"picked":"Bouncing Flask","floor":1.0},{"not_picked":["Blade Dance","Flying Knee"],"picked":"Crippling Poison","floor":2},{"not_picked":["Deflect","Dagger Throw"],"picked":"Deadly Poison","floor":3},{"not_picked":["Deflect","Cloak And Dagger"],"picked":"Reflex","floor":4},{"not_picked":["Setup","Catalyst"],"picked":"Tactician","floor":8},{"not_picked":["Deadly Poison","Well Laid Plans"],"picked":"After Image","floor":10},{"not_picked":["Crippling Poison","Distraction","Bouncing Flask"],"picked":"SKIP","floor":11},{"not_picked":["Bane","PiercingWail"],"picked":"Prepared","floor":13},{"not_picked":["Reflex","Dodge and Roll","Poisoned Stab"],"picked":"SKIP","floor":14},{"not_picked":["Wraith Form v2","Phantasmal Killer"],"picked":"Burst","floor":16},{"not_picked":["Dodge and Roll","Deadly Poison"],"picked":"Escape Plan+1","floor":18},{"not_picked":["PiercingWail","All Out Attack+1"],"picked":"Tactician","floor":19},{"not_picked":["Prepared","Dodge and Roll+1","Quick Slash"],"picked":"SKIP","floor":21},{"not_picked":["Dagger Spray","Poisoned Stab","Noxious Fumes"],"picked":"SKIP","floor":22}],"player_experience":221054,"relics_obtained":[{"floor":8,"key":"Pocketwatch"},{"floor":9,"key":"Peace Pipe"},{"floor":17,"key":"Art of War"},{"floor":17,"key":"Shuriken"},{"floor":17,"key":"Bird Faced Urn"}],"event_choices":[{"damage_healed":0,"gold_gain":0,"cards_transformed":["Strike_G"],"player_choice":"Transformed","damage_taken":0,"max_hp_gain":0,"max_hp_loss":0,"event_name":"Transmorgrifier","floor":5,"gold_loss":0,"cards_obtained":["Endless Agony"]},{"damage_healed":0,"gold_gain":0,"player_choice":"Bet on Owner","damage_taken":0,"max_hp_gain":0,"max_hp_loss":0,"event_name":"The Joust","floor":20,"gold_loss":50}],"is_beta":false,"boss_relics":[{"not_picked":["Busted Crown","Black Star"],"picked":"Calling Bell"}],"items_purged_floors":[12],"is_endless":false,"potions_floor_spawned":[3,10,11,16,22],"killed_by":"3 Cultists","ascension_level":9}}