{"host":"4jkyggjfmxcpengt","time":1611290025,"event":{"mods":["AchievementEnabler","BaseMod","Better Note","Block Reminder","Colored Powertips","Fiend Mod","Hermit","Minty Spire (QoL Compilation)","Quick Restart","Replay The Spire","SacredBarkPlus","StSLib","The Animator","Transform Curses","Unceasing Turn Reminder"],"gold_per_floor":[112,122,122,132,16,16,47,57,57,68,68,68,32,76,76,186,186,206,215,235,150,174,174,214,214,214,254,266,307,319,103,103,103,103],"floor_reached":33,"language":"SPA","playtime":1191,"items_purged":["Regret"],"score":450,"play_id":"a856643c-6102-412d-8201-4807d42ee77c","local_time":"20210122053345","is_ascension_mode":true,"campfire_choices":[{"data":"Body Slam","floor":6,"key":"SMITH"},{"data":"True Grit","floor":12,"key":"SMITH"},{"data":"Whirlwind","floor":15,"key":"SMITH"},{"data":"Berserk","floor":23,"key":"SMITH"},{"floor":25,"key":"REST"},{"data":"Entrench","floor":30,"key":"SMITH"},{"data":"J.A.X.","floor":32,"key":"SMITH"}],"circlet_count":0,"master_deck":["AscendersBane","Strike_R","Strike_R+1","Strike_R","Strike_R","Strike_R","Defend_R","Defend_R","Defend_R","Defend_R","Bash","Pommel Strike+1","True Grit+1","Body Slam+1","Reckless Charge","Feel No Pain","Hemokinesis","Flex","ReplayTheSpireMod:Limb From Limb+1","Whirlwind+1","Wild Strike","Berserk+1","Sentinel+1","J.A.X.+1","Bloodletting+1","Spot Weakness+1","Entrench+1","Shockwave+1","Combust"],"relics":["Burning Blood","NeowsBlessing","King of Hearts","Whetstone","Blood Vial","CeramicFish","Mark of Pain","Pantograph","InkBottle","MawBank","Brimstone"],"acts_visited":["Exordium","TheCity"],"potions_floor_usage":[14,14,16,22,22,24,29],"damage_taken":[{"damage":0,"enemies":"2 Louse","floor":1,"turns":1},{"damage":0,"enemies":"Jaw Worm","floor":2,"turns":1},{"damage":0,"enemies":"Cultist","floor":4,"turns":1},{"damage":22,"enemies":"3 Sentries","floor":7,"turns":14},{"damage":22,"enemies":"Exordium Thugs","floor":8,"turns":5},{"damage":5,"enemies":"Large Slime","floor":10,"turns":5},{"damage":2,"enemies":"Gremlin Nob","floor":14,"turns":3},{"damage":58,"enemies":"Slime Boss","floor":16,"turns":11},{"damage":26,"enemies":"Chosen","floor":18,"turns":5},{"damage":3,"enemies":"3 Byrds","floor":20,"turns":2},{"damage":2,"enemies":"Snake Plant","floor":22,"turns":1},{"damage":50,"enemies":"Gremlin Leader","floor":24,"turns":8},{"damage":36,"enemies":"Snecko","floor":27,"turns":7},{"damage":16,"enemies":"3 Cultists","floor":29,"turns":5},{"damage":60,"enemies":"Pondfish","floor":33,"turns":5}],"seed_played":"8976925379784747690","potions_obtained":[{"floor":1,"key":"SteroidPotion"},{"floor":2,"key":"Flashbang"},{"floor":4,"key":"BloodPotion"},{"floor":14,"key":"Elixir"},{"floor":16,"key":"BlessingOfTheForge"},{"floor":20,"key":"AttackPotion"},{"floor":24,"key":"FearPotion"},{"floor":27,"key":"DistilledChaos"}],"is_trial":false,"path_per_floor":["M","M","?","M","$","R","E","M","T","M","?","R","$","E","R","B",null,"M","?","M","?","M","R","E","R","T","M","?","M","R","$","R","B"],"character_chosen":"IRONCLAD","items_purchased":["Reckless Charge","Feel No Pain","Whirlwind","Brimstone"],"campfire_rested":1,"item_purchase_floors":[5,5,13,31],"current_hp_per_floor":[78,80,80,80,80,80,64,48,48,51,51,51,51,57,57,23,66,48,48,53,53,59,59,17,41,41,13,39,31,31,31,31,0,0],"gold":103,"neow_bonus":"THREE_ENEMY_KILL","is_daily":false,"chose_seed":false,"campfire_upgraded":6,"win_rate":0.0,"timestamp":1611290025,"path_taken":["M","M","?","M","$","R","E","M","T","M","?","R","$","E","R","BOSS","M","?","M","?","M","R","E","R","T","M","?","?","R","?","R","BOSS"],"items_purchased_type":["Card","Card","Card","Relic"],"build_version":"2020-12-22","purchased_purges":1,"victory":false,"max_hp_per_floor":[80,80,80,80,80,80,80,80,80,80,80,80,80,80,80,80,80,80,80,80,80,80,80,80,80,80,80,80,80,80,80,80,80,80],"card_choices":[{"not_picked":["Searing Blow","Clothesline"],"picked":"Pommel Strike","floor":1},{"not_picked":["Twin Strike","ReplayTheSpireMod:Strike From Hell"],"picked":"True Grit","floor":2},{"not_picked":["Second Wind","Cleave"],"picked":"Body Slam","floor":4},{"not_picked":["Cleave","Twin Strike"],"picked":"Hemokinesis","floor":7},{"not_picked":["Iron Wave","Warcry"],"picked":"Flex","floor":8},{"not_picked":["Replay:Undeath\u0027s Touch","Clothesline"],"picked":"ReplayTheSpireMod:Limb From Limb","floor":10},{"not_picked":["Hemokinesis","Twin Strike"],"picked":"Wild Strike","floor":14},{"not_picked":["Corruption","Impervious"],"picked":"Berserk","floor":16},{"not_picked":["Iron Wave+1","Infernal Blade"],"picked":"Sentinel+1","floor":18},{"not_picked":["Havoc+1","Battle Trance"],"picked":"Bloodletting+1","floor":20},{"not_picked":["Wild Strike","Thunderclap"],"picked":"Spot Weakness+1","floor":22},{"not_picked":["Life Link","Clothesline"],"picked":"Entrench","floor":24},{"not_picked":["Blood for Blood","ReplayTheSpireMod:Muscle Training"],"picked":"Shockwave+1","floor":27},{"not_picked":["Spot Weakness","Anger"],"picked":"Combust","floor":29}],"player_experience":1003294,"relics_obtained":[{"floor":7,"key":"Whetstone"},{"floor":9,"key":"Blood Vial"},{"floor":14,"key":"CeramicFish"},{"floor":24,"key":"InkBottle"},{"floor":26,"key":"MawBank"}],"event_choices":[{"damage_healed":0,"gold_gain":0,"player_choice":"Box","damage_taken":0,"relics_obtained":["King of Hearts"],"max_hp_gain":0,"max_hp_loss":0,"event_name":"Big Fish","floor":3,"gold_loss":0,"cards_obtained":["Regret"]},{"damage_healed":0,"gold_gain":0,"player_choice":"Grow","damage_taken":0,"max_hp_gain":0,"max_hp_loss":0,"event_name":"Living Wall","floor":11,"gold_loss":0,"cards_upgraded":["ReplayTheSpireMod:Limb From Limb"]},{"damage_healed":0,"gold_gain":0,"player_choice":"Obtain J.A.X.","damage_taken":0,"max_hp_gain":0,"max_hp_loss":0,"event_name":"Drug Dealer","floor":19,"gold_loss":0,"cards_obtained":["J.A.X."]},{"damage_healed":0,"gold_gain":0,"player_choice":"Obtained Relic","damage_taken":0,"relics_obtained":["Pantograph"],"max_hp_gain":0,"max_hp_loss":0,"event_name":"Addict","floor":21,"gold_loss":85},{"damage_healed":26,"gold_gain":0,"player_choice":"Heal","damage_taken":0,"max_hp_gain":0,"max_hp_loss":0,"event_name":"The Library","floor":28,"gold_loss":0}],"is_beta":false,"boss_relics":[{"not_picked":["Ectoplasm","Cursed Key"],"picked":"Mark of Pain"}],"items_purged_floors":[31],"is_endless":false,"potions_floor_spawned":[1,2,4,14,16,20,24,27],"killed_by":"Pondfish","ascension_level":10}}