{"host":"rwzz6mk6bpmb57ql","time":1611287511,"event":{"mods":["AchievementEnabler","BaseMod","Better Third Choice","BetterRewards","Colored Map","Highlight Path","Hubris","Infinite Spire","Minty Spire (QoL Compilation)","Replay The Spire","StSLib","Wandering Minibosses"],"gold_per_floor":[111,111,67,5579,5602,5614,5633,5614,5638,5668,5668,5668,5053,5072,5072,5177,5177,5197,5208,5224,5224,5139,5187,5187,5187,5187,4523,4557,4568,4047,4063,4063,4162,4162,4181,4181,4181,4196,4196,4196,4196,4196,4213,4213,4213,4213,3936,3950,3699,3716,3716,3716,3716,3716,3535,3567,3567],"floor_reached":58,"language":"ENG","playtime":3769,"items_purged":["Defend_P","Defend_P","Defend_P","Strike_P","LessonLearned","CommonCold"],"score":1410,"play_id":"b769a549-acfe-4ffc-8d59-e60671a0c8f5","local_time":"20210121215151","is_ascension_mode":false,"campfire_choices":[{"floor":11,"key":"RECALL"},{"data":"Eruption","floor":15,"key":"SMITH"},{"data":"Vigilance","floor":24,"key":"SMITH"},{"floor":32,"key":"REST"},{"data":"hubris:InfiniteBlow+2","floor":40,"key":"SMITH"},{"data":"hubris:InfiniteBlow+3","floor":46,"key":"SMITH"},{"data":"Study","floor":51,"key":"SMITH"},{"data":"hubris:InfiniteBlow+4","floor":54,"key":"SMITH"}],"circlet_count":0,"master_deck":["Strike_P+1","Strike_P+1","Defend_P+1","Eruption+1","Vigilance+1","FollowUp","FollowUp+1","Weave+1","FlyingSleeves","Strike_B","Consecrate+1","Consecrate+1","FollowUp+1","Study+1","JustLucky+1","FearNoEvil+1","Swift Strike+1","SashWhip+1","JustLucky+1","ConjureBlade","Weave+1","Madness","Madness","hubris:InfiniteBlow+5","CarveReality+1","Replay:AllIn+1","Ragnarok+1","JustLucky+1","Weave+1"],"relics":["PureWater","NeowsBlessing","hubris:Icosahedron","Du-Vu Doll","hubris:ToyBattleship","hubris:SlimyHat","Question Card","Dream Catcher","BargainBundle","wanderingMiniBosses:AbyssPearl","hubris:Stopwatch","Molten Egg 2","infinitespire:Beetle Shell","infinitespire:Broken Mirror","Toy Ornithopter","Tiny Chest","OrangePellets","Replay:Rubber Ducky","War Paint","Cauldron","Cursed Key","Golden Egg","Membership Card","Coffee Dripper","Replay:Bottled Flurry","Gremlin Food","Medical Kit","Anchor","Replay:Lucky Slots","ReplayFunnel"],"acts_visited":["Exordium","TheCity","TheBeyond","TheEnding"],"potions_floor_usage":[8,10,14,16,28,29,33,35,38,43,50,52,57],"damage_taken":[{"damage":0,"enemies":"2 Louse","floor":1,"turns":1},{"damage":0,"enemies":"Small Slimes","floor":4,"turns":1},{"damage":0,"enemies":"Jaw Worm","floor":6,"turns":1},{"damage":17,"enemies":"Large Slime","floor":7,"turns":5},{"damage":44,"enemies":"3 Sentries","floor":8,"turns":11},{"damage":24,"enemies":"Gremlin Nob","floor":10,"turns":3},{"damage":10,"enemies":"Gremlin Gang","floor":14,"turns":4},{"damage":0,"enemies":"Slime Boss","floor":16,"turns":2},{"damage":47,"enemies":"Spheric Guardian","floor":18,"turns":6},{"damage":14,"enemies":"Shell Parasite","floor":19,"turns":5},{"damage":34,"enemies":"Centurion and Healer","floor":20,"turns":5},{"damage":11,"enemies":"Slavers","floor":28,"turns":4},{"damage":0,"enemies":"Sentry and Sphere","floor":29,"turns":3},{"damage":3,"enemies":"Snecko","floor":31,"turns":4},{"damage":13,"enemies":"hubris:MusketHawk","floor":33,"turns":5},{"damage":38,"enemies":"3 Shapes","floor":35,"turns":3},{"damage":13,"enemies":"3 Darklings","floor":38,"turns":3},{"damage":0,"enemies":"Jaw Worm Horde","floor":43,"turns":1},{"damage":0,"enemies":"Transient","floor":48,"turns":5},{"damage":20,"enemies":"Writhing Mass","floor":50,"turns":5},{"damage":46,"enemies":"Donu and Deca","floor":52,"turns":4},{"damage":47,"enemies":"Shield and Spear","floor":56,"turns":4},{"damage":124,"enemies":"The Heart","floor":57,"turns":6}],"seed_played":"3793174772425670689","potions_obtained":[{"floor":4,"key":"BlessingOfTheForge"},{"floor":7,"key":"Cursed Concoction"},{"floor":8,"key":"Block Potion"},{"floor":14,"key":"SteroidPotion"},{"floor":20,"key":"DistilledChaos"},{"floor":28,"key":"DistilledChaos"},{"floor":30,"key":"infinitespire:BlackPotion"},{"floor":30,"key":"DistilledChaos"},{"floor":33,"key":"AttackPotion"},{"floor":35,"key":"BlessingOfTheForge"},{"floor":38,"key":"Energy Potion"},{"floor":50,"key":"Toxic Potion"}],"is_trial":false,"path_per_floor":["M","?","?","M","T","M","M","E","T","E","R","?","$","M","R","B",null,"M","M","M","AVR","?","T","R","?","T","$","E","M","$","M","R","B",null,"M","?","T","M","AVR","R","PTL","PTL","M","T","T","R","$","M","$","M","R","B",null,"R","$","E","B",null],"character_chosen":"WATCHER","items_purchased":["Question Card","Dream Catcher","BargainBundle","Energy Potion","Study","JustLucky+1","Toy Ornithopter","Tiny Chest","OrangePellets","Swift Strike+1","War Paint","Cauldron","Replay:AllIn","Replay:Bottled Flurry","Ragnarok+1","Gremlin Food","Medical Kit","ColorlessPotion","JustLucky+1","Anchor","Replay:Lucky Slots"],"campfire_rested":1,"item_purchase_floors":[13,13,13,13,27,27,27,27,27,30,30,30,47,47,49,49,49,49,55,55,55],"current_hp_per_floor":[72,72,72,142,142,142,125,81,81,57,57,57,57,136,136,136,142,95,81,123,123,123,123,123,92,92,92,86,91,91,88,132,124,147,109,91,91,83,83,83,83,83,88,88,88,88,88,88,88,73,73,32,147,147,147,100,81],"gold":3567,"neow_bonus":"THREE_ENEMY_KILL","is_daily":false,"chose_seed":false,"campfire_upgraded":6,"win_rate":0.0,"timestamp":1611287511,"path_taken":["M","?","?","M","?","M","M","E","T","E","R","?","$","?","R","BOSS","M","M","M","AVR","?","?","R","?","T","$","E","M","?","M","R","BOSS","M","?","?","M","AVR","R","PTL","PTL","M","?","T","R","?","M","$","M","R","BOSS","R","$","E","BOSS"],"items_purchased_type":["Relic","Relic","Relic","Potion","Card","Card","Relic","Relic","Relic","Card","Relic","Relic","Card","Relic","Card","Relic","Relic","Potion","Card","Relic","Relic"],"build_version":"2020-12-22","purchased_purges":6,"victory":true,"max_hp_per_floor":[72,72,72,142,142,142,142,142,142,142,142,142,142,142,142,142,142,142,142,142,142,142,142,142,147,147,147,147,147,147,147,147,147,147,147,147,147,147,147,147,147,147,147,147,147,147,147,147,147,147,147,147,147,147,147,147,147],"card_choices":[{"not_picked":["EmptyBody","Adaptation","Halt"],"picked":"SKIP","floor":1},{"not_picked":["Wallop","Perseverance"],"picked":"FollowUp","floor":4},{"not_picked":["EmptyBody","Crescendo"],"picked":"FollowUp","floor":6},{"not_picked":["Replay:ManipulateFuture","Replay:Cycle","ClearTheMind"],"picked":"SKIP","floor":7},{"not_picked":["Pray","Replay:AtTheReady"],"picked":"Weave","floor":8},{"not_picked":["SandsOfTime","FollowUp"],"picked":"FlyingSleeves","floor":10},{"not_picked":["Meditate","Crescendo","FlurryOfBlows"],"picked":"Consecrate","floor":14},{"not_picked":["Ragnarok","Omniscience","Vault"],"picked":"LessonLearned","floor":16},{"not_picked":["CrushJoints","WaveOfTheHand","Adaptation","Perseverance+1"],"picked":"SKIP","floor":18},{"not_picked":["ThirdEye","ClearTheMind","FlyingSleeves+1"],"picked":"Consecrate+1","floor":19},{"not_picked":["Judgement","ThirdEye","Consecrate+1"],"picked":"FollowUp+1","floor":20},{"not_picked":["SignatureMove+1","Perseverance","Vault"],"picked":"FearNoEvil+1","floor":28},{"not_picked":["Crescendo","Wallop+1","Replay:ManipulateFuture","Halt"],"picked":"SKIP","floor":29},{"not_picked":["WreathOfFlame","Replay:AtTheReady","SandsOfTime+1"],"picked":"SashWhip+1","floor":31},{"not_picked":["Nirvana","Adaptation","EmptyMind+1"],"picked":"JustLucky+1","floor":32},{"not_picked":["LessonLearned+1","Judgement","Establishment"],"picked":"ConjureBlade","floor":33},{"not_picked":["Replay:AtTheReady","Study","SashWhip+1"],"picked":"Weave+1","floor":35},{"not_picked":["Pray","Replay:ManipulateFuture+1","ClearTheMind","Halt+1"],"picked":"SKIP","floor":38},{"not_picked":["Protect","FollowUp+1","InnerPeace"],"picked":"CarveReality+1","floor":43},{"not_picked":["BowlingBash+1","FollowUp+1","Nirvana","ClearTheMind+1"],"picked":"SKIP","floor":48},{"not_picked":["FlurryOfBlows+1","FlyingSleeves+1","Replay:ManipulateFuture+1","Fasting2+1"],"picked":"SKIP","floor":50},{"not_picked":["WindmillStrike+1","SignatureMove+1","Consecrate+1"],"picked":"Weave+1","floor":56}],"player_experience":202237,"relics_obtained":[{"floor":8,"key":"Du-Vu Doll"},{"floor":9,"key":"hubris:ToyBattleship"},{"floor":10,"key":"hubris:SlimyHat"},{"floor":14,"key":"wanderingMiniBosses:AbyssPearl"},{"floor":23,"key":"infinitespire:Beetle Shell"},{"floor":26,"key":"infinitespire:Broken Mirror"},{"floor":28,"key":"Replay:Rubber Ducky"},{"floor":37,"key":"Golden Egg"},{"floor":56,"key":"ReplayFunnel"}],"event_choices":[{"damage_healed":0,"gold_gain":0,"player_choice":"Left","damage_taken":0,"max_hp_gain":0,"max_hp_loss":0,"event_name":"betterThird:BetterGoop","floor":3,"gold_loss":44},{"cards_removed":["Strike_P"],"damage_healed":0,"gold_gain":0,"player_choice":"Took Card","damage_taken":0,"max_hp_gain":0,"max_hp_loss":0,"event_name":"NoteForYourself","floor":12,"gold_loss":0,"cards_obtained":["Strike_B"]},{"damage_healed":0,"gold_gain":0,"player_choice":"Obtained Relic","damage_taken":0,"relics_obtained":["Molten Egg 2"],"max_hp_gain":0,"max_hp_loss":0,"event_name":"Addict","floor":22,"gold_loss":85},{"damage_healed":0,"gold_gain":0,"player_choice":"Shed Blood","damage_taken":36,"max_hp_gain":5,"max_hp_loss":0,"event_name":"Forgotten Altar","floor":25,"gold_loss":0},{"damage_healed":0,"gold_gain":0,"player_choice":"Embrace Madness","damage_taken":18,"max_hp_gain":0,"max_hp_loss":0,"event_name":"Winding Halls","floor":36,"gold_loss":0,"cards_obtained":["Madness","Madness"]}],"is_beta":false,"boss_relics":[{"not_picked":["ChewingGum","Replay:Bronze Core"],"picked":"hubris:Stopwatch"},{"not_picked":["Runic Pyramid","Calling Bell"],"picked":"Cursed Key"}],"items_purged_floors":[13,21,27,30,39,47],"is_endless":false,"potions_floor_spawned":[4,7,8,14,20,28,33,35,38,50],"ascension_level":0}}