{"host":"qfrmffs8rw9cf08l","time":1611283710,"event":{"mods":["AchievementEnabler","Act Like it!","AlwaysNeverKeys","Arknights The Spire","BaseMod","Bestiary","Better Match","Better Note","Better Sensory Stone","Better Skull","Better Third Choice","Better Vampires","BetterRewards","Curses Come First","Custom Start","Gensokyo","Gold Saver","MarisaÅiñ∂âJÅ@ñÇóùçπÅj","Minty Spire (QoL Compilation)","Permanent Neow","Poor People Problems","Quick Restart","Relic Sorter","Relic Stats","StSLib"],"gold_per_floor":[12196,12196,12196,12196,12196,12231,12248,12280,12352,12352,12382,12394,12404,12434,12446,12555,12567,12593,12605,12497,12509,12051,12097,12161,12206,12242,12254,12286,12315,12327,12353,12365,12479,12491,12521,12533,12561,12373,12298,12298,12323,12323,12323,12349,12349,12349,12378,12394,12394,12394,12394,12394,12147,12182,12182],"floor_reached":56,"language":"ENG","playtime":3971,"items_purged":["Defend_MRS","Defend_MRS","Defend_MRS","MilkyWay","EnergyRecoil","MilkyWay","ShootingEcho","NonDirectionalLaser","MagicChant","ShootTheMoon","Strike_MRS","Strike_MRS","OrrerysSun","NonDirectionalLaser+1","FairyDestructionRay+1"],"score":2809,"play_id":"a6aa18d6-ec81-47a5-9c5b-c64f5594d90e","local_time":"20210122104830","is_ascension_mode":true,"campfire_choices":[{"data":"MagicChant","floor":10.0,"key":"SMITH"},{"data":"PulseMagic","floor":15.0,"key":"SMITH"},{"data":"UltimateShortwave","floor":27,"key":"SMITH"},{"data":"EnergyFlow","floor":30,"key":"SMITH"},{"data":"UpSweep","floor":32,"key":"SMITH"},{"floor":40,"key":"DIG"},{"data":"ShootingEcho+1","floor":46,"key":"PURGE"},{"data":"Gensokyo:MarisaTwilightSpark+1","floor":49,"key":"PURGE"},{"data":"ShootTheMoon+1","floor":52,"key":"PURGE"}],"circlet_count":14,"master_deck":["OneTimeOff+1","OneTimeOff+1","UltimateShortwave+1","MagicChant+1","PulseMagic+1","EnergyFlow+1","MilkyWay+1","EnergyRecoil+1","PulseMagic+1","MilkyWay+1","GalacticHalo+1","OortCloud+1","EarthLightRay+1","MagicChant+1","EnergyFlow+1","BlazingStar+1","OrrerysSun+1","MagicAbsorber+1","CollectingQuirk+1","MagicChant+1","Orbital+1","Panacea+1","EventHorizon+1","EnergyRecoil+1","OneTimeOff+1","OneTimeOff+1","CollectingQuirk+1","ChargingUp+1","Acceleration+1","CollectingQuirk+1","OneTimeOff+1","FinalSpark+1","SprinkleStarSeal+1","Gensokyo:MenInBlack+1","Acceleration+1","Gensokyo:ShootingStar+1","MillisecondPulsars+1","EarthLightRay+1","SporeBomb+1","GalacticHalo+1","GasGiant+1","Gensokyo:Dawn+1","AsteroidBelt+1","ChargingUp+1"],"relics":["MiniHakkero","HandmadeGrimoire","SimpleLauncher","AmplifyWand","MagicBroom","Circlet","Anchor","CaptainsWheel","Incense Burner","Kunai","Shuriken","Nunchaku","InkBottle","Pen Nib","TungstenRod","Torii","Toxic Egg 2","Molten Egg 2","Frozen Egg 2","Membership Card","Omamori","Art of War","Ornamental Fan","Du-Vu Doll","Sundial","Gensokyo:Mercy","Happy Flower","Letter Opener","HornCleat","Ancient Tea Set","Strawberry","FossilizedHelix","War Paint","Medical Kit","SproutingBranch","Centennial Puzzle","Gremlin Horn","DollysMirror","Pear","Peace Pipe","Singing Bowl","Blood Vial","HandDrill","Gambling Chip","Vajra","Thread and Needle","Potion Belt","Lee\u0027s Waffle","Mango","Pantograph","Ginger","Pocketwatch","Mummified Hand","Chemical X","Strange Spoon","Boot","Toy Ornithopter","Prayer Wheel","Whetstone","Calipers","StoneCalendar","Blue Candle","MealTicket","OrangePellets","PreservedInsect","Unceasing Top","Eternal Feather","Frozen Eye","Ice Cream","Oddly Smooth Stone","Turnip","Shovel","Bag of Marbles","Cauldron","WingedGreaves","Mercury Hourglass","Lizard Tail","Question Card","Regal Pillow","Bird Faced Urn","Matryoshka","TheAbacus","Darkstone Periapt","Dream Catcher","ClockworkSouvenir","Orrery","Bronze Scales","Sling","Tiny Chest","BreadOfAWashokuLover","Lantern","Juzu Bracelet","Orichalcum","Bag of Preparation","White Beast Statue","Meat on the Bone","Gensokyo:NagashiBinaDoll","Bottled Lightning","Bottled Flame","Bottled Tornado","MawBank","Pandora\u0027s Box","Gensokyo:LionMask","Gensokyo:RedStar","Runic Dome"],"acts_visited":["Exordium","Gensokyo:Gensokyo","Gensokyo:Gensokyoer","TheEnding"],"potions_floor_usage":[29,33],"damage_taken":[{"damage":0.0,"enemies":"Gensokyo:2_Kodama","floor":1.0,"turns":1.0},{"damage":0.0,"enemies":"Gensokyo:Cirno","floor":6.0,"turns":4.0},{"damage":0.0,"enemies":"Gensokyo:3_Fairies","floor":7.0,"turns":2.0},{"damage":0.0,"enemies":"Gensokyo:Mamizou","floor":8.0,"turns":1.0},{"damage":0.0,"enemies":"Gensokyo:Aya","floor":11.0,"turns":1.0},{"damage":0.0,"enemies":"Gensokyo:Gryphon","floor":12.0,"turns":1.0},{"damage":0.0,"enemies":"Gensokyo:2_Rabbits","floor":13.0,"turns":1.0},{"damage":0.0,"enemies":"Gensokyo:Cirno","floor":14.0,"turns":4.0},{"damage":0.0,"enemies":"Gensokyo:Reimu","floor":16.0,"turns":1.0},{"damage":0.0,"enemies":"Gensokyo:Chomper","floor":18.0,"turns":1.0},{"damage":0,"enemies":"Gensokyo:Koishi","floor":23,"turns":1},{"damage":0,"enemies":"Gensokyo:Tenshi","floor":25,"turns":1},{"damage":0,"enemies":"Gensokyo:2_Gloops","floor":28,"turns":1},{"damage":0,"enemies":"Gensokyo:Mirror_and_Dog","floor":29,"turns":1},{"damage":0,"enemies":"Gensokyo:Wraith","floor":31,"turns":1},{"damage":0,"enemies":"Gensokyo:Eternal_Rivals","floor":33,"turns":1},{"damage":0,"enemies":"Gensokyo:3_Boulders","floor":35,"turns":1},{"damage":0,"enemies":"Gensokyo:3_Bats","floor":37,"turns":1},{"damage":0,"enemies":"Gensokyo:Doremy","floor":41,"turns":1},{"damage":0,"enemies":"Gensokyo:Doremy","floor":42,"turns":2},{"damage":0,"enemies":"Gensokyo:Kasen","floor":44,"turns":1},{"damage":0,"enemies":"Gensokyo:Doremy","floor":47,"turns":1},{"damage":0,"enemies":"Gensokyo:SeedOfUnknown","floor":48,"turns":1},{"damage":0,"enemies":"Gensokyo:Scarlet_Devils","floor":50,"turns":1},{"damage":0,"enemies":"Shield and Spear","floor":54,"turns":1},{"damage":0,"enemies":"The Heart","floor":55,"turns":3}],"seed_played":"-1727490699230900418","potions_obtained":[{"floor":0.0,"key":"Fruit Juice"},{"floor":0.0,"key":"Fire Potion"},{"floor":0.0,"key":"SneckoOil"},{"floor":0.0,"key":"Regen Potion"},{"floor":0.0,"key":"StarNLove"},{"floor":6.0,"key":"DuplicationPotion"},{"floor":25,"key":"Swift Potion"},{"floor":29,"key":"Fruit Juice"},{"floor":31,"key":"DuplicationPotion"},{"floor":33,"key":"Fruit Juice"},{"floor":35,"key":"SkillPotion"}],"is_trial":false,"path_per_floor":["M","?","?","?","T","E","M","E","T","R","E","M","M","E","R","B",null,"M","?","?","?","COS","E","T","E","T","R","M","M","R","M","R","B",null,"M","?","M","$","?","R","E","?","T","E","T","R","E","M","R","B",null,"R","$","E","B",null],"character_chosen":"MARISA","items_purchased":["Ancient Tea Set","Strawberry","ShootTheMoon","FossilizedHelix","OneTimeOff","War Paint","Medical Kit","Nunchaku","Centennial Puzzle","MagicChant","Gremlin Horn","DollysMirror","Pear","Singing Bowl","Blood Vial","HandDrill","Membership Card","Vajra","InkBottle","UltimateShortwave","Potion Belt","Lee\u0027s Waffle","MilkyWay","SimpleLauncher","Pantograph","Art of War","MilkyWay","Omamori","Anchor","Mummified Hand","Ornamental Fan","Chemical X","Strange Spoon","Boot","Toy Ornithopter","OrrerysSun","Kunai","Whetstone","FairyPotion","EnergyRecoil","StoneCalendar","Blue Candle","NonDirectionalLaser","MealTicket","OrangePellets","MagicChant","PreservedInsect","Eternal Feather","Shuriken","Frozen Eye","Oddly Smooth Stone","Sundial","PulseMagic","Shovel","Bag of Marbles","Cauldron","EnergyFlow","ShootingEcho","Toxic Egg 2","Mercury Hourglass","Molten Egg 2","CaptainsWheel","Question Card","Regal Pillow","MilkyWay+1","EnergyRecoil+1","PulseMagic+1","Frozen Egg 2","Matryoshka","TheAbacus","MilkyWay+1","GalacticHalo+1","ShootingEcho+1","OortCloud+1","Darkstone Periapt","Dream Catcher","ClockworkSouvenir","Orrery","BlazingStar+1","Bronze Scales","Sling","Happy Flower","Tiny Chest","Letter Opener","BreadOfAWashokuLover","OrrerysSun+1","Lantern","MagicAbsorber+1","Juzu Bracelet","CollectingQuirk+1","Orichalcum","MagicChant+1","Bag of Preparation","AmplifyWand","White Beast Statue","ShootTheMoon+1","Meat on the Bone","HornCleat","Orbital+1","Panacea+1","EventHorizon+1","EnergyRecoil+1","Pen Nib","ChargingUp+1"],"campfire_rested":0,"item_purchase_floors":[0,0,0,0,0,0,0,0,0,0,0,0,0,0,0,0,0,0,0,0,0,0,0,0,0,0,0,0,0,0,0,0,0,0,0,0,0,0,0,0,0,0,0,0,0,0,0,0,0,0,0,0,0,0,0,0,0,0,0,0,0,0,0,0,0,0,0,0,0,0,0,0,0,0,0,0,0,0,0,0,0,0,0,0,0,0,0,0,0,0,0,0,0,0,0,0,0,0,0,0,0,0,0,53],"current_hp_per_floor":[122,122,122,122,122,122,124,126,126,126,126,126,130,130,130,130,130,134,134,134,134,134,136,136,138,138,138,142,149,149,153,153,158,158,158,158,160,160,164,164,164,164,164,166,166,166,168,170,170,170,170,170,170,172,172],"gold":12182,"neow_bonus":"","is_daily":false,"chose_seed":false,"campfire_upgraded":5,"win_rate":0.0,"timestamp":1611283710,"path_taken":["M","?","?","?","?","E","M","E","T","R","E","M","M","E","R","BOSS","M","?","?","?","COS","E","?","E","T","R","M","M","R","M","R","BOSS","M","?","M","$","?","R","E","?","T","E","?","R","E","M","R","BOSS","R","$","E","BOSS"],"items_purchased_type":["Relic","Relic","Card","Relic","Card","Relic","Relic","Relic","Relic","Card","Relic","Relic","Relic","Relic","Relic","Relic","Relic","Relic","Relic","Card","Relic","Relic","Card","Relic","Relic","Relic","Card","Relic","Relic","Relic","Relic","Relic","Relic","Relic","Relic","Card","Relic","Relic","Potion","Card","Relic","Relic","Card","Relic","Relic","Card","Relic","Relic","Relic","Relic","Relic","Relic","Card","Relic","Relic","Relic","Card","Card","Relic","Relic","Relic","Relic","Relic","Relic","Card","Card","Card","Relic","Relic","Relic","Card","Card","Card","Card","Relic","Relic","Relic","Relic","Card","Relic","Relic","Relic","Relic","Relic","Relic","Card","Relic","Card","Relic","Card","Relic","Card","Relic","Relic","Relic","Card","Relic","Relic","Card","Card","Card","Card","Relic","Card"],"build_version":"2020-12-22","purchased_purges":15,"victory":true,"max_hp_per_floor":[122,122,122,122,122,122,124,126,126,126,126,126,130,130,130,130,130,134,134,134,134,134,136,136,138,138,138,142,149,149,153,153,158,158,158,158,160,160,164,164,164,164,164,166,166,166,168,170,170,170,170,170,170,172,172],"relic_stats":{"Gremlin Horn":[92,130],"Ginger":[4],"Whetstone":["Strike_MRS","Strike_MRS"],"Boot":[0],"Blood Vial":62,"Centennial Puzzle":[3],"Lizard Tail":21,"Sundial":[2],"Prayer Wheel":112,"MealTicket":43,"HandDrill":[46],"Kunai":[32],"Happy Flower":[81],"counters":[242,343],"Blue Candle":[4],"Eternal Feather":215,"Pen Nib":[38],"Letter Opener":[203],"War Paint":["Defend_MRS","Defend_MRS","OneTimeOff","Defend_MRS"],"Question Card":383,"OrangePellets":[1],"Shuriken":[39],"Bird Faced Urn":[24],"Bronze Scales":[105],"Pandora\u0027s Box":["OneTimeOff","FinalSpark","SprinkleStarSeal"],"obtain_stats":[{"Gensokyo:UndefinedDarkness":123,"Ginger":92,"Whetstone":360,"Bottled Tornado":360,"Sling":54,"Boot":70,"Old Coin":40,"Blood Vial":3,"Sundial":62,"MealTicket":54,"Fusion Hammer":51,"HandDrill":96,"Kunai":25,"Pear":65,"Blue Candle":10,"BreadOfAWashokuLover":42,"Eternal Feather":72,"Pen Nib":23,"Akabeko":54,"SlaversCollar":0,"Runic Dome":357,"Bird Faced Urn":95,"Pandora\u0027s Box":391,"MiniHakkero":0,"StrikeDummy":331,"Gensokyo:MarisaImprobabilityPotion":74,"Unceasing Top":83,"AmplifyWand":9,"Lantern":7,"Regal Pillow":331,"Torii":0,"Singing Bowl":0,"StoneCalendar":79,"Bag of Preparation":43,"SproutingBranch":49,"Smiling Mask":0,"Ancient Tea Set":42,"Cursed Key":408,"Gensokyo:LunaticRedEyes":156,"Shovel":0,"Matryoshka":0,"Gensokyo:OccultBall":155,"WingedGreaves":0,"HandmadeGrimoire":59,"Chemical X":107,"BewitchedHakkero":85,"InkBottle":7,"Potion Belt":0,"Lee\u0027s Waffle":336,"MagicBroom":28,"Gensokyo:DirgeOfMelancholy":132,"Golden Idol":362,"Circlet":106,"Gensokyo:MosesMiracle":237,"Thread and Needle":12,"The Courier":0,"PreservedInsect":72,"Omamori":0,"Frozen Egg 2":0,"MawBank":0,"Gensokyo:RedStar":122,"ats:Gyao":0,"Busted Crown":323,"ExperimentalFamiliar":17,"Ornamental Fan":79,"Gensokyo:DayTheSeaSplit":232,"Orrery":354,"Turnip":62,"Art of War":54,"Bottled Lightning":91,"Toy Ornithopter":326,"Ice Cream":100,"Calipers":62,"Tiny House":68,"Gremlin Horn":87,"CeramicFish":23,"Vajra":12,"Sozu":374,"Centennial Puzzle":62,"Lizard Tail":92,"HornCleat":10,"FaceOfCleric":376,"Gensokyo:LionMask":184,"DollysMirror":360,"Strawberry":336,"Prayer Wheel":62,"Philosopher\u0027s Stone":102,"Toxic Egg 2":0,"Happy Flower":70,"Oddly Smooth Stone":80,"Letter Opener":87,"War Paint":25,"Question Card":0,"WarpedTongs":365,"Du-Vu Doll":37,"OrangePellets":107,"Bottled Flame":54,"Shuriken":10,"Bronze Scales":40,"Molten Egg 2":0,"Black Star":0,"CatCart":301,"Meat on the Bone":10,"Pocketwatch":331,"Darkstone Periapt":80,"SacredBark":340,"Enchiridion":14,"Gensokyo:MarisaIngredientList":53,"Mango":92,"Gensokyo:NagashiBinaDoll":4,"Juzu Bracelet":62,"Incense Burner":106,"Empty Cage":62,"PrismaticShard":387,"Gensokyo:DualWield":199,"ClockworkSouvenir":62,"Frozen Eye":75,"Nunchaku":31,"Dream Catcher":316,"Gensokyo:MarisaPhilosophersStone":8,"TheAbacus":37,"Mummified Hand":87,"Gambling Chip":20,"Pantograph":37,"Tiny Chest":9,"Red Mask":279,"SimpleLauncher":0,"Gensokyo:ConquerorOfFear":124,"Orichalcum":31,"Medical Kit":0,"White Beast Statue":26,"Mercury Hourglass":57,"Peace Pipe":0,"Gensokyo:EmptyGrave":38,"Strange Spoon":96,"ShroomBag":331,"Cauldron":331,"CaptainsWheel":20,"Anchor":28,"Gensokyo:Mercy":3,"Coffee Dripper":34,"Bag of Marbles":62,"Membership Card":0,"TungstenRod":0,"FossilizedHelix":62},{"Gensokyo:UndefinedDarkness":65,"Ginger":49,"Whetstone":186,"Bottled Tornado":186,"Sling":31,"Boot":40,"Old Coin":24,"Blood Vial":2,"Sundial":36,"MealTicket":31,"Fusion Hammer":30,"HandDrill":51,"Kunai":17,"Pear":38,"Blue Candle":7,"BreadOfAWashokuLover":26,"Eternal Feather":41,"Pen Nib":16,"Akabeko":31,"SlaversCollar":0,"Runic Dome":185,"Bird Faced Urn":51,"Pandora\u0027s Box":203,"MiniHakkero":0,"StrikeDummy":172,"Gensokyo:MarisaImprobabilityPotion":42,"Unceasing Top":45,"AmplifyWand":6,"Lantern":5,"Regal Pillow":172,"Torii":0,"Singing Bowl":0,"StoneCalendar":44,"Bag of Preparation":26,"SproutingBranch":29,"Smiling Mask":0,"Ancient Tea Set":26,"Cursed Key":213,"Gensokyo:LunaticRedEyes":81,"Shovel":0,"Matryoshka":0,"Gensokyo:OccultBall":81,"WingedGreaves":0,"HandmadeGrimoire":34,"Chemical X":57,"BewitchedHakkero":46,"InkBottle":5,"Potion Belt":0,"Lee\u0027s Waffle":174,"MagicBroom":18,"Gensokyo:DirgeOfMelancholy":70,"Golden Idol":187,"Circlet":57,"Gensokyo:MosesMiracle":120,"Thread and Needle":9,"The Courier":0,"PreservedInsect":41,"Omamori":0,"Frozen Egg 2":0,"MawBank":0,"Gensokyo:RedStar":65,"ats:Gyao":0,"Busted Crown":169,"ExperimentalFamiliar":11,"Ornamental Fan":44,"Gensokyo:DayTheSeaSplit":117,"Orrery":184,"Turnip":36,"Art of War":31,"Bottled Lightning":49,"Toy Ornithopter":171,"Ice Cream":53,"Calipers":36,"Tiny House":39,"Gremlin Horn":47,"CeramicFish":16,"Vajra":9,"Sozu":194,"Centennial Puzzle":36,"Lizard Tail":49,"HornCleat":7,"FaceOfCleric":195,"Gensokyo:LionMask":93,"DollysMirror":186,"Strawberry":174,"Prayer Wheel":36,"Philosopher\u0027s Stone":54,"Toxic Egg 2":0,"Happy Flower":40,"Oddly Smooth Stone":44,"Letter Opener":47,"War Paint":17,"Question Card":0,"WarpedTongs":189,"Du-Vu Doll":22,"OrangePellets":57,"Bottled Flame":31,"Shuriken":7,"Bronze Scales":24,"Molten Egg 2":0,"Black Star":0,"CatCart":157,"Meat on the Bone":7,"Pocketwatch":172,"Darkstone Periapt":44,"SacredBark":175,"Enchiridion":10,"Gensokyo:MarisaIngredientList":31,"Mango":49,"Gensokyo:NagashiBinaDoll":217,"Juzu Bracelet":36,"Incense Burner":57,"Empty Cage":36,"PrismaticShard":201,"Gensokyo:DualWield":99,"ClockworkSouvenir":36,"Frozen Eye":42,"Nunchaku":19,"Dream Catcher":166,"Gensokyo:MarisaPhilosophersStone":6,"TheAbacus":22,"Mummified Hand":47,"Gambling Chip":14,"Pantograph":22,"Tiny Chest":6,"Red Mask":145,"SimpleLauncher":0,"Gensokyo:ConquerorOfFear":66,"Orichalcum":19,"Medical Kit":0,"White Beast Statue":17,"Mercury Hourglass":33,"Peace Pipe":0,"Gensokyo:EmptyGrave":22,"Strange Spoon":51,"ShroomBag":172,"Cauldron":172,"CaptainsWheel":14,"Anchor":18,"Gensokyo:Mercy":217,"Coffee Dripper":20,"Bag of Marbles":36,"Membership Card":0,"TungstenRod":0,"FossilizedHelix":36},{"Gensokyo:UndefinedDarkness":127,"Ginger":108,"Whetstone":268,"Bottled Tornado":268,"Sling":83,"Boot":99,"Old Coin":72,"Blood Vial":7,"Sundial":95,"MealTicket":83,"Fusion Hammer":82,"HandDrill":110,"Kunai":56,"Pear":97,"Blue Candle":31,"BreadOfAWashokuLover":77,"Eternal Feather":100,"Pen Nib":54,"Akabeko":83,"SlaversCollar":0,"Runic Dome":267,"Bird Faced Urn":110,"Pandora\u0027s Box":285,"MiniHakkero":0,"StrikeDummy":253,"Gensokyo:MarisaImprobabilityPotion":101,"Unceasing Top":104,"AmplifyWand":28,"Lantern":23,"Regal Pillow":253,"Torii":0,"Singing Bowl":0,"StoneCalendar":103,"Bag of Preparation":77,"SproutingBranch":80,"Smiling Mask":0,"Ancient Tea Set":77,"Cursed Key":295,"Gensokyo:LunaticRedEyes":146,"Shovel":0,"Matryoshka":0,"Gensokyo:OccultBall":146,"WingedGreaves":0,"HandmadeGrimoire":90,"Chemical X":119,"BewitchedHakkero":105,"InkBottle":23,"Potion Belt":0,"Lee\u0027s Waffle":255,"MagicBroom":57,"Gensokyo:DirgeOfMelancholy":132,"Golden Idol":269,"Circlet":119,"Gensokyo:MosesMiracle":194,"Thread and Needle":38,"The Courier":0,"PreservedInsect":100,"Omamori":0,"Frozen Egg 2":0,"MawBank":0,"Gensokyo:RedStar":127,"ats:Gyao":0,"Busted Crown":250,"ExperimentalFamiliar":45,"Ornamental Fan":103,"Gensokyo:DayTheSeaSplit":189,"Orrery":265,"Turnip":95,"Art of War":83,"Bottled Lightning":108,"Toy Ornithopter":252,"Ice Cream":112,"Calipers":95,"Tiny House":98,"Gremlin Horn":106,"CeramicFish":54,"Vajra":38,"Sozu":276,"Centennial Puzzle":95,"Lizard Tail":108,"HornCleat":33,"FaceOfCleric":277,"Gensokyo:LionMask":159,"DollysMirror":268,"Strawberry":255,"Prayer Wheel":95,"Philosopher\u0027s Stone":115,"Toxic Egg 2":0,"Happy Flower":99,"Oddly Smooth Stone":103,"Letter Opener":106,"War Paint":56,"Question Card":0,"WarpedTongs":271,"Du-Vu Doll":68,"OrangePellets":119,"Bottled Flame":83,"Shuriken":33,"Bronze Scales":72,"Molten Egg 2":0,"Black Star":0,"CatCart":238,"Meat on the Bone":31,"Pocketwatch":253,"Darkstone Periapt":103,"SacredBark":256,"Enchiridion":41,"Gensokyo:MarisaIngredientList":83,"Mango":108,"Gensokyo:NagashiBinaDoll":308,"Juzu Bracelet":95,"Incense Burner":119,"Empty Cage":95,"PrismaticShard":283,"Gensokyo:DualWield":165,"ClockworkSouvenir":95,"Frozen Eye":101,"Nunchaku":59,"Dream Catcher":247,"Gensokyo:MarisaPhilosophersStone":28,"TheAbacus":68,"Mummified Hand":106,"Gambling Chip":51,"Pantograph":68,"Tiny Chest":28,"Red Mask":225,"SimpleLauncher":0,"Gensokyo:ConquerorOfFear":128,"Orichalcum":59,"Medical Kit":0,"White Beast Statue":56,"Mercury Hourglass":89,"Peace Pipe":0,"Gensokyo:EmptyGrave":68,"Strange Spoon":110,"ShroomBag":253,"Cauldron":253,"CaptainsWheel":51,"Anchor":57,"Gensokyo:Mercy":308,"Coffee Dripper":65,"Bag of Marbles":95,"Membership Card":0,"TungstenRod":0,"FossilizedHelix":95}],"Unceasing Top":[0],"Pocketwatch":[15],"Meat on the Bone":12,"Darkstone Periapt":120,"Regal Pillow":0,"Torii":15,"Singing Bowl":242,"StoneCalendar":[52],"Juzu Bracelet":19,"Bag of Preparation":[89],"Nunchaku":[36],"Dream Catcher":0,"Shovel":34,"TheAbacus":[48],"Mummified Hand":[506],"Gambling Chip":[130],"Pantograph":82,"Tiny Chest":28,"Chemical X":[2],"InkBottle":[124],"Lee\u0027s Waffle":36,"PreservedInsect":9254,"Orichalcum":[30],"Medical Kit":[19],"MawBank":1287,"Mercury Hourglass":[1296],"Peace Pipe":38,"Strange Spoon":[89],"Ornamental Fan":[60],"Turnip":[4],"Art of War":[12],"TungstenRod":39,"Toy Ornithopter":0},"card_choices":[{"not_picked":["WitchOfGreed+1","MilkyWay+1","AsteroidBelt+1"],"picked":"EarthLightRay+1","floor":0.0},{"not_picked":["Acceleration+1","WitchLeyline+1","ManaConvection+1"],"picked":"MagicChant+1","floor":0.0},{"not_picked":["GasGiant+1","LuminesStrike+1","MilkyWay+1"],"picked":"FairyDestructionRay+1","floor":0.0},{"not_picked":["OrrerysSun+1","EventHorizon+1","MilkyWay+1"],"picked":"EnergyFlow+1","floor":0.0},{"not_picked":["MilkyWay+1","DoubleSpark+1","IllusionStar+1"],"picked":"NonDirectionalLaser+1","floor":0.0},{"not_picked":["ShootTheMoon+1","ManaRampage+1","6A+1","RefractionSpark+1"],"picked":"Singing Bowl","floor":1.0},{"not_picked":["GravityBeat+1","PowerUp+1","GalacticHalo+1","UnstableBomb+1"],"picked":"Singing Bowl","floor":1.0},{"not_picked":["ShootTheMoon+1","IllusionStar+1","WitchLeyline+1"],"picked":"OneTimeOff+1","floor":6.0},{"not_picked":["AsteroidBelt+1","PropBag+1","LuminesStrike+1","MeteoricShower+1"],"picked":"Singing Bowl","floor":7.0},{"not_picked":["GasGiant+1","EventHorizon+1","WitchOfGreed+1"],"picked":"NonDirectionalLaser+1","floor":7.0},{"not_picked":["WitchLeyline+1","DoubleSpark+1","PowerUp+1","UnstableBomb+1"],"picked":"Singing Bowl","floor":8.0},{"not_picked":["DragonMeteor+1","StarlightTyphoon+1","BlazeAway+1"],"picked":"OneTimeOff+1","floor":11.0},{"not_picked":["SporeBomb+1","WitchLeyline+1","WitchOfGreed+1"],"picked":"CollectingQuirk+1","floor":12.0},{"not_picked":["NonDirectionalLaser+1","MeteoricShower+1","StarBarrage+1"],"picked":"ChargingUp+1","floor":12.0},{"not_picked":["DarkSpark+1","6A+1","WitchLeyline+1","LuminesStrike+1"],"picked":"Singing Bowl","floor":13.0},{"not_picked":["MysteriousBeam+1","OneTimeOff+1","IllusionStar+1","GalacticHalo+1"],"picked":"Singing Bowl","floor":13.0},{"not_picked":["PowerUp+1","GasGiant+1","WitchLeyline+1"],"picked":"Acceleration+1","floor":14.0},{"not_picked":["BigCrunch+1","AbsoluteMagnitude+1","BinaryStars+1"],"picked":"CollectingQuirk+1","floor":16.0},{"not_picked":["Robbery+1","GalacticHalo+1","GrandCross+1","OpenUniverse+1"],"picked":"Singing Bowl","floor":18.0},{"not_picked":["PowerUp+1","LuminesStrike+1","IllusionStar+1","6A+1"],"picked":"Singing Bowl","floor":18.0},{"not_picked":["NonDirectionalLaser+1","GalacticHalo+1","EnergyRecoil+1","WitchOfGreed+1"],"picked":"Singing Bowl","floor":23},{"not_picked":["ShootingEcho+1","MeteoricShower+1","GravityBeat+1","WitchLeyline+1"],"picked":"Singing Bowl","floor":25},{"not_picked":["DarkMatter+1","PowerUp+1","Robbery+1","SporeBomb+1"],"picked":"Singing Bowl","floor":28},{"not_picked":["6A+1","ShootingEcho+1","MeteoricShower+1","IllusionStar+1"],"picked":"Singing Bowl","floor":28},{"not_picked":["6A+1","OrrerysSun+1","ShootTheMoon+1","MysteriousBeam+1"],"picked":"Singing Bowl","floor":29},{"not_picked":["LuminesStrike+1","OortCloud+1","Orbital+1"],"picked":"Acceleration+1","floor":29},{"not_picked":["Acceleration+1","PowerUp+1","RefractionSpark+1","StarlightTyphoon+1"],"picked":"Singing Bowl","floor":31},{"not_picked":["SporeBomb+1","MeteoricShower+1","MilkyWay+1","GasGiant+1"],"picked":"Singing Bowl","floor":31},{"not_picked":[],"picked":"Gensokyo:ShootingStar","floor":33},{"not_picked":["UltimateShortwave+1","ManaRampage+1","StarDustReverie+1"],"picked":"MillisecondPulsars+1","floor":33},{"not_picked":["OpenUniverse+1","OrrerysSun+1","NonDirectionalLaser+1"],"picked":"EarthLightRay+1","floor":35},{"not_picked":["RefractionSpark+1","ShootingEcho+1","DC+1"],"picked":"SporeBomb+1","floor":35},{"not_picked":["MilkyWay+1","MachineGunSpark+1","DoubleSpark+1","GrandCross+1"],"picked":"Singing Bowl","floor":37},{"not_picked":["UnstableBomb+1","IllusionStar+1","GravityBeat+1"],"picked":"GalacticHalo+1","floor":37},{"not_picked":["IllusionStar","Acceleration","WitchLeyline","GravityBeat"],"picked":"Singing Bowl","floor":39},{"not_picked":["BinaryStars","SatelliteIllusion","AbsoluteMagnitude","FinalSpark"],"picked":"Singing Bowl","floor":39},{"not_picked":["SporeBomb+1","GravityBeat+1","RefractionSpark+1"],"picked":"GasGiant+1","floor":41},{"not_picked":["Gensokyo:UnlikelyAid+1","Gensokyo:MorningStar+1"],"picked":"Gensokyo:Dawn+1","floor":42},{"not_picked":["PowerUp+1","6A+1","WitchOfGreed+1","BlazeAway+1"],"picked":"Singing Bowl","floor":44},{"not_picked":["SporeBomb+1","PulseMagic+1","StarDustReverie+1","RefractionSpark+1"],"picked":"Singing Bowl","floor":47},{"not_picked":["IllusionStar+1","DoubleSpark+1","WitchOfGreed+1"],"picked":"AsteroidBelt+1","floor":48},{"not_picked":["OrrerysSun+1","ChargeUpSpray+1","NonDirectionalLaser+1","GrandCross+1"],"picked":"Singing Bowl","floor":48},{"not_picked":["GalacticHalo+1","SuperPerseids+1","MagicAbsorber+1","WitchOfGreed+1"],"picked":"Singing Bowl","floor":54}],"player_experience":316822,"relics_obtained":[{"floor":5.0,"key":"Bottled Lightning"},{"floor":6.0,"key":"Circlet"},{"floor":9.0,"key":"Bottled Flame"},{"floor":11.0,"key":"Bottled Tornado"},{"floor":14.0,"key":"MawBank"},{"floor":23,"key":"Circlet"},{"floor":25,"key":"Circlet"},{"floor":26,"key":"Circlet"},{"floor":40,"key":"Circlet"},{"floor":41,"key":"Circlet"},{"floor":43,"key":"Circlet"},{"floor":44,"key":"Circlet"},{"floor":45,"key":"Circlet"},{"floor":47,"key":"Circlet"},{"floor":54,"key":"Circlet"}],"event_choices":[{"damage_healed":0,"gold_gain":0,"player_choice":"1","damage_taken":0,"max_hp_gain":0,"max_hp_loss":0,"event_name":"betterMatch:BetterMatch","floor":39,"gold_loss":0,"cards_obtained":["betterMatch:CommonCard","betterMatch:RareCard"]}],"is_beta":false,"boss_relics":[{"not_picked":["Calling Bell","Snecko Eye"],"picked":"Pandora\u0027s Box"},{"not_picked":["Astrolabe","Empty Cage"],"picked":"Runic Dome"}],"items_purged_floors":[0,0,0,0,0,0,0,0,0,0,0,0,0,38,53],"is_endless":false,"potions_floor_spawned":[1,6,7,8,11,12,13,14,16,18,23,25,28,29,31,33,35,37,41,44,47,48,54],"ascension_level":9}}