{"host":"87lxh7t77p9km8u4","time":1611317673,"event":{"mods":["BaseMod","Bestiary","Block Reminder","Downfall","Lobotomy","Minty Spire (QoL Compilation)","Permanent Neow","StSLib"],"gold_per_floor":[99,110,122,140,140,140,140,140,79,104,104,254,54,72,90,187,187,87,105,115,20,33,64,90,90,90,90,90],"floor_reached":26,"language":"ENG","playtime":1570,"items_purged":[],"score":262,"play_id":"f6a7f47a-64df-4c0d-aee4-9a36d17e62e6","local_time":"20210122131433","is_ascension_mode":true,"campfire_choices":[{"data":"champ:StrikeOfGenius","floor":1.0,"key":"SMITH"},{"data":"champ:GladiatorStyle","floor":6,"key":"SMITH"},{"floor":8,"key":"RECALL"},{"data":"champ:StanceDance","floor":13,"key":"SMITH"},{"data":"champ:BladeFlurry","floor":18,"key":"SMITH"}],"circlet_count":0,"master_deck":["champ:Defend+1","champ:Defend","champ:Defend","champ:Defend+1","champ:Execute","champ:StrikeOfGenius+1","champ:GladiatorStyle+1","champ:StanceDance+1","champ:BladeFlurry+1","downfall:Icky","champ:BringItOn","champ:FanOfKnives","champ:GladiatorStyle","Bite","Bite","Bite","Bite","Bite"],"relics":["champ:ChampionCrown","Matryoshka","Meat on the Bone","Vajra","downfall:HeartBlessingRed","downfall:HeartBlessingGreen","Sozu","downfall:HeartBlessingBlue","InkBottle","War Paint","Smiling Mask"],"acts_visited":["Exordium","TheCity"],"potions_floor_usage":[10,23],"damage_taken":[{"damage":4.0,"enemies":"Cultist","floor":2.0,"turns":5.0},{"damage":7.0,"enemies":"2 Louse","floor":3.0,"turns":3.0},{"damage":16.0,"enemies":"Jaw Worm","floor":4.0,"turns":4.0},{"damage":30,"enemies":"downfall:FleeingMerchant","floor":9,"turns":4},{"damage":34,"enemies":"3 Sentries","floor":10,"turns":7},{"damage":4,"enemies":"3 Louse","floor":14,"turns":2},{"damage":14,"enemies":"Exordium Wildlife","floor":15,"turns":4},{"damage":33,"enemies":"WA_ARCHETYPE_RETAIN","floor":16,"turns":6},{"damage":17,"enemies":"3 Byrds","floor":19,"turns":4},{"damage":36,"enemies":"Spheric Guardian","floor":20,"turns":4},{"damage":19,"enemies":"downfall:FleeingMerchant","floor":21,"turns":4},{"damage":30,"enemies":"Shelled Parasite and Fungi","floor":22,"turns":4},{"damage":50,"enemies":"Slavers","floor":23,"turns":4}],"seed_played":"-6187453821317966004","potions_obtained":[{"floor":4.0,"key":"SkillPotion"},{"floor":14,"key":"AttackPotion"}],"is_trial":false,"path_per_floor":["R","M","M","M","?","R","T","R","$","E","T","?","R","M","M","B",null,"R","M","M","$","M","E","T","?","?"],"character_chosen":"THE_CHAMP","items_purchased":["champ:StanceDance","champ:GladiatorStyle"],"campfire_rested":0,"item_purchase_floors":[9,21],"current_hp_per_floor":[90,86,79,73,73,73,73,73,63,49,49,49,49,57,55,34,90,100,93,77,68,60,32,32,32,32,32,32],"gold":90,"neow_bonus":"ONE_RANDOM_RARE_CARD","is_daily":false,"chose_seed":false,"campfire_upgraded":4,"win_rate":0.0,"timestamp":1611317673,"path_taken":["R","M","?","?","?","R","T","R","?","E","?","?","R","M","M","BOSS","R","M","M","$","M","E","T","?","?"],"items_purchased_type":["Card","Card"],"build_version":"2020-12-22","purchased_purges":0,"victory":false,"max_hp_per_floor":[90,90,90,90,90,90,90,90,90,90,90,90,90,90,90,90,90,100,100,100,100,100,100,100,69,69,69,69],"card_choices":[{"not_picked":["champ:DefensiveShout","champ:FlashCut"],"picked":"champ:GladiatorStyle","floor":2.0},{"not_picked":["champ:PreemptiveStrike","champ:Lariat","champ:Circumvent"],"picked":"SKIP","floor":3.0},{"not_picked":["champ:CalledShot","champ:Shatter","champ:IgnorePain"],"picked":"SKIP","floor":4.0},{"not_picked":["champ:AdrenalArmor","champ:FanOfKnives","champ:EndlessRage"],"picked":"SKIP","floor":9},{"not_picked":["champ:Lariat","champ:FaceSlap"],"picked":"champ:BladeFlurry","floor":10},{"not_picked":["champ:FanOfKnives","champ:PerfectedStrike","champ:BringItOn"],"picked":"SKIP","floor":14},{"not_picked":["champ:BerserkerStyle","champ:Shatter"],"picked":"champ:BringItOn","floor":15},{"not_picked":["champ:BladeFlurry","champ:BerserkersShout","champ:FaceSlap"],"picked":"SKIP","floor":19},{"not_picked":["champ:FocusedBerserking","champ:TornadoPunch","champ:SwordSigil"],"picked":"SKIP","floor":20},{"not_picked":["champ:Circumvent","champ:Backstep+1"],"picked":"champ:FanOfKnives","floor":21},{"not_picked":["champ:ViciousMockery","champ:Circumvent","champ:PerfectedStrike"],"picked":"SKIP","floor":22},{"not_picked":["champ:GutPunch","champ:Circumvent","champ:CrookedStrike"],"picked":"SKIP","floor":23}],"player_experience":327193,"relics_obtained":[{"floor":7,"key":"Matryoshka"},{"floor":10,"key":"Meat on the Bone"},{"floor":11,"key":"Vajra"},{"floor":23,"key":"InkBottle"},{"floor":24,"key":"War Paint"},{"floor":24,"key":"Smiling Mask"}],"event_choices":[{"damage_healed":0,"gold_gain":0,"player_choice":"Became a vampire","damage_taken":0,"max_hp_gain":0,"max_hp_loss":31,"event_name":"Vampires","floor":25,"gold_loss":0,"cards_obtained":["Bite","Bite","Bite","Bite","Bite"]}],"is_beta":false,"boss_relics":[{"not_picked":["SacredBark","Velvet Choker"],"picked":"Sozu"}],"items_purged_floors":[],"is_endless":false,"potions_floor_spawned":[4,14,19],"ascension_level":1}}