{"host":"hwrdjx5eod2cxh09","time":1611310775,"event":{"mods":["AchievementEnabler","BaseMod","Bestiary","Minty Spire (QoL Compilation)","Relic Stats"],"gold_per_floor":[111,111,111,126,126,165,165,165,213,236,280,280,324,340,340,471,471,471,8,8,8,8,8,8,8,8,8,8,8,8,8,8,8,8,8,0,0,0,0,0,0,0,0,0,0,0,0,0,0,0,0,0,0,0,0],"floor_reached":56,"language":"ENG","playtime":2516,"items_purged":[],"score":1443,"play_id":"b9609e43-6583-4d8b-b831-9ff84a4e2245","local_time":"20210122191935","is_ascension_mode":true,"campfire_choices":[{"data":"Shrug It Off","floor":7,"key":"SMITH"},{"floor":15,"key":"REST"},{"data":"Flame Barrier","floor":24,"key":"SMITH"},{"floor":27,"key":"REST"},{"data":"Double Tap","floor":30,"key":"SMITH"},{"data":"Heavy Blade","floor":32,"key":"SMITH"},{"floor":41,"key":"REST"},{"floor":45,"key":"RECALL"},{"data":"Offering","floor":49,"key":"SMITH"},{"data":"Battle Trance","floor":52,"key":"SMITH"}],"circlet_count":0,"master_deck":["Defend_R","Defend_R","Defend_R","Defend_R","Bash+1","Shrug It Off+1","Reckless Charge","Combust","Thunderclap","Flame Barrier+1","Offering+1","Battle Trance+1","Demon Form+1","Pommel Strike+1","Dark Embrace+1","Heavy Blade+1","Double Tap+1","Shrug It Off+1","Bludgeon+1","Second Wind+1","Reaper+1","Pommel Strike+1","Battle Trance+1","Shrug It Off+1","Evolve+1","Disarm+1","Uppercut+1","Berserk+1"],"relics":["Burning Blood","NeowsBlessing","Frozen Egg 2","Red Skull","Lantern","Mummified Hand","Ectoplasm","PreservedInsect","Torii","Pen Nib","Du-Vu Doll","Nunchaku","Dead Branch","Astrolabe","Red Mask","Ice Cream","Ancient Tea Set","Blood Vial","Oddly Smooth Stone","Bottled Tornado","Omamori","Boot"],"acts_visited":["Exordium","TheCity","TheBeyond","TheEnding"],"potions_floor_usage":[55,55],"damage_taken":[{"damage":0,"enemies":"Jaw Worm","floor":1,"turns":1},{"damage":0,"enemies":"2 Louse","floor":4,"turns":1},{"damage":0,"enemies":"Gremlin Nob","floor":6,"turns":1},{"damage":2,"enemies":"Small Slimes","floor":10,"turns":3},{"damage":20,"enemies":"Lagavulin","floor":11,"turns":5},{"damage":22,"enemies":"Gremlin Nob","floor":13,"turns":4},{"damage":4,"enemies":"Exordium Wildlife","floor":14,"turns":4},{"damage":28,"enemies":"Slime Boss","floor":16,"turns":6},{"damage":0,"enemies":"Chosen","floor":18,"turns":4},{"damage":12,"enemies":"Spheric Guardian","floor":20,"turns":5},{"damage":12,"enemies":"3 Cultists","floor":21,"turns":5},{"damage":14,"enemies":"Snake Plant","floor":22,"turns":3},{"damage":26,"enemies":"Book of Stabbing","floor":23,"turns":5},{"damage":8,"enemies":"Gremlin Leader","floor":25,"turns":4},{"damage":1,"enemies":"Cultist and Chosen","floor":28,"turns":4},{"damage":7,"enemies":"Centurion and Healer","floor":29,"turns":6},{"damage":24,"enemies":"Slavers","floor":31,"turns":4},{"damage":28,"enemies":"Champ","floor":33,"turns":7},{"damage":6,"enemies":"Orb Walker","floor":35,"turns":3},{"damage":16,"enemies":"Mind Bloom Boss Battle","floor":39,"turns":8},{"damage":42,"enemies":"Nemesis","floor":40,"turns":5},{"damage":23,"enemies":"Reptomancer","floor":42,"turns":5},{"damage":7,"enemies":"Giant Head","floor":44,"turns":5},{"damage":0,"enemies":"Nemesis","floor":47,"turns":1},{"damage":5,"enemies":"3 Shapes","floor":48,"turns":4},{"damage":37,"enemies":"Donu and Deca","floor":50,"turns":6},{"damage":8,"enemies":"Shield and Spear","floor":54,"turns":3},{"damage":57,"enemies":"The Heart","floor":55,"turns":7}],"seed_played":"-8299392588388946440","potions_obtained":[{"floor":1,"key":"Explosive Potion"},{"floor":6,"key":"LiquidBronze"},{"floor":11,"key":"Explosive Potion"},{"floor":21,"key":"FearPotion"},{"floor":22,"key":"FairyPotion"},{"floor":29,"key":"SpeedPotion"},{"floor":39,"key":"HeartOfIron"}],"is_trial":false,"path_per_floor":["M","?","?","M","?","E","R","T","T","M","E","?","E","M","R","B",null,"M","$","M","M","M","E","R","E","T","R","M","M","R","E","R","B",null,"M","?","?","?","?","E","R","E","T","E","R","$","E","M","R","B",null,"R","$","E","B",null],"character_chosen":"IRONCLAD","items_purchased":["PreservedInsect","Torii"],"campfire_rested":3,"item_purchase_floors":[19,19],"current_hp_per_floor":[80,80,64,70,50,56,56,56,56,60,46,46,30,32,56,34,80,80,80,74,68,60,40,40,38,38,62,67,66,66,48,48,26,80,80,80,80,76,76,40,62,76,76,75,75,75,76,76,76,53,76,76,76,74,61],"gold":0,"neow_bonus":"THREE_ENEMY_KILL","is_daily":false,"chose_seed":false,"campfire_upgraded":6,"win_rate":0.0,"timestamp":1611310775,"path_taken":["M","?","?","M","?","E","R","?","T","M","E","?","E","M","R","BOSS","M","$","?","M","M","E","R","E","T","R","?","M","R","E","R","BOSS","M","?","?","?","?","E","R","E","T","E","R","$","E","M","R","BOSS","R","$","E","BOSS"],"items_purchased_type":["Relic","Relic"],"build_version":"2020-12-22","purchased_purges":0,"victory":true,"max_hp_per_floor":[80,80,80,80,80,80,80,80,80,80,80,80,80,80,80,80,80,80,80,80,80,80,80,80,80,80,80,80,80,80,80,80,80,80,80,80,80,76,76,76,76,76,76,76,76,76,76,76,76,76,76,76,76,76,76],"relic_stats":{"Torii":14,"counters":[28,119],"Dead Branch":[77],"Astrolabe":["Bludgeon","Second Wind","Reaper"],"PreservedInsect":479,"Pen Nib":[14],"Boot":[0],"Burning Blood":133,"Blood Vial":3,"Nunchaku":[13],"Mummified Hand":[54],"Ectoplasm":991,"obtain_stats":[{"Ice Cream":39,"Lantern":11,"NeowsBlessing":0,"Torii":19,"Golden Idol":5,"Dead Branch":31,"Astrolabe":34,"Oddly Smooth Stone":43,"PreservedInsect":19,"Pen Nib":23,"Omamori":47,"Frozen Egg 2":6,"Bottled Tornado":44,"Ancient Tea Set":40,"Boot":54,"Burning Blood":0,"Du-Vu Doll":25,"Blood Vial":42,"Nunchaku":26,"Mummified Hand":13,"Ectoplasm":17,"Red Mask":36,"Red Skull":9},{"Ice Cream":20,"Lantern":5,"NeowsBlessing":0,"Torii":9,"Golden Idol":2,"Dead Branch":17,"Astrolabe":18,"Oddly Smooth Stone":22,"PreservedInsect":9,"Pen Nib":13,"Omamori":24,"Frozen Egg 2":3,"Bottled Tornado":23,"Ancient Tea Set":21,"Boot":27,"Burning Blood":0,"Du-Vu Doll":14,"Blood Vial":22,"Nunchaku":14,"Mummified Hand":6,"Ectoplasm":8,"Red Mask":19,"Red Skull":3},{"Ice Cream":83,"Lantern":11,"NeowsBlessing":0,"Torii":29,"Golden Idol":2,"Dead Branch":65,"Astrolabe":72,"Oddly Smooth Stone":93,"PreservedInsect":29,"Pen Nib":47,"Omamori":99,"Frozen Egg 2":3,"Bottled Tornado":98,"Ancient Tea Set":88,"Boot":112,"Burning Blood":0,"Du-Vu Doll":51,"Blood Vial":93,"Nunchaku":51,"Mummified Hand":15,"Ectoplasm":25,"Red Mask":75,"Red Skull":3}]},"card_choices":[{"not_picked":["Rampage","Headbutt"],"picked":"Shrug It Off","floor":1},{"not_picked":["Clothesline","Armaments"],"picked":"Combust","floor":4},{"not_picked":["Cleave","Burning Pact","Sever Soul"],"picked":"SKIP","floor":6},{"not_picked":["Anger","Feel No Pain+1"],"picked":"Thunderclap","floor":10},{"not_picked":["Wild Strike","Sentinel"],"picked":"Flame Barrier","floor":11},{"not_picked":["Flame Barrier","Bludgeon"],"picked":"Offering","floor":13},{"not_picked":["Cleave","Wild Strike"],"picked":"Battle Trance","floor":14},{"not_picked":["Impervious","Reaper"],"picked":"Demon Form+1","floor":16},{"not_picked":["Evolve+1","Dropkick+1"],"picked":"Pommel Strike+1","floor":18},{"not_picked":["Iron Wave+1","Rampage+1"],"picked":"Dark Embrace+1","floor":20},{"not_picked":["Spot Weakness","Anger"],"picked":"Heavy Blade","floor":21},{"not_picked":["Headbutt","Bloodletting","Twin Strike"],"picked":"SKIP","floor":22},{"not_picked":["Body Slam+1","Headbutt","Perfected Strike"],"picked":"SKIP","floor":23},{"not_picked":["Cleave","Infernal Blade"],"picked":"Double Tap","floor":25},{"not_picked":["Clothesline","Rage+1"],"picked":"Shrug It Off+1","floor":28},{"not_picked":["Dark Embrace+1","Armaments","Carnage+1"],"picked":"SKIP","floor":29},{"not_picked":["Clash","Clothesline","Rampage+1"],"picked":"SKIP","floor":31},{"not_picked":["Clash","Twin Strike+1"],"picked":"Pommel Strike+1","floor":35},{"not_picked":["Wild Strike+1","Pummel+1"],"picked":"Battle Trance+1","floor":39},{"not_picked":["Anger+1","Dark Embrace+1"],"picked":"Shrug It Off+1","floor":40},{"not_picked":["Sever Soul+1","Anger"],"picked":"Evolve+1","floor":42},{"not_picked":["Flame Barrier+1","Headbutt"],"picked":"Disarm+1","floor":44},{"not_picked":["Body Slam","Offering"],"picked":"Uppercut+1","floor":47},{"not_picked":["Carnage+1","Clothesline","Body Slam"],"picked":"SKIP","floor":48},{"not_picked":["Searing Blow","Whirlwind"],"picked":"Berserk+1","floor":54}],"player_experience":227750,"relics_obtained":[{"floor":6,"key":"Frozen Egg 2"},{"floor":9,"key":"Red Skull"},{"floor":11,"key":"Lantern"},{"floor":13,"key":"Mummified Hand"},{"floor":23,"key":"Pen Nib"},{"floor":25,"key":"Du-Vu Doll"},{"floor":26,"key":"Nunchaku"},{"floor":31,"key":"Dead Branch"},{"floor":39,"key":"Ice Cream"},{"floor":40,"key":"Ancient Tea Set"},{"floor":42,"key":"Blood Vial"},{"floor":43,"key":"Oddly Smooth Stone"},{"floor":44,"key":"Bottled Tornado"},{"floor":47,"key":"Omamori"},{"floor":54,"key":"Boot"}],"event_choices":[{"damage_healed":0,"gold_gain":0,"cards_transformed":["Strike_R"],"player_choice":"Change","damage_taken":0,"max_hp_gain":0,"max_hp_loss":0,"event_name":"Living Wall","floor":2,"gold_loss":0,"cards_obtained":["Reckless Charge"]},{"damage_healed":0,"gold_gain":0,"player_choice":"Entered Light","damage_taken":16,"max_hp_gain":0,"max_hp_loss":0,"event_name":"Shining Light","floor":3,"gold_loss":0,"cards_upgraded":["Bash","Strike_R"]},{"damage_healed":0,"gold_gain":0,"player_choice":"Take Damage","damage_taken":20,"relics_obtained":["Golden Idol"],"max_hp_gain":0,"max_hp_loss":0,"event_name":"Golden Idol","floor":5,"gold_loss":0},{"cards_removed":["Strike_R"],"damage_healed":0,"gold_gain":0,"player_choice":"Offered Basic","damage_taken":0,"max_hp_gain":0,"max_hp_loss":0,"event_name":"Bonfire Elementals","floor":12,"gold_loss":0},{"damage_healed":0,"gold_gain":0,"player_choice":"Paid","damage_taken":0,"relics_obtained":["Red Mask"],"max_hp_gain":0,"max_hp_loss":0,"event_name":"Tomb of Lord Red Mask","floor":36,"gold_loss":8},{"damage_healed":0,"gold_gain":333,"player_choice":"Gave Idol","damage_taken":0,"max_hp_gain":0,"max_hp_loss":0,"event_name":"The Moai Head","floor":37,"relics_lost":["Golden Idol"],"gold_loss":0},{"damage_healed":0,"gold_gain":0,"player_choice":"Max HP","damage_taken":0,"max_hp_gain":0,"max_hp_loss":4,"event_name":"Winding Halls","floor":38,"gold_loss":0},{"damage_healed":0,"gold_gain":0,"player_choice":"Fight","damage_taken":0,"max_hp_gain":0,"max_hp_loss":0,"event_name":"MindBloom","floor":39,"gold_loss":0}],"is_beta":false,"boss_relics":[{"not_picked":["SacredBark","Busted Crown"],"picked":"Ectoplasm"},{"not_picked":["Tiny House","Black Blood"],"picked":"Astrolabe"}],"items_purged_floors":[],"is_endless":false,"potions_floor_spawned":[1,6,11,14,21,22,23,28,29,35,39,42,47,48],"ascension_level":1}}