{"host":"mp58o87p0odjvmog","time":1611343101,"event":{"mods":["BaseMod","BetterRewards","Colored Map","Hubris","Infinite Spire","Marisa????????","Minty Spire (QoL Compilation)","Replay The Spire","StSLib","The Servant 0.9.4"],"gold_per_floor":[114,44,63,63,63,63,98,98,123,123,137,162,182,182,182,287,287,301,313,328,328,346,380,391,391,391],"floor_reached":25,"language":"ENG","playtime":1019,"items_purged":["Strike_G"],"score":523,"play_id":"09c96e2d-19e9-4526-92b8-1904009557f9","local_time":"20210122131821","is_ascension_mode":true,"campfire_choices":[{"data":"Catalyst","floor":6,"key":"SMITH"},{"data":"Catalyst","floor":15,"key":"SMITH"}],"circlet_count":0,"master_deck":["Strike_G","Strike_G","Strike_G","Strike_G","Defend_G","Defend_G","Defend_G","Defend_G","Defend_G","Survivor","Neutralize","Quick Slash","Prepared","Catalyst+1","Footwork","Deadly Poison","Catalyst+1","Backflip","Noxious Fumes","Bouncing Flask","After Image","Cloak And Dagger+1","Crippling Poison","ReplayTheSpireMod:Scrap Shanks"],"relics":["m_SnakeCloak","BargainBundle","Pear","hubris:BottledRain","hubris:OldNail","infinitespire:Cubic Diamond","Happy Flower","Painkiller Herb","Onion Ring","Ancient Tea Set"],"acts_visited":["Exordium","TheCity"],"potions_floor_usage":[7,16,16,23],"damage_taken":[{"damage":0,"enemies":"Small Slimes","floor":1,"turns":6},{"damage":0,"enemies":"Jaw Worm","floor":3,"turns":4},{"damage":9,"enemies":"Lagavulin","floor":7,"turns":8},{"damage":0,"enemies":"Cultist","floor":11,"turns":2},{"damage":0,"enemies":"Gremlin Nob","floor":12,"turns":3},{"damage":0,"enemies":"Large Slime","floor":13,"turns":4},{"damage":30,"enemies":"Fading Forest","floor":16,"turns":11},{"damage":1,"enemies":"Spheric Guardian","floor":18,"turns":3},{"damage":5,"enemies":"Chosen","floor":19,"turns":3},{"damage":21,"enemies":"3 Cultists","floor":20,"turns":7},{"damage":13,"enemies":"Sentry and Sphere","floor":22,"turns":4},{"damage":19,"enemies":"Slavers","floor":23,"turns":8},{"damage":4,"enemies":"Chosen and Byrds","floor":24,"turns":4},{"damage":12,"enemies":"Nightmare","floor":25,"turns":2}],"seed_played":"-776658260681976111","potions_obtained":[{"floor":3,"key":"Weak Potion"},{"floor":12,"key":"Weak Potion"},{"floor":13,"key":"infinitespire:BlackPotion"},{"floor":16,"key":"GamblersBrew"},{"floor":20,"key":"Explosive Potion"},{"floor":23,"key":"Explosive Potion"},{"floor":24,"key":"Block Potion"}],"is_trial":false,"path_per_floor":["M","$","M","?","?","R","E","$","T","?","M","E","M","?","R","B",null,"?","?","?","?","?","E","?","NM"],"character_chosen":"THE_SILENT","items_purchased":["BargainBundle","Quick Slash","Prepared","Footwork"],"campfire_rested":0,"item_purchase_floors":[0,0,0,2],"current_hp_per_floor":[73,73,73,73,73,73,64,64,64,64,64,64,64,69,69,39,74,73,68,47,47,34,15,11,0,0],"gold":391,"neow_bonus":"","is_daily":false,"chose_seed":false,"campfire_upgraded":2,"win_rate":0.0,"timestamp":1611343101,"path_taken":["M","$","M","?","?","R","E","?","T","?","?","E","M","?","R","BOSS","?","?","?","?","?","E","?","NM"],"items_purchased_type":["Relic","Card","Card","Card"],"build_version":"2020-12-22","purchased_purges":1,"victory":false,"max_hp_per_floor":[80,80,80,80,80,80,80,80,80,80,80,80,80,85,85,85,85,85,85,85,85,85,85,85,85,85],"card_choices":[{"not_picked":["Slice","Outmaneuver"],"picked":"Catalyst","floor":1},{"not_picked":["Prepared","Dagger Throw","ReplayTheSpireMod:The Works"],"picked":"SKIP","floor":3},{"not_picked":["hubris:SlightOfHand","Flying Knee"],"picked":"Catalyst","floor":7},{"not_picked":["hubris:Sniper","Fluid Movement"],"picked":"Backflip","floor":11},{"not_picked":["Deadly Poison","Caltrops"],"picked":"Noxious Fumes","floor":12},{"not_picked":["Underhanded Strike","Backflip"],"picked":"Bouncing Flask","floor":13},{"not_picked":["Phantasmal Killer","Atom Bomb"],"picked":"After Image","floor":16},{"not_picked":["Dagger Spray+1","Slice","Flying Knee+1"],"picked":"SKIP","floor":18},{"not_picked":["Blade Dance","Well Laid Plans+1"],"picked":"Cloak And Dagger+1","floor":19},{"not_picked":["Cloak And Dagger","hubris:Counter","Finisher"],"picked":"SKIP","floor":20},{"not_picked":["Finisher","Bane","Setup+1"],"picked":"SKIP","floor":22},{"not_picked":["Terror","Concentrate"],"picked":"Crippling Poison","floor":23},{"not_picked":["PiercingWail","Blade Dance"],"picked":"ReplayTheSpireMod:Scrap Shanks","floor":24}],"player_experience":98594,"relics_obtained":[{"floor":7,"key":"hubris:BottledRain"},{"floor":9,"key":"hubris:OldNail"},{"floor":12,"key":"Happy Flower"},{"floor":23,"key":"Ancient Tea Set"}],"event_choices":[{"damage_healed":0,"gold_gain":0,"player_choice":"Ignored","damage_taken":0,"max_hp_gain":0,"max_hp_loss":0,"event_name":"Liars Game","floor":5,"gold_loss":0},{"damage_healed":0,"gold_gain":0,"player_choice":"Donut","damage_taken":0,"max_hp_gain":5,"max_hp_loss":0,"event_name":"Big Fish","floor":14,"gold_loss":0},{"damage_healed":0,"gold_gain":0,"player_choice":"Gave Potion","damage_taken":0,"relics_obtained":["Onion Ring"],"max_hp_gain":0,"max_hp_loss":0,"event_name":"WeMeetAgain","floor":21,"gold_loss":0}],"is_beta":false,"boss_relics":[{"not_picked":["ChewingGum","hubris:Stopwatch"],"picked":"Painkiller Herb"}],"items_purged_floors":[0],"is_endless":false,"potions_floor_spawned":[3,12,13,16,20,23,24],"killed_by":"Nightmare","ascension_level":6}}