{"host":"ndpbn7fqb3wjbd7p","time":1611347582,"event":{"mods":["AchievementEnabler","Act Like it!","AlwaysNeverKeys","BaseMod","Better Vampires","Block Reminder","Colored Powertips","DeckTracker","Defuse TimeMaze Blight","Friendly Minions","Hallownest","Hermit","Highlight Path","MarisaÅiñ∂âJÅ@ñÇóùçπÅj","Minty Spire (QoL Compilation)","Permanent Neow","Shade Mod","StSLib","SuperFastMode","Synergy Search","The Mystic","Unceasing Turn Reminder","Wandering Minibosses","egg"],"gold_per_floor":[117,117,137,149,52,52,67,98,123,135,85,85,35,46,46,141,141,159,20,30,42,71,71,71,105,105,55,86,136,86,102,102,207,207,226,239,239,239],"floor_reached":37,"language":"ENG","playtime":3698,"items_purged":["Shade:Defend_Shade","Shade:Strike_Shade","Shade:Strike_Shade","Shade:Strike_Shade","Shade:Defend_Shade","Shade:Defend_Shade"],"score":509,"play_id":"c62a48ab-8e0f-49ae-bb17-6005e9ee3970","local_time":"20210122213302","is_ascension_mode":false,"campfire_choices":[{"data":"Shade:OminousRitual","floor":6,"key":"SMITH"},{"data":"Shade:AnimateDead","floor":12,"key":"SMITH"},{"data":"Shade:Awaken","floor":15,"key":"SMITH"},{"data":"Shade:ExtraLimbs","floor":23,"key":"SMITH"},{"data":"Shade:GreyBargain","floor":32,"key":"SMITH"}],"circlet_count":0,"master_deck":["Shade:Defend_Shade","Shade:AnimateDead+1","Shade:CarefulCut","Shade:StitchTogether","Forethought","Shade:OminousRitual+1","Shade:FleshToFlesh","Shade:AuraOfUnlife","Shade:ClawBack","Shade:ExtraLimbs+1","Shade:SanguineRitual","Shade:Awaken+1","Impatience","Shade:GreyBargain+1","Shade:CloudOfShrapnel+1","Ghostly","Ghostly","Ghostly","Ghostly","Ghostly","Shade:Excise","Shade:FleshToFlesh+1","Shade:UnbarTheGrave","Shade:ScuttlingHand"],"relics":["Shade:YorickSkull","Smiling Mask","Pen Nib","Sozu","Red Mask","Toy Ornithopter","TungstenRod","White Beast Statue","Coffee Dripper"],"acts_visited":["Exordium","TheCity","TheBeyond"],"potions_floor_usage":[7,16],"damage_taken":[{"damage":1,"enemies":"2 Louse","floor":1,"turns":3},{"damage":0,"enemies":"Cultist","floor":3,"turns":3},{"damage":0,"enemies":"Small Slimes","floor":4,"turns":4},{"damage":17,"enemies":"Blue Slaver","floor":7,"turns":8},{"damage":11,"enemies":"Lagavulin","floor":8,"turns":9},{"damage":2,"enemies":"Large Slime","floor":10,"turns":6},{"damage":7,"enemies":"Lots of Slimes","floor":14,"turns":6},{"damage":44,"enemies":"The Guardian","floor":16,"turns":12},{"damage":7,"enemies":"Spheric Guardian","floor":18,"turns":4},{"damage":16,"enemies":"Shell Parasite","floor":20,"turns":7},{"damage":4,"enemies":"Snecko","floor":21,"turns":6},{"damage":39,"enemies":"Masked Bandits","floor":22,"turns":4},{"damage":12,"enemies":"Slavers","floor":25,"turns":7},{"damage":0,"enemies":"Book of Stabbing","floor":28,"turns":7},{"damage":4,"enemies":"3 Cultists","floor":31,"turns":7},{"damage":0,"enemies":"Collector","floor":33,"turns":10},{"damage":13,"enemies":"3 Shapes","floor":35,"turns":7},{"damage":1,"enemies":"3 Darklings","floor":36,"turns":5},{"damage":27,"enemies":"4 Shapes","floor":37,"turns":6}],"seed_played":"788321511471586381","potions_obtained":[{"floor":1,"key":"Regen Potion"},{"floor":4,"key":"ColorlessPotion"},{"floor":10,"key":"SmokeBomb"}],"is_trial":false,"path_per_floor":["M","?","M","M","$","R","M","E","T","M","$","R","$","M","R","B",null,"M","$","M","M","?","R","?","E","T","$","E","?","$","M","R","B",null,"M","M","M"],"character_chosen":"SHADE","items_purchased":["Shade:ClawBack","Impatience"],"campfire_rested":0,"item_purchase_floors":[5,19],"current_hp_per_floor":[64,64,64,65,65,65,55,51,51,56,56,56,56,56,56,34,65,65,65,56,59,27,27,27,22,22,22,29,29,29,31,31,32,32,19,18,0,0],"gold":239,"neow_bonus":"REMOVE_CARD","is_daily":false,"chose_seed":false,"campfire_upgraded":5,"win_rate":0.0,"timestamp":1611347582,"path_taken":["M","?","?","M","$","R","M","E","T","M","$","R","$","M","R","BOSS","M","$","M","M","?","R","?","E","T","$","E","?","$","M","R","BOSS","M","M","M"],"items_purchased_type":["Card","Card"],"build_version":"2020-12-22","purchased_purges":6,"victory":false,"max_hp_per_floor":[65,65,65,65,65,65,65,65,65,65,65,65,65,65,65,65,65,65,65,65,65,65,65,32,32,32,32,32,32,32,32,32,32,32,32,32,32,32],"card_choices":[{"not_picked":["Shade:DangerousRitual","Shade:SanguineRitual"],"picked":"Shade:StitchTogether","floor":1},{"not_picked":["Shade:CommandSoldier","Shade:LyeBath"],"picked":"Shade:FleshToFlesh","floor":3},{"not_picked":["Shade:FuneraryArmor","Shade:CoffinDance"],"picked":"Shade:AuraOfUnlife","floor":4},{"not_picked":["Shade:DangerousRitual","Shade:Bonestorm"],"picked":"Shade:ExtraLimbs","floor":7},{"not_picked":["Shade:Trample","Shade:FleshToFlesh"],"picked":"Shade:SanguineRitual","floor":8},{"not_picked":["Shade:FleshToFlesh","Shade:AncientSpear","Shade:Trample"],"picked":"SKIP","floor":10},{"not_picked":["Shade:Bonestorm","Shade:SoulPierce"],"picked":"Shade:Awaken","floor":14},{"not_picked":["Shade:SanguineRitual+1","Shade:FleshOffering","Shade:CallOfTheGrave"],"picked":"SKIP","floor":18},{"not_picked":["Shade:AncientSpear","Shade:BoneShards","Shade:Premonition"],"picked":"SKIP","floor":20},{"not_picked":["Shade:WallOfFlesh","Shade:GoDigging"],"picked":"Shade:GreyBargain","floor":21},{"not_picked":["Shade:ExtraLimbs","Shade:Doomsay+1"],"picked":"Shade:CloudOfShrapnel+1","floor":22},{"not_picked":["Shade:ExtraLimbs","Shade:SanguineRitual"],"picked":"Shade:Excise","floor":25},{"not_picked":["Shade:FuneraryArmor+1","Shade:GoDigging"],"picked":"Shade:FleshToFlesh+1","floor":28},{"not_picked":["Shade:GreyBargain","Shade:FingerOfDeath","Shade:SensePrey"],"picked":"SKIP","floor":31},{"not_picked":["Shade:Putrefaction","Shade:LichForm"],"picked":"Shade:UnbarTheGrave","floor":33},{"not_picked":["Shade:Trample","Shade:AncientSpear+1"],"picked":"Shade:ScuttlingHand","floor":35},{"not_picked":["Shade:CoffinDance+1","Shade:Bite_Shade","Shade:BoneShards"],"picked":"SKIP","floor":36}],"player_experience":1190301,"relics_obtained":[{"floor":8,"key":"Smiling Mask"},{"floor":9,"key":"Pen Nib"},{"floor":22,"key":"Red Mask"},{"floor":25,"key":"Toy Ornithopter"},{"floor":26,"key":"TungstenRod"},{"floor":28,"key":"White Beast Statue"}],"event_choices":[{"damage_healed":0,"gold_gain":0,"player_choice":"2 cards matched","damage_taken":0,"max_hp_gain":0,"max_hp_loss":0,"event_name":"Match and Keep!","floor":2,"gold_loss":0,"cards_obtained":["Forethought","Shade:OminousRitual"]},{"damage_healed":0,"gold_gain":0,"player_choice":"2 cards matched","damage_taken":0,"max_hp_gain":0,"max_hp_loss":0,"event_name":"Match and Keep!","floor":2,"gold_loss":0,"cards_obtained":["Forethought","Shade:OminousRitual"]},{"damage_healed":0,"gold_gain":0,"player_choice":"Fought Bandits","damage_taken":0,"max_hp_gain":0,"max_hp_loss":0,"event_name":"Masked Bandits","floor":22,"gold_loss":0},{"damage_healed":0,"gold_gain":0,"player_choice":"Became a Ghost","damage_taken":0,"max_hp_gain":0,"max_hp_loss":33,"event_name":"Ghosts","floor":24,"gold_loss":0,"cards_obtained":["Ghostly","Ghostly","Ghostly","Ghostly","Ghostly"]},{"damage_healed":0,"gold_gain":100,"player_choice":"Bet on Murderer","damage_taken":0,"max_hp_gain":0,"max_hp_loss":0,"event_name":"The Joust","floor":29,"gold_loss":50}],"is_beta":false,"boss_relics":[{"not_picked":["Snecko Eye","SacredBark"],"picked":"Sozu"},{"not_picked":["Fusion Hammer","Pandora\u0027s Box"],"picked":"Coffee Dripper"}],"items_purged_floors":[5,11,13,19,27,30],"is_endless":false,"potions_floor_spawned":[1,4,10,18,20,31,33,35,36],"killed_by":"4 Shapes","ascension_level":0}}