{"host":"ooe12lh8pgcirntb","time":1611352781,"event":{"mods":["AchievementEnabler","Act Like it!","Bard","BaseMod","Beaked The Cultist","ChefMod","Colored Map","Colored Powertips","Downfall","Hallownest","Hermit","Jorbs\u0027s Wanderer Trilogy","Minty Spire (QoL Compilation)","Robot Space Explorer","StSLib","The Animator","The Blackbeard","The Bug Knight","The Construct","The Cursed","The Disciple","The Hayseed","The Hierophant","The Problem Sleuth","TheVacant"],"gold_per_floor":[213,213,226,243,0,0,18,18,68,68,68,78,3,74,74,177,177,196,212,265,265,280,280,307,327,405,405,405,28,28,44,44,44,44],"floor_reached":33,"language":"ENG","playtime":5168,"items_purged":[],"score":257,"play_id":"ea79b2e3-2a17-4036-9f94-f000e19d9e0a","local_time":"20210122165941","is_ascension_mode":false,"campfire_choices":[{"data":"HollowMod:MawleksShell","floor":6,"key":"SMITH"},{"data":"HollowMod:QuirrelsAssistance","floor":8,"key":"SMITH"},{"data":"HollowMod:FocusHealStart","floor":11,"key":"SMITH"},{"data":"HollowMod:CycloneSlash","floor":15,"key":"SMITH"},{"data":"HollowMod:HerrahsAnger","floor":23,"key":"SMITH"},{"floor":30,"key":"REST"},{"floor":32,"key":"REST"}],"circlet_count":0,"master_deck":["HollowMod:NailStrikeStart","HollowMod:NailStrikeStart","HollowMod:NailStrikeStart","HollowMod:NailStrikeStart","HollowMod:QuickDashStart","HollowMod:QuickDashStart","HollowMod:QuickDashStart","HollowMod:QuickDashStart","HollowMod:FocusHealStart+1","HollowMod:PogoStrike","HollowMod:ChannelNail+1","HollowMod:DoubleDash","HollowMod:MawleksShell+1","HollowMod:QuirrelsAssistance+1","HollowMod:CycloneSlash+1","Hallownest:skillGreenpathMap","HollowMod:HerrahsAnger+1","HollowMod:SiblingsSouls+1","HollowMod:VengefulSpirit","HollowMod:CloakDash","HollowMod:ChannelNail+1","HollowMod:ZotesMagnificence","HollowMod:NewGlowingWomb","HollowMod:NewJinnsSoul"],"relics":["HollowMod:VesselMask","Vajra","Regal Pillow","Hallownest:DreamNailRelic","Sundial","sneckomod:SneckoTalon","Art of War","Bottled Flame","Blood Vial","HollowMod:IsmasTear","TheAbacus"],"acts_visited":["Exordium","Hallownest:Greenpath"],"potions_floor_usage":[31,31,33],"damage_taken":[{"damage":0,"enemies":"Hallownest:monsterHuskGuard","floor":1,"turns":4},{"damage":0,"enemies":"Hallownest:2_Baldur","floor":3,"turns":4},{"damage":1,"enemies":"2_ Uuma","floor":4,"turns":5},{"damage":6,"enemies":"Hallownest:MossCreep_and_Mosskin","floor":7,"turns":5},{"damage":9,"enemies":"Hallownest:1_Baldur_1_Crawlid_1_Warrior","floor":12,"turns":6},{"damage":55,"enemies":"Hallownest:BossFalseKnight","floor":16,"turns":12},{"damage":23,"enemies":"Hallownest:Guard_and_Sentry","floor":18,"turns":6},{"damage":0,"enemies":"Hallownest:3_Youths","floor":19,"turns":6},{"damage":17,"enemies":"Hallownest:Glutton_and_Coward","floor":20,"turns":4},{"damage":15,"enemies":"Hallownest:Master_and_Novice","floor":22,"turns":5},{"damage":17,"enemies":"Hallownest:Nosk","floor":24,"turns":15},{"damage":44,"enemies":"Hallownest:2_Flukemon","floor":25,"turns":8},{"damage":20,"enemies":"Hallownest:3_Mistakes","floor":31,"turns":8},{"damage":72,"enemies":"Hallownest:BossMantisLord","floor":33,"turns":6}],"seed_played":"7508899354040698861","potions_obtained":[{"floor":7,"key":"Ancient Potion"},{"floor":12,"key":"Fire Potion"},{"floor":16,"key":"FearPotion"},{"floor":31,"key":"DuplicationPotion"}],"is_trial":false,"path_per_floor":["M","?","M","M","?","R","M","R","T","?","R","M","?","T","R","B",null,"M","M","M","$","M","R","E","M","T","?","?","$","R","M","R","B"],"character_chosen":"THE_BUGKNIGHT","items_purchased":["HollowMod:NewGlowingWomb","HollowMod:IsmasTear","TheAbacus"],"campfire_rested":2,"item_purchase_floors":[29,29,29],"current_hp_per_floor":[75,75,75,74,74,74,74,74,74,74,74,71,71,71,71,26,75,58,70,53,53,44,44,39,5,5,5,5,5,42,24,61,0,0],"gold":44,"neow_bonus":"HUNDRED_GOLD","is_daily":false,"chose_seed":false,"campfire_upgraded":5,"win_rate":0.0,"timestamp":1611352781,"path_taken":["M","?","M","M","?","R","M","R","T","?","R","?","?","?","R","BOSS","M","M","M","$","M","R","E","M","T","?","?","$","R","M","R","BOSS"],"items_purchased_type":["Card","Relic","Relic"],"build_version":"2020-12-22","purchased_purges":0,"victory":false,"max_hp_per_floor":[75,75,75,75,75,75,75,75,75,75,75,75,75,75,75,75,75,75,75,75,75,75,75,75,75,75,75,75,75,75,75,75,75,75],"card_choices":[{"not_picked":["HollowMod:NewJinnsSoul","HollowMod:DescendingDark"],"picked":"HollowMod:ChannelNail","floor":1},{"not_picked":["HollowMod:DungDefenderAura","HollowMod:HeavyBlow"],"picked":"HollowMod:DoubleDash","floor":3},{"not_picked":["HollowMod:DungDefenderAura","HollowMod:ShadowDash"],"picked":"HollowMod:MawleksShell","floor":4},{"not_picked":["HollowMod:FallenFury","HollowMod:WhiteLadysBlessing"],"picked":"HollowMod:QuirrelsAssistance","floor":7},{"not_picked":["HollowMod:DungDefenderAura","HollowMod:Grubsong"],"picked":"HollowMod:CycloneSlash","floor":12},{"not_picked":["HollowMod:LordofShades","HollowMod:HornetsHelp"],"picked":"HollowMod:HerrahsAnger","floor":16},{"not_picked":["HollowMod:CornifersMapStart","HollowMod:LuriensSpire+1"],"picked":"HollowMod:SiblingsSouls+1","floor":18},{"not_picked":["HollowMod:InfectedCysts","HollowMod:NewJinnsSoul"],"picked":"HollowMod:VengefulSpirit","floor":19},{"not_picked":["HollowMod:GoodIntentions","HollowMod:AbyssShriek"],"picked":"HollowMod:CloakDash","floor":20},{"not_picked":["HollowMod:DungDefenderAura","HollowMod:VengefulVoid"],"picked":"HollowMod:ChannelNail+1","floor":22},{"not_picked":["HollowMod:DashSlash","HollowMod:NewJinnsSoul"],"picked":"HollowMod:ZotesMagnificence","floor":24},{"not_picked":["HollowMod:SharpenedShadows","HollowMod:CornifersMapStart+1","HollowMod:GoodIntentions"],"picked":"SKIP","floor":25},{"not_picked":["HollowMod:DescendingDark","HollowMod:LuriensSpire"],"picked":"HollowMod:NewJinnsSoul","floor":31}],"player_experience":724253,"relics_obtained":[{"floor":9,"key":"Regal Pillow"},{"floor":14,"key":"Sundial"},{"floor":24,"key":"Art of War"},{"floor":26,"key":"Bottled Flame"}],"event_choices":[],"is_beta":false,"boss_relics":[{"not_picked":["Snecko Eye","HollowMod:VoidIdolRelic"],"picked":"sneckomod:SneckoTalon"}],"items_purged_floors":[],"is_endless":false,"potions_floor_spawned":[7,12,16,19,22,24,31],"killed_by":"Hallownest:BossMantisLord","ascension_level":0}}