{"host":"hwrdjx5eod2cxh09","time":1611308226,"event":{"mods":["AchievementEnabler","BaseMod","Bestiary","Minty Spire (QoL Compilation)","Relic Stats"],"gold_per_floor":[109,121,136,136,136,136,136],"floor_reached":6,"language":"ENG","playtime":202,"items_purged":[],"score":38,"play_id":"c8a36586-84f6-44fb-87ff-4efcbbd0660d","local_time":"20210122183706","is_ascension_mode":true,"campfire_choices":[],"circlet_count":0,"master_deck":["Strike_R","Strike_R","Strike_R","Strike_R","Strike_R","Defend_R+1","Defend_R","Defend_R+1","Defend_R","Bash","Entrench","Iron Wave","Shrug It Off"],"relics":["Burning Blood","Bag of Preparation","War Paint"],"acts_visited":["Exordium"],"potions_floor_usage":[],"damage_taken":[{"damage":1,"enemies":"2 Louse","floor":1,"turns":3},{"damage":14,"enemies":"Small Slimes","floor":2,"turns":4},{"damage":7,"enemies":"Jaw Worm","floor":3,"turns":5},{"damage":54,"enemies":"Lagavulin","floor":6,"turns":10}],"seed_played":"4229015418011208735","potions_obtained":[{"floor":1,"key":"BloodPotion"}],"is_trial":false,"path_per_floor":["M","M","M","?","?","E"],"character_chosen":"IRONCLAD","items_purchased":[],"campfire_rested":0,"item_purchase_floors":[],"current_hp_per_floor":[80,72,71,76,58,4,4],"gold":136,"neow_bonus":"RANDOM_COMMON_RELIC","is_daily":false,"chose_seed":false,"campfire_upgraded":0,"win_rate":0.0,"timestamp":1611308226,"path_taken":["M","M","M","?","?","E"],"items_purchased_type":[],"build_version":"2020-12-22","purchased_purges":0,"victory":false,"max_hp_per_floor":[80,80,80,85,85,85,85],"relic_stats":{"counters":[4,22],"Bag of Preparation":[8],"War Paint":["Defend_R","Defend_R"],"obtain_stats":[{"Bag of Preparation":0,"War Paint":5,"Burning Blood":0},{"Bag of Preparation":0,"War Paint":3,"Burning Blood":0},{"Bag of Preparation":0,"War Paint":12,"Burning Blood":0}],"Burning Blood":13},"card_choices":[{"not_picked":["Pummel","Perfected Strike"],"picked":"Entrench","floor":1},{"not_picked":["Clash","Hemokinesis"],"picked":"Iron Wave","floor":2},{"not_picked":["Rampage","Flex"],"picked":"Shrug It Off","floor":3}],"player_experience":227548,"relics_obtained":[],"event_choices":[{"damage_healed":0,"gold_gain":0,"player_choice":"Donut","damage_taken":0,"max_hp_gain":5,"max_hp_loss":0,"event_name":"Big Fish","floor":4,"gold_loss":0},{"damage_healed":0,"gold_gain":0,"player_choice":"Success","damage_taken":18,"relics_obtained":["War Paint"],"max_hp_gain":0,"max_hp_loss":0,"event_name":"Scrap Ooze","floor":5,"gold_loss":0}],"is_beta":false,"boss_relics":[],"items_purged_floors":[],"is_endless":false,"potions_floor_spawned":[1],"killed_by":"Lagavulin","ascension_level":1}}