{"host":"k4crn7o6x50xmhd2","time":1611314401,"event":{"mods":["AchievementEnabler","BaseMod","Better Skull","BetterRewards","Colored Powertips","Conspire","Curses Come First","Displayed Cursed Tome","Energized Spire","GifTheSpireLib","Minty Spire (QoL Compilation)","Remove Card Discount Mod","Replay The Spire","Shop Mod","Spikes Relics","Spire Arcade","StSLib","Stuff the Spire","SuperFastMode","Thieving Mod","Transform Curses"],"gold_per_floor":[114,129,144,0,15,15,45,45,45,60,75,90,90,105,105,105,105],"floor_reached":16,"language":"ENG","playtime":1326,"items_purged":[],"score":106,"play_id":"fbf01e16-4d54-4ce6-adb8-47a9eae0c7e0","local_time":"20210122062001","daily_mods":["Heirloom","Uncertain Future","Night Terrors"],"is_ascension_mode":false,"campfire_choices":[{"data":"Blade Dance","floor":6,"key":"SMITH"},{"floor":8,"key":"REST"},{"data":"Survivor","floor":15,"key":"SMITH"}],"circlet_count":0,"master_deck":["Strike_G","Strike_G","Strike_G","Strike_G","Strike_G","Defend_G","Defend_G","Defend_G","Defend_G","Defend_G","Survivor+1","Neutralize","Blade Dance+1","Heel Hook","InfectiousVector","Dagger Throw","Poisoned Stab","Backflip","Sucker Punch"],"relics":["Ring of the Snake","Unceasing Top","LugNut","Bottled Flame"],"acts_visited":["Exordium"],"potions_floor_usage":[5,7,10],"damage_taken":[{"damage":1,"enemies":"Cultist","floor":1,"turns":4},{"damage":2,"enemies":"conspire:RoseBush","floor":2,"turns":3},{"damage":0,"enemies":"Jaw Worm","floor":3,"turns":3},{"damage":8,"enemies":"3 Louse","floor":5,"turns":4},{"damage":33,"enemies":"Lagavulin","floor":7,"turns":9},{"damage":5,"enemies":"conspire:2 RoseBushes","floor":10,"turns":5},{"damage":0,"enemies":"Blue Slaver","floor":11,"turns":3},{"damage":0,"enemies":"Exordium Wildlife","floor":12,"turns":2},{"damage":12,"enemies":"Large Slime","floor":14,"turns":6},{"damage":70,"enemies":"Fading Forest","floor":16,"turns":10}],"seed_played":"8945501730091475425","potions_obtained":[{"floor":1,"key":"EssenceOfSteel"},{"floor":5,"key":"LiquidMemories"},{"floor":7,"key":"SkillPotion"}],"is_trial":false,"path_per_floor":["M","M","M","$","M","R","E","R","T","M","M","M","?","M","R","B"],"character_chosen":"THE_SILENT","items_purchased":[],"campfire_rested":1,"item_purchase_floors":[],"current_hp_per_floor":[69,67,67,47,39,39,6,65,65,60,60,60,60,48,48,0,0],"gold":105,"neow_bonus":"","is_daily":true,"chose_seed":false,"campfire_upgraded":2,"win_rate":0.0,"timestamp":1611314401,"path_taken":["M","M","M","$","M","R","E","R","T","?","?","M","?","M","R","BOSS"],"items_purchased_type":[],"build_version":"2020-12-22","purchased_purges":0,"victory":false,"max_hp_per_floor":[70,70,70,70,70,70,70,65,65,65,65,65,65,65,65,65,65],"card_choices":[{"not_picked":["StuffTheSpire:Repulse","Underhanded Strike"],"picked":"Blade Dance","floor":1},{"not_picked":["Finisher","Quick Slash"],"picked":"Heel Hook","floor":2},{"not_picked":["Skewer","StuffTheSpire:MirrorStance","StuffTheSpire:Fury"],"picked":"SKIP","floor":3},{"not_picked":["StuffTheSpire:Python","StuffTheSpire:Shiver"],"picked":"InfectiousVector","floor":5},{"not_picked":["ReplayTheSpireMod:Speed Training","InfectiousVector"],"picked":"Dagger Throw","floor":7},{"not_picked":["Quick Slash","Outmaneuver"],"picked":"Poisoned Stab","floor":10},{"not_picked":["Sucker Punch","ReplayTheSpireMod:Shiv Toss","InfectiousVector"],"picked":"SKIP","floor":11},{"not_picked":["Tools of the Trade","Flechettes"],"picked":"Backflip","floor":12},{"not_picked":["Acrobatics","StuffTheSpire:BumpUp"],"picked":"Sucker Punch","floor":14}],"player_experience":657439,"relics_obtained":[{"floor":7,"key":"LugNut"},{"floor":9,"key":"Bottled Flame"}],"event_choices":[{"damage_healed":0,"gold_gain":0,"player_choice":"Ignored","damage_taken":0,"max_hp_gain":0,"max_hp_loss":0,"event_name":"Shining Light","floor":13,"gold_loss":0}],"is_beta":false,"boss_relics":[],"items_purged_floors":[],"is_endless":false,"potions_floor_spawned":[1,5,7],"killed_by":"Fading Forest","ascension_level":0}}