{"host":"d61fcf2p3sjwe6yo","time":1611347832,"event":{"mods":["AchievementEnabler","BaseMod","Colored Map","Downfall","Minty Spire (QoL Compilation)","StSLib","SuperFastMode"],"gold_per_floor":[99,113,123,139,150,50,102,116,116,116,116],"floor_reached":9,"language":"ENG","playtime":340,"items_purged":[],"score":85,"play_id":"6706c3b2-de87-49ee-b2e6-2cd70c964b32","local_time":"20210122233712","is_ascension_mode":true,"campfire_choices":[{"floor":1,"key":"RECALL"},{"data":"sneckomod:UnknownDexterity","floor":6,"key":"SMITH"}],"circlet_count":0,"master_deck":["AscendersBane","sneckomod:Strike","sneckomod:Strike","sneckomod:Strike","sneckomod:Defend","sneckomod:Defend","sneckomod:Defend","sneckomod:TailWhip","sneckomod:SnekBite","sneckomod:Unknown","sneckomod:Unknown","sneckomod:QuickMove","sneckomod:UnknownDexterity+1","sneckomod:Memorize","sneckomod:QuickMove","sneckomod:Memorize"],"relics":["sneckomod:SneckoSoul","downfall:HeartBlessingRed","Ancient Tea Set"],"acts_visited":["Exordium"],"potions_floor_usage":[],"damage_taken":[{"damage":9,"enemies":"2 Louse","floor":2,"turns":2},{"damage":4,"enemies":"Jaw Worm","floor":3,"turns":4},{"damage":5,"enemies":"Small Slimes","floor":4,"turns":4},{"damage":6,"enemies":"Exordium Thugs","floor":5,"turns":5},{"damage":33,"enemies":"Lots of Slimes","floor":8,"turns":7},{"damage":0,"enemies":"Gremlin Nob","floor":9,"turns":2}],"seed_played":"3707118948281881435","potions_obtained":[{"floor":4,"key":"SkillPotion"},{"floor":5,"key":"LiquidBronze"}],"is_trial":false,"path_per_floor":["R","M","M","M","M","R","T","M","E"],"character_chosen":"THE_SNECKO","items_purchased":[],"campfire_rested":0,"item_purchase_floors":[],"current_hp_per_floor":[90,81,77,72,66,66,66,33,33,33,33],"gold":116,"neow_bonus":"TEN_PERCENT_HP_BONUS","is_daily":false,"chose_seed":false,"campfire_upgraded":1,"win_rate":0.0,"timestamp":1611347832,"path_taken":["R","M","M","M","M","R","T","M","E"],"items_purchased_type":[],"build_version":"2020-12-22","purchased_purges":0,"victory":false,"max_hp_per_floor":[99,99,99,99,99,99,99,99,99,99,99],"card_choices":[{"not_picked":["sneckomod:Rotation","sneckomod:RainOfDice"],"picked":"sneckomod:QuickMove","floor":2},{"not_picked":["sneckomod:Unknown0Cost","sneckomod:MixItUp"],"picked":"sneckomod:UnknownDexterity","floor":3},{"not_picked":["sneckomod:UnknownUncommonPower","sneckomod:Nope"],"picked":"sneckomod:Memorize","floor":4},{"not_picked":["sneckomod:WideSting","sneckomod:UnendingSupply"],"picked":"sneckomod:QuickMove","floor":5},{"not_picked":["sneckomod:MasterEye","sneckomod:RainOfDice"],"picked":"sneckomod:Memorize","floor":8}],"player_experience":667876,"relics_obtained":[{"floor":7,"key":"Ancient Tea Set"}],"event_choices":[],"is_beta":false,"boss_relics":[],"items_purged_floors":[],"is_endless":false,"potions_floor_spawned":[4,5,8],"killed_by":"Gremlin Nob","ascension_level":11}}