{"host":"6rz02yiipefhcw4r","time":1611284850,"event":{"mods":["2.2 Compatiblity","BaseMod","Block Reminder","Colored Map","DeckTracker","Googly Eyes","Minty Spire (QoL Compilation)","Quick Restart","Rare Cards Sparkle","StSLib"],"gold_per_floor":[110,110,124,136,136,168,168,178,178,178,205,205,215,232,232,304,304,316,316,231,231,1,1,27,47,95,105,105,105],"floor_reached":28,"language":"ENG","playtime":838,"items_purged":["Strike_R"],"score":496,"play_id":"9a224fef-7898-4acf-9bdf-e1d6ed433156","local_time":"20210122010730","is_ascension_mode":true,"campfire_choices":[{"data":"Carnage","floor":7,"key":"SMITH"},{"data":"Hemokinesis","floor":10,"key":"SMITH"},{"data":"Armaments","floor":12,"key":"SMITH"},{"data":"Anger","floor":15,"key":"SMITH"},{"floor":23,"key":"REST"}],"circlet_count":0,"master_deck":["AscendersBane","Strike_R","Strike_R","Strike_R","Strike_R","Defend_R","Defend_R","Defend_R","Defend_R","Bash","Anger+1","Hemokinesis+1","Carnage+1","Headbutt","Armaments+1","Thunderclap","Reaper","Apotheosis","Fire Breathing+1","Wild Strike+1","Disarm"],"relics":["Burning Blood","Strawberry","Smiling Mask","Happy Flower","Frozen Egg 2","Mark of Pain","Juzu Bracelet","Singing Bowl","PreservedInsect","Nunchaku"],"acts_visited":["Exordium","TheCity"],"potions_floor_usage":[6,14,16,28],"damage_taken":[{"damage":7,"enemies":"Cultist","floor":1,"turns":4},{"damage":14,"enemies":"Small Slimes","floor":3,"turns":2},{"damage":6,"enemies":"Jaw Worm","floor":4,"turns":4},{"damage":18,"enemies":"Gremlin Nob","floor":6,"turns":3},{"damage":6,"enemies":"Large Slime","floor":8,"turns":4},{"damage":32,"enemies":"Lagavulin","floor":11,"turns":7},{"damage":8,"enemies":"Blue Slaver","floor":13,"turns":3},{"damage":16,"enemies":"Lots of Slimes","floor":14,"turns":6},{"damage":33,"enemies":"Hexaghost","floor":16,"turns":8},{"damage":27,"enemies":"Spheric Guardian","floor":18,"turns":4},{"damage":44,"enemies":"Gremlin Leader","floor":24,"turns":6},{"damage":4,"enemies":"Chosen","floor":25,"turns":4},{"damage":15,"enemies":"Centurion and Healer","floor":27,"turns":6},{"damage":52,"enemies":"Cultist and Chosen","floor":28,"turns":5}],"seed_played":"-8517429903871257704","potions_obtained":[{"floor":1,"key":"SkillPotion"},{"floor":3,"key":"Regen Potion"},{"floor":8,"key":"HeartOfIron"},{"floor":16,"key":"FearPotion"},{"floor":25,"key":"Energy Potion"}],"is_trial":false,"path_per_floor":["M","T","M","M","?","E","R","M","T","R","E","R","M","M","R","B",null,"M","?","?","?","$","R","E","M","T","M","M"],"character_chosen":"IRONCLAD","items_purchased":["Apotheosis"],"campfire_rested":1,"item_purchase_floors":[22],"current_hp_per_floor":[67,74,66,66,82,70,70,70,70,70,44,44,42,47,47,20,67,46,46,46,46,46,70,39,41,41,37,0,0],"gold":105,"neow_bonus":"THREE_CARDS","is_daily":false,"chose_seed":false,"campfire_upgraded":4,"win_rate":0.0,"timestamp":1611284850,"path_taken":["M","?","M","M","?","E","R","M","T","R","E","R","?","M","R","BOSS","M","?","?","?","$","R","E","M","T","M","M"],"items_purchased_type":["Card"],"build_version":"2020-12-22","purchased_purges":1,"victory":false,"max_hp_per_floor":[75,82,82,82,82,82,82,82,82,82,82,82,82,82,82,82,82,82,82,82,82,82,82,82,82,82,82,82,82],"card_choices":[{"not_picked":["True Grit","Twin Strike"],"picked":"Anger","floor":0},{"not_picked":["Bloodletting","Body Slam"],"picked":"Hemokinesis","floor":1},{"not_picked":["Twin Strike","Flex","Headbutt"],"picked":"SKIP","floor":3},{"not_picked":["Headbutt","Power Through","Heavy Blade"],"picked":"SKIP","floor":4},{"not_picked":["Warcry","Burning Pact"],"picked":"Carnage","floor":6},{"not_picked":["Sword Boomerang","Berserk"],"picked":"Headbutt","floor":8},{"not_picked":["Searing Blow","Perfected Strike"],"picked":"Armaments","floor":11},{"not_picked":["Anger","Headbutt"],"picked":"Thunderclap","floor":13},{"not_picked":["Clash","Sword Boomerang","Headbutt"],"picked":"SKIP","floor":14},{"not_picked":["Bludgeon","Exhume"],"picked":"Reaper","floor":16},{"not_picked":["Flex","Intimidate","Headbutt"],"picked":"SKIP","floor":18},{"not_picked":["Cleave","Seeing Red"],"picked":"Fire Breathing+1","floor":24},{"not_picked":["Warcry","Flex"],"picked":"Wild Strike+1","floor":25},{"not_picked":["Anger","Body Slam"],"picked":"Disarm","floor":27}],"player_experience":716615,"relics_obtained":[{"floor":2,"key":"Strawberry"},{"floor":6,"key":"Smiling Mask"},{"floor":9,"key":"Happy Flower"},{"floor":11,"key":"Frozen Egg 2"},{"floor":21,"key":"Singing Bowl"},{"floor":24,"key":"PreservedInsect"},{"floor":26,"key":"Nunchaku"}],"event_choices":[{"damage_healed":16,"gold_gain":0,"player_choice":"Full Heal","damage_taken":0,"max_hp_gain":0,"max_hp_loss":0,"event_name":"Wheel of Change","floor":5,"gold_loss":0},{"damage_healed":0,"gold_gain":0,"player_choice":"Ignored","damage_taken":0,"max_hp_gain":0,"max_hp_loss":0,"event_name":"Ghosts","floor":19,"gold_loss":0},{"damage_healed":0,"gold_gain":0,"player_choice":"Obtained Relic","damage_taken":0,"relics_obtained":["Juzu Bracelet"],"max_hp_gain":0,"max_hp_loss":0,"event_name":"Addict","floor":20,"gold_loss":85},{"damage_healed":0,"gold_gain":0,"player_choice":"Relic","damage_taken":0,"max_hp_gain":0,"max_hp_loss":0,"event_name":"Wheel of Change","floor":21,"gold_loss":0}],"is_beta":false,"boss_relics":[{"not_picked":["Empty Cage","Philosopher\u0027s Stone"],"picked":"Mark of Pain"}],"items_purged_floors":[22],"is_endless":false,"potions_floor_spawned":[1,3,8,16,25],"killed_by":"Cultist and Chosen","ascension_level":20}}