{"host":"3xls0xm49ftugio7","time":1611336533,"event":{"mods":["2.2 Compatiblity","AchievementEnabler","Act Like it!","BaseMod","Bestiary","Colored Powertips","Infinite Spire","Minty Spire (QoL Compilation)","Quick Restart","StSLib"],"gold_per_floor":[113,132,144,162,178,178,207,207,207,44,61,61,61,92,92,165,165,182,97,97,112,132,132,132],"floor_reached":23,"language":"ENG","playtime":1786,"items_purged":[],"score":456,"play_id":"763223c1-bd78-45e2-82b7-3f050d65cacc","local_time":"20210122192853","is_ascension_mode":true,"campfire_choices":[{"data":"Terror","floor":6.0,"key":"SMITH"},{"floor":8,"key":"REST"},{"floor":12,"key":"REST"},{"data":"Malaise","floor":15,"key":"SMITH"}],"circlet_count":0,"master_deck":["AscendersBane","Strike_G","Strike_G","Defend_G","Defend_G","Defend_G","Defend_G","Defend_G","Survivor","Neutralize","Malaise+1","Cloak And Dagger","Terror+1","Endless Agony","Caltrops","Cloak And Dagger","Predator","Dodge and Roll","Dodge and Roll","Adrenaline","Dagger Throw+1","Outmaneuver+1","Choke+1","Dodge and Roll","Catalyst","infinitespire:Neurotoxin"],"relics":["Ring of the Snake","Du-Vu Doll","HornCleat","infinitespire:Lucky Rock","Bronze Scales","Astrolabe","Shuriken","Nilry\u0027s Codex"],"acts_visited":["Exordium","TheCity"],"potions_floor_usage":[7,7],"damage_taken":[{"damage":2.0,"enemies":"Cultist","floor":1.0,"turns":5.0},{"damage":2.0,"enemies":"Jaw Worm","floor":2.0,"turns":5.0},{"damage":2.0,"enemies":"Small Slimes","floor":3.0,"turns":4.0},{"damage":7.0,"enemies":"Red Slaver","floor":4.0,"turns":4.0},{"damage":1.0,"enemies":"Looter","floor":5.0,"turns":3.0},{"damage":26,"enemies":"3 Sentries","floor":7,"turns":15},{"damage":9,"enemies":"3 Louse","floor":11,"turns":4},{"damage":0,"enemies":"Gremlin Nob","floor":14,"turns":3},{"damage":15,"enemies":"The Guardian","floor":16,"turns":11},{"damage":7,"enemies":"Shell Parasite","floor":18,"turns":5},{"damage":11,"enemies":"Spheric Guardian","floor":21,"turns":6},{"damage":7,"enemies":"Centurion and Healer","floor":22,"turns":11},{"damage":12,"enemies":"Nightmare","floor":23,"turns":7}],"seed_played":"-7016868006761095403","potions_obtained":[{"floor":2.0,"key":"EssenceOfSteel"},{"floor":3.0,"key":"CunningPotion"},{"floor":14,"key":"ColorlessPotion"},{"floor":18,"key":"Block Potion"}],"is_trial":false,"path_per_floor":["M","M","M","M","M","R","E","R","T","$","M","R","?","E","R","B",null,"M","?","?","M","M","NM"],"character_chosen":"THE_SILENT","items_purchased":["infinitespire:Lucky Rock"],"campfire_rested":2,"item_purchase_floors":[10],"current_hp_per_floor":[57,55,53,46,45,45,19,37,37,37,28,46,51,51,51,36,58,51,51,30,19,12,0,0],"gold":132,"neow_bonus":"THREE_RARE_CARDS","is_daily":false,"chose_seed":false,"campfire_upgraded":2,"win_rate":0.0,"timestamp":1611336533,"path_taken":["M","M","M","M","M","R","E","R","T","$","M","R","?","E","R","BOSS","M","?","?","M","M","NM"],"items_purchased_type":["Relic"],"build_version":"2020-12-22","purchased_purges":0,"victory":false,"max_hp_per_floor":[60,60,60,60,60,60,60,60,60,60,60,60,65,65,65,65,65,65,65,65,65,65,65,65],"card_choices":[{"not_picked":["Corpse Explosion","Night Terror"],"picked":"Malaise","floor":0.0},{"not_picked":["Backflip","Deflect"],"picked":"Cloak And Dagger","floor":1.0},{"not_picked":["Outmaneuver","Catalyst"],"picked":"Terror","floor":2.0},{"not_picked":["Outmaneuver","Well Laid Plans"],"picked":"Endless Agony","floor":3.0},{"not_picked":["Accuracy","Distraction"],"picked":"Caltrops","floor":4.0},{"not_picked":["Prepared","Acrobatics"],"picked":"Cloak And Dagger","floor":5.0},{"not_picked":["Prepared","Slice"],"picked":"Predator","floor":7},{"not_picked":["Caltrops","Blade Dance"],"picked":"Dodge and Roll","floor":11},{"not_picked":["Masterful Stab","Deadly Poison"],"picked":"Dodge and Roll","floor":14},{"not_picked":["Grand Finale","Burst"],"picked":"Adrenaline","floor":16},{"not_picked":["Deadly Poison","Outmaneuver+1"],"picked":"Dodge and Roll","floor":18},{"not_picked":["Acrobatics+1","Bane"],"picked":"Catalyst","floor":21},{"not_picked":["Endless Agony+1","Deadly Poison"],"picked":"infinitespire:Neurotoxin","floor":22}],"player_experience":722486,"relics_obtained":[{"floor":7,"key":"Du-Vu Doll"},{"floor":9,"key":"HornCleat"},{"floor":14,"key":"Bronze Scales"},{"floor":20,"key":"Nilry\u0027s Codex"}],"event_choices":[{"damage_healed":0,"gold_gain":0,"player_choice":"Donut","damage_taken":0,"max_hp_gain":5,"max_hp_loss":0,"event_name":"Big Fish","floor":13,"gold_loss":0},{"damage_healed":0,"gold_gain":0,"player_choice":"Obtained Relic","damage_taken":0,"relics_obtained":["Shuriken"],"max_hp_gain":0,"max_hp_loss":0,"event_name":"Addict","floor":19,"gold_loss":85},{"damage_healed":0,"gold_gain":0,"player_choice":"Obtained Book","damage_taken":21,"max_hp_gain":0,"max_hp_loss":0,"event_name":"Cursed Tome","floor":20,"gold_loss":0}],"is_beta":false,"boss_relics":[{"not_picked":["Ectoplasm","Runic Pyramid"],"picked":"Astrolabe"}],"items_purged_floors":[],"is_endless":false,"potions_floor_spawned":[2,3,4,5,14,18,21],"killed_by":"Nightmare","ascension_level":20}}