{"host":"5gfra4hjb6stk8c2","time":1611359774,"event":{"mods":["BaseMod","Minty Spire (QoL Compilation)","Quick Restart","SuperFastMode"],"gold_per_floor":[110,35,35,55,1,31,42,42,42,42,52,77,89,133,145,157,157],"floor_reached":16,"language":"ENG","playtime":277,"items_purged":["Defend_P"],"score":193,"play_id":"6d384f00-a522-4add-afd7-5cd3dbab2aac","local_time":"20210122205614","is_ascension_mode":true,"campfire_choices":[{"data":"Devotion","floor":8,"key":"SMITH"},{"data":"Prostrate","floor":10,"key":"SMITH"},{"data":"Prostrate","floor":13,"key":"SMITH"},{"data":"Fasting2","floor":15,"key":"SMITH"}],"circlet_count":0,"master_deck":["Strike_P","Strike_P","Strike_P","Strike_P+1","Defend_P","Defend_P","Defend_P","Eruption","Vigilance","Prostrate+1","Decay","Halt","Prostrate+1","Devotion+1","Consecrate+1","Consecrate","Fasting2+1"],"relics":["PureWater","NeowsBlessing","Sundial","Lantern","MawBank","Whetstone"],"acts_visited":["Exordium"],"potions_floor_usage":[11,12,12,12,16],"damage_taken":[{"damage":0,"enemies":"Small Slimes","floor":1,"turns":1},{"damage":0,"enemies":"Cultist","floor":4,"turns":1},{"damage":0,"enemies":"3 Sentries","floor":6,"turns":1},{"damage":2,"enemies":"Jaw Worm","floor":7,"turns":3},{"damage":10,"enemies":"Looter","floor":11,"turns":5},{"damage":14,"enemies":"Gremlin Nob","floor":12,"turns":4},{"damage":29,"enemies":"Lagavulin","floor":14,"turns":7},{"damage":11,"enemies":"Hexaghost","floor":16,"turns":5}],"seed_played":"-8623807538436232688","potions_obtained":[{"floor":1,"key":"EssenceOfSteel"},{"floor":4,"key":"DuplicationPotion"},{"floor":7,"key":"Explosive Potion"},{"floor":11,"key":"LiquidMemories"},{"floor":14,"key":"BlessingOfTheForge"}],"is_trial":false,"path_per_floor":["M","$","?","M","$","E","M","R","T","R","M","E","R","E","R","B"],"character_chosen":"WATCHER","items_purchased":["Prostrate"],"campfire_rested":0,"item_purchase_floors":[5],"current_hp_per_floor":[65,65,65,65,65,65,63,63,63,63,53,39,39,10,10,0,0],"gold":157,"neow_bonus":"THREE_ENEMY_KILL","is_daily":false,"chose_seed":false,"campfire_upgraded":4,"win_rate":0.0,"timestamp":1611359774,"path_taken":["M","$","?","M","?","E","M","R","T","R","?","E","R","E","R","BOSS"],"items_purchased_type":["Card"],"build_version":"2020-12-22","purchased_purges":1,"victory":false,"max_hp_per_floor":[72,72,72,72,72,72,72,72,72,72,72,72,72,72,72,72,72],"card_choices":[{"not_picked":["Collect","WaveOfTheHand"],"picked":"Prostrate","floor":1},{"not_picked":["FollowUp","FearNoEvil"],"picked":"Halt","floor":4},{"not_picked":["Crescendo","Tantrum"],"picked":"Devotion","floor":6},{"not_picked":["InnerPeace","WaveOfTheHand","Wallop"],"picked":"SKIP","floor":7},{"not_picked":["JustLucky","Wireheading"],"picked":"Consecrate","floor":11},{"not_picked":["EmptyBody","DeceiveReality"],"picked":"Consecrate","floor":12},{"not_picked":["SashWhip","EmptyFist"],"picked":"Fasting2","floor":14}],"player_experience":183735,"relics_obtained":[{"floor":6,"key":"Sundial"},{"floor":9,"key":"Lantern"},{"floor":12,"key":"MawBank"},{"floor":14,"key":"Whetstone"}],"event_choices":[{"damage_healed":0,"gold_gain":0,"player_choice":"Cursed","damage_taken":0,"max_hp_gain":0,"max_hp_loss":0,"event_name":"Wheel of Change","floor":3,"gold_loss":0,"cards_obtained":["Decay"]}],"is_beta":false,"boss_relics":[],"items_purged_floors":[2],"is_endless":false,"potions_floor_spawned":[1,4,7,11,14],"killed_by":"Hexaghost","ascension_level":7}}