{"host":"l60rmjjsfi0fipmi","time":1611284386,"event":{"mods":["BaseMod","Colored Map","DeckTracker","Highlight Path","Minty Spire (QoL Compilation)","StSLib","The Cursed","The Servant 0.9.4"],"gold_per_floor":[117,67,82,98,98,98,118,132,155,166,181,127,142,173,173,273,273,286,286,303,303,84,112,112,12,37,37,64,163,174,200,200,299,299,313,12,12,32,42,42,52,76,146,146,146,177,194,213,213,213],"floor_reached":51,"language":"ENG","playtime":4429,"items_purged":["Strike_S","Strike_S","Strike_S"],"score":800,"play_id":"3b6fc641-0051-4a74-a58d-8ffbb6cd92b2","local_time":"20210121215946","is_ascension_mode":true,"campfire_choices":[{"data":"Exchange","floor":6,"key":"SMITH"},{"floor":15,"key":"REST"},{"data":"Deny","floor":24,"key":"SMITH"},{"floor":27,"key":"REST"},{"floor":32,"key":"REST"},{"floor":40,"key":"REST"},{"data":"BestPractice","floor":44,"key":"SMITH"},{"floor":49,"key":"REST"}],"circlet_count":0,"master_deck":["Defend_S","Defend_S","Defend_S","KidneyShot","Exchange+1","Potential","ShatteredReality","Replace","TimeWarp","InstantArmor","Snipe","Rearm","Potential","FastForward","Foresight","Deny+1","Potential","Potential","TimeWarp+1","SurpressingFire","Rewind","TheWorld","BestPractice+1","StarChef+1","Potential+1"],"relics":["Uniform","Art of War","Vajra","Potion Belt","Black Star","Tiny Chest","PreservedInsect","Pear","Regal Pillow","Eternal Feather","Bottled Lightning","Pantograph","FossilizedHelix","StoneMask","Cauldron","Bottled Tornado","Happy Flower","Darkstone Periapt","White Beast Statue","Toy Ornithopter"],"acts_visited":["Exordium","TheCity","TheBeyond"],"potions_floor_usage":[23,28,30,33,33,33,47,50,50],"damage_taken":[{"damage":5,"enemies":"2 Louse","floor":1,"turns":2},{"damage":6,"enemies":"Small Slimes","floor":3,"turns":4},{"damage":0,"enemies":"Cultist","floor":4,"turns":3},{"damage":5,"enemies":"Large Slime","floor":7,"turns":6},{"damage":5,"enemies":"2 Fungi Beasts","floor":8,"turns":3},{"damage":0,"enemies":"3 Louse","floor":10,"turns":3},{"damage":0,"enemies":"Exordium Wildlife","floor":11,"turns":2},{"damage":0,"enemies":"Lots of Slimes","floor":13,"turns":3},{"damage":0,"enemies":"Lagavulin","floor":14,"turns":4},{"damage":14,"enemies":"Slime Boss","floor":16,"turns":7},{"damage":0,"enemies":"Spheric Guardian","floor":18,"turns":3},{"damage":0,"enemies":"Chosen","floor":20,"turns":3},{"damage":21,"enemies":"Slavers","floor":23,"turns":5},{"damage":16,"enemies":"Gremlin Leader","floor":28,"turns":3},{"damage":14,"enemies":"Snecko","floor":30,"turns":4},{"damage":8,"enemies":"Book of Stabbing","floor":31,"turns":4},{"damage":62,"enemies":"Collector","floor":33,"turns":7},{"damage":7,"enemies":"3 Darklings","floor":35,"turns":9},{"damage":14,"enemies":"3 Shapes","floor":38,"turns":8},{"damage":34,"enemies":"Sphere and 2 Shapes","floor":39,"turns":7},{"damage":5,"enemies":"Maw","floor":41,"turns":7},{"damage":34,"enemies":"Reptomancer","floor":46,"turns":5},{"damage":0,"enemies":"Transient","floor":47,"turns":5},{"damage":11,"enemies":"Writhing Mass","floor":48,"turns":7},{"damage":83,"enemies":"Time Eater","floor":50,"turns":10}],"seed_played":"7593691669334772792","potions_obtained":[{"floor":1,"key":"DuplicationPotion"},{"floor":4,"key":"LiquidMemories"},{"floor":7,"key":"Block Potion"},{"floor":13,"key":"FairyPotion"},{"floor":14,"key":"PowerPotion"},{"floor":18,"key":"AttackPotion"},{"floor":28,"key":"Ancient Potion"},{"floor":31,"key":"Regen Potion"},{"floor":36,"key":"EntropicBrew"},{"floor":36,"key":"SkillPotion"},{"floor":36,"key":"Fire Potion"},{"floor":36,"key":"DistilledChaos"},{"floor":47,"key":"FairyPotion"}],"is_trial":false,"path_per_floor":["M","?","M","M","?","R","M","M","T","M","M","$","M","E","R","B",null,"M","?","M","?","$","E","R","$","T","R","E","?","M","E","R","B",null,"M","$","T","M","M","R","M","T","T","R","?","E","M","M","R","B",null],"character_chosen":"THE_SERVANT","items_purchased":["Potential","Tiny Chest","BestPractice","Cauldron"],"campfire_rested":5,"item_purchase_floors":[12,22,36,36],"current_hp_per_floor":[60,60,54,54,54,54,49,44,44,44,44,44,44,44,63,49,65,65,65,65,65,65,54,54,54,54,75,59,59,45,37,75,22,75,71,71,71,66,41,82,80,80,80,83,79,48,56,48,82,12],"gold":213,"neow_bonus":"RANDOM_COMMON_RELIC","is_daily":false,"chose_seed":false,"campfire_upgraded":3,"win_rate":0.0,"timestamp":1611284386,"path_taken":["M","?","M","M","?","R","M","M","T","?","M","$","M","E","R","BOSS","M","?","M","?","$","E","R","$","T","R","E","?","?","E","R","BOSS","M","$","?","M","M","R","M","?","T","R","?","E","?","M","R","BOSS"],"items_purchased_type":["Card","Relic","Card","Relic"],"build_version":"2020-12-22","purchased_purges":3,"victory":true,"max_hp_per_floor":[65,65,65,65,65,65,65,65,65,65,65,65,65,65,65,65,65,65,65,65,65,65,75,75,75,75,75,75,75,75,75,75,75,75,76,76,76,79,82,82,83,83,83,83,79,80,81,82,82,83],"card_choices":[{"not_picked":["SurpressingFire","Alleviate"],"picked":"Potential","floor":1},{"not_picked":["Rearm","Misdirection"],"picked":"ShatteredReality","floor":3},{"not_picked":["Alleviate","Starlight"],"picked":"Replace","floor":4},{"not_picked":["Desolation","Replace"],"picked":"TimeWarp","floor":7},{"not_picked":["Unruled","Misdirection"],"picked":"InstantArmor","floor":8},{"not_picked":["Desolation","Rewind"],"picked":"Snipe","floor":10},{"not_picked":["Contraction","ShiftingGears"],"picked":"Rearm","floor":11},{"not_picked":["Gouge","Duplication"],"picked":"FastForward","floor":13},{"not_picked":["TheWorld","ShatteredReality"],"picked":"Foresight","floor":14},{"not_picked":["KillingDoll","FloweringNight"],"picked":"Deny","floor":16},{"not_picked":["Reset","Revamp"],"picked":"Potential","floor":18},{"not_picked":["Replace","FastForward"],"picked":"Potential","floor":20},{"not_picked":["Revamp","DoubleEdge"],"picked":"TimeWarp+1","floor":23},{"not_picked":["TheWorld","Rearm"],"picked":"SurpressingFire","floor":28},{"not_picked":["Starlight+1","Collapse"],"picked":"Rewind","floor":30},{"not_picked":["RealityMarble+1","Gouge","FastForward"],"picked":"SKIP","floor":31},{"not_picked":["Sunlight","Embodiment"],"picked":"TheWorld","floor":33},{"not_picked":["FastForward+1","ReturningBlade+1","Manipulate"],"picked":"SKIP","floor":35},{"not_picked":["Revamp","Collapse"],"picked":"StarChef+1","floor":38},{"not_picked":["DoubleEdge+1","Replace","TimeWarp+1"],"picked":"SKIP","floor":39},{"not_picked":["Unruled+1","Spin+1"],"picked":"Potential+1","floor":41},{"not_picked":["DoubleEdge","Revamp+1","FloweringNight"],"picked":"SKIP","floor":46},{"not_picked":["Rearm","BottledTime+1","ShatteredReality"],"picked":"SKIP","floor":47},{"not_picked":["Starlight","ShatteredReality","Snipe"],"picked":"SKIP","floor":48}],"player_experience":541883,"relics_obtained":[{"floor":9,"key":"Vajra"},{"floor":14,"key":"Potion Belt"},{"floor":23,"key":"PreservedInsect"},{"floor":23,"key":"Pear"},{"floor":26,"key":"Regal Pillow"},{"floor":28,"key":"Eternal Feather"},{"floor":28,"key":"Bottled Lightning"},{"floor":31,"key":"Pantograph"},{"floor":31,"key":"FossilizedHelix"},{"floor":37,"key":"Bottled Tornado"},{"floor":42,"key":"Happy Flower"},{"floor":43,"key":"Darkstone Periapt"},{"floor":46,"key":"White Beast Statue"},{"floor":46,"key":"Toy Ornithopter"}],"event_choices":[{"cards_removed":["Strike_S"],"damage_healed":0,"gold_gain":0,"player_choice":"Card Removal","damage_taken":0,"max_hp_gain":0,"max_hp_loss":0,"event_name":"The Cleric","floor":2,"gold_loss":50},{"cards_removed":["Defend_S"],"damage_healed":0,"gold_gain":0,"player_choice":"Purged","damage_taken":0,"max_hp_gain":0,"max_hp_loss":0,"event_name":"Purifier","floor":5,"gold_loss":0},{"damage_healed":0,"gold_gain":0,"player_choice":"Ignored","damage_taken":0,"max_hp_gain":0,"max_hp_loss":0,"event_name":"Ghosts","floor":19,"gold_loss":0},{"damage_healed":0,"gold_gain":0,"player_choice":"Ignored","damage_taken":0,"max_hp_gain":0,"max_hp_loss":0,"event_name":"The Mausoleum","floor":21,"gold_loss":0},{"damage_healed":0,"gold_gain":99,"player_choice":"Stole From Cult","damage_taken":0,"max_hp_gain":0,"max_hp_loss":0,"event_name":"Nest","floor":29,"gold_loss":0},{"damage_healed":0,"gold_gain":0,"player_choice":"Max HP","damage_taken":0,"max_hp_gain":0,"max_hp_loss":4,"event_name":"Winding Halls","floor":45,"gold_loss":0}],"is_beta":false,"boss_relics":[{"not_picked":["Sozu","Snecko Eye"],"picked":"Black Star"},{"not_picked":["Tiny House","Fusion Hammer"],"picked":"StoneMask"}],"items_purged_floors":[22,25,36],"is_endless":false,"potions_floor_spawned":[1,4,7,13,14,18,20,28,31,41,46,47,48],"ascension_level":1}}