{"host":"sian7qp8a9pc9xwd","time":1611298807,"event":{"mods":["BaseMod","Minty Spire (QoL Compilation)","StSLib","SuperFastMode"],"gold_per_floor":[118,131,143,143,0,0,33,33,33,33,49,49,49,76,88,205,217,244,256,256],"floor_reached":19,"language":"ENG","playtime":679,"items_purged":["Bash"],"score":254,"play_id":"0c073e5a-6c5c-483a-8956-a1b3fbf71e63","local_time":"20210122020007","is_ascension_mode":true,"campfire_choices":[{"data":"Uppercut","floor":6,"key":"SMITH"},{"floor":13,"key":"REST"},{"data":"Searing Blow+1","floor":15,"key":"SMITH"}],"circlet_count":0,"master_deck":["Dark Embrace","Flex","Uppercut+1","Wild Strike+1","Disarm+1","Searing Blow+2","Offering","Corruption","Infernal Blade","Body Slam+1","Whirlwind+1","Warcry","Feel No Pain","Second Wind","Combust","Clash+1"],"relics":["Burning Blood","NeowsBlessing","Molten Egg 2","MawBank","Pandora\u0027s Box"],"acts_visited":["Exordium","TheCity"],"potions_floor_usage":[7,14,16,16],"damage_taken":[{"damage":0.0,"enemies":"Cultist","floor":1.0,"turns":1.0},{"damage":0.0,"enemies":"2 Louse","floor":2.0,"turns":1.0},{"damage":0.0,"enemies":"Jaw Worm","floor":3.0,"turns":1.0},{"damage":45,"enemies":"3 Sentries","floor":7,"turns":11},{"damage":12,"enemies":"Gremlin Gang","floor":11,"turns":4},{"damage":9,"enemies":"Gremlin Nob","floor":14,"turns":3},{"damage":28,"enemies":"Hexaghost","floor":16,"turns":13},{"damage":19,"enemies":"Spheric Guardian","floor":18,"turns":3},{"damage":0,"enemies":"Shell Parasite","floor":19,"turns":1}],"seed_played":"8393548336235783320","potions_obtained":[{"floor":1.0,"key":"DuplicationPotion"},{"floor":7,"key":"ColorlessPotion"},{"floor":8,"key":"ElixirPotion"},{"floor":8,"key":"DuplicationPotion"},{"floor":8,"key":"SpeedPotion"},{"floor":16,"key":"Fruit Juice"},{"floor":18,"key":"Dexterity Potion"}],"is_trial":false,"path_per_floor":["M","M","M","?","$","R","E","?","T","$","M","?","R","E","R","B",null,"M","M"],"character_chosen":"IRONCLAD","items_purchased":["Uppercut"],"campfire_rested":1,"item_purchase_floors":[5],"current_hp_per_floor":[78,80,80,80,80,80,41,41,41,41,35,35,59,56,56,34,69,56,56,56],"gold":256,"neow_bonus":"THREE_ENEMY_KILL","is_daily":false,"chose_seed":false,"campfire_upgraded":2,"win_rate":0.0,"timestamp":1611298807,"path_taken":["M","?","M","?","?","R","E","?","T","$","?","?","R","E","R","BOSS","M","?"],"items_purchased_type":["Card"],"build_version":"2020-12-22","purchased_purges":1,"victory":false,"max_hp_per_floor":[80,80,80,80,80,80,80,80,80,80,80,80,80,80,80,80,80,80,80,80],"card_choices":[{"not_picked":["Entrench","Sword Boomerang","Clash"],"picked":"SKIP","floor":1.0},{"not_picked":["Power Through","Pommel Strike"],"picked":"Dark Embrace","floor":2.0},{"not_picked":["Twin Strike","Anger"],"picked":"Flex","floor":3},{"not_picked":["Pummel+1","Dual Wield"],"picked":"Wild Strike+1","floor":7},{"not_picked":["Clothesline+1","Heavy Blade+1"],"picked":"Disarm","floor":11},{"not_picked":["Shrug It Off","Cleave+1"],"picked":"Searing Blow+1","floor":14},{"not_picked":["Fiend Fire+1","Impervious"],"picked":"Offering","floor":16},{"not_picked":["Cleave+1","Body Slam+1"],"picked":"Clash+1","floor":18}],"player_experience":719533,"relics_obtained":[{"floor":7,"key":"Molten Egg 2"},{"floor":14,"key":"MawBank"}],"event_choices":[{"cards_removed":["Strike_R"],"damage_healed":0,"gold_gain":0,"player_choice":"Purged","damage_taken":0,"max_hp_gain":0,"max_hp_loss":0,"event_name":"Purifier","floor":4,"gold_loss":0},{"damage_healed":0,"gold_gain":0,"player_choice":"Got Potions","damage_taken":0,"max_hp_gain":0,"max_hp_loss":0,"event_name":"Lab","floor":8,"gold_loss":0},{"damage_healed":0,"gold_gain":0,"player_choice":"Upgraded","damage_taken":0,"max_hp_gain":0,"max_hp_loss":0,"event_name":"Upgrade Shrine","floor":12,"gold_loss":0,"cards_upgraded":["Disarm"]}],"is_beta":false,"boss_relics":[{"not_picked":["Runic Dome","Tiny House"],"picked":"Pandora\u0027s Box"}],"items_purged_floors":[5],"is_endless":false,"potions_floor_spawned":[1,7,16,18],"killed_by":"Shell Parasite","ascension_level":9}}