{"host":"skr63qsdfgeey3it","time":1611352169,"event":{"mods":["BaseMod","Colored Map","Hubris","Minty Spire (QoL Compilation)","Replay The Spire","Spicy Shops","StSLib"],"gold_per_floor":[116,127,127,127,127,170,170,170,170,135,160,204,222,237,237,335,335,348,13,88,119,144,144,179,179,234,149,198,198,225,252,356,464,464,492,514,543,571,481,528,528,561,561,588,54,276,609,630,630,630,630],"floor_reached":50,"language":"ENG","playtime":2770,"items_purged":["Strike_G","Strike_G"],"score":1019,"play_id":"1e311e8a-542f-4c97-8823-e873fa83c8dd","local_time":"20210122154929","is_ascension_mode":true,"campfire_choices":[{"data":"Adrenaline","floor":7,"key":"SMITH"},{"data":"Fluid Movement","floor":15,"key":"SMITH"},{"floor":23,"key":"REST"},{"floor":25,"key":"REST"},{"floor":41,"key":"REST"},{"data":"After Image","floor":49,"key":"SMITH"}],"circlet_count":0,"master_deck":["AscendersBane","Strike_G","Strike_G+1","Defend_G","Defend_G","Defend_G","Defend_G","Defend_G","Survivor","Neutralize","Blade Dance","Dagger Throw+1","Delirium","Adrenaline+1","Calculated Gamble","Fluid Movement+1","Quick Slash","Blade Dance","Poison Darts","Tactician+1","Well Laid Plans","Footwork","Footwork+1","ReplayTheSpireMod:Scrap Shanks","Tactician","Poison Darts","Infinite Blades+1","hubris:Sniper","Prepared+1","Flechettes","Skewer+1","Footwork","After Image+1","Specialist","Infinite Blades","ReplayTheSpireMod:Scrap Shanks"],"relics":["Ring of the Snake","NeowsBlessing","ReplayTheSpireMod:Ring of Exchange","Ring of Misfortune","Lantern","hubris:MysteriousPyramids","Bottled Lightning","hubris:CuriousFeather","Chemical X","Akabeko","Whetstone","Red Mask","Question Card","ReplayTheSpireMod:Lightbulb","CeramicFish","White Beast Statue","WristBlade","Bag of Marbles","MealTicket","Bottled Flame"],"acts_visited":["Exordium","TheCity","TheBeyond"],"potions_floor_usage":[12,16,21,21,22,28,33,33,36,38,40,40,42,50,50],"damage_taken":[{"damage":0,"enemies":"Cultist","floor":1,"turns":1},{"damage":0,"enemies":"2 Louse","floor":2,"turns":1},{"damage":0,"enemies":"Lagavulin","floor":6,"turns":1},{"damage":0,"enemies":"Small Slimes","floor":11,"turns":3},{"damage":4,"enemies":"3 Sentries","floor":12,"turns":6},{"damage":5,"enemies":"3 Louse","floor":13,"turns":2},{"damage":0,"enemies":"2 Fungi Beasts","floor":14,"turns":2},{"damage":44,"enemies":"Fading Forest","floor":16,"turns":11},{"damage":8,"enemies":"Shell Parasite","floor":18,"turns":4},{"damage":0,"enemies":"Masked Bandits","floor":21,"turns":1},{"damage":0,"enemies":"3 Byrds","floor":22,"turns":3},{"damage":8,"enemies":"Slavers","floor":24,"turns":5},{"damage":24,"enemies":"Book of Stabbing","floor":28,"turns":5},{"damage":6,"enemies":"3 Cultists","floor":30,"turns":4},{"damage":0,"enemies":"Snecko","floor":31,"turns":3},{"damage":23,"enemies":"Collector","floor":33,"turns":6},{"damage":0,"enemies":"Orb Walker","floor":35,"turns":2},{"damage":2,"enemies":"3 Darklings","floor":36,"turns":4},{"damage":1,"enemies":"Sphere and 2 Shapes","floor":37,"turns":3},{"damage":0,"enemies":"4 Shapes","floor":38,"turns":4},{"damage":30,"enemies":"Giant Head","floor":40,"turns":6},{"damage":1,"enemies":"3 Darklings","floor":42,"turns":3},{"damage":0,"enemies":"Jaw Worm Horde","floor":44,"turns":2},{"damage":0,"enemies":"Writhing Mass","floor":48,"turns":1},{"damage":56,"enemies":"Awakened One","floor":50,"turns":3}],"seed_played":"-5320677762827408432","potions_obtained":[{"floor":11,"key":"Explosive Potion"},{"floor":14,"key":"Venom Potion"},{"floor":16,"key":"SkillPotion"},{"floor":20,"key":"SkillPotion"},{"floor":21,"key":"Explosive Potion"},{"floor":24,"key":"Energy Potion"},{"floor":30,"key":"PowerPotion"},{"floor":31,"key":"BlessingOfTheForge"},{"floor":33,"key":"EssenceOfSteel"},{"floor":35,"key":"Block Potion"},{"floor":36,"key":"Dexterity Potion"},{"floor":38,"key":"SteroidPotion"},{"floor":40,"key":"Reflective Coating"},{"floor":42,"key":"Weak Potion"},{"floor":44,"key":"ColorlessPotion"}],"is_trial":false,"path_per_floor":["M","M","?","?","?","E","R","?","T","?","M","E","M","M","R","B",null,"M","$","?","?","M","R","E","R","T","?","E","?","M","M","R_BF","B",null,"M","M","M","M","?","E","R","M","T","M","$","?","?","M","R","B"],"character_chosen":"THE_SILENT","items_purchased":["Well Laid Plans","Akabeko","Bottled Flame","Specialist","Infinite Blades"],"campfire_rested":3,"item_purchase_floors":[19,19,45,45,45],"current_hp_per_floor":[63,63,63,45,45,45,45,45,45,62,62,58,53,53,53,29,60,52,52,24,24,24,45,37,58,58,58,34,34,28,28,28,5,54,54,52,51,51,51,21,42,41,41,41,56,56,56,56,56,0,0],"gold":630,"neow_bonus":"THREE_ENEMY_KILL","is_daily":false,"chose_seed":false,"campfire_upgraded":3,"win_rate":0.0,"timestamp":1611352169,"path_taken":["M","?","?","?","?","E","R","?","T","?","M","E","?","M","R","BOSS","M","$","?","?","M","R","E","R","T","?","E","?","?","M","R_BF","BOSS","M","?","M","M","?","E","R","M","T","?","$","?","?","M","R","BOSS"],"items_purchased_type":["Card","Relic","Relic","Card","Card"],"build_version":"2020-12-22","purchased_purges":2,"victory":false,"max_hp_per_floor":[70,70,70,70,70,70,70,70,70,70,70,70,70,70,70,70,70,70,70,70,70,70,70,70,70,70,70,70,70,70,70,70,70,70,70,70,70,70,70,70,70,70,70,70,70,70,70,70,70,70,70],"card_choices":[{"not_picked":["Acrobatics","Hidden Blade"],"picked":"Blade Dance","floor":1},{"not_picked":["PiercingWail","Underhanded Strike"],"picked":"Dagger Throw","floor":2},{"not_picked":["Deadly Poison","Toxin Wave"],"picked":"Adrenaline","floor":6},{"not_picked":["Underhanded Strike","Deflect"],"picked":"Calculated Gamble","floor":11},{"not_picked":["Endless Agony","Tactician"],"picked":"Fluid Movement","floor":12},{"not_picked":["Acrobatics","Deadly Poison"],"picked":"Quick Slash","floor":13},{"not_picked":["Endless Agony","Backflip"],"picked":"Blade Dance","floor":14},{"not_picked":["Envenom","Bullet Time"],"picked":"Poison Darts","floor":16},{"not_picked":["Deflect","Outmaneuver"],"picked":"Tactician+1","floor":18},{"not_picked":["Deflect","Outmaneuver"],"picked":"Footwork","floor":22},{"not_picked":["Dagger Spray","Endless Agony","Draining Mist+1"],"picked":"SKIP","floor":24},{"not_picked":["Setup","Hidden Blade","Blade Dance"],"picked":"Footwork","floor":28},{"not_picked":["Poisoned Stab","Dodge and Roll","Wraith Form v2"],"picked":"ReplayTheSpireMod:Scrap Shanks","floor":30},{"not_picked":["Crippling Poison+1","Dagger Spray+1","Poisoned Stab"],"picked":"Tactician","floor":31},{"not_picked":["Burst","A Thousand Cuts","Atom Bomb"],"picked":"Poison Darts","floor":33},{"not_picked":["Dagger Throw","Tactician","Blade Dance+1"],"picked":"Infinite Blades+1","floor":35},{"not_picked":["Finisher","Deadly Poison","Sucker Punch"],"picked":"hubris:Sniper","floor":36},{"not_picked":["Flying Knee","hubris:SlightOfHand","Deflect"],"picked":"Prepared+1","floor":37},{"not_picked":["Sneak Up","Backflip+1","Sucker Punch+1"],"picked":"Flechettes","floor":38},{"not_picked":["Dagger Spray","Well Laid Plans","hubris:SlightOfHand"],"picked":"Skewer+1","floor":40},{"not_picked":["Bane","Acrobatics","Expertise"],"picked":"Footwork","floor":42},{"not_picked":["Backstab+1","Skewer","Poisoned Stab"],"picked":"After Image","floor":44},{"not_picked":["ReplayTheSpireMod:Shiv Toss","Skewer","Deflect"],"picked":"ReplayTheSpireMod:Scrap Shanks","floor":48}],"player_experience":800577,"relics_obtained":[{"floor":3,"key":"ReplayTheSpireMod:Ring of Exchange"},{"floor":3,"key":"Ring of Misfortune"},{"floor":6,"key":"hubris:MysteriousPyramids"},{"floor":9,"key":"Bottled Lightning"},{"floor":12,"key":"hubris:CuriousFeather"},{"floor":20,"key":"Whetstone"},{"floor":21,"key":"Red Mask"},{"floor":24,"key":"Question Card"},{"floor":26,"key":"ReplayTheSpireMod:Lightbulb"},{"floor":28,"key":"White Beast Statue"},{"floor":40,"key":"Bag of Marbles"},{"floor":43,"key":"MealTicket"}],"event_choices":[{"damage_healed":0,"gold_gain":0,"player_choice":"Success","damage_taken":18,"relics_obtained":["Lantern"],"max_hp_gain":0,"max_hp_loss":0,"event_name":"Scrap Ooze","floor":4,"gold_loss":0},{"damage_healed":0,"gold_gain":0,"player_choice":"Take Wound","damage_taken":0,"relics_obtained":["Golden Idol"],"max_hp_gain":0,"max_hp_loss":0,"event_name":"Golden Idol","floor":5,"gold_loss":0,"cards_obtained":["Injury"]},{"cards_removed":["Injury"],"damage_healed":0,"gold_gain":0,"player_choice":"Forget","damage_taken":0,"max_hp_gain":0,"max_hp_loss":0,"event_name":"Living Wall","floor":8,"gold_loss":0},{"damage_healed":17,"gold_gain":0,"player_choice":"Healed","damage_taken":0,"max_hp_gain":0,"max_hp_loss":0,"event_name":"The Cleric","floor":10,"gold_loss":35},{"damage_healed":0,"gold_gain":0,"player_choice":"Fought Bandits","damage_taken":0,"max_hp_gain":0,"max_hp_loss":0,"event_name":"Masked Bandits","floor":21,"gold_loss":0},{"damage_healed":0,"gold_gain":0,"player_choice":"Obtained Relic","damage_taken":0,"relics_obtained":["CeramicFish"],"max_hp_gain":0,"max_hp_loss":0,"event_name":"Addict","floor":27,"gold_loss":85},{"cards_removed":["Strike_G"],"damage_healed":0,"gold_gain":0,"player_choice":"Upgrade and Remove","damage_taken":0,"max_hp_gain":0,"max_hp_loss":0,"event_name":"Designer","floor":39,"gold_loss":90,"cards_upgraded":["Footwork"]},{"damage_healed":0,"gold_gain":222,"player_choice":"Wore Mask","damage_taken":0,"max_hp_gain":0,"max_hp_loss":0,"event_name":"Tomb of Lord Red Mask","floor":46,"gold_loss":0},{"damage_healed":0,"gold_gain":333,"player_choice":"Gave Idol","damage_taken":0,"max_hp_gain":0,"max_hp_loss":0,"event_name":"The Moai Head","floor":47,"relics_lost":["Golden Idol"],"gold_loss":0}],"is_beta":false,"boss_relics":[{"not_picked":["Abe\u0027s Treasure","Calling Bell"],"picked":"Chemical X"},{"not_picked":["hubris:CrackedHourglass","TwistedFunnel"],"picked":"WristBlade"}],"items_purged_floors":[19,45],"is_endless":false,"potions_floor_spawned":[11,14,16,21,24,30,31,33,35,36,37,38,40,42,44,48],"killed_by":"Awakened One","ascension_level":13}}