{"host":"w8xisjf5mgmfjvmt","time":1611295326,"event":{"mods":["BaseMod","BetterRewards","Challenge The Spire","Conspire","Dota2Spire","Energized Spire","Filter the Spire","Minty Spire (QoL Compilation)","Quarter Circle Forward PUNCH!","Quick Restart","Relic Stats","Replay The Spire","Shop Mod","Spicy Shops","StSLib","Starting Relic: Pandora\u0027s Box","¡¾ÒÅÎï¿¨ÅÆ¡¿REMEMod","óô»ðÖ¸ÄÏ"],"gold_per_floor":[113,113,132,146,162,496,496,302,302,336,336,368,368,382,70,70,70],"floor_reached":16,"language":"ZHS","playtime":437,"items_purged":["Bash"],"score":240,"play_id":"f391ed42-a3c0-4799-bc58-26f737dd3196","local_time":"20210122140206","is_ascension_mode":true,"campfire_choices":[{"data":"Berserk","floor":7.0,"key":"SMITH"},{"floor":13.0,"key":"REST"}],"circlet_count":0,"master_deck":["AscendersBane","Armaments+1","Wild Strike","True Grit","Headbutt","Carnage","Ghostly Armor","Uppercut+1","ReplayTheSpireMod:Muscle Training+1","Disarm+1","Berserk+1","True Grit","Cleave","Sword Boomerang","Flex","Second Wind","Bloodletting","Enlightenment","Shrug It Off","Shrug It Off"],"relics":["REME_ComplimentaryCards","Astrolabe","Old Coin","Durian","Ginger","qcfpunch:Red_Beret","PrismaticShard"],"acts_visited":["Exordium"],"potions_floor_usage":[],"damage_taken":[{"damage":1.0,"enemies":"Cultist","floor":1.0,"turns":3.0},{"damage":3.0,"enemies":"2 Louse","floor":3.0,"turns":3.0},{"damage":7.0,"enemies":"Jaw Worm","floor":4.0,"turns":2.0},{"damage":2.0,"enemies":"Lots of Slimes","floor":5.0,"turns":3.0},{"damage":34.0,"enemies":"3 Sentries","floor":6.0,"turns":7.0},{"damage":11.0,"enemies":"Lagavulin","floor":10.0,"turns":4.0},{"damage":4.0,"enemies":"Gremlin Nob","floor":12.0,"turns":4.0},{"damage":13,"enemies":"Blue Slaver","floor":14,"turns":3},{"damage":1,"enemies":"The Guardian","floor":16,"turns":2}],"seed_played":"-3722253121228432475","potions_obtained":[{"floor":5.0,"key":"Flashbang"},{"floor":6.0,"key":"Strength Potion"},{"floor":12.0,"key":"PowerPotion"}],"is_trial":false,"path_per_floor":["M","?","M","M","M","E","R","$","T","E","?","E","R","M","R","B"],"character_chosen":"IRONCLAD","items_purchased":["Second Wind","Bloodletting","Enlightenment","PrismaticShard","Shrug It Off"],"campfire_rested":1,"item_purchase_floors":[8,8,15,15,15],"current_hp_per_floor":[67,72,69,62,60,26,26,26,31,20,20,16,41,28,28,27,27],"gold":70,"neow_bonus":"BOSS_RELIC","is_daily":false,"chose_seed":false,"campfire_upgraded":1,"win_rate":0.0,"timestamp":1611295326,"path_taken":["M","?","M","M","M","E","R","$","T","E","?","E","R","?","R","BOSS"],"items_purchased_type":["Card","Card","Card","Relic","Card"],"build_version":"2020-12-22","purchased_purges":1,"victory":false,"max_hp_per_floor":[75,80,80,80,80,80,80,80,85,85,85,85,85,85,85,85,85],"relic_stats":{"counters":[9,31],"Astrolabe":["Uppercut","ReplayTheSpireMod:Muscle Training","Disarm"],"Ginger":[2],"obtain_stats":[{"Astrolabe":0,"Pandora\u0027s Box":0,"Durian":9,"Ginger":10,"qcfpunch:Red_Beret":12,"PrismaticShard":15,"REME_ComplimentaryCards":0,"Old Coin":6},{"Astrolabe":0,"Pandora\u0027s Box":0,"Durian":5,"Ginger":6,"qcfpunch:Red_Beret":7,"PrismaticShard":8,"REME_ComplimentaryCards":0,"Old Coin":5},{"Astrolabe":0,"Pandora\u0027s Box":0,"Durian":18,"Ginger":22,"qcfpunch:Red_Beret":26,"PrismaticShard":29,"REME_ComplimentaryCards":0,"Old Coin":18}]},"card_choices":[{"not_picked":["Carnage","Disarm"],"picked":"True Grit","floor":1.0},{"not_picked":["Sword Boomerang","Searing Blow"],"picked":"Cleave","floor":3.0},{"not_picked":["Headbutt","Warcry"],"picked":"Sword Boomerang","floor":4.0},{"not_picked":["Disarm","Sword Boomerang"],"picked":"Flex","floor":5.0},{"not_picked":["Life Link","Hemogenesis","Anger"],"picked":"SKIP","floor":6.0},{"not_picked":["Life Link","Hemokinesis","Cleave"],"picked":"SKIP","floor":10.0},{"not_picked":["Heavy Blade","Perfected Strike","Life Link"],"picked":"SKIP","floor":12.0},{"not_picked":["Thunderclap","Replay:Undeath\u0027s Touch","Sword Boomerang"],"picked":"SKIP","floor":14}],"player_experience":1204111,"relics_obtained":[{"floor":6.0,"key":"Old Coin"},{"floor":9.0,"key":"Durian"},{"floor":10.0,"key":"Ginger"},{"floor":12.0,"key":"qcfpunch:Red_Beret"}],"event_choices":[{"damage_healed":0.0,"max_hp_gain":5.0,"max_hp_loss":0.0,"gold_gain":0.0,"event_name":"Big Fish","player_choice":"Donut","floor":2.0,"gold_loss":0.0,"damage_taken":0.0},{"damage_healed":0.0,"max_hp_gain":0.0,"max_hp_loss":0.0,"gold_gain":0.0,"event_name":"Upgrade Shrine","player_choice":"Upgraded","floor":11.0,"gold_loss":0.0,"damage_taken":0.0,"cards_upgraded":["Armaments"]}],"is_beta":false,"boss_relics":[],"items_purged_floors":[8],"is_endless":false,"potions_floor_spawned":[5,6,12],"killed_by":"The Guardian","ascension_level":20}}