{"host":"9tzam4717zt8ei1o","time":1611323332,"event":{"mods":["BaseMod","Colored Map","Keyboard Shortcuts","Minty Spire (QoL Compilation)","Quick Restart","StSLib","SuperFastMode"],"gold_per_floor":[113,113,44,57,70,95,95,122,122,43,43,61,61,86,86,205,205,229,253,284,130,155,155,195,195,271,271,305,321,341,359,359,479,479,503,503,233,233,251,284,284,323,323,101,132,195,195,195,195,195,195,195,45,83,83],"floor_reached":56,"language":"KOR","playtime":2097,"items_purged":["Strike_G","Strike_G+1","Defend_G","Defend_G"],"score":2203,"play_id":"5e3005c8-44bf-4566-86a4-94d7b529d7b8","local_time":"20210122224852","is_ascension_mode":true,"campfire_choices":[{"floor":7.0,"key":"REST"},{"data":"Acrobatics","floor":11.0,"key":"SMITH"},{"floor":15.0,"key":"REST"},{"data":"Tactician","floor":23.0,"key":"SMITH"},{"floor":27.0,"key":"REST"},{"data":"Acrobatics","floor":32.0,"key":"SMITH"},{"data":"Eviscerate","floor":41.0,"key":"SMITH"},{"data":"Acrobatics","floor":47,"key":"SMITH"},{"floor":49,"key":"RECALL"},{"data":"Acrobatics","floor":52,"key":"SMITH"}],"circlet_count":0,"master_deck":["Defend_G","Defend_G","Defend_G","Survivor","Neutralize+1","Dagger Throw","PiercingWail","Acrobatics+1","Dagger Spray","Escape Plan","Eviscerate+1","Acrobatics+1","After Image","Calculated Gamble+1","Slice+1","Escape Plan","Tactician+1","Prepared+1","Tactician+1","Adrenaline","Acrobatics+1","Tools of the Trade+1","Escape Plan+1","Acrobatics+1","Blur","Footwork+1","Blur+1","Eviscerate"],"relics":["Ring of the Snake","NeowsBlessing","Orichalcum","Bottled Flame","Singing Bowl","Ornamental Fan","Golden Idol","Astrolabe","Red Mask","Gremlin Horn","Frozen Egg 2","Mango","WristBlade","The Courier","Ancient Tea Set","Medical Kit","Bag of Preparation","Tough Bandages","Incense Burner"],"acts_visited":["Exordium","TheCity","TheBeyond","TheEnding"],"potions_floor_usage":[],"damage_taken":[{"damage":0.0,"enemies":"Jaw Worm","floor":1.0,"turns":1.0},{"damage":0.0,"enemies":"Small Slimes","floor":4.0,"turns":1.0},{"damage":0.0,"enemies":"Cultist","floor":5.0,"turns":1.0},{"damage":32.0,"enemies":"Lagavulin","floor":6.0,"turns":9.0},{"damage":18.0,"enemies":"3 Sentries","floor":8.0,"turns":8.0},{"damage":0.0,"enemies":"2 Fungi Beasts","floor":12.0,"turns":3.0},{"damage":2.0,"enemies":"Blue Slaver","floor":14.0,"turns":4.0},{"damage":22.0,"enemies":"The Guardian","floor":16.0,"turns":20.0},{"damage":22.0,"enemies":"3 Byrds","floor":18.0,"turns":4.0},{"damage":0.0,"enemies":"Shell Parasite","floor":19.0,"turns":5.0},{"damage":2.0,"enemies":"Masked Bandits","floor":20.0,"turns":2.0},{"damage":3.0,"enemies":"Snecko","floor":22.0,"turns":4.0},{"damage":15.0,"enemies":"Slavers","floor":24.0,"turns":2.0},{"damage":10.0,"enemies":"Gremlin Leader","floor":28.0,"turns":7.0},{"damage":0.0,"enemies":"Cultist and Chosen","floor":29.0,"turns":3.0},{"damage":6.0,"enemies":"Centurion and Healer","floor":30.0,"turns":4.0},{"damage":1.0,"enemies":"Snake Plant","floor":31.0,"turns":4.0},{"damage":0.0,"enemies":"Collector","floor":33.0,"turns":6.0},{"damage":0.0,"enemies":"Orb Walker","floor":35.0,"turns":2.0},{"damage":5.0,"enemies":"3 Shapes","floor":39.0,"turns":3.0},{"damage":0.0,"enemies":"Reptomancer","floor":40.0,"turns":6.0},{"damage":0.0,"enemies":"Giant Head","floor":42.0,"turns":6.0},{"damage":0,"enemies":"Reptomancer","floor":45,"turns":5},{"damage":0,"enemies":"Mind Bloom Boss Battle","floor":46,"turns":4},{"damage":0,"enemies":"Time Eater","floor":50,"turns":18},{"damage":0,"enemies":"Shield and Spear","floor":54,"turns":1},{"damage":0,"enemies":"The Heart","floor":55,"turns":8}],"seed_played":"562879604090101819","potions_obtained":[{"floor":4.0,"key":"GamblersBrew"},{"floor":6.0,"key":"LiquidBronze"},{"floor":8.0,"key":"GhostInAJar"},{"floor":16.0,"key":"Poison Potion"},{"floor":20.0,"key":"CunningPotion"},{"floor":24.0,"key":"SkillPotion"},{"floor":29.0,"key":"Strength Potion"},{"floor":30.0,"key":"AttackPotion"},{"floor":31.0,"key":"DistilledChaos"},{"floor":39.0,"key":"EntropicBrew"}],"is_trial":false,"path_per_floor":["M","?","?","M","M","E","R","E","T","$","R","M","?","M","R","B",null,"M","M","?","$","M","R","E","?","T","R","E","M","M","M","R","B",null,"M","?","$","?","M","E","R","E","T","$","E","?","R","?","R","B",null,"R","$","E","B",null],"character_chosen":"THE_SILENT","items_purchased":["Eviscerate","Tactician","Acrobatics","Blur","Footwork+1","Medical Kit","Eviscerate"],"campfire_rested":3,"item_purchase_floors":[10,21,37,37,37,44,53],"current_hp_per_floor":[63,49,49,49,49,17,38,20,20,20,20,22,4,2,23,1,54,32,34,32,32,29,29,16,16,16,38,42,44,38,39,39,39,80,80,82,82,82,79,79,79,81,81,81,83,85,85,85,85,85,99,99,99,101,101],"gold":83,"neow_bonus":"THREE_ENEMY_KILL","is_daily":false,"chose_seed":false,"campfire_upgraded":6,"win_rate":0.0,"timestamp":1611323332,"path_taken":["M","?","?","M","?","E","R","E","T","$","R","M","?","M","R","BOSS","M","M","?","$","M","R","E","?","T","R","E","M","M","?","R","BOSS","M","?","$","?","M","E","R","E","T","$","E","?","R","?","R","BOSS","R","$","E","BOSS"],"items_purchased_type":["Card","Card","Card","Card","Card","Relic","Card"],"build_version":"2020-12-22","purchased_purges":4,"victory":true,"max_hp_per_floor":[70,70,70,70,70,70,70,70,70,70,70,72,72,72,72,72,72,72,74,74,74,74,74,76,76,76,76,90,92,92,94,94,94,94,94,96,96,96,98,98,98,100,100,100,102,104,104,104,104,104,104,104,104,106,106],"card_choices":[{"not_picked":["Flying Knee","Backflip"],"picked":"Dagger Throw","floor":1.0},{"not_picked":["Outmaneuver","Dodge and Roll"],"picked":"PiercingWail","floor":4.0},{"not_picked":["Flying Knee","Accuracy"],"picked":"Acrobatics","floor":5.0},{"not_picked":["Bullet Time","Backflip"],"picked":"Dagger Spray","floor":6.0},{"not_picked":["Prepared","Endless Agony"],"picked":"Escape Plan","floor":8.0},{"not_picked":["Acrobatics","Sucker Punch","Bane"],"picked":"Singing Bowl","floor":12.0},{"not_picked":["Poisoned Stab","All Out Attack"],"picked":"Acrobatics","floor":14.0},{"not_picked":["Malaise","Storm of Steel"],"picked":"After Image","floor":16.0},{"not_picked":["Crippling Poison+1","Footwork"],"picked":"Dagger Throw+1","floor":18.0},{"not_picked":["Leg Sweep","Blade Dance","Slice"],"picked":"Singing Bowl","floor":19.0},{"not_picked":["Predator","Finisher"],"picked":"Escape Plan","floor":20.0},{"not_picked":["Blade Dance","Flying Knee+1"],"picked":"Prepared+1","floor":22.0},{"not_picked":["Dagger Spray+1","Predator","Riddle With Holes"],"picked":"Singing Bowl","floor":24.0},{"not_picked":["PiercingWail+1","Dash+1"],"picked":"Adrenaline","floor":28.0},{"not_picked":["Sucker Punch","Deadly Poison","Riddle With Holes+1"],"picked":"Singing Bowl","floor":29.0},{"not_picked":["Cloak And Dagger+1","Blade Dance"],"picked":"Acrobatics","floor":30.0},{"not_picked":["Acrobatics","Setup","Backstab+1"],"picked":"Singing Bowl","floor":31.0},{"not_picked":["Corpse Explosion","Die Die Die"],"picked":"Tools of the Trade+1","floor":33.0},{"not_picked":["Cloak And Dagger","Acrobatics+1"],"picked":"Escape Plan+1","floor":35.0},{"not_picked":["Enlightenment","Magnetism+1","Forethought"],"picked":"Singing Bowl","floor":36.0},{"not_picked":["Slice+1","Underhanded Strike","Flying Knee+1"],"picked":"Singing Bowl","floor":39.0},{"not_picked":["Catalyst+1","Cloak And Dagger"],"picked":"Blur+1","floor":40.0},{"not_picked":["Sucker Punch","Heel Hook","All Out Attack"],"picked":"Singing Bowl","floor":42.0},{"not_picked":["Poisoned Stab+1","Unload","Slice"],"picked":"Singing Bowl","floor":45},{"not_picked":["Poisoned Stab+1","Slice+1","Quick Slash"],"picked":"Singing Bowl","floor":46},{"not_picked":["Outmaneuver+1","Footwork+1","Distraction+1"],"picked":"Singing Bowl","floor":54}],"player_experience":89394,"relics_obtained":[{"floor":6.0,"key":"Bottled Flame"},{"floor":8.0,"key":"Singing Bowl"},{"floor":9.0,"key":"Ornamental Fan"},{"floor":20.0,"key":"Red Mask"},{"floor":24.0,"key":"Gremlin Horn"},{"floor":26.0,"key":"Frozen Egg 2"},{"floor":28.0,"key":"Mango"},{"floor":40.0,"key":"The Courier"},{"floor":42.0,"key":"Ancient Tea Set"},{"floor":45,"key":"Bag of Preparation"},{"floor":46,"key":"Tough Bandages"},{"floor":54,"key":"Incense Burner"}],"event_choices":[{"damage_healed":0.0,"max_hp_gain":0.0,"max_hp_loss":0.0,"gold_gain":0.0,"event_name":"Shining Light","player_choice":"Entered Light","floor":2.0,"gold_loss":0.0,"damage_taken":14.0,"cards_upgraded":["Neutralize","Strike_G"]},{"damage_healed":0.0,"max_hp_gain":0.0,"max_hp_loss":0.0,"gold_gain":0.0,"event_name":"WeMeetAgain","player_choice":"Paid Gold","floor":3.0,"gold_loss":69.0,"damage_taken":0.0,"relics_obtained":["Orichalcum"]},{"damage_healed":0.0,"max_hp_gain":0.0,"max_hp_loss":0.0,"gold_gain":0.0,"event_name":"Golden Idol","player_choice":"Take Damage","floor":13.0,"gold_loss":0.0,"damage_taken":18.0,"relics_obtained":["Golden Idol"]},{"damage_healed":0.0,"max_hp_gain":0.0,"max_hp_loss":0.0,"gold_gain":0.0,"event_name":"Masked Bandits","player_choice":"Fought Bandits","floor":20.0,"gold_loss":0.0,"damage_taken":0.0},{"damage_healed":0.0,"max_hp_gain":0.0,"max_hp_loss":0.0,"gold_gain":0.0,"event_name":"Duplicator","player_choice":"Copied","floor":25.0,"gold_loss":0.0,"damage_taken":0.0,"cards_obtained":["Tactician"]},{"damage_healed":0.0,"max_hp_gain":0.0,"max_hp_loss":0.0,"gold_gain":0.0,"event_name":"SensoryStone","player_choice":"Memory 1","floor":36.0,"gold_loss":0.0,"damage_taken":0.0},{"cards_removed":["Dagger Throw"],"damage_healed":0.0,"max_hp_gain":0.0,"max_hp_loss":0.0,"gold_gain":0.0,"event_name":"Falling","player_choice":"Removed Attack","floor":38.0,"gold_loss":0.0,"damage_taken":0.0},{"damage_healed":0,"gold_gain":0,"player_choice":"Fight","damage_taken":0,"max_hp_gain":0,"max_hp_loss":0,"event_name":"MindBloom","floor":46,"gold_loss":0},{"cards_removed":["Corpse Explosion"],"damage_healed":0,"gold_gain":0,"player_choice":"Purged","damage_taken":0,"max_hp_gain":0,"max_hp_loss":0,"event_name":"Purifier","floor":48,"gold_loss":0}],"is_beta":false,"boss_relics":[{"not_picked":["SacredBark","Runic Dome"],"picked":"Astrolabe"},{"not_picked":["Calling Bell","Ring of the Serpent"],"picked":"WristBlade"}],"items_purged_floors":[21,37,44,53],"is_endless":false,"potions_floor_spawned":[4,6,8,16,20,24,29,30,31,39,46,54],"ascension_level":8}}