{"host":"49c2zf0lajbcs427","time":1611300773,"event":{"mods":["AchievementEnabler","BaseMod","Colored Map","Colored Powertips","Highlight Path","Key Reminder","Minty Spire (QoL Compilation)","Relic Stats","StSLib"],"gold_per_floor":[119,67,84,96,171,171,171,171,195,54,87,63,63,80,80,177,177,188,188,188,199,124,124,152,152,152,180,180,190,217,316,316,421,421,433,433,433,433,448,482,482,169,169,169,219,254,264,277,277,277,277,277,14,40,40,40],"floor_reached":55,"language":"ENG","playtime":3389,"items_purged":["Strike_B"],"score":1100,"play_id":"bae712f5-18c7-45dd-92b9-2e7ad05ad969","local_time":"20210122203253","is_ascension_mode":true,"campfire_choices":[{"data":"Biased Cognition","floor":6,"key":"SMITH"},{"data":"Seek","floor":8,"key":"SMITH"},{"data":"Loop","floor":13,"key":"SMITH"},{"data":"Zap","floor":15,"key":"SMITH"},{"data":"Electrodynamics","floor":23,"key":"SMITH"},{"data":"Go for the Eyes","floor":25,"key":"SMITH"},{"data":"Hologram","floor":28,"key":"SMITH"},{"floor":32,"key":"REST"},{"data":"Buffer","floor":41,"key":"SMITH"},{"data":"Buffer","floor":44,"key":"SMITH"},{"floor":49,"key":"RECALL"},{"data":"Darkness","floor":52,"key":"SMITH"}],"circlet_count":0,"master_deck":["Strike_B","Strike_B","Defend_B","Defend_B","Defend_B","Defend_B","Zap+1","Dualcast","Seek+1","Compile Driver","Biased Cognition+1","Rebound","Cold Snap","Loop+1","Cold Snap","Hologram+1","Go for the Eyes+1","Electrodynamics+1","FTL+1","Redo","Undo","Darkness+1","Redo","Buffer+1","Buffer+1","Darkness+1","Cold Snap+1","Decay","Loop+1","Coolheaded+1","Skim","Secret Technique","Lockon"],"relics":["Cracked Core","Letter Opener","Pen Nib","Omamori","Cursed Key","Happy Flower","CultistMask","Bottled Tornado","Turnip","PreservedInsect","Bottled Lightning","Coffee Dripper","Anchor","Ice Cream","Gambling Chip","Eternal Feather","Oddly Smooth Stone"],"acts_visited":["Exordium","TheCity","TheBeyond","TheEnding"],"potions_floor_usage":[11,16,29,30,50,50,50,50,50,54,55,55],"damage_taken":[{"damage":1,"enemies":"Cultist","floor":1,"turns":3},{"damage":2,"enemies":"Jaw Worm","floor":3,"turns":3},{"damage":0,"enemies":"2 Louse","floor":4,"turns":2},{"damage":21,"enemies":"3 Sentries","floor":11,"turns":6},{"damage":0,"enemies":"Large Slime","floor":14,"turns":3},{"damage":3,"enemies":"Hexaghost","floor":16,"turns":8},{"damage":2,"enemies":"Chosen","floor":18,"turns":3},{"damage":0,"enemies":"Spheric Guardian","floor":21,"turns":3},{"damage":13,"enemies":"Book of Stabbing","floor":24,"turns":4},{"damage":0,"enemies":"Slavers","floor":27,"turns":1},{"damage":14,"enemies":"Snake Plant","floor":29,"turns":2},{"damage":7,"enemies":"Book of Stabbing","floor":30,"turns":3},{"damage":4,"enemies":"Automaton","floor":33,"turns":8},{"damage":14,"enemies":"Orb Walker","floor":35,"turns":3},{"damage":0,"enemies":"3 Shapes","floor":39,"turns":1},{"damage":0,"enemies":"Nemesis","floor":40,"turns":5},{"damage":0,"enemies":"Mind Bloom Boss Battle","floor":45,"turns":6},{"damage":0,"enemies":"Giant Head","floor":46,"turns":5},{"damage":0,"enemies":"Maw","floor":47,"turns":5},{"damage":0,"enemies":"Transient","floor":48,"turns":5},{"damage":54,"enemies":"Awakened One","floor":50,"turns":15},{"damage":34,"enemies":"Shield and Spear","floor":54,"turns":6},{"damage":96,"enemies":"The Heart","floor":55,"turns":3}],"seed_played":"3212677726047975925","potions_obtained":[{"floor":1,"key":"BlessingOfTheForge"},{"floor":14,"key":"GamblersBrew"},{"floor":24,"key":"SkillPotion"},{"floor":27,"key":"EssenceOfDarkness"},{"floor":29,"key":"Swift Potion"},{"floor":40,"key":"DistilledChaos"},{"floor":45,"key":"EntropicBrew"},{"floor":54,"key":"EssenceOfSteel"}],"is_trial":false,"path_per_floor":["M","$","M","M","?","R","T","R","T","$","E","$","R","M","R","B",null,"M","?","?","M","$","R","E","R","T","E","R","M","E","?","R","B",null,"M","?","?","?","M","E","R","$","T","R","?","E","M","M","R","B",null,"R","$","E","B"],"character_chosen":"DEFECT","items_purchased":["AttackPotion","Cold Snap","Loop","PowerPotion","Hologram","Ice Cream","GamblersBrew","Secret Technique"],"campfire_rested":1,"item_purchase_floors":[2,10,10,10,12,42,53,53],"current_hp_per_floor":[49,49,47,47,36,36,36,36,36,36,15,15,15,15,15,12,59,57,57,57,57,57,57,44,44,44,44,44,30,23,23,45,41,67,53,53,53,53,53,53,53,53,53,53,53,53,53,53,71,17,61,75,75,41,0,0],"gold":40,"neow_bonus":"THREE_RARE_CARDS","is_daily":false,"chose_seed":false,"campfire_upgraded":10,"win_rate":0.0,"timestamp":1611300773,"path_taken":["M","?","M","M","?","R","?","R","T","?","E","$","R","?","R","BOSS","M","?","?","?","$","R","E","R","T","E","R","M","E","?","R","BOSS","M","?","?","?","M","E","R","?","T","R","?","E","?","M","R","BOSS","R","$","E","BOSS"],"items_purchased_type":["Potion","Card","Card","Potion","Card","Relic","Potion","Card"],"build_version":"2020-12-22","purchased_purges":1,"victory":false,"max_hp_per_floor":[75,75,75,75,75,75,75,75,75,75,75,75,75,75,75,75,75,75,75,75,75,75,75,75,75,75,75,75,75,75,75,75,75,75,75,75,75,75,75,75,75,75,75,75,75,75,75,75,75,75,75,75,75,75,75,75],"relic_stats":{"Happy Flower":[25],"counters":[23,102],"Gambling Chip":[22],"Eternal Feather":32,"Pen Nib":[15],"Turnip":[5],"PreservedInsect":281,"Letter Opener":[193],"Cursed Key":2,"obtain_stats":[{"Ice Cream":42,"Happy Flower":19,"Oddly Smooth Stone":54,"Eternal Feather":46,"Pen Nib":9,"PreservedInsect":27,"Omamori":11,"Letter Opener":7,"Bottled Tornado":24,"Cursed Key":17,"keyreminder:keyreminder":40,"Anchor":40,"Gambling Chip":45,"CultistMask":20,"Turnip":26,"Coffee Dripper":34,"Bottled Lightning":30,"Cracked Core":0},{"Ice Cream":16,"Happy Flower":7,"Oddly Smooth Stone":22,"Eternal Feather":18,"Pen Nib":3,"PreservedInsect":10,"Omamori":4,"Letter Opener":3,"Bottled Tornado":9,"Cursed Key":6,"keyreminder:keyreminder":16,"Anchor":16,"Gambling Chip":17,"CultistMask":7,"Turnip":9,"Coffee Dripper":13,"Bottled Lightning":12,"Cracked Core":0},{"Ice Cream":57,"Happy Flower":28,"Oddly Smooth Stone":99,"Eternal Feather":68,"Pen Nib":8,"PreservedInsect":36,"Omamori":14,"Letter Opener":8,"Bottled Tornado":35,"Cursed Key":25,"keyreminder:keyreminder":57,"Anchor":57,"Gambling Chip":63,"CultistMask":28,"Turnip":35,"Coffee Dripper":49,"Bottled Lightning":41,"Cracked Core":0}]},"card_choices":[{"not_picked":["Hyperbeam","Fission"],"picked":"Seek","floor":0},{"not_picked":["Hello World","Conserve Battery"],"picked":"Compile Driver","floor":1},{"not_picked":["Barrage","Rebound"],"picked":"Biased Cognition","floor":3},{"not_picked":["Hologram","Turbo"],"picked":"Rebound","floor":4},{"not_picked":["Rebound","Gash"],"picked":"Cold Snap","floor":11},{"not_picked":["Compile Driver","Leap"],"picked":"Go for the Eyes","floor":14},{"not_picked":["Rainbow","Machine Learning"],"picked":"Electrodynamics","floor":16},{"not_picked":["Barrage+1","Steam Power"],"picked":"FTL+1","floor":18},{"not_picked":["Barrage","Hologram+1"],"picked":"Redo","floor":21},{"not_picked":["Darkness+1","Stack"],"picked":"Undo","floor":24},{"not_picked":["Tempest+1","Compile Driver"],"picked":"Darkness+1","floor":27},{"not_picked":["Sweeping Beam","Leap"],"picked":"Redo","floor":29},{"not_picked":["Compile Driver+1","Steam"],"picked":"Buffer","floor":30},{"not_picked":["Thunder Strike","Meteor Strike"],"picked":"Buffer","floor":33},{"not_picked":["Steam+1","Genetic Algorithm"],"picked":"Darkness","floor":35},{"not_picked":["Go for the Eyes","Tempest+1"],"picked":"Cold Snap+1","floor":39},{"not_picked":["Gash","Auto Shields","Self Repair+1"],"picked":"SKIP","floor":40},{"not_picked":["Barrage+1","Steam"],"picked":"Loop+1","floor":45},{"not_picked":["FTL","Beam Cell","White Noise"],"picked":"SKIP","floor":46},{"not_picked":["Hyperbeam","Streamline"],"picked":"Coolheaded+1","floor":47},{"not_picked":["Force Field+1","Stack+1"],"picked":"Skim","floor":48},{"not_picked":["Stack+1","FTL"],"picked":"Lockon","floor":54}],"player_experience":2348952,"relics_obtained":[{"floor":7,"key":"Letter Opener"},{"floor":9,"key":"Pen Nib"},{"floor":11,"key":"Omamori"},{"floor":24,"key":"Bottled Tornado"},{"floor":26,"key":"Turnip"},{"floor":27,"key":"PreservedInsect"},{"floor":30,"key":"Bottled Lightning"},{"floor":40,"key":"Anchor"},{"floor":45,"key":"Gambling Chip"},{"floor":46,"key":"Eternal Feather"},{"floor":54,"key":"Oddly Smooth Stone"}],"event_choices":[{"damage_healed":0,"gold_gain":75,"player_choice":"Gather Gold","damage_taken":11,"max_hp_gain":0,"max_hp_loss":0,"event_name":"World of Goop","floor":5,"gold_loss":0},{"damage_healed":0,"gold_gain":0,"player_choice":"Opened","damage_taken":0,"relics_obtained":["Happy Flower"],"max_hp_gain":0,"max_hp_loss":0,"event_name":"The Mausoleum","floor":19,"gold_loss":0,"cards_obtained":["Writhe"]},{"damage_healed":0,"gold_gain":0,"player_choice":"Trade","damage_taken":0,"relics_obtained":["CultistMask"],"max_hp_gain":0,"max_hp_loss":0,"event_name":"FaceTrader","floor":20,"gold_loss":0},{"damage_healed":0,"gold_gain":99,"player_choice":"Stole From Cult","damage_taken":0,"max_hp_gain":0,"max_hp_loss":0,"event_name":"Nest","floor":31,"gold_loss":0},{"cards_removed":["Strike_B"],"damage_healed":0,"gold_gain":0,"player_choice":"Removed Attack","damage_taken":0,"max_hp_gain":0,"max_hp_loss":0,"event_name":"Falling","floor":36,"gold_loss":0},{"damage_healed":0,"gold_gain":0,"player_choice":"Ignored","damage_taken":0,"max_hp_gain":0,"max_hp_loss":0,"event_name":"Mysterious Sphere","floor":37,"gold_loss":0},{"damage_healed":0,"gold_gain":0,"player_choice":"Ignored","damage_taken":0,"max_hp_gain":0,"max_hp_loss":0,"event_name":"Tomb of Lord Red Mask","floor":38,"gold_loss":0},{"damage_healed":0,"gold_gain":0,"player_choice":"Fight","damage_taken":0,"max_hp_gain":0,"max_hp_loss":0,"event_name":"MindBloom","floor":45,"gold_loss":0}],"is_beta":false,"boss_relics":[{"not_picked":["Velvet Choker","Fusion Hammer"],"picked":"Cursed Key"},{"not_picked":["Black Star","SlaversCollar"],"picked":"Coffee Dripper"}],"items_purged_floors":[22],"is_endless":false,"potions_floor_spawned":[1,14,24,27,29,40,45,48,54],"killed_by":"The Heart","ascension_level":6}}