{"host":"1mdoazogr9tl4b3g","time":1611322267,"event":{"mods":["Act Like it!","Aspiration","Bard","BaseMod","Beaked The Cultist","BetterRewards","Block Reminder","Conspire","Glutton Mod","Hubris","Infinite Spire","Marisa????????","Mimic Mod","Minty Spire (QoL Compilation)","Rare Cards Sparkle","Replay The Spire","Shop Mod","StSLib","The Bladedancer","The Construct","The Hierophant","The Runesmith","The Servant 0.9.4","Uncapped","Wandering Minibosses"],"gold_per_floor":[16,16,27,27,37,66,84,100,100,130,140,140,140,173,173,272,272,287,287,287,178,222,258,258],"floor_reached":23,"language":"ENG","playtime":2091,"items_purged":["Defend_B","Strike_B"],"score":217,"play_id":"5a623750-c58c-499d-bb1d-91b3aba75e69","local_time":"20210122073107","is_ascension_mode":true,"campfire_choices":[{"data":"Zap","floor":13,"key":"SMITH"},{"data":"Dualcast","floor":15,"key":"SMITH"}],"circlet_count":0,"master_deck":["Strike_B","Strike_B","Strike_B","Defend_B","Defend_B","Defend_B","Zap+1","Dualcast+1","Glacier+1","Conserve Battery","Meteor Strike","conspire:SharedLibrary","Coolheaded","Coolheaded"],"relics":["Cracked Core","hubris:FunFungus","The Courier","MerchantsRug","hubris:ScarierMask","infinitespire:Midas Blood","conspire:RoyalGoblet","Mummified Hand"],"acts_visited":["Exordium","TheCity"],"potions_floor_usage":[6],"damage_taken":[{"damage":5,"enemies":"2 Louse","floor":1,"turns":3},{"damage":5,"enemies":"Jaw Worm","floor":3,"turns":7},{"damage":2,"enemies":"Small Slimes","floor":5,"turns":5},{"damage":54,"enemies":"Gremlin Nob","floor":6,"turns":6},{"damage":8,"enemies":"Exordium Thugs","floor":7,"turns":18},{"damage":14,"enemies":"Exordium Wildlife","floor":8,"turns":4},{"damage":1,"enemies":"Replay:BlueRogue","floor":10,"turns":14},{"damage":14,"enemies":"3 Sentries","floor":14,"turns":15},{"damage":40,"enemies":"The Guardian","floor":16,"turns":20},{"damage":20,"enemies":"Shell Parasite","floor":18,"turns":16},{"damage":21,"enemies":"Chosen","floor":22,"turns":17},{"damage":93,"enemies":"Book of Stabbing","floor":23,"turns":8}],"seed_played":"8290466459335428425","potions_obtained":[{"floor":1,"key":"construct:ShiftPotion"},{"floor":7,"key":"PotionOfCapacity"},{"floor":14,"key":"FairyPotion"},{"floor":18,"key":"Elixir"}],"is_trial":false,"path_per_floor":["M","?","M","?","M","E","M","M","T","E","$","?","R","E","R","B",null,"M","AVR","?","$","MIM","E"],"character_chosen":"DEFECT","items_purchased":["MerchantsRug","conspire:SharedLibrary","Coolheaded","Coolheaded"],"campfire_rested":0,"item_purchase_floors":[11,21,21,21],"current_hp_per_floor":[70,70,71,71,75,23,39,26,26,33,33,33,33,42,42,19,75,65,65,65,65,70,0,0],"gold":258,"neow_bonus":"ONE_RARE_RELIC","is_daily":false,"chose_seed":false,"campfire_upgraded":2,"win_rate":0.0,"timestamp":1611322267,"path_taken":["M","?","M","?","M","E","M","M","T","E","$","?","R","E","R","BOSS","M","AVR","?","$","?","E"],"items_purchased_type":["Relic","Card","Card","Card"],"build_version":"2020-12-22","purchased_purges":2,"victory":false,"max_hp_per_floor":[75,75,75,75,75,75,75,75,75,75,75,75,75,75,75,75,75,75,75,75,75,75,75,75],"card_choices":[{"not_picked":["Static Discharge","Cold Snap","Gash"],"picked":"SKIP","floor":1},{"not_picked":["Gash","Coolheaded"],"picked":"Glacier","floor":3},{"not_picked":["FIFO Queue","Steam"],"picked":"Conserve Battery","floor":5},{"not_picked":["Redo","Doom and Gloom","Go for the Eyes"],"picked":"SKIP","floor":6},{"not_picked":["ReplayRNGCard","Rebound","ReplaySolidLightProjector"],"picked":"SKIP","floor":7},{"not_picked":["Go for the Eyes","Redo","Barrage"],"picked":"SKIP","floor":8},{"not_picked":["Beam Cell","Barrage","Panic Button"],"picked":"SKIP","floor":10},{"not_picked":["Leap","Barrage","Consume"],"picked":"SKIP","floor":14},{"not_picked":["ReplayTheSpireMod:Omega Cannon","All For One"],"picked":"Meteor Strike","floor":16},{"not_picked":["Leap","BasicCrystalCard+1","Barrage"],"picked":"SKIP","floor":18}],"player_experience":348235,"relics_obtained":[{"floor":6,"key":"infinitespire:Bottled Soul"},{"floor":9,"key":"The Courier"},{"floor":10,"key":"Orichalcum"},{"floor":14,"key":"Dream Catcher"},{"floor":22,"key":"Mummified Hand"}],"event_choices":[{"damage_healed":0,"gold_gain":0,"player_choice":"Leave","damage_taken":0,"max_hp_gain":0,"max_hp_loss":0,"event_name":"conspire:Investor","floor":4,"gold_loss":0},{"damage_healed":0,"gold_gain":0,"player_choice":"Disagree","damage_taken":0,"max_hp_gain":0,"max_hp_loss":0,"event_name":"conspire:LoneGhost","floor":12,"gold_loss":0},{"damage_healed":0,"gold_gain":0,"player_choice":"Upgraded","damage_taken":0,"max_hp_gain":0,"max_hp_loss":0,"event_name":"Upgrade Shrine","floor":20,"gold_loss":0,"cards_upgraded":["Glacier"]}],"is_beta":false,"boss_relics":[{"not_picked":["aspiration:RunicSpoon","Astrolabe"],"picked":"hubris:ScarierMask"}],"items_purged_floors":[19,21],"is_endless":false,"potions_floor_spawned":[1,7,14,18],"killed_by":"Book of Stabbing","ascension_level":1}}