{"host":"41y51qpuw3tri6uv","time":1611300125,"event":{"mods":["AchievementEnabler","BaseMod","Bestiary","Better Altar","Better Match","Better Note","Better Sensory Stone","Better Skull","Better Third Choice","Better Vampires","Colored Map","Colored Powertips","DeckTracker","Minty Spire (QoL Compilation)","Permanent Neow","Quick Restart","Random Character Button","StSLib","SuperFastMode","Synergy Search","Thieving Mod"],"gold_per_floor":[110,110,110,130,143,177,177,127,127,127,152,227,227,83,83,186,186,205,15,15,26,26,26,57,75,75,85,101,61,78,78,78,178,178,198,198,35,60,80,80,107,107,132,132,142,157,30,45,45,45],"floor_reached":51,"language":"ENG","playtime":1891,"items_purged":["Strike_R","Strike_R"],"score":826,"play_id":"7874ce41-b7fd-448b-8c83-5f5256192d84","local_time":"20210122022205","is_ascension_mode":true,"campfire_choices":[{"data":"Evolve","floor":7.0,"key":"SMITH"},{"data":"Wild Strike","floor":15.0,"key":"SMITH"},{"data":"Searing Blow","floor":23.0,"key":"SMITH"},{"data":"Searing Blow+1","floor":32.0,"key":"SMITH"},{"data":"Searing Blow+2","floor":40,"key":"SMITH"},{"data":"Searing Blow+3","floor":42,"key":"SMITH"},{"data":"Searing Blow+4","floor":44,"key":"SMITH"},{"floor":49,"key":"REST"}],"circlet_count":0,"master_deck":["Defend_R","Defend_R","Defend_R","Defend_R","Bash","Bludgeon","Cleave","Wild Strike+1","True Grit","Evolve+1","Flame Barrier","Apotheosis+1","Flex","Wild Strike","Reaper","Shrug It Off+1","Searing Blow+5","Feel No Pain","True Grit","Sword Boomerang","Sword Boomerang+1","Impervious","Flame Barrier","Reckless Charge+1","Clothesline+1","Whirlwind","Metallicize","Disarm","Limit Break","Warcry+1","Reckless Charge","Armaments","Shrug It Off","Bloodletting+1","Dual Wield+1","Carnage+1","Fire Breathing+1","Inflame","Heavy Blade","Spot Weakness+1"],"relics":["Burning Blood","Meat on the Bone","Ornamental Fan","Juzu Bracelet","Bottled Flame","Anchor","Bottled Lightning","Snecko Eye","TungstenRod","Happy Flower","Mark of Pain","Bloody Idol","Blood Vial","Mummified Hand","Ancient Tea Set","Darkstone Periapt","Bronze Scales","Vajra"],"acts_visited":["Exordium","TheCity","TheBeyond"],"potions_floor_usage":[50,50,50],"damage_taken":[{"damage":6.0,"enemies":"Cultist","floor":1.0,"turns":3.0},{"damage":0.0,"enemies":"Jaw Worm","floor":4.0,"turns":3.0},{"damage":10.0,"enemies":"Small Slimes","floor":5.0,"turns":3.0},{"damage":33.0,"enemies":"Lagavulin","floor":6.0,"turns":4.0},{"damage":26.0,"enemies":"3 Sentries","floor":11.0,"turns":5.0},{"damage":20.0,"enemies":"Hexaghost","floor":16.0,"turns":11.0},{"damage":7.0,"enemies":"Shell Parasite","floor":18.0,"turns":3.0},{"damage":3.0,"enemies":"3 Byrds","floor":21.0,"turns":2.0},{"damage":29.0,"enemies":"Book of Stabbing","floor":24.0,"turns":5.0},{"damage":4.0,"enemies":"Snake Plant","floor":25.0,"turns":3.0},{"damage":1.0,"enemies":"Shelled Parasite and Fungi","floor":27.0,"turns":4.0},{"damage":17.0,"enemies":"Centurion and Healer","floor":28.0,"turns":6.0},{"damage":14.0,"enemies":"Cultist and Chosen","floor":30.0,"turns":5.0},{"damage":19.0,"enemies":"Automaton","floor":33.0,"turns":11.0},{"damage":4.0,"enemies":"3 Shapes","floor":35.0,"turns":1.0},{"damage":12,"enemies":"3 Darklings","floor":39,"turns":4},{"damage":24,"enemies":"Reptomancer","floor":41,"turns":4},{"damage":17,"enemies":"Spire Growth","floor":45,"turns":4},{"damage":20,"enemies":"4 Shapes","floor":46,"turns":3},{"damage":2,"enemies":"Maw","floor":48,"turns":5},{"damage":27,"enemies":"Donu and Deca","floor":50,"turns":6}],"seed_played":"-1673169920608636248","potions_obtained":[{"floor":1.0,"key":"Regen Potion"},{"floor":4.0,"key":"LiquidMemories"},{"floor":16.0,"key":"LiquidBronze"},{"floor":21.0,"key":"Swift Potion"},{"floor":22.0,"key":"Swift Potion"},{"floor":22.0,"key":"Weak Potion"},{"floor":27.0,"key":"SteroidPotion"},{"floor":33.0,"key":"DuplicationPotion"}],"is_trial":false,"path_per_floor":["M","T","T","M","M","E","R","?","T","?","E","?","?","$","R","B",null,"M","$","?","M","?","R","E","M","T","M","M","$","M","?","R","B",null,"M","?","$","T","M","R","E","R","T","R","M","M","$","M","R","B",null],"character_chosen":"IRONCLAD","items_purchased":["Flex","Wild Strike","Searing Blow","True Grit","Metallicize","Reckless Charge","Armaments","Shrug It Off","Inflame","Heavy Blade"],"campfire_rested":1,"item_purchase_floors":[14,14,19,19,29,37,37,37,47,47],"current_hp_per_floor":[80,80,80,80,76,57,57,57,57,50,42,34,34,34,34,32,80,79,79,79,80,80,80,57,59,59,71,70,70,71,71,71,63,80,80,21,21,26,44,44,52,52,57,57,53,58,58,69,80,59],"gold":45,"neow_bonus":"ONE_RANDOM_RARE_CARD","is_daily":false,"chose_seed":false,"campfire_upgraded":7,"win_rate":0.0,"timestamp":1611300125,"path_taken":["M","?","?","M","?","E","R","?","T","?","E","?","?","$","R","BOSS","M","$","?","M","?","R","E","M","T","M","M","$","M","?","R","BOSS","M","?","$","?","M","R","E","R","T","R","M","M","?","M","R","BOSS"],"items_purchased_type":["Card","Card","Card","Card","Card","Card","Card","Card","Card","Card"],"build_version":"2020-12-22","purchased_purges":2,"victory":true,"max_hp_per_floor":[80,80,80,80,80,80,80,80,80,80,80,80,80,80,80,80,80,80,80,80,80,80,80,80,80,80,80,80,80,80,80,80,80,80,80,80,80,80,80,80,80,80,80,80,80,80,80,80,80,80],"card_choices":[{"not_picked":["Bloodletting","Armaments"],"picked":"Cleave","floor":1.0},{"not_picked":["Combust","Dropkick"],"picked":"Wild Strike","floor":4.0},{"not_picked":["Wild Strike","Combust"],"picked":"True Grit","floor":5.0},{"not_picked":["Burning Pact","Corruption"],"picked":"Evolve","floor":6.0},{"not_picked":["Heavy Blade","Feed"],"picked":"Flame Barrier","floor":11.0},{"not_picked":["Berserk","Fiend Fire"],"picked":"Reaper","floor":16.0},{"not_picked":["Blood for Blood+1","Clothesline"],"picked":"Shrug It Off+1","floor":18.0},{"not_picked":["Intimidate","Anger"],"picked":"Sword Boomerang+1","floor":21.0},{"not_picked":["Blood for Blood","Twin Strike+1"],"picked":"Impervious","floor":24.0},{"not_picked":["Anger+1","Armaments"],"picked":"Flame Barrier","floor":25.0},{"not_picked":["Combust+1","Iron Wave"],"picked":"Reckless Charge+1","floor":27.0},{"not_picked":["Anger","Flex"],"picked":"Clothesline+1","floor":28.0},{"not_picked":["Perfected Strike+1","Twin Strike"],"picked":"Disarm","floor":30.0},{"not_picked":["Impervious","Juggernaut"],"picked":"Limit Break","floor":33.0},{"not_picked":["Shrug It Off","Intimidate+1"],"picked":"Warcry+1","floor":35.0},{"not_picked":["Hemokinesis","Thunderclap+1"],"picked":"Bloodletting+1","floor":39},{"not_picked":["Wild Strike+1","Armaments"],"picked":"Dual Wield+1","floor":41},{"not_picked":["Shrug It Off+1","Headbutt"],"picked":"Carnage+1","floor":45},{"not_picked":["Power Through","Perfected Strike"],"picked":"Fire Breathing+1","floor":46},{"not_picked":["Shockwave+1","Power Through+1"],"picked":"Spot Weakness+1","floor":48}],"player_experience":124982,"relics_obtained":[{"floor":2.0,"key":"Meat on the Bone"},{"floor":3.0,"key":"Ornamental Fan"},{"floor":6.0,"key":"Juzu Bracelet"},{"floor":9.0,"key":"Bottled Flame"},{"floor":11.0,"key":"Anchor"},{"floor":24.0,"key":"TungstenRod"},{"floor":26.0,"key":"Happy Flower"},{"floor":38,"key":"Ancient Tea Set"},{"floor":41,"key":"Darkstone Periapt"},{"floor":43,"key":"Bronze Scales"}],"event_choices":[{"cards_removed":["Strike_R"],"damage_healed":0.0,"max_hp_gain":0.0,"max_hp_loss":0.0,"gold_gain":0.0,"event_name":"The Cleric","player_choice":"Card Removal","floor":8.0,"gold_loss":50.0,"damage_taken":0.0},{"cards_removed":["Strike_R"],"damage_healed":0.0,"max_hp_gain":0.0,"max_hp_loss":0.0,"gold_gain":0.0,"event_name":"Golden Wing","player_choice":"Card Removal","floor":10.0,"gold_loss":0.0,"damage_taken":7.0},{"damage_healed":0.0,"max_hp_gain":0.0,"max_hp_loss":0.0,"gold_gain":75.0,"event_name":"FaceTrader","player_choice":"Touch","floor":12.0,"gold_loss":0.0,"damage_taken":8.0},{"damage_healed":34.0,"max_hp_gain":0.0,"max_hp_loss":80.0,"gold_gain":0.0,"event_name":"betterThird:BetterShining","player_choice":"Embrace","floor":13.0,"gold_loss":0.0,"damage_taken":0.0},{"damage_healed":0.0,"max_hp_gain":0.0,"max_hp_loss":0.0,"gold_gain":0.0,"cards_transformed":["Strike_R"],"event_name":"Transmorgrifier","player_choice":"Transformed","floor":20.0,"gold_loss":0.0,"damage_taken":0.0,"cards_obtained":["Sword Boomerang"]},{"damage_healed":0.0,"max_hp_gain":0.0,"max_hp_loss":0.0,"gold_gain":0.0,"event_name":"Lab","player_choice":"Got Potions","floor":22.0,"gold_loss":0.0,"damage_taken":0.0},{"cards_removed":["Defend_R"],"damage_healed":0.0,"max_hp_gain":0.0,"max_hp_loss":0.0,"gold_gain":0.0,"event_name":"betterNote:BetterNote","player_choice":"Give","floor":31.0,"gold_loss":0.0,"damage_taken":0.0,"cards_obtained":["Strike_R"]},{"damage_healed":0.0,"max_hp_gain":0.0,"max_hp_loss":0.0,"gold_gain":0.0,"event_name":"betterThird:BetterPortal","player_choice":"Random: Violet","floor":36.0,"gold_loss":0.0,"damage_taken":0.0},{"damage_healed":0.0,"max_hp_gain":80.0,"max_hp_loss":21.0,"gold_gain":0.0,"event_name":"betterAltar:BetterAltar","player_choice":" Idol Vial ","floor":36.0,"potions_obtained":[],"relics_lost":[],"gold_loss":0.0,"damage_taken":61.0,"relics_obtained":["Bloody Idol","Blood Vial"]}],"is_beta":false,"boss_relics":[{"not_picked":["Coffee Dripper","SacredBark"],"picked":"Snecko Eye"},{"not_picked":["Runic Cube","Tiny House"],"picked":"Mark of Pain"}],"items_purged_floors":[14,19],"is_endless":false,"potions_floor_spawned":[1,4,16,21,27,28,30,33,41,46,48],"ascension_level":3}}