{"host":"p8f0otjoacyb9giz","time":1611332835,"event":{"mods":["AchievementEnabler","BaseMod","Downfall","Minty Spire (QoL Compilation)","StSLib"],"gold_per_floor":[99,99,99,99,99,99,144,144,183,23,123,160,187,202,221,332,332,132,145,163,182,66,107,107,143,252,275,275,303,303,534,553,553,553,553],"floor_reached":33,"language":"ENG","playtime":1485,"items_purged":["Slimebound:Defend_Slimebound"],"score":387,"play_id":"bfd488f0-7e79-4279-9390-7252caf77bb0","local_time":"20210122192715","is_ascension_mode":true,"campfire_choices":[{"data":"Slimebound:CorrosiveSpit","floor":1.0,"key":"SMITH"},{"data":"Slimebound:TagTeam","floor":18.0,"key":"SMITH"},{"floor":30.0,"key":"RECALL"}],"circlet_count":0,"master_deck":["Slimebound:Strike_Slimebound","Slimebound:Strike_Slimebound","Slimebound:Strike_Slimebound","Slimebound:Tackle","Slimebound:Defend_Slimebound","Slimebound:Defend_Slimebound","Slimebound:Defend_Slimebound","Slimebound:Split+1","Slimebound:CorrosiveSpit+1","Slimebound:SplitMire","Slimebound:SamplingLick","Slimebound:Schlurp","Slimebound:TagTeam+1","Slimebound:ItLooksTasty","Slimebound:SpikyOuterGoop","Slimebound:Recycling","Slimebound:LeechingTouch","Slimebound:SelfFormingGoo","Slimebound:SlimeBarrage+1","Slimebound:Repurpose","Flash of Steel","Slimebound:SpikyOuterGoop","Slimebound:AcidTongue+1","Slimebound:SamplingLick+1","Slimebound:LeechEnergy","Slimebound:MinionMaster","Slimebound:TagTeam","Slimebound:SplitSpecialist","Slimebound:Repurpose","Slimebound:TongueLash"],"relics":["Slimebound:AbsorbEndCombat","downfall:HeartsMalice","downfall:ShatteredFragment","CeramicFish","champ:DuelingGlove","Membership Card","Mango","expansioncontent:StudyCardRelic","downfall:HeartBlessingGreen","downfall:HeartBlessingBlue","MealTicket","The Courier","Question Card","Pocketwatch","Sundial"],"acts_visited":["Exordium","TheCity"],"potions_floor_usage":[33],"damage_taken":[{"damage":0.0,"enemies":"2 Louse","floor":2.0,"turns":1.0},{"damage":0.0,"enemies":"Cultist","floor":3.0,"turns":1.0},{"damage":0.0,"enemies":"Small Slimes","floor":6.0,"turns":1.0},{"damage":19.0,"enemies":"Lagavulin","floor":9.0,"turns":5.0},{"damage":0.0,"enemies":"downfall:FleeingMerchant","floor":10.0,"turns":4.0},{"damage":9.0,"enemies":"Gremlin Nob","floor":12.0,"turns":3.0},{"damage":7.0,"enemies":"Blue Slaver","floor":13.0,"turns":2.0},{"damage":0.0,"enemies":"2 Fungi Beasts","floor":14.0,"turns":2.0},{"damage":3.0,"enemies":"Blue Slaver","floor":15.0,"turns":3.0},{"damage":12.0,"enemies":"IC_STATUS_ARCHETYPE","floor":16.0,"turns":5.0},{"damage":7.0,"enemies":"Chosen","floor":19.0,"turns":3.0},{"damage":26.0,"enemies":"Centurion and Healer","floor":20.0,"turns":4.0},{"damage":36.0,"enemies":"Snake Plant","floor":21.0,"turns":4.0},{"damage":10.0,"enemies":"downfall:FleeingMerchant","floor":22.0,"turns":4.0},{"damage":21.0,"enemies":"Gremlin Leader","floor":23.0,"turns":4.0},{"damage":29.0,"enemies":"Slavers","floor":25.0,"turns":2.0},{"damage":1.0,"enemies":"WA_ARCHETYPE_RETAIN","floor":26.0,"turns":4.0},{"damage":5.0,"enemies":"3 Cultists","floor":27.0,"turns":3.0},{"damage":21.0,"enemies":"Snecko","floor":29.0,"turns":4.0},{"damage":17.0,"enemies":"downfall:FleeingMerchant","floor":31.0,"turns":4.0},{"damage":5,"enemies":"Shelled Parasite and Fungi","floor":32,"turns":3},{"damage":41,"enemies":"SI_MIRROR_ARCHETYPE","floor":33,"turns":6}],"seed_played":"-1498023314161906947","potions_obtained":[{"floor":9.0,"key":"Explosive Potion"},{"floor":12.0,"key":"ColorlessPotion"},{"floor":13.0,"key":"Dexterity Potion"},{"floor":15.0,"key":"FairyPotion"},{"floor":25.0,"key":"AttackPotion"},{"floor":27.0,"key":"Fire Potion"}],"is_trial":false,"path_per_floor":["R","M","M","?","?","M","T","?","E","$","?","E","M","M","M","B",null,"R","M","M","M","$","E","T","E","?","M","?","M","R","$","M","B"],"character_chosen":"SLIMEBOUND","items_purchased":["Membership Card","Slimebound:SpikyOuterGoop","Slimebound:Repurpose","Flash of Steel","Slimebound:TagTeam","Slimebound:SplitSpecialist","Slimebound:Repurpose"],"campfire_rested":0,"item_purchase_floors":[10,10,22,22,31,31,31],"current_hp_per_floor":[65,65,65,47,47,47,47,40,29,37,37,48,49,55,56,52,79,89,88,70,42,40,27,27,30,37,38,38,25,25,31,32,0,0,0],"gold":553,"neow_bonus":"THREE_ENEMY_KILL","is_daily":false,"chose_seed":false,"campfire_upgraded":2,"win_rate":0.0,"timestamp":1611332835,"path_taken":["R","M","M","?","?","?","T","?","E","$","?","E","M","M","M","BOSS","R","M","M","M","$","E","T","E","?","M","?","M","R","$","M","BOSS"],"items_purchased_type":["Relic","Card","Card","Card","Card","Card","Card"],"build_version":"2020-12-22","purchased_purges":1,"victory":false,"max_hp_per_floor":[65,65,65,65,65,65,65,65,65,65,65,79,79,79,79,79,79,89,89,89,89,89,89,89,89,89,89,89,89,89,89,89,89,89,89],"card_choices":[{"not_picked":["Slimebound:SlimeTap","Slimebound:LeechEnergy"],"picked":"Slimebound:SplitMire","floor":2.0},{"not_picked":["Slimebound:RollThrough","Slimebound:LivingWall"],"picked":"Slimebound:SamplingLick","floor":3.0},{"not_picked":["Slimebound:HungryTackle","Slimebound:GoopSpray"],"picked":"Slimebound:Schlurp","floor":6.0},{"not_picked":["Slimebound:ProtectTheBoss","Slimebound:ForwardTackle"],"picked":"Slimebound:TagTeam","floor":9.0},{"not_picked":["Slimebound:SpikyOuterGoop","Slimebound:Recollect"],"picked":"Slimebound:ItLooksTasty","floor":10.0},{"not_picked":["Slimebound:LevelUp","Slimebound:ProtectTheBoss"],"picked":"Slimebound:Recycling","floor":12.0},{"not_picked":["Slimebound:Chomp","Slimebound:LivingWall"],"picked":"Slimebound:LeechingTouch","floor":13.0},{"not_picked":["Slimebound:ComboTackle","Slimebound:ViciousTackle","Slimebound:Schlurp"],"picked":"SKIP","floor":14.0},{"not_picked":["Slimebound:FlameTackle","Slimebound:RollThrough","Slimebound:SplitBruiser"],"picked":"SKIP","floor":15.0},{"not_picked":["Slimebound:LeechLife","Slimebound:DouseInSlime"],"picked":"Slimebound:SelfFormingGoo","floor":16.0},{"not_picked":["Slimebound:ItLooksTasty","Slimebound:Prepare","Slimebound:SamplingLick"],"picked":"SKIP","floor":19.0},{"not_picked":["Slimebound:RollThrough","Slimebound:FinishingTackle","Slimebound:SlimeSpikes"],"picked":"SKIP","floor":20.0},{"not_picked":["Slimebound:RollThrough","Slimebound:FinishingTackle","Slimebound:SlimeSpikes"],"picked":"SKIP","floor":20.0},{"not_picked":["Slimebound:PrepareCrush","Slimebound:HungryTackle"],"picked":"Slimebound:SlimeBarrage+1","floor":21.0},{"not_picked":["Slimebound:ProtectTheBoss","Slimebound:Chomp","Slimebound:LeechingTouch"],"picked":"SKIP","floor":22.0},{"not_picked":["Slimebound:LivingWall+1","Slimebound:Replication+1"],"picked":"Slimebound:SpikyOuterGoop","floor":23.0},{"not_picked":["Slimebound:SlimeBarrage","Slimebound:ForwardTackle"],"picked":"Slimebound:AcidTongue+1","floor":25.0},{"not_picked":["Slimebound:SplitAcid","Slimebound:TongueLash","Slimebound:LeechingTouch"],"picked":"Slimebound:SamplingLick+1","floor":26.0},{"not_picked":["Slimebound:LeechingTouch","Slimebound:BestDefense+1","Slimebound:PressTheAttack"],"picked":"Slimebound:LeechEnergy","floor":27.0},{"not_picked":["Slimebound:SamplingLick","Slimebound:SlimeSpikes+1","Slimebound:SplitBruiser+1"],"picked":"Slimebound:MinionMaster","floor":29.0},{"not_picked":["Slimebound:SplitBruiser","Slimebound:ItLooksTasty+1","Slimebound:SlimeBarrage+1"],"picked":"Slimebound:TongueLash","floor":32}],"player_experience":389758,"relics_obtained":[{"floor":9.0,"key":"champ:DuelingGlove"},{"floor":12.0,"key":"Mango"},{"floor":23.0,"key":"MealTicket"},{"floor":24.0,"key":"The Courier"},{"floor":25.0,"key":"Question Card"},{"floor":26.0,"key":"Pocketwatch"},{"floor":26.0,"key":"Sundial"}],"event_choices":[{"damage_healed":0.0,"max_hp_gain":0.0,"max_hp_loss":0.0,"gold_gain":0.0,"event_name":"Accursed Blacksmith","player_choice":"Forge","floor":5.0,"gold_loss":0.0,"damage_taken":0.0,"cards_upgraded":["Slimebound:Split"]},{"damage_healed":0.0,"max_hp_gain":0.0,"max_hp_loss":0.0,"gold_gain":0.0,"event_name":"Scrap Ooze","player_choice":"Success","floor":8.0,"gold_loss":0.0,"damage_taken":7.0,"relics_obtained":["CeramicFish"]}],"is_beta":false,"boss_relics":[{"not_picked":["SacredBark","bronze:MakeshiftBattery"],"picked":"expansioncontent:StudyCardRelic"}],"items_purged_floors":[22],"is_endless":false,"potions_floor_spawned":[9,12,13,15,16,19,25,27,29],"killed_by":"SI_MIRROR_ARCHETYPE","ascension_level":3}}