{"host":"Sean","time":1611311271,"event":{"mods":["BaseMod","Block Reminder","Colored Map","Colored Powertips","Highlight Path","Minty Spire (QoL Compilation)","Permanent Neow","Relic Stats"],"gold_per_floor":[119,131,145,155,174,174,209,209,233,265,18,28,45,63,63,161,161,192,216,247,269,309,321,321],"floor_reached":23,"language":"ENG","playtime":1430,"items_purged":["Strike_B"],"score":272,"play_id":"57f1f828-37c3-4589-8a1e-91d9659690bd","local_time":"20210122102751","is_ascension_mode":true,"campfire_choices":[{"data":"Go for the Eyes","floor":6,"key":"SMITH"},{"data":"Gash","floor":8,"key":"SMITH"},{"data":"Echo Form","floor":15,"key":"SMITH"}],"circlet_count":0,"master_deck":["Strike_B","Strike_B","Strike_B","Defend_B","Defend_B","Defend_B","Defend_B","Zap","Dualcast","Rebound","Sweeping Beam+1","Go for the Eyes+1","Steam","Core Surge+1","Gash+1","Cold Snap","Gash","Electrodynamics","Gash","Echo Form+1","Cold Snap","Fission","CurseOfTheBell","Self Repair","Capacitor"],"relics":["Runic Pyramid","Regal Pillow","Centennial Puzzle","Whetstone","Calling Bell","MawBank","Pantograph","Incense Burner","Red Mask"],"acts_visited":["Exordium","TheCity"],"potions_floor_usage":[10,10,16,21,22,22,23],"damage_taken":[{"damage":0.0,"enemies":"Cultist","floor":1.0,"turns":4.0},{"damage":2.0,"enemies":"Jaw Worm","floor":2.0,"turns":3.0},{"damage":1.0,"enemies":"2 Louse","floor":3.0,"turns":2.0},{"damage":6,"enemies":"Gremlin Gang","floor":4,"turns":3},{"damage":1,"enemies":"3 Louse","floor":5,"turns":2},{"damage":19,"enemies":"3 Sentries","floor":7,"turns":7},{"damage":7,"enemies":"Gremlin Nob","floor":10,"turns":3},{"damage":1,"enemies":"Looter","floor":12,"turns":3},{"damage":4,"enemies":"Exordium Wildlife","floor":13,"turns":2},{"damage":0,"enemies":"Lots of Slimes","floor":14,"turns":1},{"damage":1,"enemies":"Hexaghost","floor":16,"turns":7},{"damage":12,"enemies":"Chosen","floor":18,"turns":4},{"damage":17,"enemies":"2 Thieves","floor":19,"turns":4},{"damage":12,"enemies":"Chosen and Byrds","floor":20,"turns":6},{"damage":16,"enemies":"Snake Plant","floor":21,"turns":4},{"damage":0,"enemies":"Masked Bandits","floor":22,"turns":2},{"damage":17,"enemies":"Book of Stabbing","floor":23,"turns":2}],"seed_played":"-6829933800783839835","potions_obtained":[{"floor":1.0,"key":"Weak Potion"},{"floor":2.0,"key":"FearPotion"},{"floor":5,"key":"Swift Potion"},{"floor":12,"key":"FearPotion"},{"floor":19,"key":"Explosive Potion"},{"floor":21,"key":"Explosive Potion"}],"is_trial":false,"path_per_floor":["M","M","M","M","M","R","E","R","T","E","$","M","M","M","R","B",null,"M","M","M","M","?","E"],"character_chosen":"DEFECT","items_purchased":["Gash","Strength Potion","Electrodynamics"],"campfire_rested":0,"item_purchase_floors":[11,11,11],"current_hp_per_floor":[68,66,65,59,58,58,39,39,39,32,32,31,27,27,27,26,63,51,34,22,6,13,0,0],"gold":321,"neow_bonus":"BOSS_RELIC","is_daily":false,"chose_seed":false,"campfire_upgraded":3,"win_rate":0.0,"timestamp":1611311271,"path_taken":["M","?","M","M","?","R","E","R","T","E","$","M","M","M","R","BOSS","M","?","M","M","?","E"],"items_purchased_type":["Card","Potion","Card"],"build_version":"2020-12-18","purchased_purges":1,"victory":false,"max_hp_per_floor":[75,75,75,75,75,75,75,75,75,75,75,75,75,75,75,75,75,75,75,75,75,75,75,75],"relic_stats":{"Regal Pillow":0,"Centennial Puzzle":[27],"counters":[17,59],"Pantograph":0,"Whetstone":["Sweeping Beam","Core Surge"],"MawBank":72,"obtain_stats":[{"Calling Bell":17,"Regal Pillow":7,"Centennial Puzzle":9,"Pantograph":17,"Incense Burner":17,"Red Mask":22,"Whetstone":10,"Cracked Core":0,"MawBank":17,"Runic Pyramid":0},{"Calling Bell":11,"Regal Pillow":6,"Centennial Puzzle":6,"Pantograph":11,"Incense Burner":11,"Red Mask":16,"Whetstone":7,"Cracked Core":0,"MawBank":11,"Runic Pyramid":0},{"Calling Bell":37,"Regal Pillow":21,"Centennial Puzzle":21,"Pantograph":37,"Incense Burner":37,"Red Mask":57,"Whetstone":24,"Cracked Core":0,"MawBank":37,"Runic Pyramid":0}]},"card_choices":[{"not_picked":["Force Field","Hologram"],"picked":"Rebound","floor":1.0},{"not_picked":["Capacitor","Coolheaded"],"picked":"Sweeping Beam","floor":2.0},{"not_picked":["Sweeping Beam","Stack"],"picked":"Go for the Eyes","floor":3.0},{"not_picked":["Streamline","Auto Shields"],"picked":"Steam","floor":4},{"not_picked":["Turbo","Rip and Tear"],"picked":"Core Surge","floor":5},{"not_picked":["Go for the Eyes","Rip and Tear"],"picked":"Gash","floor":7},{"not_picked":["Steam","Stack"],"picked":"Cold Snap","floor":10},{"not_picked":["Conserve Battery","Compile Driver"],"picked":"Gash","floor":12},{"not_picked":["Heatsinks","Stack"],"picked":"Echo Form","floor":13},{"not_picked":["Rip and Tear","Static Discharge"],"picked":"Cold Snap","floor":14},{"not_picked":["Creative AI","Multi-Cast"],"picked":"Fission","floor":16},{"not_picked":["Ball Lightning","Stack","Cold Snap"],"picked":"SKIP","floor":18},{"not_picked":["Redo","Go for the Eyes","Ball Lightning"],"picked":"SKIP","floor":19},{"not_picked":["Barrage","Storm","Aggregate"],"picked":"SKIP","floor":20},{"not_picked":["Redo","Sunder"],"picked":"Self Repair","floor":21},{"not_picked":["Beam Cell","Multi-Cast"],"picked":"Capacitor","floor":22}],"player_experience":437162,"relics_obtained":[{"floor":7,"key":"Regal Pillow"},{"floor":9,"key":"Centennial Puzzle"},{"floor":10,"key":"Whetstone"},{"floor":17,"key":"MawBank"},{"floor":17,"key":"Pantograph"},{"floor":17,"key":"Incense Burner"},{"floor":22,"key":"Red Mask"}],"event_choices":[{"damage_healed":0,"gold_gain":0,"player_choice":"Fought Bandits","damage_taken":0,"max_hp_gain":0,"max_hp_loss":0,"event_name":"Masked Bandits","floor":22,"gold_loss":0}],"is_beta":true,"boss_relics":[{"not_picked":["Ectoplasm","Black Star"],"picked":"Calling Bell"}],"items_purged_floors":[11],"is_endless":false,"potions_floor_spawned":[1,2,5,7,12,14,19,21],"killed_by":"Book of Stabbing","ascension_level":6}}