{"host":"93x13jgem5w43hjr","time":1611305536,"event":{"mods":["AchievementEnabler","BaseMod","Better Note","Colored Map","Colored Powertips","Downfall","Minty Spire (QoL Compilation)","Rare Cards Sparkle","StSLib"],"gold_per_floor":[99,110,130,43,318,337,337,353,253,253,268,288,288,45,57,157,157,157,170,30,30,44,44,44,44,58,83,88,106,6,24,43,146,146,146,166,166,166,184,204,282,282,300,200,214,214,239,256,270,270,270,270,270,270],"floor_reached":52,"language":"ENG","playtime":3729,"items_purged":["Regret","bronze:Strike"],"score":675,"play_id":"02dab47e-dbcf-486d-90ae-1b4dfeed8f6a","local_time":"20210122015216","is_ascension_mode":false,"campfire_choices":[{"floor":1,"key":"RECALL"},{"data":"bronze:ItsAFeature","floor":9,"key":"SMITH"},{"data":"bronze:Format","floor":18,"key":"SMITH"},{"data":"bronze:Optimize","floor":25,"key":"SMITH"},{"floor":30,"key":"REST"},{"data":"bronze:Mutator","floor":35,"key":"SMITH"},{"data":"bronze:Flail","floor":44,"key":"SMITH"},{"data":"bronze:Iterate","floor":46,"key":"SMITH"}],"circlet_count":0,"master_deck":["bronze:Strike","bronze:Strike","bronze:Defend","bronze:Defend","bronze:Defend","bronze:Defend","bronze:Replicate","bronze:Goto","bronze:ItsAFeature+1","bronze:BuggyMess","bronze:BronzeOrb","bronze:Flail+1","bronze:Iterate+1","bronze:Format+1","bronze:Branch","bronze:Iterate","bronze:FollowUp","bronze:Boost","bronze:Mutator+1","bronze:Repair","bronze:HardenedForm","bronze:Branch","bronze:MaxOutput","Discovery","bronze:Optimize+1","expansioncontent:DashGenerateEvil+1","bronze:Iterate+1","bronze:Repair+1","bronze:Branch+1","bronze:RecursiveStrike+1","bronze:BuggyMess+1","bronze:Shield"],"relics":["bronze:PlatinumCore","Regal Pillow","downfall:HeartBlessingRed","Sozu","Molten Egg 2","Shuriken","downfall:HeartBlessingGreen","bronze:BottledCode","downfall:HeartBlessingBlue","Eternal Feather"],"acts_visited":["Exordium","TheCity","TheBeyond","TheEnding"],"potions_floor_usage":[12,14,14,20],"damage_taken":[{"damage":3,"enemies":"2 Louse","floor":2,"turns":4},{"damage":1,"enemies":"Cultist","floor":3,"turns":4},{"damage":0,"enemies":"downfall:FleeingMerchant","floor":4,"turns":4},{"damage":0,"enemies":"Jaw Worm","floor":6,"turns":2},{"damage":6,"enemies":"Large Slime","floor":8,"turns":5},{"damage":2,"enemies":"Red Slaver","floor":11,"turns":2},{"damage":1,"enemies":"Exordium Thugs","floor":12,"turns":5},{"damage":19,"enemies":"downfall:FleeingMerchant","floor":14,"turns":4},{"damage":1,"enemies":"Blue Slaver","floor":15,"turns":2},{"damage":22,"enemies":"IC_STATUS_ARCHETYPE","floor":16,"turns":7},{"damage":0,"enemies":"Shell Parasite","floor":19,"turns":3},{"damage":0,"enemies":"downfall:FleeingMerchant","floor":20,"turns":4},{"damage":0,"enemies":"Chosen","floor":22,"turns":3},{"damage":0,"enemies":"Centurion and Healer","floor":26,"turns":5},{"damage":70,"enemies":"Gremlin Leader","floor":27,"turns":6},{"damage":0,"enemies":"downfall:FleeingMerchant","floor":28,"turns":1},{"damage":7,"enemies":"Shelled Parasite and Fungi","floor":29,"turns":3},{"damage":0,"enemies":"Snake Plant","floor":31,"turns":2},{"damage":1,"enemies":"Centurion and Healer","floor":32,"turns":5},{"damage":54,"enemies":"DF_ARCHETYPE_CLAW","floor":33,"turns":9},{"damage":0,"enemies":"Orb Walker","floor":36,"turns":3},{"damage":0,"enemies":"3 Shapes","floor":39,"turns":3},{"damage":16,"enemies":"Spire Growth","floor":40,"turns":3},{"damage":0,"enemies":"Sphere and 2 Shapes","floor":43,"turns":3},{"damage":6,"enemies":"Maw","floor":45,"turns":7},{"damage":32,"enemies":"Nemesis","floor":47,"turns":5},{"damage":0,"enemies":"3 Darklings","floor":48,"turns":2},{"damage":16,"enemies":"Sphere and 2 Shapes","floor":49,"turns":5},{"damage":32,"enemies":"SI_POISON_ARCHETYPE","floor":50,"turns":12},{"damage":97,"enemies":"downfall:CharBossMerchant","floor":52,"turns":9}],"seed_played":"-5537299788803384566","potions_obtained":[{"floor":3,"key":"SkillPotion"},{"floor":8,"key":"Strength Potion"},{"floor":11,"key":"BlessingOfTheForge"},{"floor":16,"key":"bronze:BuildAFunctionPotion"}],"is_trial":false,"path_per_floor":["R","M","M","$","?","M","T","M","R","?","M","M","?","$","M","B",null,"R","M","$","?","M","?","T","R","M","E","$","M","R","M","M","B",null,"R","M","?","?","M","M","T","?","M","R","M","R","E","M","M","B",null,"E"],"character_chosen":"THE_AUTOMATON","items_purchased":["bronze:Flail","bronze:Boost","bronze:Mutator","bronze:MaxOutput","Discovery","expansioncontent:DashGenerateEvil","bronze:Iterate+1"],"campfire_rested":1,"item_purchase_floors":[4,14,14,20,20,28,28],"current_hp_per_floor":[77,74,73,73,73,73,73,67,67,67,65,64,64,45,44,22,77,77,77,77,77,77,77,77,77,77,14,14,7,45,55,74,23,77,77,77,77,67,67,51,51,51,61,71,77,77,52,62,63,45,77,0,0,0],"gold":270,"neow_bonus":"TEN_PERCENT_HP_BONUS","is_daily":false,"chose_seed":false,"campfire_upgraded":6,"win_rate":0.0,"timestamp":1611305536,"path_taken":["R","M","M","$","?","?","T","M","R","?","M","?","?","$","M","BOSS","R","M","$","?","?","?","T","R","M","E","?","M","R","M","M","BOSS","R","M","?","?","M","M","T","?","M","R","M","R","E","M","M","BOSS","E"],"items_purchased_type":["Card","Card","Card","Card","Card","Card","Card"],"build_version":"2020-12-22","purchased_purges":2,"victory":false,"max_hp_per_floor":[77,77,77,77,77,77,77,77,77,77,77,77,77,77,77,77,77,77,77,77,77,77,77,77,77,77,77,77,77,77,77,77,77,77,77,77,77,67,67,67,67,67,67,77,77,77,77,77,77,77,77,77,77,77],"card_choices":[{"not_picked":["bronze:WhirlingStrike","bronze:OilSpill"],"picked":"bronze:ItsAFeature","floor":2},{"not_picked":["bronze:DelayedSlice","bronze:BugBarrage"],"picked":"bronze:BuggyMess","floor":3},{"not_picked":["bronze:Shell","bronze:Deprecate"],"picked":"bronze:BronzeOrb","floor":4},{"not_picked":["bronze:GetLatest","bronze:BuggyMess"],"picked":"bronze:Iterate","floor":6},{"not_picked":["bronze:BugBarrage","bronze:Deprecate"],"picked":"bronze:Format","floor":8},{"not_picked":["bronze:FineTuning","bronze:BitShift"],"picked":"bronze:Branch","floor":11},{"not_picked":["bronze:Safeguard","bronze:Deprecate"],"picked":"bronze:Iterate","floor":12},{"not_picked":["bronze:CloningBeam","bronze:WhirlingStrike"],"picked":"bronze:FollowUp","floor":14},{"not_picked":["bronze:WhirlingStrike","bronze:Turbo"],"picked":"bronze:Repair","floor":15},{"not_picked":["bronze:CleanCode","bronze:ThunderWave"],"picked":"bronze:HardenedForm","floor":16},{"not_picked":["bronze:NullPointer","bronze:BuggyMess"],"picked":"bronze:Branch","floor":19},{"not_picked":["bronze:BronzeOrb","bronze:BugBarrage","bronze:DelayedSlice"],"picked":"SKIP","floor":20},{"not_picked":["bronze:BronzeArmor","bronze:CutThrough"],"picked":"bronze:Optimize","floor":22},{"not_picked":["bronze:DelayedSlice+1","bronze:Backtrace+1","bronze:Assembly"],"picked":"SKIP","floor":26},{"not_picked":["bronze:DelayedSlice+1","bronze:Frontload","bronze:Verify"],"picked":"SKIP","floor":27},{"not_picked":["bronze:NullPointer+1","bronze:CutThrough+1","bronze:OilSpill+1"],"picked":"SKIP","floor":28},{"not_picked":["bronze:ChosenStrike+1","bronze:BitShift"],"picked":"bronze:Repair+1","floor":29},{"not_picked":["bronze:BitShift","bronze:BugBarrage+1","bronze:Invalidate+1"],"picked":"SKIP","floor":31},{"not_picked":["bronze:ClassDefault","bronze:Deprecate"],"picked":"bronze:Branch+1","floor":32},{"not_picked":["bronze:FindAndReplace","bronze:CleanCode"],"picked":"bronze:RecursiveStrike+1","floor":33},{"not_picked":["bronze:Overheat+1","bronze:Shield+1"],"picked":"bronze:BuggyMess+1","floor":36},{"not_picked":["bronze:Frontload","bronze:BitShift","bronze:OilSpill+1"],"picked":"SKIP","floor":39},{"not_picked":["bronze:DelayedSlice+1","bronze:ClassDefault+1","bronze:BitShift"],"picked":"SKIP","floor":40},{"not_picked":["bronze:DarkDash+1","bronze:FineTuning+1","bronze:OilSpill+1"],"picked":"SKIP","floor":43},{"not_picked":["bronze:Flail+1","bronze:Frontload","bronze:Overheat+1"],"picked":"SKIP","floor":45},{"not_picked":["bronze:Backtrace+1","bronze:BitShift","bronze:DarkDash+1"],"picked":"SKIP","floor":47},{"not_picked":["bronze:Frontload+1","bronze:Deprecate+1","bronze:OilSpill+1"],"picked":"SKIP","floor":48},{"not_picked":["bronze:Invalidate","bronze:Backtrace+1","bronze:CutThrough+1"],"picked":"SKIP","floor":49}],"player_experience":170974,"relics_obtained":[{"floor":7,"key":"Regal Pillow"},{"floor":24,"key":"Molten Egg 2"},{"floor":27,"key":"Shuriken"},{"floor":47,"key":"Eternal Feather"}],"event_choices":[{"cards_removed":["bronze:ItsAFeature"],"damage_healed":0,"gold_gain":0,"player_choice":"Give","damage_taken":0,"max_hp_gain":0,"max_hp_loss":0,"event_name":"betterNote:BetterNote","floor":10,"gold_loss":0,"cards_obtained":["None"]},{"damage_healed":0,"gold_gain":0,"player_choice":"Got Potions","damage_taken":0,"max_hp_gain":0,"max_hp_loss":0,"event_name":"Lab","floor":21,"gold_loss":0}],"is_beta":false,"boss_relics":[{"not_picked":["Empty Cage","Astrolabe"],"picked":"Sozu"},{"not_picked":["SacredBark","Coffee Dripper"],"picked":"bronze:PlatinumCore"}],"items_purged_floors":[14,28],"is_endless":false,"potions_floor_spawned":[3,8,11,16,29,31,36,40],"killed_by":"downfall:CharBossMerchant","ascension_level":0}}