{"host":"appz8zkad29u9482","time":1611297214,"event":{"mods":["2.2 Compatiblity","Act Like it!","Aspiration","Bard","BaseMod","Beaked The Cultist","Better Altar","Better Match","Better Note","Better Sensory Stone","Better Skull","Better Third Choice","BetterRewards","CapriCore","Conspire","Energized Spire","GifTheSpireLib","Gold Saver","Halation","Hermit","Hubris","Jedi Mod","Marisa????????","Minty Spire (QoL Compilation)","Permanent Neow","Replay The Spire","Spicy Shops","StSLib","Strawberry Spire","Stuff the Spire","The Cursed","The Immortal","yUi"],"gold_per_floor":[148,148,159,0,0,0,14,14,41,12,12,24,42,57,57,153,153,167,167,167,181,195,195,97,97,124,140,140,154,154,173,173,276,276,295,95,114,114,133,168,168,179,202,202,221,221,221,221],"floor_reached":47,"language":"ENG","playtime":1741,"items_purged":["Enlightenment"],"score":719,"play_id":"910a4554-0161-4e3f-9018-3444f03a5a0a","local_time":"20210121203334","is_ascension_mode":true,"campfire_choices":[{"data":"jedi:fear","floor":6,"key":"SMITH"},{"data":"strawberrySpire:Conflagrate","floor":8,"key":"SMITH"},{"data":"strawberrySpire:Conflagrate","floor":15,"key":"SMITH"},{"data":"jedi:fear","floor":23,"key":"SMITH"},{"data":"jedi:fear","floor":25,"key":"SMITH"},{"data":"ReplayTheSpireMod:Omega Cannon","floor":30,"key":"SMITH"},{"floor":41,"key":"REST"},{"floor":44,"key":"REST"}],"circlet_count":0,"master_deck":["Strike_R","Strike_R","Strike_R","Strike_R","Strike_R+1","Defend_R","Defend_R","Defend_R+1","Defend_R","Bash","jedi:fear+1","strawberrySpire:Conflagrate+1","Flame Barrier","jedi:fear+1","strawberrySpire:Conflagrate+1","ReplayTheSpireMod:Omega Cannon+1","Flex","Shockwave+1","jedi:MakeshiftSword","jedi:fear+1","Armaments+1","Immolate","Thunderclap","StuffTheSpire:Pyroclast+1","StuffTheSpire:Incineration","strawberrySpire:CrashLanding+1","beaked:WarriorEssence+1","beaked:Overpower+1","Pummel","Demon Form"],"relics":["Burning Blood","Iron Core","StuffTheSpire:Gunfinga","betterThird:SlimedRelic","conspire:SlowCooker","jedi:zontanonomicon","Orichalcum","halation:EternalFortune","aspiration:BeakedSkillbook","halation:Thesaurus","halation:PeacePiece","HornCleat","StuffTheSpire:GrapeVine"],"acts_visited":["Exordium","TheCity","TheBeyond"],"potions_floor_usage":[13,18,21,29,33,37],"damage_taken":[{"damage":1,"enemies":"2 Louse","floor":1,"turns":3},{"damage":7,"enemies":"Small Slimes","floor":3,"turns":3},{"damage":1,"enemies":"Cultist","floor":7,"turns":3},{"damage":11,"enemies":"Looter","floor":12,"turns":2},{"damage":9,"enemies":"Exordium Thugs","floor":13,"turns":3},{"damage":5,"enemies":"Blue Slaver","floor":14,"turns":3},{"damage":26,"enemies":"The Guardian","floor":16,"turns":10},{"damage":6,"enemies":"3 Byrds","floor":18,"turns":3},{"damage":1,"enemies":"conspire:FuzzyDice","floor":21,"turns":4},{"damage":12,"enemies":"Cultist and Chosen","floor":22,"turns":4},{"damage":18,"enemies":"conspire:HollyBat","floor":27,"turns":6},{"damage":0,"enemies":"Snecko","floor":29,"turns":2},{"damage":6,"enemies":"Chosen and Byrds","floor":31,"turns":3},{"damage":23,"enemies":"Pondfish","floor":33,"turns":8},{"damage":14,"enemies":"Orb Walker","floor":35,"turns":4},{"damage":16,"enemies":"3 Darklings","floor":37,"turns":4},{"damage":0,"enemies":"Jaw Worm Horde","floor":39,"turns":2},{"damage":32,"enemies":"strawberrySpire:EssenceStones","floor":40,"turns":4},{"damage":40,"enemies":"Spire Growth","floor":42,"turns":5},{"damage":18,"enemies":"Maw","floor":45,"turns":7},{"damage":81,"enemies":"Writhing Mass","floor":47,"turns":5}],"seed_played":"-3682125521065897773","potions_obtained":[{"floor":7,"key":"FearPotion"},{"floor":12,"key":"PowerPotion"},{"floor":13,"key":"Fire Potion"},{"floor":21,"key":"Languid Potion"},{"floor":22,"key":"Energy Potion"},{"floor":29,"key":"Block Potion"},{"floor":35,"key":"Energy Potion"},{"floor":40,"key":"SpeedPotion"},{"floor":42,"key":"Energy Potion"}],"is_trial":false,"path_per_floor":["M","?","M","?","?","R","M","R","T","?","$","M","M","M","R","B",null,"M","?","?","M","M","R","$","R","T","M","?","M","R","M","R","B",null,"M","$","M","?","M","E","R","M","T","R","M","?","M"],"character_chosen":"IRONCLAD","items_purchased":["jedi:fear","halation:Thesaurus","StuffTheSpire:Pyroclast+1"],"campfire_rested":2,"item_purchase_floors":[24,36,36],"current_hp_per_floor":[80,64,63,69,69,69,74,74,74,63,63,58,55,56,56,36,86,86,70,70,75,69,69,69,69,69,57,86,86,86,86,89,72,89,81,81,80,80,89,70,92,58,58,85,77,59,0,0],"gold":221,"neow_bonus":"NOSTALGIA","is_daily":false,"chose_seed":false,"campfire_upgraded":6,"win_rate":0.0,"timestamp":1611297214,"path_taken":["M","?","M","?","?","R","M","R","T","?","?","?","M","M","R","BOSS","M","?","?","?","M","R","$","R","T","M","?","?","R","M","R","BOSS","M","$","M","?","?","E","R","M","T","R","M","?","M"],"items_purchased_type":["Card","Relic","Card"],"build_version":"2020-12-22","purchased_purges":1,"victory":false,"max_hp_per_floor":[80,80,80,86,86,86,86,86,86,86,86,86,86,86,86,86,86,86,86,86,86,86,86,86,86,86,86,86,86,86,86,89,89,89,89,89,89,89,89,92,92,92,92,92,92,92,92,92],"card_choices":[{"not_picked":["True Grit","StuffTheSpire:Slingshot"],"picked":"jedi:fear","floor":1},{"not_picked":["Abandon","ReplayTheSpireMod:Strike From Hell"],"picked":"FTL","floor":3},{"not_picked":["Replay:Undeath\u0027s Touch","StuffTheSpire:Incineration"],"picked":"strawberrySpire:Conflagrate","floor":7},{"not_picked":["Havoc","Twin Strike"],"picked":"Flame Barrier","floor":12},{"not_picked":["Armaments","Defy Death"],"picked":"jedi:fear","floor":13},{"not_picked":["Intimidate","Clothesline"],"picked":"strawberrySpire:Conflagrate","floor":14},{"not_picked":["conspire:HitWhereItHurts","Juggernaut"],"picked":"ReplayTheSpireMod:Omega Cannon","floor":16},{"not_picked":["strawberrySpire:Aggression","jedi:suffering"],"picked":"Flex","floor":18},{"not_picked":["Warcry","Life Link"],"picked":"jedi:MakeshiftSword","floor":21},{"not_picked":["strawberrySpire:GettingOverIt+1","Armaments","Uppercut+1"],"picked":"SKIP","floor":22},{"not_picked":["Sword Boomerang","Clothesline"],"picked":"Armaments+1","floor":27},{"not_picked":["ReplayTheSpireMod:Limb From Limb","strawberrySpire:ZonePlayer+1","strawberrySpire:Endurance"],"picked":"SKIP","floor":29},{"not_picked":["Shockwave","Heavy Blade","Entrench"],"picked":"SKIP","floor":31},{"not_picked":["hubris:StunningStrike","Corruption"],"picked":"Immolate","floor":33},{"not_picked":["strawberrySpire:DebrisPile+1","conspire:ExplosiveBarrier","Armaments+1"],"picked":"Thunderclap","floor":35},{"not_picked":["Wild Strike+1","beaked:Recite","hubris:ReadiedAction+1"],"picked":"StuffTheSpire:Incineration","floor":37},{"not_picked":["jedi:bloodyhammer","beaked:Redirect","strawberrySpire:DraftPunk+1"],"picked":"strawberrySpire:CrashLanding+1","floor":39},{"not_picked":["True Grit+1","Entrench","ReplayTheSpireMod:Stacked"],"picked":"beaked:WarriorEssence+1","floor":40},{"not_picked":["beaked:StickSmack+1","beaked:Brace","Pommel Strike+1"],"picked":"beaked:Overpower+1","floor":42},{"not_picked":["Body Slam","jedi:bloodyhammer","Flame Barrier+1"],"picked":"Pummel","floor":45}],"player_experience":531684,"relics_obtained":[{"floor":9,"key":"StuffTheSpire:Gunfinga"},{"floor":19,"key":"jedi:zontanonomicon"},{"floor":26,"key":"Orichalcum"},{"floor":40,"key":"halation:EternalFortune"},{"floor":40,"key":"HornCleat"},{"floor":43,"key":"StuffTheSpire:GrapeVine"}],"event_choices":[{"damage_healed":80,"gold_gain":0,"player_choice":"Upgrade","damage_taken":16,"max_hp_gain":0,"max_hp_loss":80,"event_name":"betterThird:BetterShining","floor":2,"gold_loss":0,"cards_upgraded":["Strike_R","Defend_R"]},{"damage_healed":0,"gold_gain":0,"player_choice":"RENOUNCE","damage_taken":159,"max_hp_gain":0,"max_hp_loss":0,"event_name":"betterThird:BetterSerpent","floor":4,"gold_loss":159,"cards_obtained":["Enlightenment"]},{"damage_healed":0,"gold_gain":0,"player_choice":"Slimed","damage_taken":11,"max_hp_gain":0,"max_hp_loss":0,"event_name":"betterThird:BetterGoop","floor":10,"gold_loss":29},{"damage_healed":0,"gold_gain":0,"player_choice":"Obtained Book","damage_taken":16,"max_hp_gain":0,"max_hp_loss":0,"event_name":"Cursed Tome","floor":19,"gold_loss":0},{"damage_healed":0,"gold_gain":0,"player_choice":"Read","damage_taken":0,"max_hp_gain":0,"max_hp_loss":0,"event_name":"The Library","floor":20,"gold_loss":0,"cards_obtained":["Shockwave"]},{"cards_removed":["FTL"],"damage_healed":29,"gold_gain":0,"player_choice":"Offered Uncommon","damage_taken":0,"max_hp_gain":0,"max_hp_loss":0,"event_name":"Bonfire Elementals","floor":28,"gold_loss":0},{"damage_healed":0,"gold_gain":0,"player_choice":"Forge","damage_taken":0,"max_hp_gain":0,"max_hp_loss":0,"event_name":"Accursed Blacksmith","floor":38,"gold_loss":0,"cards_upgraded":["Shockwave"]},{"damage_healed":0,"gold_gain":3,"player_choice":"2","damage_taken":0,"max_hp_gain":0,"max_hp_loss":18,"event_name":"betterStone:BetterStone","floor":46,"gold_loss":0}],"is_beta":false,"boss_relics":[{"not_picked":["StuffTheSpire:RunicConfusion","Calling Bell"],"picked":"conspire:SlowCooker"},{"not_picked":["energizedSpire:NeverEndingSparkler","strawberrySpire:JuiceKeg"],"picked":"aspiration:BeakedSkillbook"}],"items_purged_floors":[24],"is_endless":false,"potions_floor_spawned":[7,12,13,21,22,29,35,40,42,45],"killed_by":"Writhing Mass","ascension_level":4}}