{"host":"04hh9gplt9wkfmr1","time":1611297818,"event":{"mods":["AchievementEnabler","BaseMod","Colored Map","KOR Keyword Fix","Minty Spire (QoL Compilation)","Rare Cards Sparkle","SuperFastMode"],"gold_per_floor":[114,133,8,19,19,19,45,45,45,45,62,79,109,125,125,227,227,242,252,252,279,294,294,321,321,321,348,348,348],"floor_reached":28,"language":"KOR","playtime":731,"items_purged":["Regret"],"score":335,"play_id":"a1a66efe-a7e6-48cf-8d11-c344d89e3771","local_time":"20210122154338","is_ascension_mode":true,"campfire_choices":[{"data":"Zap","floor":6.0,"key":"SMITH"},{"data":"Dualcast","floor":8.0,"key":"SMITH"},{"floor":10.0,"key":"REST"},{"floor":15.0,"key":"REST"},{"floor":23.0,"key":"REST"},{"floor":25.0,"key":"REST"}],"circlet_count":0,"master_deck":["Strike_B+1","Strike_B+1","Strike_B+1","Defend_B+1","Defend_B+1","Defend_B+1","Defend_B+1","Zap+1","Dualcast+1","Hologram","Aggregate","Ball Lightning","Chaos","Self Repair","Biased Cognition","Force Field","Double Energy","Loop","Chaos","Biased Cognition"],"relics":["Cracked Core","WingedGreaves","Incense Burner","TungstenRod","Bag of Marbles","Inserter","Bronze Scales","Shuriken","Letter Opener","Singing Bowl"],"acts_visited":["Exordium","TheCity"],"potions_floor_usage":[27,27],"damage_taken":[{"damage":2.0,"enemies":"2 Louse","floor":1.0,"turns":3.0},{"damage":4.0,"enemies":"Jaw Worm","floor":2.0,"turns":3.0},{"damage":4.0,"enemies":"Small Slimes","floor":4.0,"turns":3.0},{"damage":38.0,"enemies":"Gremlin Nob","floor":7.0,"turns":4.0},{"damage":0.0,"enemies":"2 Fungi Beasts","floor":11.0,"turns":3.0},{"damage":8.0,"enemies":"Gremlin Gang","floor":12.0,"turns":5.0},{"damage":18.0,"enemies":"3 Sentries","floor":13.0,"turns":7.0},{"damage":2.0,"enemies":"Lots of Slimes","floor":14.0,"turns":3.0},{"damage":33.0,"enemies":"The Guardian","floor":16.0,"turns":11.0},{"damage":18.0,"enemies":"Chosen","floor":18.0,"turns":5.0},{"damage":25.0,"enemies":"Shell Parasite","floor":19.0,"turns":5.0},{"damage":20.0,"enemies":"Cultist and Chosen","floor":22.0,"turns":6.0},{"damage":21.0,"enemies":"Gremlin Leader","floor":24.0,"turns":8.0},{"damage":32,"enemies":"Book of Stabbing","floor":27,"turns":5},{"damage":27,"enemies":"Centurion and Healer","floor":28,"turns":3}],"seed_played":"-2712133025908562217","potions_obtained":[{"floor":1.0,"key":"PotionOfCapacity"},{"floor":2.0,"key":"PotionOfCapacity"},{"floor":12.0,"key":"CultistPotion"},{"floor":13.0,"key":"DistilledChaos"},{"floor":16.0,"key":"LiquidBronze"},{"floor":24.0,"key":"Block Potion"}],"is_trial":false,"path_per_floor":["M","M","$","M","?","R","E","R","T","R","M","M","E","M","R","B",null,"M","M","?","T","M","R","E","R","T","E","M"],"character_chosen":"DEFECT","items_purchased":["Ball Lightning"],"campfire_rested":4,"item_purchase_floors":[3],"current_hp_per_floor":[73,69,69,65,58,58,20,20,20,42,42,34,16,21,43,17,61,50,32,32,32,19,41,27,49,49,24,0,0],"gold":348,"neow_bonus":"ONE_RARE_RELIC","is_daily":false,"chose_seed":false,"campfire_upgraded":2,"win_rate":0.0,"timestamp":1611297818,"path_taken":["M","M","$","M","?","R","E","R","T","R","M","M","E","M","R","BOSS","M","M","?","?","M","R","E","R","T","E","M"],"items_purchased_type":["Card"],"build_version":"2020-12-22","purchased_purges":1,"victory":false,"max_hp_per_floor":[75,75,75,75,75,75,75,75,75,75,75,75,75,75,75,75,75,75,75,75,75,75,75,75,75,75,75,75,75],"card_choices":[{"not_picked":["Compile Driver","Fusion"],"picked":"Hologram","floor":1.0},{"not_picked":["Rebound","Redo"],"picked":"Aggregate","floor":2.0},{"not_picked":["Barrage","Auto Shields","Gash"],"picked":"SKIP","floor":4.0},{"not_picked":["Turbo","Streamline","Steam"],"picked":"SKIP","floor":7.0},{"not_picked":["Streamline","Sweeping Beam","Conserve Battery"],"picked":"SKIP","floor":11.0},{"not_picked":["Darkness","Aggregate"],"picked":"Chaos","floor":12.0},{"not_picked":["Loop","Storm"],"picked":"Self Repair","floor":13.0},{"not_picked":["Go for the Eyes","Streamline","Conserve Battery"],"picked":"SKIP","floor":14.0},{"not_picked":["Electrodynamics","Core Surge"],"picked":"Biased Cognition","floor":16.0},{"not_picked":["Rip and Tear","Gash"],"picked":"Force Field","floor":18.0},{"not_picked":["Turbo","Hello World"],"picked":"Double Energy","floor":19.0},{"not_picked":["White Noise","Sweeping Beam"],"picked":"Loop","floor":22.0},{"not_picked":["FTL","Loop+1"],"picked":"Chaos","floor":24.0},{"not_picked":["Undo+1","Beam Cell+1"],"picked":"Biased Cognition","floor":27}],"player_experience":67888,"relics_obtained":[{"floor":7.0,"key":"Incense Burner"},{"floor":9.0,"key":"TungstenRod"},{"floor":13.0,"key":"Bag of Marbles"},{"floor":21.0,"key":"Bronze Scales"},{"floor":24.0,"key":"Shuriken"},{"floor":26.0,"key":"Letter Opener"},{"floor":27,"key":"Singing Bowl"}],"event_choices":[{"cards_removed":["Strike_B"],"damage_healed":0.0,"max_hp_gain":0.0,"max_hp_loss":0.0,"gold_gain":0.0,"event_name":"Golden Wing","player_choice":"Card Removal","floor":5.0,"gold_loss":0.0,"damage_taken":7.0},{"damage_healed":0.0,"max_hp_gain":0.0,"max_hp_loss":0.0,"gold_gain":0.0,"event_name":"Back to Basics","player_choice":"Simplicity","floor":20.0,"gold_loss":0.0,"damage_taken":0.0,"cards_upgraded":["Strike_B","Strike_B","Strike_B","Defend_B","Defend_B","Defend_B","Defend_B"]}],"is_beta":false,"boss_relics":[{"not_picked":["SacredBark","Busted Crown"],"picked":"Inserter"}],"items_purged_floors":[3],"is_endless":false,"potions_floor_spawned":[1,2,12,13,16,24],"killed_by":"Centurion and Healer","ascension_level":5}}