{"host":"50per11302020","time":1611277930,"event":{"mods":["AchievementEnabler","BaseMod","Colored Map","Minty Spire (QoL Compilation)","Relic Stats","StSLib"],"gold_per_floor":[117,127,127,127,127,127,202,233,233,253,268,268,297,73,73,171,171,185,284,297,297,53,86,86,118,118,118,130,130,155,170,170,272,272,282,295,216,216,229,229,261,261,309,321,351,398,427,16,16,16],"floor_reached":51,"language":"ENG","playtime":5268,"items_purged":[],"score":1109,"play_id":"20a6cf3f-d696-47cd-9d2d-addb7d6fa63f","local_time":"20210121171210","is_ascension_mode":true,"campfire_choices":[{"floor":6.0,"key":"REST"},{"floor":12.0,"key":"REST"},{"data":"Armaments","floor":15.0,"key":"SMITH"},{"data":"Berserk","floor":24,"key":"SMITH"},{"data":"Blind","floor":27,"key":"SMITH"},{"floor":32,"key":"REST"},{"data":"Strike_R","floor":40,"key":"PURGE"},{"data":"Immolate","floor":42,"key":"SMITH"},{"data":"Strike_R","floor":44,"key":"PURGE"},{"data":"Double Tap","floor":49,"key":"SMITH"}],"circlet_count":0,"master_deck":["Defend_R+1","Defend_R","Defend_R","Defend_R+1","Bash","Battle Trance","Shrug It Off","Berserk+1","Headbutt","Metallicize","Metallicize","Armaments+1","Discovery","Feed+1","Clothesline","True Grit","Cleave","Flame Barrier","Metallicize","Blind+1","Headbutt","Whirlwind+1","Disarm","Immolate+1","CurseOfTheBell","Shockwave+1","Headbutt+1","Armaments+1","Double Tap+1","Exhume","Disarm","Blind"],"relics":["Velvet Choker","Ancient Tea Set","Peace Pipe","Ornamental Fan","Eternal Feather","Black Star","Membership Card","Vajra","PreservedInsect","Red Skull","Matryoshka","Blood Vial","Question Card","Sundial","CaptainsWheel","Calling Bell","MealTicket","Pantograph","Pocketwatch","DollysMirror","Du-Vu Doll","Centennial Puzzle","MawBank","Smiling Mask","Mercury Hourglass","Shuriken","Strange Spoon","Gambling Chip","Bottled Flame"],"acts_visited":["Exordium","TheCity","TheBeyond"],"potions_floor_usage":[25,25,50],"damage_taken":[{"damage":0.0,"enemies":"2 Louse","floor":1.0,"turns":3.0},{"damage":2.0,"enemies":"Jaw Worm","floor":2.0,"turns":3.0},{"damage":19.0,"enemies":"3 Sentries","floor":8.0,"turns":11.0},{"damage":0.0,"enemies":"Small Slimes","floor":10.0,"turns":3.0},{"damage":0.0,"enemies":"Exordium Wildlife","floor":11.0,"turns":4.0},{"damage":23.0,"enemies":"Gremlin Nob","floor":13.0,"turns":4.0},{"damage":2.0,"enemies":"Hexaghost","floor":16.0,"turns":15.0},{"damage":0.0,"enemies":"3 Byrds","floor":18.0,"turns":9.0},{"damage":6,"enemies":"Shell Parasite","floor":20,"turns":10},{"damage":5,"enemies":"Book of Stabbing","floor":23,"turns":9},{"damage":27,"enemies":"Slavers","floor":25,"turns":6},{"damage":16,"enemies":"Chosen and Byrds","floor":28,"turns":9},{"damage":22,"enemies":"Gremlin Leader","floor":30,"turns":7},{"damage":0,"enemies":"3 Cultists","floor":31,"turns":4},{"damage":45,"enemies":"Collector","floor":33,"turns":13},{"damage":20,"enemies":"3 Shapes","floor":35,"turns":4},{"damage":6,"enemies":"3 Darklings","floor":36,"turns":5},{"damage":8,"enemies":"Jaw Worm Horde","floor":39,"turns":4},{"damage":29,"enemies":"Giant Head","floor":41,"turns":9},{"damage":9,"enemies":"Spire Growth","floor":45,"turns":10},{"damage":16,"enemies":"Nemesis","floor":46,"turns":11},{"damage":1,"enemies":"Maw","floor":47,"turns":10},{"damage":31,"enemies":"Awakened One","floor":50,"turns":23}],"seed_played":"-1349529159944308857","potions_obtained":[{"floor":1.0,"key":"SkillPotion"},{"floor":2.0,"key":"FairyPotion"},{"floor":18.0,"key":"Weak Potion"},{"floor":20,"key":"BlessingOfTheForge"},{"floor":31,"key":"FearPotion"},{"floor":33,"key":"HeartOfIron"},{"floor":45,"key":"SkillPotion"},{"floor":47,"key":"Regen Potion"}],"is_trial":false,"path_per_floor":["M","M","?","?","?","R","?","E","T","M","M","R","E","$","R","B",null,"M","?","M","?","$","E","R","E","T","R","M","?","E","M","R","B",null,"M","M","$","?","M","R","E","R","T","R","M","E","M","$","R","B",null],"character_chosen":"IRONCLAD","items_purchased":["Metallicize","Armaments","Discovery","Membership Card","Metallicize","Blind","Headbutt","DollysMirror","Strange Spoon","Gambling Chip","Disarm","Bottled Flame","Blind"],"campfire_rested":3,"item_purchase_floors":[14,14,14,22,22,22,22,37,48,48,48,48,48],"current_hp_per_floor":[72,70,67,51,44,68,57,38,38,38,38,62,39,39,48,46,72,76,76,74,74,74,69,81,57,57,69,55,55,39,45,89,50,90,76,72,87,87,85,103,76,94,94,111,106,96,97,112,119,88],"gold":16,"neow_bonus":"BOSS_RELIC","is_daily":false,"chose_seed":false,"campfire_upgraded":5,"win_rate":0.0,"timestamp":1611277930,"path_taken":["M","M","?","?","?","R","?","E","T","M","M","R","E","$","R","BOSS","M","?","M","?","$","E","R","E","T","R","M","?","E","M","R","BOSS","M","M","$","?","M","R","E","R","T","R","M","E","M","$","R","BOSS"],"items_purchased_type":["Card","Card","Card","Relic","Card","Card","Card","Relic","Relic","Relic","Card","Relic","Card"],"build_version":"2020-12-18","purchased_purges":0,"victory":true,"max_hp_per_floor":[80,80,80,80,80,80,80,80,80,80,80,80,80,80,80,80,80,84,84,88,88,88,88,88,91,91,91,91,91,95,99,99,103,103,107,107,107,107,111,111,111,111,111,111,115,119,119,119,119,119],"relic_stats":{"counters":[23,185],"Eternal Feather":108,"PreservedInsect":268,"Question Card":12,"MawBank":60,"Smiling Mask":0,"Mercury Hourglass":[111],"Peace Pipe":2,"Blood Vial":20,"Strange Spoon":[9],"Centennial Puzzle":[12],"Ornamental Fan":[128],"Sundial":[10],"Shuriken":[8],"Pantograph":0,"Gambling Chip":[2],"MealTicket":30,"Black Star":5,"obtain_stats":[{"Vajra":23,"Ancient Tea Set":3,"Smiling Mask":43,"Burning Blood":0,"Blood Vial":26,"Centennial Puzzle":41,"Matryoshka":25,"Sundial":30,"DollysMirror":37,"Pantograph":34,"Gambling Chip":48,"MealTicket":34,"Red Skull":25,"Velvet Choker":0,"Eternal Feather":13,"PreservedInsect":23,"Question Card":26,"MawBank":43,"Mercury Hourglass":46,"Peace Pipe":8,"Calling Bell":34,"Du-Vu Doll":41,"Strange Spoon":48,"CaptainsWheel":30,"Bottled Flame":48,"Ornamental Fan":9,"Shuriken":46,"Black Star":17,"Membership Card":22,"Pocketwatch":34},{"Vajra":10,"Ancient Tea Set":2,"Smiling Mask":19,"Burning Blood":0,"Blood Vial":11,"Centennial Puzzle":19,"Matryoshka":11,"Sundial":13,"DollysMirror":17,"Pantograph":15,"Gambling Chip":22,"MealTicket":15,"Red Skull":11,"Velvet Choker":0,"Eternal Feather":6,"PreservedInsect":10,"Question Card":11,"MawBank":19,"Mercury Hourglass":21,"Peace Pipe":3,"Calling Bell":15,"Du-Vu Doll":19,"Strange Spoon":22,"CaptainsWheel":13,"Bottled Flame":22,"Ornamental Fan":3,"Shuriken":21,"Black Star":7,"Membership Card":9,"Pocketwatch":15},{"Vajra":71,"Ancient Tea Set":6,"Smiling Mask":132,"Burning Blood":0,"Blood Vial":77,"Centennial Puzzle":132,"Matryoshka":77,"Sundial":93,"DollysMirror":119,"Pantograph":110,"Gambling Chip":162,"MealTicket":110,"Red Skull":77,"Velvet Choker":0,"Eternal Feather":28,"PreservedInsect":71,"Question Card":77,"MawBank":132,"Mercury Hourglass":153,"Peace Pipe":17,"Calling Bell":110,"Du-Vu Doll":132,"Strange Spoon":162,"CaptainsWheel":93,"Bottled Flame":162,"Ornamental Fan":17,"Shuriken":153,"Black Star":43,"Membership Card":62,"Pocketwatch":110}],"Pocketwatch":[49]},"card_choices":[{"not_picked":["Sword Boomerang","Clash"],"picked":"Battle Trance","floor":1.0},{"not_picked":["Armaments","Sword Boomerang"],"picked":"Shrug It Off","floor":2.0},{"not_picked":["Body Slam","Clothesline"],"picked":"Berserk","floor":8.0},{"not_picked":["Clash","Dark Embrace"],"picked":"Headbutt","floor":10.0},{"not_picked":["Clash","Perfected Strike"],"picked":"Metallicize","floor":11.0},{"not_picked":["Infernal Blade","Combust","Reckless Charge"],"picked":"SKIP","floor":13.0},{"not_picked":["Berserk","Brutality"],"picked":"Feed","floor":16.0},{"not_picked":["Heavy Blade","Havoc"],"picked":"Clothesline","floor":18.0},{"not_picked":["Sword Boomerang+1","Pommel Strike"],"picked":"True Grit","floor":20},{"not_picked":["Anger+1","Combust+1","Thunderclap"],"picked":"SKIP","floor":23},{"not_picked":["Second Wind","Wild Strike","Evolve"],"picked":"SKIP","floor":25},{"not_picked":["Clothesline+1","Perfected Strike","Uppercut"],"picked":"Whirlwind+1","floor":28},{"not_picked":["Searing Blow","Flex","Perfected Strike","Fire Breathing"],"picked":"SKIP","floor":30},{"not_picked":["Warcry+1","Fire Breathing","Iron Wave"],"picked":"Disarm","floor":31},{"not_picked":["Brutality","Impervious","Corruption"],"picked":"Immolate","floor":33},{"not_picked":["Evolve+1","Pommel Strike","Dual Wield"],"picked":"Shockwave+1","floor":35},{"not_picked":["Pommel Strike","Reckless Charge+1","Warcry"],"picked":"Headbutt+1","floor":36},{"not_picked":["Wild Strike+1","Thunderclap+1","Clash+1","Heavy Blade"],"picked":"SKIP","floor":39},{"not_picked":["Clash","Blood for Blood","Evolve","Anger+1"],"picked":"SKIP","floor":41},{"not_picked":["Perfected Strike","Cleave","Impervious","Clothesline"],"picked":"SKIP","floor":45},{"not_picked":["Combust+1","Twin Strike+1","Metallicize"],"picked":"Exhume","floor":46},{"not_picked":["Havoc","Twin Strike","Clothesline","Headbutt"],"picked":"SKIP","floor":47}],"player_experience":302111,"relics_obtained":[{"floor":8.0,"key":"Peace Pipe"},{"floor":9.0,"key":"Ornamental Fan"},{"floor":13.0,"key":"Eternal Feather"},{"floor":23,"key":"Vajra"},{"floor":23,"key":"PreservedInsect"},{"floor":25,"key":"Red Skull"},{"floor":25,"key":"Matryoshka"},{"floor":26,"key":"Blood Vial"},{"floor":26,"key":"Question Card"},{"floor":30,"key":"Sundial"},{"floor":30,"key":"CaptainsWheel"},{"floor":34,"key":"MealTicket"},{"floor":34,"key":"Pantograph"},{"floor":34,"key":"Pocketwatch"},{"floor":41,"key":"Du-Vu Doll"},{"floor":41,"key":"Centennial Puzzle"},{"floor":43,"key":"MawBank"},{"floor":43,"key":"Smiling Mask"},{"floor":46,"key":"Mercury Hourglass"},{"floor":46,"key":"Shuriken"}],"event_choices":[{"damage_healed":0.0,"max_hp_gain":0.0,"max_hp_loss":0.0,"gold_gain":0.0,"event_name":"Scrap Ooze","player_choice":"Success","floor":3.0,"gold_loss":0.0,"damage_taken":3.0,"relics_obtained":["Ancient Tea Set"]},{"damage_healed":0.0,"max_hp_gain":0.0,"max_hp_loss":0.0,"gold_gain":0.0,"event_name":"Shining Light","player_choice":"Entered Light","floor":4.0,"gold_loss":0.0,"damage_taken":16.0,"cards_upgraded":["Defend_R","Defend_R"]},{"cards_removed":["Strike_R"],"damage_healed":0.0,"max_hp_gain":0.0,"max_hp_loss":0.0,"gold_gain":0.0,"event_name":"Golden Wing","player_choice":"Card Removal","floor":5.0,"gold_loss":0.0,"damage_taken":7.0},{"damage_healed":0.0,"max_hp_gain":0.0,"max_hp_loss":0.0,"gold_gain":75.0,"event_name":"World of Goop","player_choice":"Gather Gold","floor":7.0,"gold_loss":0.0,"damage_taken":11.0},{"damage_healed":0.0,"max_hp_gain":0.0,"max_hp_loss":0.0,"gold_gain":99.0,"event_name":"Nest","player_choice":"Stole From Cult","floor":19.0,"gold_loss":0.0,"damage_taken":0.0},{"damage_healed":0,"gold_gain":0,"cards_transformed":["Strike_R","Strike_R"],"player_choice":"Became Test Subject","damage_taken":0,"max_hp_gain":0,"max_hp_loss":0,"event_name":"Drug Dealer","floor":21,"gold_loss":0,"cards_obtained":["Cleave","Flame Barrier"]},{"damage_healed":0,"gold_gain":0,"player_choice":"Upgraded","damage_taken":0,"max_hp_gain":0,"max_hp_loss":0,"event_name":"Upgrade Shrine","floor":29,"gold_loss":0,"cards_upgraded":["Feed"]},{"damage_healed":0,"gold_gain":0,"player_choice":"1 cards matched","damage_taken":0,"max_hp_gain":0,"max_hp_loss":0,"event_name":"Match and Keep!","floor":38,"gold_loss":0,"cards_obtained":["Double Tap"]}],"is_beta":true,"boss_relics":[{"not_picked":["Coffee Dripper","Cursed Key"],"picked":"Black Star"},{"not_picked":["Busted Crown","Philosopher\u0027s Stone"],"picked":"Calling Bell"}],"items_purged_floors":[],"is_endless":false,"potions_floor_spawned":[1,2,18,20,31,33,45,47],"ascension_level":8}}