{"host":"xxlr2v4w6cr27c1l","time":1611344950,"event":{"mods":["BaseMod","Block Reminder","Colored Powertips","Minty Spire (QoL Compilation)","Rare Cards Sparkle","Relic Stats","Slay-I"],"gold_per_floor":[117,117,129,98,23,58,58,58,58,69,69,20,46,68,68,163,163,174,174,187,187,205,205,205,205],"floor_reached":24,"language":"ENG","playtime":1271,"items_purged":["Strike_P"],"score":202,"play_id":"6a595521-cac0-41c8-86b1-8f848f6c3801","local_time":"20210122144910","is_ascension_mode":false,"campfire_choices":[{"floor":8,"key":"REST"},{"floor":11,"key":"REST"},{"floor":15,"key":"REST"},{"floor":23,"key":"REST"}],"circlet_count":0,"master_deck":["Strike_P","Defend_P","Defend_P","Defend_P","Eruption","Vigilance","CrushJoints","EmptyFist","Worship","EmptyBody","Consecrate+1","Crescendo+1","CutThroughFate+1","Devotion"],"relics":["Busted Crown","InkBottle","Boot","Molten Egg 2","Ancient Tea Set","Odd Mushroom","Empty Cage"],"acts_visited":["Exordium","TheCity"],"potions_floor_usage":[10,14,16],"damage_taken":[{"damage":4,"enemies":"Jaw Worm","floor":1,"turns":3},{"damage":2,"enemies":"Small Slimes","floor":3,"turns":3},{"damage":25,"enemies":"Lagavulin","floor":6,"turns":7},{"damage":0,"enemies":"Cultist","floor":10,"turns":2},{"damage":14,"enemies":"3 Sentries","floor":13,"turns":8},{"damage":5,"enemies":"The Mushroom Lair","floor":14,"turns":4},{"damage":56,"enemies":"The Guardian","floor":16,"turns":12},{"damage":33,"enemies":"Spheric Guardian","floor":18,"turns":6},{"damage":18,"enemies":"Shell Parasite","floor":20,"turns":3},{"damage":16,"enemies":"Snake Plant","floor":22,"turns":3},{"damage":31,"enemies":"Book of Stabbing","floor":24,"turns":2}],"seed_played":"-8600230716442888674","potions_obtained":[{"floor":6,"key":"BlessingOfTheForge"},{"floor":13,"key":"Strength Potion"},{"floor":14,"key":"Energy Potion"}],"is_trial":false,"path_per_floor":["M","?","M","?","$","E","?","R","T","M","R","$","E","?","R","B",null,"M","?","M","?","M","R","E"],"character_chosen":"WATCHER","items_purchased":["EmptyBody"],"campfire_rested":4,"item_purchase_floors":[12],"current_hp_per_floor":[68,68,66,66,66,41,38,59,59,59,72,72,58,53,72,16,72,39,39,21,21,5,26,0,0],"gold":205,"neow_bonus":"BOSS_RELIC","is_daily":false,"chose_seed":false,"campfire_upgraded":0,"win_rate":0.0,"timestamp":1611344950,"path_taken":["M","?","M","?","?","E","?","R","T","?","R","?","E","?","R","BOSS","M","?","M","?","?","R","E"],"items_purchased_type":["Card"],"build_version":"2020-12-22","purchased_purges":1,"victory":false,"max_hp_per_floor":[72,72,72,72,72,72,72,72,72,72,72,72,72,72,72,72,72,72,72,72,72,72,72,72,72],"relic_stats":{"Busted Crown":20,"counters":[11,53],"Boot":[6],"obtain_stats":[{"Busted Crown":0,"Molten Egg 2":9,"PureWater":0,"Odd Mushroom":14,"Boot":7,"Ancient Tea Set":13,"Empty Cage":17,"InkBottle":6},{"Busted Crown":0,"Molten Egg 2":3,"PureWater":0,"Odd Mushroom":6,"Boot":3,"Ancient Tea Set":5,"Empty Cage":7,"InkBottle":3},{"Busted Crown":0,"Molten Egg 2":13,"PureWater":0,"Odd Mushroom":27,"Boot":13,"Ancient Tea Set":23,"Empty Cage":39,"InkBottle":13}],"InkBottle":[14]},"card_choices":[{"not_picked":[],"picked":"CrushJoints","floor":1},{"not_picked":[],"picked":"EmptyFist","floor":3},{"not_picked":["BowlingBash"],"picked":"SKIP","floor":6},{"not_picked":[],"picked":"Worship","floor":10},{"not_picked":["Study"],"picked":"SKIP","floor":13},{"not_picked":[],"picked":"Consecrate+1","floor":14},{"not_picked":[],"picked":"Crescendo+1","floor":18},{"not_picked":[],"picked":"CutThroughFate+1","floor":20},{"not_picked":["ThirdEye"],"picked":"SKIP","floor":22}],"player_experience":200123,"relics_obtained":[{"floor":6,"key":"InkBottle"},{"floor":9,"key":"Molten Egg 2"},{"floor":13,"key":"Ancient Tea Set"},{"floor":14,"key":"Odd Mushroom"}],"event_choices":[{"damage_healed":0,"gold_gain":0,"player_choice":"Ignored","damage_taken":0,"max_hp_gain":0,"max_hp_loss":0,"event_name":"Liars Game","floor":2,"gold_loss":0},{"damage_healed":0,"gold_gain":0,"player_choice":"Left Gold","damage_taken":0,"max_hp_gain":0,"max_hp_loss":0,"event_name":"World of Goop","floor":4,"gold_loss":31},{"damage_healed":0,"gold_gain":0,"player_choice":"Success","damage_taken":3,"relics_obtained":["Boot"],"max_hp_gain":0,"max_hp_loss":0,"event_name":"Scrap Ooze","floor":7,"gold_loss":0},{"damage_healed":0,"gold_gain":0,"player_choice":"Fought Mushrooms","damage_taken":0,"max_hp_gain":0,"max_hp_loss":0,"event_name":"Mushrooms","floor":14,"gold_loss":0},{"damage_healed":0,"gold_gain":0,"player_choice":"Ignored","damage_taken":0,"max_hp_gain":0,"max_hp_loss":0,"event_name":"Ghosts","floor":19,"gold_loss":0},{"damage_healed":0,"gold_gain":0,"cards_transformed":["Strike_P"],"player_choice":"Transformed","damage_taken":0,"max_hp_gain":0,"max_hp_loss":0,"event_name":"Transmorgrifier","floor":21,"gold_loss":0,"cards_obtained":["Devotion"]}],"is_beta":false,"boss_relics":[{"not_picked":["Philosopher\u0027s Stone","Runic Pyramid"],"picked":"Empty Cage"}],"items_purged_floors":[5],"is_endless":false,"potions_floor_spawned":[6,13,14],"killed_by":"Book of Stabbing","ascension_level":0}}