{"host":"l491xr9n6v7t2d5g","time":1611317088,"event":{"mods":["Act Like it!","Arknights The Spire","BaseMod","Gensokyo","Marisa£®ÏF”Í°°ƒß¿Ì…≥£©","Minty Spire (QoL Compilation)","StSLib","[IsaacMod]“‘»ˆº‚À˛"],"gold_per_floor":[110,124,124,139,139,193,193,17,17,17,17,104,114,6,6,108,108,125,125,125,36,56,56,56],"floor_reached":23,"language":"ZHS","playtime":984,"items_purged":["ats:Strike V"],"score":187,"play_id":"db0edc7b-1871-42fc-b2e1-28a7bd5d2e9a","local_time":"20210122200448","is_ascension_mode":false,"campfire_choices":[{"data":"ats:Mental Burst","floor":7,"key":"SMITH"},{"floor":15,"key":"REST"}],"circlet_count":0,"master_deck":["ats:Strike C","ats:Defend","ats:Defend","ats:Defend","ats:Mental Burst+1","ats:Hammer On","ats:Ignite","ats:Very Hot Blade+1","ats:Rat Pack","Gensokyo:BlemishedSteel","ats:Flame Of Heaven","ats:Disruption Kick","ats:Leaping Hammer+1","ats:Calcification","ats:Hook Shot","Gensokyo:Shovel"],"relics":["ats:Sanity","HushsDoor","D6","NeowsBlessing","ats:Originium","Gremlin Horn","BookofShadows","Gensokyo:PortableGap","Bag of Marbles","Empty Cage","HowToJump","Shuriken"],"acts_visited":["Exordium","Gensokyo:Gensokyo"],"potions_floor_usage":[16,23,23],"damage_taken":[{"damage":0,"enemies":"Gensokyo:Gryphon","floor":1,"turns":1},{"damage":0,"enemies":"Gensokyo:Python","floor":2,"turns":1},{"damage":0,"enemies":"Gensokyo:3_Fairies","floor":4,"turns":2},{"damage":7,"enemies":"Gensokyo:Cirno","floor":6,"turns":5},{"damage":11,"enemies":"Gensokyo:Kitsune","floor":13,"turns":4},{"damage":32,"enemies":"Gensokyo:Yukari","floor":16,"turns":10},{"damage":18,"enemies":"Gensokyo:Chomper","floor":18,"turns":3},{"damage":29,"enemies":"Gensokyo:AngelMirror","floor":22,"turns":3},{"damage":23,"enemies":"Gensokyo:Reisen","floor":23,"turns":8}],"seed_played":"-2208163961008709365","potions_obtained":[{"floor":6,"key":"Fire Potion"},{"floor":13,"key":"Strength Potion"},{"floor":16,"key":"Weak Potion"},{"floor":18,"key":"Strength Potion"}],"is_trial":false,"path_per_floor":["M","M","?","M","?","E","R","COS","T","?","$","?","M","$","R","B",null,"M","?","?","COS","M","E"],"character_chosen":"DOCTOR_CLASS","items_purchased":["ats:Flame Of Heaven"],"campfire_rested":1,"item_purchase_floors":[14],"current_hp_per_floor":[72,72,58,58,58,51,51,51,51,51,51,36,25,25,44,12,65,47,47,47,47,18,0,0],"gold":56,"neow_bonus":"THREE_ENEMY_KILL","is_daily":false,"chose_seed":false,"campfire_upgraded":1,"win_rate":0.0,"timestamp":1611317088,"path_taken":["M","M","?","M","?","E","R","COS","T","?","?","?","?","$","R","BOSS","M","?","?","COS","?","E"],"items_purchased_type":["Card"],"build_version":"2020-12-22","purchased_purges":1,"victory":false,"max_hp_per_floor":[72,72,72,72,72,72,72,72,72,65,65,65,65,65,65,65,65,65,65,65,65,62,62,62],"card_choices":[{"not_picked":["ats:LN2 Cannon","ats:Encircling Forest"],"picked":"ats:Mental Burst","floor":1},{"not_picked":["ats:Powerful Strike","ats:Composite Medical Shells"],"picked":"ats:Hammer On","floor":2},{"not_picked":["ats:Chain Hook","ats:Revitalization"],"picked":"ats:Ignite","floor":4},{"not_picked":["ats:Very Hot Blade","ats:Spore Proliferation"],"picked":"ats:Rat Pack","floor":6},{"not_picked":["ats:Consecutive Shot Auto","ats:Cat Scratch","ats:Sword Rain"],"picked":"SKIP","floor":6},{"not_picked":["ats:Chain Hook","ats:Assault Order","ats:Childhood Dance"],"picked":"SKIP","floor":13},{"not_picked":["ats:Rat Pack","ats:Durian"],"picked":"ats:Disruption Kick","floor":16},{"not_picked":["ats:Powerful Strike","ats:Thermite Blade"],"picked":"ats:Leaping Hammer+1","floor":18},{"not_picked":["ats:Flexible Camouflage","ats:Powerful Strike","ats:Childhood Dance"],"picked":"SKIP","floor":22}],"player_experience":182235,"relics_obtained":[{"floor":6,"key":"ats:Originium"},{"floor":6,"key":"ats:Originium"},{"floor":6,"key":"Gremlin Horn"},{"floor":9,"key":"BookofShadows"}],"event_choices":[],"is_beta":false,"boss_relics":[{"not_picked":["Tiny House","Philosopher\u0027s Stone"],"picked":"Empty Cage"},{"not_picked":[]}],"items_purged_floors":[14],"is_endless":false,"potions_floor_spawned":[6,13,16,18],"killed_by":"Gensokyo:Reisen","ascension_level":0}}