{"host":"37ccm3d17clopct7","time":1611313207,"event":{"mods":["BaseMod","Lobotomy","Minty Spire (QoL Compilation)","StSLib","The Bug Knight","The Cursed","The Hierophant","The Runesmith"],"gold_per_floor":[109,119,119,142,142,142,168,168,168,168,185,185,200,229,229,332,332,349,205,205,205,216,216,235,251,276,276,296,307,217,230,230,333,333,350,350,362,19,19,19],"floor_reached":39,"language":"KOR","playtime":2930,"items_purged":["Runesmith:Strike_RS","Runesmith:Strike_RS"],"score":441,"play_id":"4b8de5e3-49cf-49d1-8ddd-88cb859b68af","local_time":"20210122200007","is_ascension_mode":false,"campfire_choices":[{"data":"Runesmith:CraftFirestone","floor":6,"key":"SMITH"},{"floor":10,"key":"REST"},{"data":"Runesmith:HeatedChisel","floor":12,"key":"SMITH"},{"floor":15,"key":"REST"},{"data":"Runesmith:LithiumIon","floor":23,"key":"SMITH"},{"floor":27,"key":"REST"},{"floor":32,"key":"REST"}],"circlet_count":0,"master_deck":["Runesmith:Strike_RS","Runesmith:Defend_RS","Runesmith:CraftFirestone+1","Runesmith:Fortify","Bloodbath","OldLady","Runesmith:HeatedChisel+1","UniverseFragment","Runesmith:Grindstone","OSAHOGD","Runesmith:EarthShield","Wellcheers","Runesmith:CraftProtectio","Runesmith:CraftIncendium","ShyLook","Runesmith:CraftProtectio","Runesmith:Duplicate","Runesmith:CraftMagma","Runesmith:LithiumIon+1","Runesmith:BackupBattery+1","Runesmith:CraftMagma","Runesmith:Attraction","Runesmith:RuneHurl","Runesmith:CraftObretio","Runesmith:EnergizedChisel+1","Runesmith:EarthShield","Runesmith:CraftIncendium+1","Runesmith:Attraction","Runesmith:Grindstone+1","Runesmith:CraftIndustria","Runesmith:StaticCage+1","Runesmith:Firestorm+1","Runesmith:HeatedChisel+1","Good Instincts"],"relics":["Runesmith:BrokenRuby","CogitoBucket","Runesmith:MiniCore","Prayer Wheel","TungstenRod","Pantograph","Empty Cage","Vajra","Busted Crown","Runesmith:EmergencyProvisions"],"acts_visited":["Exordium","TheCity","TheBeyond"],"potions_floor_usage":[29],"damage_taken":[{"damage":1,"enemies":"Cultist","floor":1,"turns":5},{"damage":7,"enemies":"Jaw Worm","floor":2,"turns":4},{"damage":8,"enemies":"HollowMod:MossKnight","floor":7,"turns":5},{"damage":0,"enemies":"Small Slimes","floor":11,"turns":3},{"damage":8,"enemies":"3 Louse","floor":13,"turns":3},{"damage":44,"enemies":"Gremlin Nob","floor":14,"turns":6},{"damage":3,"enemies":"The Guardian","floor":16,"turns":13},{"damage":3,"enemies":"Shell Parasite","floor":18,"turns":7},{"damage":0,"enemies":"Chosen","floor":22,"turns":6},{"damage":9,"enemies":"Snecko","floor":24,"turns":5},{"damage":27,"enemies":"Shelled Parasite and Fungi","floor":25,"turns":7},{"damage":8,"enemies":"Centurion and Healer","floor":28,"turns":13},{"damage":27,"enemies":"Snake Plant","floor":29,"turns":5},{"damage":1,"enemies":"Shelled Parasite and Fungi","floor":31,"turns":6},{"damage":0,"enemies":"Champ","floor":33,"turns":12},{"damage":8,"enemies":"3 Shapes","floor":35,"turns":7},{"damage":3,"enemies":"Orb Walker","floor":37,"turns":5},{"damage":64,"enemies":"2 Orb Walkers","floor":39,"turns":4}],"seed_played":"-344513522169764795","potions_obtained":[{"floor":2,"key":"Explosive Potion"},{"floor":14,"key":"FearPotion"},{"floor":18,"key":"Dexterity Potion"},{"floor":22,"key":"PowerPotion"},{"floor":29,"key":"Weak Potion"}],"is_trial":false,"path_per_floor":["M","M","?","T","?","R","E","?","T","R","M","R","M","E","R","B",null,"M","$","?","?","M","R","M","M","T","R","M","M","?","M","R","B",null,"M","?","M","$","?"],"character_chosen":"RUNESMITH_CLASS","items_purchased":["Runesmith:LithiumIon","Runesmith:EmergencyProvisions","Good Instincts"],"campfire_rested":4,"item_purchase_floors":[19,38,38],"current_hp_per_floor":[69,64,57,57,57,57,51,44,44,65,67,67,60,20,41,66,70,70,70,70,70,70,70,61,36,36,57,55,32,32,32,53,70,70,62,62,63,63,0,0],"gold":19,"neow_bonus":"","is_daily":false,"chose_seed":false,"campfire_upgraded":3,"win_rate":0.0,"timestamp":1611313207,"path_taken":["M","M","?","?","?","R","E","?","T","R","M","R","?","E","R","BOSS","M","$","?","?","M","R","?","M","T","R","M","M","?","M","R","BOSS","M","?","?","$","?"],"items_purchased_type":["Card","Relic","Card"],"build_version":"2020-12-22","purchased_purges":2,"victory":false,"max_hp_per_floor":[70,70,70,70,70,70,70,70,70,70,70,70,70,70,70,70,70,70,70,70,70,70,70,70,70,70,70,70,70,70,70,70,70,70,70,70,70,70,70,70],"card_choices":[{"not_picked":["MeatLantern","MHz"],"picked":"Bloodbath","floor":1},{"not_picked":["Runesmith:HammerAndChisel","Runesmith:CraftReservo","Runesmith:MakeshiftArmor"],"picked":"SKIP","floor":1},{"not_picked":["MHz","SingingMachine"],"picked":"OldLady","floor":2},{"not_picked":["Runesmith:CraftMedicinae","Runesmith:CraftMagma"],"picked":"Runesmith:HeatedChisel","floor":2},{"not_picked":["FairyFestival","Murderer"],"picked":"UniverseFragment","floor":7},{"not_picked":["Runesmith:StaticCage","Runesmith:FieryHammer"],"picked":"Runesmith:Grindstone","floor":7},{"not_picked":["Scorched","CrumblingArmor","PunishingBird"],"picked":"Singing Bowl","floor":11},{"not_picked":["Murderer","WallGazer"],"picked":"OSAHOGD","floor":11},{"not_picked":["Runesmith:NanitesCloud","Runesmith:HeatExchange"],"picked":"Runesmith:EarthShield","floor":11},{"not_picked":["Runesmith:Overpower","Runesmith:ShiftingStrike","Runesmith:HammerThrow"],"picked":"SKIP","floor":11},{"not_picked":["MeatLantern","DespairKnight"],"picked":"Wellcheers","floor":13},{"not_picked":["Runesmith:ChiselStab","Runesmith:ElementalConversion"],"picked":"Runesmith:CraftProtectio","floor":13},{"not_picked":["Runesmith:EarthShield","Runesmith:Attraction"],"picked":"Runesmith:CraftIncendium","floor":13},{"not_picked":["DreamingCurrent","WallGazer"],"picked":"ShyLook","floor":14},{"not_picked":["Runesmith:WhiteBalance","Runesmith:Permafrost"],"picked":"Runesmith:CraftProtectio","floor":14},{"not_picked":["Runesmith:CraftPrismatica","Runesmith:MetallurgicalResearch"],"picked":"Runesmith:Duplicate","floor":16},{"not_picked":["BlueStar","GalaxyChild","MeatLantern"],"picked":"Singing Bowl","floor":18},{"not_picked":["Runesmith:CraftReservo","Runesmith:EnergizedChisel"],"picked":"Runesmith:CraftMagma","floor":18},{"not_picked":["Runesmith:StaticCage+1","Runesmith:CraftMedicinae","Runesmith:Overpower"],"picked":"SKIP","floor":18},{"not_picked":["Runesmith:HeatExchange","Runesmith:EnergizedChisel"],"picked":"Runesmith:CraftMagma","floor":22},{"not_picked":["Runesmith:Repurpose","Runesmith:GoWithTheFlow+1"],"picked":"Runesmith:Attraction","floor":22},{"not_picked":["SpiderBud","Scorched","WallGazer"],"picked":"Singing Bowl","floor":24},{"not_picked":["Runesmith:GenerateForcefield","Runesmith:CraftProtectio"],"picked":"Runesmith:RuneHurl","floor":24},{"not_picked":["Runesmith:Permafrost","Runesmith:UnstableHammer","Runesmith:HeatedChisel"],"picked":"SKIP","floor":24},{"not_picked":["Runesmith:BackupBattery+1","Runesmith:Firewall"],"picked":"Runesmith:CraftObretio","floor":25},{"not_picked":["Runesmith:ShiftingStrike+1","Runesmith:Superposition","Runesmith:EnergizedChisel"],"picked":"SKIP","floor":25},{"not_picked":["Runesmith:Overpower","Runesmith:CraftObretio"],"picked":"Runesmith:EnergizedChisel+1","floor":28},{"not_picked":["Runesmith:OneForEveryone","Runesmith:ShiftingStrike"],"picked":"Runesmith:EarthShield","floor":28},{"not_picked":["Runesmith:CraftReservo","Runesmith:StaticCage"],"picked":"Runesmith:CraftIncendium+1","floor":29},{"not_picked":["Runesmith:Reinforce","Runesmith:HeatExchange","Runesmith:CraftIncendium"],"picked":"SKIP","floor":29},{"not_picked":["Runesmith:Grindstone","Runesmith:Overpower"],"picked":"Runesmith:Attraction","floor":31},{"not_picked":["Runesmith:MetallurgicalResearch","Runesmith:Superposition"],"picked":"Runesmith:Grindstone+1","floor":31},{"not_picked":["PunishingBird","Rudolta","MHz"],"picked":"Singing Bowl","floor":33},{"not_picked":["Runesmith:UnlimitedPower","Runesmith:CraftPrismatica"],"picked":"Runesmith:CraftIndustria","floor":33},{"not_picked":["Murderer","BlackSwan","CherryBlossoms"],"picked":"Singing Bowl","floor":35},{"not_picked":[],"picked":"Runesmith:StaticCage+1","floor":35},{"not_picked":["Runesmith:PoweredAnvil"],"picked":"SKIP","floor":35},{"not_picked":[],"picked":"Runesmith:Firestorm+1","floor":37},{"not_picked":[],"picked":"Runesmith:HeatedChisel+1","floor":37}],"player_experience":86286,"relics_obtained":[{"floor":4,"key":"Runesmith:MiniCore"},{"floor":7,"key":"Prayer Wheel"},{"floor":9,"key":"TungstenRod"},{"floor":14,"key":"Pantograph"},{"floor":26,"key":"Vajra"}],"event_choices":[{"cards_removed":["Runesmith:Defend_RS"],"damage_healed":0,"gold_gain":0,"player_choice":"Card Removal","damage_taken":7,"max_hp_gain":0,"max_hp_loss":0,"event_name":"Golden Wing","floor":3,"gold_loss":0},{"damage_healed":0,"gold_gain":0,"player_choice":"Ignored","damage_taken":0,"max_hp_gain":0,"max_hp_loss":0,"event_name":"Shining Light","floor":5,"gold_loss":0},{"damage_healed":0,"gold_gain":0,"player_choice":"Damaged","damage_taken":7,"max_hp_gain":0,"max_hp_loss":0,"event_name":"Wheel of Change","floor":8,"gold_loss":0},{"damage_healed":0,"gold_gain":0,"player_choice":"Read","damage_taken":0,"max_hp_gain":0,"max_hp_loss":0,"event_name":"The Library","floor":20,"gold_loss":0,"cards_obtained":["Runesmith:BackupBattery"]},{"damage_healed":0,"gold_gain":0,"player_choice":"Ignored","damage_taken":0,"max_hp_gain":0,"max_hp_loss":0,"event_name":"NoteForYourself","floor":21,"gold_loss":0},{"cards_removed":["Runesmith:Defend_RS"],"damage_healed":0,"gold_gain":0,"player_choice":"Upgrade and Remove","damage_taken":0,"max_hp_gain":0,"max_hp_loss":0,"event_name":"Designer","floor":30,"gold_loss":90,"cards_upgraded":["Runesmith:BackupBattery"]},{"damage_healed":0,"gold_gain":0,"player_choice":"Ignored","damage_taken":0,"max_hp_gain":0,"max_hp_loss":0,"event_name":"Duplicator","floor":36,"gold_loss":0},{"damage_healed":0,"gold_gain":0,"player_choice":"Fight","damage_taken":0,"max_hp_gain":0,"max_hp_loss":0,"event_name":"Mysterious Sphere","floor":39,"gold_loss":0}],"is_beta":false,"boss_relics":[{"not_picked":["Velvet Choker","Calling Bell"],"picked":"Empty Cage"},{"not_picked":["Runesmith:UraniumAnvil","Runic Dome"],"picked":"Busted Crown"}],"items_purged_floors":[19,38],"is_endless":false,"potions_floor_spawned":[2,14,18,22,29],"killed_by":"2 Orb Walkers","ascension_level":0}}