{"host":"gk9qdtkqd8dwfeg2","time":1611314647,"event":{"mods":["BaseMod","Colored Powertips","Minty Spire (QoL Compilation)","Quick Restart","Replay The Spire","Shop Mod","StSLib","TestMod","The Gatherer","The Servant 0.9.4","Waifu the Spire","vexMod","【遗物卡牌】REMEMod"],"gold_per_floor":[112,123,123,138,155,155,187,187,187,187,247,186,239,284,284,387,387,426,10,10,45,45,70,70,117,117,127,167,167,214,271,271,373,373,422,471,55,15,74,142,42,129,129,129,129,509,527,74,74,125,187,187,187,22,97,136],"floor_reached":57,"language":"ZHS","playtime":2857,"items_purged":["Defend_P"],"score":3096,"play_id":"bf132bd8-a11d-4824-9fd8-f191319128c0","local_time":"20210122192407","is_ascension_mode":true,"campfire_choices":[{"data":"Eruption","floor":6.0,"key":"SMITH"},{"data":"Bullet Time","floor":8.0,"key":"SMITH"},{"data":"TalkToTheHand","floor":15.0,"key":"SMITH"},{"data":"Wish","floor":29,"key":"SMITH"},{"data":"SignatureMove","floor":32,"key":"SMITH"},{"floor":44,"key":"RECALL"},{"data":"ForeignInfluence","floor":49,"key":"SMITH"}],"circlet_count":0,"master_deck":["AscendersBane","Eruption+1","Vigilance+1","Bullet Time+1","Halt+1","Conclude+1","BowlingBash+1","Wish+1","ForeignInfluence+1","EmptyMind+1","TalkToTheHand+1","LessonLearned","DevaForm+1","SignatureMove+1","AbeCurse","TalkToTheHand+1","Adaptation+1","BattleHymn","REME_WorshipGod+1","REME_WorshipGod+1","Fasting2+1","testmod-SunMoon+1","Fasting2"],"relics":["testmod-TestBox","testmod-Temperance","testmod-PortableAltar","vexMod:InvisibilityCloak","Gambling Chip","Peace Pipe","Blue Candle","HornCleat","Black Star","MerchantsRug","Ring of Panic","Ring of Peace","NeowsBlessing","testmod-LifeArmor","Garlic","Letter Opener","Chameleon Ring","ReplayTheSpireMod:TigerMarble","Blue Doll","testmod-DeterminationOfClimber","Bag of Marbles","testmod-AssaultLearning","ReplayTheSpireMod:Lightbulb","White Beast Statue","PreservedInsect","ReplayTheSpireMod:Ninjato","vexMod:ScavengeHelm","vexMod:Dragonfruit","Old Coin","InkBottle","Happy Flower","testmod-Hope","vexMod:FocusSash"],"acts_visited":["Exordium","TheCity","TheBeyond","TheEnding"],"potions_floor_usage":[33,40,53,56,56,56,56],"damage_taken":[{"damage":10.0,"enemies":"Jaw Worm","floor":1.0,"turns":3.0},{"damage":4.0,"enemies":"Cultist","floor":2.0,"turns":4.0},{"damage":2.0,"enemies":"Small Slimes","floor":4.0,"turns":2.0},{"damage":1.0,"enemies":"2 Fungi Beasts","floor":5.0,"turns":2.0},{"damage":10.0,"enemies":"3 Sentries","floor":7.0,"turns":4.0},{"damage":11.0,"enemies":"Lagavulin","floor":11.0,"turns":7.0},{"damage":13.0,"enemies":"Gremlin Nob","floor":13.0,"turns":3.0},{"damage":1.0,"enemies":"3 Louse","floor":14.0,"turns":3.0},{"damage":2.0,"enemies":"The Guardian","floor":16.0,"turns":5.0},{"damage":2.0,"enemies":"3 Byrds","floor":18.0,"turns":5.0},{"damage":0.0,"enemies":"Spheric Guardian","floor":21.0,"turns":3.0},{"damage":0.0,"enemies":"Replay:Snechameleon","floor":23.0,"turns":1.0},{"damage":0.0,"enemies":"Shelled Parasite and Fungi","floor":27.0,"turns":1.0},{"damage":0.0,"enemies":"Cultist and Chosen","floor":28.0,"turns":3.0},{"damage":0,"enemies":"Snake Plant","floor":30,"turns":3},{"damage":0,"enemies":"Book of Stabbing","floor":31,"turns":4},{"damage":11,"enemies":"Pondfish","floor":33,"turns":11},{"damage":0,"enemies":"Orb Walker","floor":35,"turns":2},{"damage":1,"enemies":"3 Darklings","floor":36,"turns":2},{"damage":0,"enemies":"Writhing Mass","floor":39,"turns":4},{"damage":0,"enemies":"Reptomancer","floor":40,"turns":1},{"damage":0,"enemies":"Giant Head","floor":42,"turns":3},{"damage":0,"enemies":"Reptomancer","floor":46,"turns":1},{"damage":0,"enemies":"Jaw Worm Horde","floor":47,"turns":1},{"damage":0,"enemies":"Donu and Deca","floor":50,"turns":1},{"damage":0,"enemies":"Awakened One","floor":51,"turns":3},{"damage":0,"enemies":"Shield and Spear","floor":55,"turns":3},{"damage":0,"enemies":"The Heart","floor":56,"turns":8}],"seed_played":"-1731668143569998818","potions_obtained":[{"floor":1.0,"key":"Elixir"},{"floor":11.0,"key":"ColorlessPotion"},{"floor":13.0,"key":"testmod-SpacePotion"},{"floor":16.0,"key":"SkillPotion"},{"floor":23.0,"key":"Strength Potion"},{"floor":25.0,"key":"BottledMiracle"},{"floor":38,"key":"StancePotion"},{"floor":40,"key":"Block Potion"},{"floor":53,"key":"testmod-SpacePotion"},{"floor":53,"key":"SneckoOil"},{"floor":55,"key":"SneckoOil"}],"is_trial":false,"path_per_floor":["M","M","?","M","M","R","E","R","T","?","E","?","E","M","R","B",null,"M","$","?","M","?","E","?","?","T","M","M","R","M","E","R","B",null,"M","M","$","?","M","E","$","E","T","R","?","E","M","$","R","B","B",null,"R","$","E","B",null],"character_chosen":"WATCHER","items_purchased":["MerchantsRug","DevaForm","Adaptation","Bag of Marbles","testmod-AssaultLearning","REME_WorshipGod","InkBottle","testmod-SunMoon","Happy Flower"],"campfire_rested":0,"item_purchase_floors":[19,19,37,37,37,41,48,48,54],"current_hp_per_floor":[51,47,47,45,44,44,34,34,34,34,23,23,10,9,9,7,40,38,38,38,38,38,38,38,24,24,24,24,24,24,24,24,13,29,33,32,31,30,29,28,27,26,25,24,23,27,26,25,24,23,22,21,20,19,18,17],"gold":136,"neow_bonus":"BOSS_RELIC","is_daily":false,"chose_seed":false,"campfire_upgraded":6,"win_rate":0.0,"timestamp":1611314647,"path_taken":["M","M","?","M","?","R","E","R","T","?","E","?","E","M","R","BOSS","M","$","?","M","?","E","?","?","T","M","?","R","M","E","R","BOSS","M","M","$","?","?","E","$","E","T","R","?","E","M","?","R","BOSS","BOSS","R","$","E","BOSS"],"items_purchased_type":["Relic","Card","Card","Relic","Relic","Card","Relic","Card","Relic"],"build_version":"2020-12-22","purchased_purges":1,"victory":true,"max_hp_per_floor":[67,66,65,64,63,62,61,60,59,58,57,56,55,54,53,52,51,50,49,48,47,46,45,44,43,42,41,40,39,38,37,36,35,34,33,32,31,30,29,28,27,26,25,24,23,27,26,25,24,23,22,21,20,19,18,17],"card_choices":[{"not_picked":["FollowUp","Meditate"],"picked":"Halt","floor":1.0},{"not_picked":["FlyingSleeves","FollowUp"],"picked":"Conclude","floor":2.0},{"not_picked":["MentalFortress","REME_MusicOfDeath"],"picked":"BowlingBash","floor":4.0},{"not_picked":["Replay:ManipulateFuture","Sanctity","CarveReality"],"picked":"SKIP","floor":5.0},{"not_picked":["CrushJoints","ClearTheMind"],"picked":"Wish","floor":7.0},{"not_picked":["Replay:Battleflow","Evaluate"],"picked":"EmptyMind","floor":11.0},{"not_picked":["Wireheading","ThirdEye","Replay:BluntJabs"],"picked":"SKIP","floor":13.0},{"not_picked":["SashWhip","CrushJoints"],"picked":"TalkToTheHand","floor":14.0},{"not_picked":["REME_WorshipGod","Alpha"],"picked":"LessonLearned","floor":16.0},{"not_picked":["SashWhip","FlyingSleeves","Prostrate"],"picked":"SKIP","floor":18.0},{"not_picked":["Replay:AtTheReady","DeceiveReality","SashWhip"],"picked":"SKIP","floor":21.0},{"not_picked":["Evaluate+1","Devotion","FollowUp"],"picked":"SKIP","floor":23.0},{"not_picked":["Protect","Evaluate","ClearTheMind"],"picked":"SKIP","floor":27.0},{"not_picked":["Crescendo","Consecrate+1","FollowUp+1"],"picked":"SKIP","floor":28.0},{"not_picked":["REME_MusicOfDeath","Wireheading","Prostrate"],"picked":"SKIP","floor":30},{"not_picked":["Prostrate","FearNoEvil"],"picked":"SignatureMove","floor":31},{"not_picked":["Weave+1","PathToVictory+1","Replay:AtTheReady"],"picked":"SKIP","floor":35},{"not_picked":["Replay:AtTheReady","ClearTheMind"],"picked":"TalkToTheHand","floor":36},{"not_picked":["TalkToTheHand","Evaluate"],"picked":"BattleHymn","floor":39},{"not_picked":["Replay:LoomingThreat","Pray","Wireheading"],"picked":"SKIP","floor":40},{"not_picked":["WindmillStrike+1","SignatureMove+1","CrushJoints"],"picked":"SKIP","floor":42},{"not_picked":["BattleHymn","ThirdEye"],"picked":"Fasting2+1","floor":46},{"not_picked":["EmptyBody+1","REME_Repentance","FlyingSleeves"],"picked":"SKIP","floor":47},{"not_picked":["Tantrum","EmptyBody"],"picked":"Fasting2","floor":55}],"player_experience":675755,"relics_obtained":[{"floor":7.0,"key":"Gambling Chip"},{"floor":9.0,"key":"Peace Pipe"},{"floor":11.0,"key":"Blue Candle"},{"floor":13.0,"key":"HornCleat"},{"floor":20.0,"key":"Ring of Panic"},{"floor":20.0,"key":"Ring of Peace"},{"floor":23.0,"key":"testmod-LifeArmor"},{"floor":23.0,"key":"Garlic"},{"floor":25.0,"key":"Letter Opener"},{"floor":31,"key":"Chameleon Ring"},{"floor":31,"key":"ReplayTheSpireMod:TigerMarble"},{"floor":40,"key":"ReplayTheSpireMod:Lightbulb"},{"floor":40,"key":"White Beast Statue"},{"floor":42,"key":"PreservedInsect"},{"floor":42,"key":"ReplayTheSpireMod:Ninjato"},{"floor":43,"key":"vexMod:ScavengeHelm"},{"floor":46,"key":"vexMod:Dragonfruit"},{"floor":46,"key":"Old Coin"},{"floor":55,"key":"testmod-Hope"},{"floor":55,"key":"vexMod:FocusSash"}],"event_choices":[{"damage_healed":0.0,"max_hp_gain":0.0,"max_hp_loss":0.0,"gold_gain":0.0,"event_name":"WeMeetAgain","player_choice":"Gave Potion","floor":3.0,"gold_loss":0.0,"damage_taken":0.0,"relics_obtained":["vexMod:InvisibilityCloak"]},{"damage_healed":0.0,"max_hp_gain":0.0,"max_hp_loss":0.0,"gold_gain":0.0,"event_name":"World of Goop","player_choice":"Left Gold","floor":12.0,"gold_loss":61.0,"damage_taken":0.0},{"damage_healed":0.0,"max_hp_gain":0.0,"max_hp_loss":0.0,"gold_gain":0.0,"event_name":"给自己的盒子","player_choice":"Swap Relic","floor":22.0,"relics_lost":["REME_ComplimentaryCards"],"gold_loss":0.0,"damage_taken":0.0,"relics_obtained":["NeowsBlessing"]},{"damage_healed":0,"gold_gain":0,"player_choice":"Bought 3 Potions","damage_taken":0,"max_hp_gain":0,"max_hp_loss":0,"event_name":"The Woman in Blue","floor":38,"gold_loss":0},{"damage_healed":0,"gold_gain":0,"player_choice":"Full Heal","damage_taken":0,"max_hp_gain":0,"max_hp_loss":0,"event_name":"Wheel of Change","floor":45,"gold_loss":0}],"is_beta":false,"boss_relics":[{"not_picked":["Snecko Heart","testmod-BatchProcessingSystem"],"picked":"Black Star"},{"not_picked":["Replay:Bronze Core","Tiny House"],"picked":"testmod-DeterminationOfClimber"}],"items_purged_floors":[19],"is_endless":false,"potions_floor_spawned":[1,11,13,16,23,27,30,31,40,42,46,47,55],"ascension_level":20}}