{"host":"77pvex58kafzx78l","time":1611303498,"event":{"mods":["BaseMod","Better Vampires","DeckTracker","Googly Eyes","Minty Spire (QoL Compilation)","Quick Restart","StSLib","SuperFastMode"],"gold_per_floor":[111,61,87,12,27,27,27,56,81,31,46,46,62,89,89,186,186,206,225,175,206,156,186,197,232,256,272,272,297,100,500,500,597,597,617,667,684,220,236,236,255,255,255,281,300,300,328,381,381,381,381,381,25,57,57],"floor_reached":56,"language":"ENG","playtime":1507,"items_purged":["Defend_P","Strike_P","Strike_P","Strike_P","Defend_P","Defend_P","Strike_P"],"score":1698,"play_id":"aa613053-d611-4a72-856e-6e86e0333a92","local_time":"20210122161818","is_ascension_mode":true,"campfire_choices":[{"data":"Eruption","floor":6.0,"key":"SMITH"},{"data":"Consecrate","floor":12.0,"key":"SMITH"},{"data":"WheelKick","floor":15.0,"key":"SMITH"},{"floor":28.0,"key":"RECALL"},{"floor":32.0,"key":"REST"},{"floor":40.0,"key":"REST"},{"floor":46.0,"key":"REST"},{"floor":49.0,"key":"REST"},{"floor":52,"key":"REST"}],"circlet_count":0,"master_deck":["Eruption+1","Vigilance","Consecrate+1","BowlingBash","ClearTheMind","WheelKick+1","Brilliance","Tantrum","InnerPeace+1","EmptyMind+1","CutThroughFate+1","MasterReality","TalkToTheHand+1","Evaluate+1","ReachHeaven","Master of Strategy","Fasting2","Wallop+1","DeusExMachina","Adaptation+1"],"relics":["PureWater","NeowsBlessing","Lantern","Odd Mushroom","Smiling Mask","Boot","Fusion Hammer","Red Mask","Bag of Marbles","InkBottle","Art of War","War Paint","Old Coin","Question Card","VioletLotus","CaptainsWheel","Damaru","Eternal Feather","Du-Vu Doll","Lizard Tail","Ginger","Whetstone","TheAbacus","Nunchaku"],"acts_visited":["Exordium","TheCity","TheBeyond","TheEnding"],"potions_floor_usage":[55,55],"damage_taken":[{"damage":0.0,"enemies":"Small Slimes","floor":1.0,"turns":1.0},{"damage":0.0,"enemies":"Jaw Worm","floor":5.0,"turns":1.0},{"damage":0.0,"enemies":"The Mushroom Lair","floor":8.0,"turns":1.0},{"damage":0.0,"enemies":"2 Louse","floor":11.0,"turns":1.0},{"damage":3.0,"enemies":"Blue Slaver","floor":13.0,"turns":2.0},{"damage":7.0,"enemies":"Lagavulin","floor":14.0,"turns":5.0},{"damage":0.0,"enemies":"Slime Boss","floor":16.0,"turns":3.0},{"damage":0.0,"enemies":"Spheric Guardian","floor":18.0,"turns":2.0},{"damage":0.0,"enemies":"Chosen","floor":19.0,"turns":1.0},{"damage":0.0,"enemies":"Masked Bandits","floor":21.0,"turns":1.0},{"damage":16.0,"enemies":"Book of Stabbing","floor":23.0,"turns":3.0},{"damage":0.0,"enemies":"Snake Plant","floor":24.0,"turns":1.0},{"damage":0.0,"enemies":"Gremlin Leader","floor":25.0,"turns":3.0},{"damage":0.0,"enemies":"Chosen and Byrds","floor":27.0,"turns":1.0},{"damage":0.0,"enemies":"Book of Stabbing","floor":29.0,"turns":2.0},{"damage":0.0,"enemies":"Colosseum Slavers","floor":31.0,"turns":1.0},{"damage":18.0,"enemies":"Colosseum Nobs","floor":31.0,"turns":3.0},{"damage":32.0,"enemies":"Automaton","floor":33.0,"turns":6.0},{"damage":0.0,"enemies":"Orb Walker","floor":35.0,"turns":2.0},{"damage":17.0,"enemies":"Mind Bloom Boss Battle","floor":36.0,"turns":4.0},{"damage":0.0,"enemies":"3 Darklings","floor":37.0,"turns":2.0},{"damage":17.0,"enemies":"Transient","floor":39.0,"turns":5.0},{"damage":15.0,"enemies":"4 Shapes","floor":41.0,"turns":3.0},{"damage":12.0,"enemies":"Nemesis","floor":44.0,"turns":5.0},{"damage":0.0,"enemies":"Maw","floor":45.0,"turns":4.0},{"damage":0.0,"enemies":"Reptomancer","floor":47.0,"turns":4.0},{"damage":24.0,"enemies":"2 Orb Walkers","floor":48.0,"turns":2.0},{"damage":46,"enemies":"Time Eater","floor":50,"turns":6},{"damage":13,"enemies":"Shield and Spear","floor":54,"turns":3},{"damage":57,"enemies":"The Heart","floor":55,"turns":6}],"seed_played":"-4006006693496745999","potions_obtained":[{"floor":8.0,"key":"Dexterity Potion"},{"floor":11.0,"key":"Block Potion"},{"floor":13.0,"key":"PowerPotion"},{"floor":18.0,"key":"DistilledChaos"},{"floor":19.0,"key":"GamblersBrew"},{"floor":24.0,"key":"Weak Potion"},{"floor":36.0,"key":"Explosive Potion"},{"floor":44.0,"key":"DuplicationPotion"},{"floor":45.0,"key":"Strength Potion"},{"floor":48.0,"key":"FearPotion"}],"is_trial":false,"path_per_floor":["M","?","T","$","M","R","$","?","T","$","M","R","M","E","R","B",null,"M","M","$","?","$","E","M","E","T","M","R","E","$","?","R","B",null,"M","?","M","$","M","R","M","?","T","E","M","R","E","?","R","B",null,"R","$","E","B",null],"character_chosen":"WATCHER","items_purchased":["War Paint","Damaru","Master of Strategy","Fasting2","Whetstone","TheAbacus"],"campfire_rested":5,"item_purchase_floors":[30,38,38,38,53,53],"current_hp_per_floor":[72,72,72,72,72,72,72,72,72,72,72,72,69,62,62,62,72,72,72,72,72,72,56,56,56,56,56,56,56,56,38,59,27,72,72,55,55,55,38,59,44,44,44,32,32,65,65,41,72,26,72,72,72,59,2],"gold":57,"neow_bonus":"THREE_ENEMY_KILL","is_daily":false,"chose_seed":false,"campfire_upgraded":3,"win_rate":0.0,"timestamp":1611303498,"path_taken":["M","?","?","$","M","R","?","?","T","$","M","R","?","E","R","BOSS","M","M","$","?","$","E","M","E","T","M","R","E","$","?","R","BOSS","M","?","M","$","M","R","M","?","T","E","?","R","E","?","R","BOSS","R","$","E","BOSS"],"items_purchased_type":["Relic","Relic","Card","Card","Relic","Relic"],"build_version":"2020-12-22","purchased_purges":7,"victory":true,"max_hp_per_floor":[72,72,72,72,72,72,72,72,72,72,72,72,72,72,72,72,72,72,72,72,72,72,72,72,72,72,72,72,72,72,72,72,72,72,72,72,72,72,72,72,72,72,72,72,72,72,72,72,72,72,72,72,72,72,72],"card_choices":[{"not_picked":["ClearTheMind","JustLucky"],"picked":"Consecrate","floor":1.0},{"not_picked":["Meditate","Nirvana"],"picked":"BowlingBash","floor":5.0},{"not_picked":["BattleHymn","ThirdEye"],"picked":"ClearTheMind","floor":8.0},{"not_picked":["Conclude","BowlingBash","FollowUp"],"picked":"SKIP","floor":11.0},{"not_picked":["ThirdEye","JustLucky","PathToVictory"],"picked":"SKIP","floor":13.0},{"not_picked":["SashWhip","SandsOfTime"],"picked":"WheelKick","floor":14.0},{"not_picked":["Alpha","Judgement"],"picked":"Brilliance","floor":16.0},{"not_picked":["FollowUp","CutThroughFate+1"],"picked":"Tantrum","floor":18.0},{"not_picked":["SignatureMove","ThirdEye+1"],"picked":"InnerPeace","floor":19.0},{"not_picked":["Nirvana","Vengeance","Judgement"],"picked":"SKIP","floor":23.0},{"not_picked":["Crescendo","Pray","Wireheading+1"],"picked":"SKIP","floor":24.0},{"not_picked":["Crescendo+1","MentalFortress+1"],"picked":"EmptyMind","floor":25.0},{"not_picked":["PathToVictory","Swivel","ConjureBlade"],"picked":"SKIP","floor":27.0},{"not_picked":["WheelKick","SignatureMove+1","MentalFortress+1"],"picked":"SKIP","floor":29.0},{"not_picked":["Evaluate","JustLucky"],"picked":"CutThroughFate","floor":31.0},{"not_picked":["SpiritShield","Brilliance","Judgement"],"picked":"MasterReality","floor":33.0},{"not_picked":["CrushJoints+1","Crescendo+1","Tantrum+1"],"picked":"TalkToTheHand","floor":35.0},{"not_picked":["ClearTheMind","CutThroughFate+1","Consecrate+1"],"picked":"Evaluate+1","floor":36.0},{"not_picked":["Crescendo","Evaluate","Consecrate+1"],"picked":"ReachHeaven","floor":37.0},{"not_picked":["ForeignInfluence","Evaluate","Swivel+1"],"picked":"Wallop+1","floor":39.0},{"not_picked":["EmptyBody+1","Crescendo+1","BattleHymn+1","Indignation"],"picked":"SKIP","floor":41.0},{"not_picked":["Vengeance","FlyingSleeves+1","BowlingBash","Fasting2"],"picked":"SKIP","floor":44.0},{"not_picked":["Consecrate","ClearTheMind","Crescendo"],"picked":"DeusExMachina","floor":45.0},{"not_picked":["EmptyFist","EmptyMind+1","Protect","ThirdEye"],"picked":"SKIP","floor":47.0},{"not_picked":["EmptyFist","ForeignInfluence+1","Prostrate"],"picked":"Adaptation+1","floor":48.0},{"not_picked":["FlurryOfBlows+1","Consecrate+1","FollowUp","PathToVictory"],"picked":"SKIP","floor":54}],"player_experience":243962,"relics_obtained":[{"floor":3.0,"key":"Lantern"},{"floor":8.0,"key":"Odd Mushroom"},{"floor":9.0,"key":"Smiling Mask"},{"floor":14.0,"key":"Boot"},{"floor":21.0,"key":"Red Mask"},{"floor":23.0,"key":"Bag of Marbles"},{"floor":25.0,"key":"InkBottle"},{"floor":29.0,"key":"Art of War"},{"floor":31.0,"key":"Old Coin"},{"floor":31.0,"key":"Question Card"},{"floor":36.0,"key":"CaptainsWheel"},{"floor":43.0,"key":"Eternal Feather"},{"floor":44.0,"key":"Du-Vu Doll"},{"floor":47.0,"key":"Lizard Tail"},{"floor":48.0,"key":"Ginger"},{"floor":54,"key":"Nunchaku"}],"event_choices":[{"cards_removed":["Defend_P"],"damage_healed":0.0,"max_hp_gain":0.0,"max_hp_loss":0.0,"gold_gain":0.0,"event_name":"The Cleric","player_choice":"Card Removal","floor":2.0,"gold_loss":50.0,"damage_taken":0.0},{"damage_healed":0.0,"max_hp_gain":0.0,"max_hp_loss":0.0,"gold_gain":0.0,"event_name":"Mushrooms","player_choice":"Fought Mushrooms","floor":8.0,"gold_loss":0.0,"damage_taken":0.0},{"damage_healed":0.0,"max_hp_gain":0.0,"max_hp_loss":0.0,"gold_gain":0.0,"event_name":"Masked Bandits","player_choice":"Fought Bandits","floor":21.0,"gold_loss":0.0,"damage_taken":0.0},{"damage_healed":0.0,"max_hp_gain":0.0,"max_hp_loss":0.0,"gold_gain":0.0,"event_name":"Colosseum","player_choice":"Fight","floor":31.0,"gold_loss":0.0,"damage_taken":0.0},{"damage_healed":0.0,"max_hp_gain":0.0,"max_hp_loss":0.0,"gold_gain":0.0,"event_name":"Colosseum","player_choice":"Fought Nobs","floor":31.0,"gold_loss":0.0,"damage_taken":0.0},{"damage_healed":0.0,"max_hp_gain":0.0,"max_hp_loss":0.0,"gold_gain":0.0,"event_name":"MindBloom","player_choice":"Fight","floor":36.0,"gold_loss":0.0,"damage_taken":0.0},{"damage_healed":0.0,"max_hp_gain":0.0,"max_hp_loss":0.0,"gold_gain":0.0,"event_name":"The Woman in Blue","player_choice":"Bought 0 Potions","floor":42.0,"gold_loss":0.0,"damage_taken":0.0},{"damage_healed":0.0,"max_hp_gain":0.0,"max_hp_loss":0.0,"gold_gain":0.0,"event_name":"Mysterious Sphere","player_choice":"Fight","floor":48.0,"gold_loss":0.0,"damage_taken":0.0}],"is_beta":false,"boss_relics":[{"not_picked":["Cursed Key","Coffee Dripper"],"picked":"Fusion Hammer"},{"not_picked":["SacredBark","Black Star"],"picked":"VioletLotus"}],"items_purged_floors":[4,10,20,22,30,38,53],"is_endless":false,"potions_floor_spawned":[8,11,13,18,19,24,27,31,36,44,45,48,54],"ascension_level":4}}