{"host":"ixtszv54kd1m8623","time":1611356612,"event":{"mods":["Act Like it!","Aspiration","Bard","BaseMod","Beaked The Cultist","ChefMod","Colored Map","Colored Powertips","Conspire","Downfall","Duelist Mod","Gensokyo","GifTheSpireLib","Halation","Hermit","Hubris","Infinite Spire","Jorbs\u0027s Wanderer Trilogy","Lobotomy","Minty Spire (QoL Compilation)","Replay The Spire","Robot Space Explorer","Shade Mod","StSLib","The Animator","The Blackbeard","The Bug Knight","The Cursed","The Disciple","The Dragon Tamer","The Marked","The Runesmith","The Servant 0.9.4"],"gold_per_floor":[99,113,127,141,152,169,169,169,169,187,187,187,17,17,30,30,30],"floor_reached":16,"language":"ENG","playtime":1055,"items_purged":[],"score":94,"play_id":"d9318e98-fb6e-4931-aea2-6296f86ee34a","local_time":"20210122150332","is_ascension_mode":false,"campfire_choices":[{"floor":1,"key":"RECALL"},{"floor":12,"key":"REST"}],"circlet_count":0,"master_deck":["bronze:Strike","bronze:Strike","bronze:Strike","bronze:Strike","bronze:Defend","bronze:Defend","bronze:Defend+1","bronze:Replicate","bronze:Goto","bronze:DelayedGuard+1","bronze:Turbo+1","bronze:Optimize","bronze:Frontload","bronze:AlphaBuild","bronze:WhirlingStrike","downfall:Malfunctioning","bronze:CutThrough","infinitespire:UltimateForm","bronze:ClassDefault","bronze:FineTuning"],"relics":["bronze:BronzeCore","halation:PinkSoulGem","hubris:KleinBottle","halation:Thesaurus","Runesmith:Nanobots"],"acts_visited":["Exordium"],"potions_floor_usage":[16,16,16],"damage_taken":[{"damage":1,"enemies":"Jaw Worm","floor":2,"turns":4},{"damage":0,"enemies":"Cultist","floor":3,"turns":4},{"damage":2,"enemies":"Small Slimes","floor":4,"turns":4},{"damage":8,"enemies":"Exordium Thugs","floor":5,"turns":6},{"damage":18,"enemies":"Gremlin Gang","floor":6,"turns":10},{"damage":11,"enemies":"Lots of Slimes","floor":10,"turns":2},{"damage":0,"enemies":"downfall:FleeingMerchant","floor":13,"turns":4},{"damage":7,"enemies":"Blue Slaver","floor":15,"turns":4},{"damage":33,"enemies":"DF_ARCHETYPE_STREAMLINE","floor":16,"turns":6}],"seed_played":"8407976294224065905","potions_obtained":[{"floor":2,"key":"hexamod:SoulburnPotion"},{"floor":4,"key":"Strength Potion"},{"floor":5,"key":"Adrenaline Potion"},{"floor":10,"key":"Toxic Potion"},{"floor":14,"key":"downfall:CursedFountainPotion"}],"is_trial":false,"path_per_floor":["R","M","M","M","M","M","T","?","?","M","$","R","$","?","M","B"],"character_chosen":"THE_AUTOMATON","items_purchased":["hubris:KleinBottle","halation:Thesaurus"],"campfire_rested":1,"item_purchase_floors":[11,13],"current_hp_per_floor":[70,69,69,67,59,43,43,43,43,32,13,34,34,34,27,0,0],"gold":30,"neow_bonus":"TRANSFORM_CARD","is_daily":false,"chose_seed":false,"campfire_upgraded":0,"win_rate":0.0,"timestamp":1611356612,"path_taken":["R","M","M","M","M","M","T","?","?","M","?","R","?","?","M","BOSS"],"items_purchased_type":["Relic","Relic"],"build_version":"2020-12-22","purchased_purges":0,"victory":false,"max_hp_per_floor":[70,70,70,70,70,70,70,70,70,70,70,70,70,70,70,68,68],"card_choices":[{"not_picked":["bronze:Overheat","bronze:Frontload"],"picked":"bronze:Turbo","floor":2},{"not_picked":["bronze:DelayedSlice","bronze:Philosophize"],"picked":"bronze:Optimize","floor":3},{"not_picked":["bronze:Allocate","bronze:Branch"],"picked":"bronze:Frontload","floor":4},{"not_picked":["bronze:Iterate","bronze:DelayedGuard"],"picked":"bronze:AlphaBuild","floor":5},{"not_picked":["bronze:OilSpill","bronze:NullPointer"],"picked":"bronze:WhirlingStrike","floor":6},{"not_picked":["bronze:Invalidate","bronze:DelayedGuard"],"picked":"bronze:CutThrough","floor":10},{"not_picked":["infinitespire:Gouge","hubris:Fate"],"picked":"infinitespire:UltimateForm","floor":11},{"not_picked":["bronze:BuggyMess","bronze:Optimize"],"picked":"bronze:ClassDefault","floor":13},{"not_picked":["bronze:Turbo","bronze:Frontload"],"picked":"bronze:FineTuning","floor":15}],"player_experience":199075,"relics_obtained":[{"floor":7,"key":"ReplayTheSpireMod:Ninjato"}],"event_choices":[],"is_beta":false,"boss_relics":[],"items_purged_floors":[],"is_endless":false,"potions_floor_spawned":[2,4,5,10],"killed_by":"DF_ARCHETYPE_STREAMLINE","ascension_level":0}}