{"host":"tm3ghj8mno6gwywm","time":1611305278,"event":{"mods":["2.2 Compatiblity","AchievementEnabler","Bard","BaseMod","Beaked The Cultist","Better Third Choice","Colored Map","Colored Powertips","Conspire","Downfall","Glutton Mod","GungeonMod","Halation","Hermit","Hubris","Infinite Spire","Jorbs\u0027s Wanderer Trilogy","Mad Scientist","Marisa????????","Marked Mod","Mimic Mod","Minty Spire (QoL Compilation)","Potionbrewer","Quick Restart","Shade Mod","Shop Mod","Somnambulant","Spicy Shops","StSLib","SuperFastMode","The Bug Knight","The Construct","The Cursed","The Disciple","The Hierophant","The IronCluck","The Judge","The Jungle","The Necromancer","The Runesmith","The Servant 0.9.4","egg"],"gold_per_floor":[99,99,109,559,559,262,262,282,282,82,99,11,11,39,53,151,151,51,65,65,13,13,32,57,76,94,113,131,188,227,241,258,358,358,358,375,375,385,398,423,423,438,451,471,496,496,88,99,112,112,112,112,112,112],"floor_reached":52,"language":"ENG","playtime":2304,"items_purged":["downfall:Icky","downfall:Icky"],"score":765,"play_id":"f7aafdbc-4690-474c-9504-c7e7abf49e03","local_time":"20210122034758","is_ascension_mode":false,"campfire_choices":[{"floor":1.0,"key":"RECALL"},{"floor":10.0,"key":"REST"},{"floor":13.0,"key":"REST"},{"data":"bronze:Replicate","floor":18.0,"key":"SMITH"},{"data":"bronze:Goto","floor":35.0,"key":"SMITH"},{"floor":46.0,"key":"REST"}],"circlet_count":0,"master_deck":["bronze:Strike","bronze:Strike","bronze:Strike","bronze:Strike","bronze:Defend+1","bronze:Defend","bronze:Defend","bronze:Defend+1","bronze:Replicate+1","bronze:Goto+1","bronze:Frontload+1","bronze:ChildClass+1","bronze:OilSpill+1","bronze:Overload+1","bronze:DelayedGuard+1","bronze:Turbo+1","bronze:OilSpill+1","bronze:Overheat+1","bronze:BugBarrage+1","bronze:Assembly+1","bronze:CutThrough+1","bronze:WildBeam+1","bronze:Flail+1","bronze:HardenedForm+1","bronze:GetLatest+1","bronze:BronzeArmor+1","bronze:CutThrough+1","bronze:BuggyMess+1","bronze:ChosenStrike+1","bronze:Repulsor+1","bronze:BurnOut+1","bronze:Verify+1","bronze:Refactor+1","expansioncontent:PolyBeam+1","bronze:WhirlingStrike+1","bronze:Constructor+1","bronze:BronzeOrb+1","bronze:DelayedSlice+1","bronze:Separator+1","bronze:WildBeam+1","bronze:Terminator+1","bronze:ItsAFeature+1","bronze:DelayedSlice+1","bronze:InfiniteBeams+1","bronze:DarkDash+1","bronze:Shell+1","bronze:FineTuning+1","bronze:Repulsor+1"],"relics":["bronze:BronzeCore","WingedGreaves","Lizard Tail","Mummified Hand","Black Star","Molten Egg 2","Toxic Egg 2","Frozen Egg 2","Membership Card","potionbrewer:Keyblade","bronze:ProtectiveGoggles","DemoMod:WeirdEgg","hubris:FruitBowl","DemoMod:WhiteGuonStone","halation:PromiseList","downfall:HeartBlessingRed","downfall:HeartBlessingBlue","Tiny Chest","halation:KoshaPiece","potionbrewer:BhaskarasWheel","downfall:HeartBlessingGreen","War Paint","DemoMod:GundromedaStrain","hubris:EmptyBottle","halation:Toothbrush","DemoMod:Bottle","DemoMod:DecoyRelic","Dream Catcher","potionbrewer:MortarAndPestle","infinitespire:PuzzleCube","conspire:DeflatedDodgeball","Orrery","hexamod:Sixitude"],"acts_visited":["Exordium","TheCity","TheBeyond","TheEnding"],"potions_floor_usage":[],"damage_taken":[{"damage":8.0,"enemies":"Jaw Worm","floor":3.0,"turns":4.0},{"damage":0.0,"enemies":"downfall:FleeingMerchant","floor":6.0,"turns":5.0},{"damage":0.0,"enemies":"2 Louse","floor":8.0,"turns":2.0},{"damage":0.0,"enemies":"infinitespire:Voidling","floor":11.0,"turns":3.0},{"damage":0.0,"enemies":"downfall:FleeingMerchant","floor":12.0,"turns":5.0},{"damage":21.0,"enemies":"Lagavulin","floor":14.0,"turns":5.0},{"damage":3.0,"enemies":"Exordium Thugs","floor":15.0,"turns":3.0},{"damage":42.0,"enemies":"DF_ARCHETYPE_STREAMLINE","floor":16.0,"turns":8.0},{"damage":4.0,"enemies":"conspire:FuzzyDice","floor":19.0,"turns":5.0},{"damage":0.0,"enemies":"downfall:FleeingMerchant","floor":21.0,"turns":5.0},{"damage":0.0,"enemies":"Centurion and Healer","floor":23.0,"turns":5.0},{"damage":7.0,"enemies":"Snecko","floor":25.0,"turns":4.0},{"damage":0.0,"enemies":"Snake Plant","floor":26.0,"turns":3.0},{"damage":0.0,"enemies":"Centurion and Healer","floor":27.0,"turns":2.0},{"damage":5.0,"enemies":"3 Cultists","floor":28.0,"turns":4.0},{"damage":6.0,"enemies":"downfall:FleeingMerchant","floor":29.0,"turns":4.0},{"damage":0.0,"enemies":"conspire:HollyBat","floor":30.0,"turns":4.0},{"damage":6.0,"enemies":"conspire:HollyBat","floor":31.0,"turns":10.0},{"damage":0.0,"enemies":"Snecko","floor":32.0,"turns":3.0},{"damage":15.0,"enemies":"WA_ARCHETYPE_CALM","floor":33.0,"turns":3.0},{"damage":13.0,"enemies":"3 Darklings","floor":36.0,"turns":4.0},{"damage":7.0,"enemies":"Orb Walker","floor":38.0,"turns":2.0},{"damage":6.0,"enemies":"Sphere and 2 Shapes","floor":39.0,"turns":3.0},{"damage":16.0,"enemies":"Giant Head","floor":40.0,"turns":6.0},{"damage":6.0,"enemies":"Spire Growth","floor":42.0,"turns":2.0},{"damage":0.0,"enemies":"3 Darklings","floor":43.0,"turns":2.0},{"damage":5.0,"enemies":"Maw","floor":44.0,"turns":4.0},{"damage":0.0,"enemies":"Sphere and 2 Shapes","floor":48.0,"turns":4.0},{"damage":0.0,"enemies":"4 Shapes","floor":49.0,"turns":2.0},{"damage":42.0,"enemies":"IC_BLOCK_ARCHETYPE","floor":50.0,"turns":6.0},{"damage":0,"enemies":"downfall:CharBossMerchant","floor":52,"turns":1}],"seed_played":"-3601883474961443869","potions_obtained":[{"floor":0.0,"key":"DemoMod:BlankPotion"},{"floor":0.0,"key":"Guardian:BlockOnCardUsePotion"},{"floor":0.0,"key":"hexamod:SoulburnPotion"},{"floor":11.0,"key":"Dexterity Potion"},{"floor":14.0,"key":"AttackPotion"},{"floor":25.0,"key":"potionbrewer:CleansingPotion"},{"floor":31.0,"key":"LiquidBronze"},{"floor":39.0,"key":"champ:CounterPotion"},{"floor":44.0,"key":"bronze:CleanCodePotion"}],"is_trial":false,"path_per_floor":["R","?","M","?","?","$","T","M","$","R","M","$","R","E","M","B",null,"R","M","?","$","?","M","T","M","M","M","M","$","MIM","M","M","B",null,"R","M","?","M","M","E","T","M","M","M","T","R","$","M","M","B",null,"E"],"character_chosen":"THE_AUTOMATON","items_purchased":["potionbrewer:Keyblade","bronze:OilSpill+1","bronze:ProtectiveGoggles","DemoMod:WeirdEgg","hubris:FruitBowl","DemoMod:WhiteGuonStone","halation:PromiseList","bronze:OilSpill+1","bronze:Flail+1","DemoMod:GundromedaStrain","hubris:EmptyBottle","bronze:BuggyMess+1","bronze:ChosenStrike+1","conspire:DeflatedDodgeball","Orrery","bronze:Shell+1","hexamod:Sixitude"],"campfire_rested":3,"item_purchase_floors":[6,6,6,6,9,9,9,12,21,29,29,29,29,47,47,47,47],"current_hp_per_floor":[70,70,62,62,67,67,67,67,28,70,70,70,90,69,66,24,90,90,86,86,86,86,86,86,79,79,79,74,68,68,62,62,47,90,90,77,77,70,64,48,48,42,42,42,42,69,69,69,69,27,90,90,90,90],"gold":112,"neow_bonus":"THREE_SMALL_POTIONS","is_daily":false,"chose_seed":false,"campfire_upgraded":2,"win_rate":0.0,"timestamp":1611305278,"path_taken":["R","?","M","?","?","$","T","M","?","R","M","$","R","E","M","BOSS","R","M","?","$","?","M","T","M","M","?","M","$","?","M","M","BOSS","R","M","?","M","M","E","T","M","M","M","?","R","?","M","M","BOSS","E"],"items_purchased_type":["Relic","Card","Relic","Relic","Relic","Relic","Relic","Card","Card","Relic","Relic","Card","Card","Relic","Relic","Card","Relic"],"build_version":"2020-12-22","purchased_purges":2,"victory":false,"max_hp_per_floor":[70,70,70,70,75,75,75,75,75,90,90,90,90,90,90,90,90,90,90,90,90,90,90,90,90,90,90,90,90,90,90,90,90,90,90,90,90,90,90,90,90,90,90,90,90,90,90,90,90,90,90,90,90,90],"card_choices":[{"not_picked":["bronze:Shield+1","bronze:Deprecate+1"],"picked":"bronze:Frontload+1","floor":3.0},{"not_picked":["bronze:Virus+1","bronze:Invalidate+1"],"picked":"bronze:ChildClass+1","floor":6.0},{"not_picked":["bronze:Branch+1","bronze:CutThrough+1"],"picked":"bronze:Overload+1","floor":8.0},{"not_picked":["bronze:FineTuning+1","bronze:Shell+1"],"picked":"bronze:DelayedGuard+1","floor":11.0},{"not_picked":["bronze:DelayedGuard+1","bronze:FindAndReplace+1"],"picked":"bronze:Turbo+1","floor":12.0},{"not_picked":["bronze:Branch+1","bronze:OilSpill+1"],"picked":"bronze:Overheat+1","floor":14.0},{"not_picked":["bronze:BitShift+1","bronze:DelayedGuard+1"],"picked":"bronze:BugBarrage+1","floor":15.0},{"not_picked":["bronze:HardenedForm+1","bronze:RecursiveStrike+1"],"picked":"bronze:Assembly+1","floor":16.0},{"not_picked":["bronze:Deprecate+1","bronze:BuggyMess+1"],"picked":"bronze:CutThrough+1","floor":19.0},{"not_picked":["bronze:Separator+1","bronze:BitShift+1"],"picked":"bronze:WildBeam+1","floor":21.0},{"not_picked":["bronze:DelayedSlice+1","bronze:Invalidate+1"],"picked":"bronze:HardenedForm+1","floor":23.0},{"not_picked":["bronze:InfiniteBeams+1","bronze:BitShift+1","bronze:Shield+1"],"picked":"SKIP","floor":25.0},{"not_picked":["bronze:Branch+1","bronze:DelayedGuard+1"],"picked":"bronze:GetLatest+1","floor":26.0},{"not_picked":["bronze:Constructor+1","bronze:CutThrough+1"],"picked":"bronze:BronzeArmor+1","floor":27.0},{"not_picked":["bronze:Constructor+1","bronze:Turbo+1"],"picked":"bronze:CutThrough+1","floor":28.0},{"not_picked":["bronze:FollowUp+1","bronze:FindAndReplace+1","bronze:Overheat+1"],"picked":"SKIP","floor":29.0},{"not_picked":["bronze:Shield+1","bronze:Constructor+1"],"picked":"bronze:Repulsor+1","floor":31.0},{"not_picked":["bronze:FineTuning+1","bronze:Deprecate+1"],"picked":"bronze:BurnOut+1","floor":32.0},{"not_picked":["bronze:Break+1","bronze:TinkerersToolbox+1"],"picked":"bronze:Verify+1","floor":33.0},{"not_picked":["bronze:Terminator+1","bronze:Frontload+1"],"picked":"bronze:Refactor+1","floor":36.0},{"not_picked":["expansioncontent:PrepareCrush+1","expansioncontent:GuardianWhirl+1"],"picked":"expansioncontent:PolyBeam+1","floor":37.0},{"not_picked":["bronze:DelayedGuard+1","bronze:Philosophize+1"],"picked":"bronze:WhirlingStrike+1","floor":38.0},{"not_picked":["bronze:DelayedSlice+1","bronze:Terminator+1"],"picked":"bronze:Constructor+1","floor":39.0},{"not_picked":["bronze:Hardcode+1","bronze:Shield+1"],"picked":"bronze:BronzeOrb+1","floor":40.0},{"not_picked":["bronze:DigitalCarnage+1","bronze:Iterate+1"],"picked":"bronze:DelayedSlice+1","floor":42.0},{"not_picked":["bronze:WhirlingStrike+1","bronze:Frontload+1"],"picked":"bronze:Separator+1","floor":43.0},{"not_picked":["bronze:CutThrough+1","bronze:ClassDefault+1"],"picked":"bronze:WildBeam+1","floor":44.0},{"not_picked":["bronze:Repulsor+1","bronze:Invalidate+1"],"picked":"bronze:Terminator+1","floor":46.0},{"not_picked":["bronze:Overheat+1","bronze:InfiniteBeams+1"],"picked":"bronze:ItsAFeature+1","floor":47.0},{"not_picked":["bronze:ChosenStrike+1","bronze:Shield+1"],"picked":"bronze:DelayedSlice+1","floor":47.0},{"not_picked":["bronze:CloningBeam+1","bronze:NullPointer+1"],"picked":"bronze:InfiniteBeams+1","floor":47.0},{"not_picked":["bronze:Return+1","bronze:SpaghettiCode+1"],"picked":"bronze:DarkDash+1","floor":47.0},{"not_picked":["bronze:WhirlingStrike+1","bronze:Constructor+1"],"picked":"bronze:FineTuning+1","floor":48.0},{"not_picked":["bronze:Overheat+1","bronze:Overload+1"],"picked":"bronze:Repulsor+1","floor":49.0}],"player_experience":823016,"relics_obtained":[{"floor":14.0,"key":"Tiny Chest"},{"floor":14.0,"key":"halation:KoshaPiece"},{"floor":24.0,"key":"War Paint"},{"floor":30.0,"key":"halation:Toothbrush"},{"floor":30.0,"key":"DemoMod:Bottle"},{"floor":40.0,"key":"DemoMod:DecoyRelic"},{"floor":40.0,"key":"Dream Catcher"},{"floor":41.0,"key":"potionbrewer:MortarAndPestle"},{"floor":45.0,"key":"infinitespire:PuzzleCube"}],"event_choices":[{"damage_healed":0.0,"max_hp_gain":0.0,"max_hp_loss":0.0,"gold_gain":0.0,"event_name":"conspire:LoneGhost","player_choice":"Disagree","floor":2.0,"gold_loss":0.0,"damage_taken":0.0},{"damage_healed":0.0,"max_hp_gain":5.0,"max_hp_loss":0.0,"gold_gain":0.0,"event_name":"Big Fish","player_choice":"Donut","floor":5.0,"gold_loss":0.0,"damage_taken":0.0},{"damage_healed":0.0,"max_hp_gain":0.0,"max_hp_loss":0.0,"gold_gain":0.0,"event_name":"NoteForYourself","player_choice":"Ignored","floor":22.0,"gold_loss":0.0,"damage_taken":0.0}],"is_beta":false,"boss_relics":[{"not_picked":["Astrolabe","Coffee Dripper"],"picked":"potionbrewer:BhaskarasWheel"},{"not_picked":["Runic Pyramid","Philosopher\u0027s Stone","Sozu"]}],"items_purged_floors":[6,12],"is_endless":false,"potions_floor_spawned":[11,14,15,25,28,31,32,39,40,44,49],"killed_by":"downfall:CharBossMerchant","ascension_level":0}}