{"host":"6eswuwtz6j8isipc","time":1611353089,"event":{"mods":["BaseMod","Better Third Choice","BetterRewards","Colored Map","Conspire","Hubris","Infinite Spire","Minty Spire (QoL Compilation)","Replay The Spire","Spicy Shops","StSLib","The Animator","The Bug Knight"],"gold_per_floor":[109,109,34,46,46,46,66,77,152,184,34,64,4,19,19,124,124,137,212,230,110,126,159,179,179,179],"floor_reached":25,"language":"ENG","playtime":5654,"items_purged":["HollowMod:NailStrikeStart"],"score":283,"play_id":"0814e6d7-432e-47f7-87c8-91f30a35712f","local_time":"20210122170449","is_ascension_mode":false,"campfire_choices":[{"data":"HollowMod:FocusHealStart","floor":6.0,"key":"SMITH"},{"data":"HollowMod:HuntersJournal","floor":15.0,"key":"SMITH"}],"circlet_count":0,"master_deck":["HollowMod:NailStrikeStart","HollowMod:NailStrikeStart","HollowMod:QuickDashStart","HollowMod:QuickDashStart","HollowMod:QuickDashStart","HollowMod:QuickDashStart","HollowMod:FocusHealStart+1","HollowMod:PogoStrike","HollowMod:LifebloodCore","HollowMod:CycloneSlash","HollowMod:HuntersJournal","HollowMod:ChannelNail","HollowMod:MantisMark","HollowMod:NewGlowingWomb","Replay:Dark Deal","Master of Strategy","HollowMod:HuntersJournal+1","HollowMod:ZotesMagnificence","HollowMod:HeavyBlow+1","HollowMod:CrystalDash"],"relics":["HollowMod:VesselMask","hubris:Towel","Replay:Ringing Soul","hubris:ToyBattleship","conspire:TopHat","ReplayTheSpireMod:ShopPack","Snecko Heart","Pear","Bag of Preparation"],"acts_visited":["Exordium","TheCity"],"potions_floor_usage":[23],"damage_taken":[{"damage":1.0,"enemies":"2 Louse","floor":1.0,"turns":8.0},{"damage":0.0,"enemies":"Small Slimes","floor":4.0,"turns":5.0},{"damage":1.0,"enemies":"Jaw Worm","floor":7.0,"turns":5.0},{"damage":5.0,"enemies":"Lots of Slimes","floor":8.0,"turns":2.0},{"damage":3.0,"enemies":"HollowMod:MossKnight","floor":10.0,"turns":8.0},{"damage":21.0,"enemies":"Replay:BlueRogue","floor":12.0,"turns":8.0},{"damage":5.0,"enemies":"Exordium Thugs","floor":14.0,"turns":4.0},{"damage":48.0,"enemies":"Slime Boss","floor":16.0,"turns":7.0},{"damage":33.0,"enemies":"Shell Parasite","floor":18.0,"turns":6.0},{"damage":0,"enemies":"Spheric Guardian","floor":20,"turns":3},{"damage":28,"enemies":"Snecko","floor":22,"turns":8},{"damage":34,"enemies":"Nightmare","floor":23,"turns":11},{"damage":17,"enemies":"Snake Plant","floor":24,"turns":3},{"damage":0,"enemies":"Centurion and Healer","floor":25,"turns":2}],"seed_played":"8448972546635511432","potions_obtained":[{"floor":4.0,"key":"CultistPotion"},{"floor":7.0,"key":"Strength Potion"},{"floor":8.0,"key":"SkillPotion"},{"floor":22,"key":"AttackPotion"},{"floor":23,"key":"SteroidPotion"}],"is_trial":false,"path_per_floor":["M","?","?","M","?","R","M","M","T","E","$","E","$","M","R","B",null,"M","?","M","$","M","NM","M","M"],"character_chosen":"THE_BUGKNIGHT","items_purchased":["HollowMod:NewGlowingWomb","ReplayTheSpireMod:ShopPack","Pear"],"campfire_rested":0,"item_purchase_floors":[11,13,21],"current_hp_per_floor":[59,59,64,74,74,74,80,80,80,80,83,72,75,79,79,46,92,74,65,65,75,56,32,21,27,27],"gold":179,"neow_bonus":"THREE_RARE_CARDS","is_daily":false,"chose_seed":false,"campfire_upgraded":2,"win_rate":0.0,"timestamp":1611353089,"path_taken":["M","?","?","M","?","R","M","?","T","E","?","E","$","M","R","BOSS","M","?","M","$","M","NM","M","?"],"items_purchased_type":["Card","Relic","Relic"],"build_version":"2020-12-22","purchased_purges":1,"victory":false,"max_hp_per_floor":[75,75,80,80,80,80,80,80,80,80,83,83,86,89,89,92,92,95,95,95,105,108,108,108,108,108],"card_choices":[{"not_picked":["HollowMod:HornetsHelp","HollowMod:ElderbugsWisdom"],"picked":"HollowMod:LifebloodCore","floor":0.0},{"not_picked":["HollowMod:GoodIntentions","HollowMod:SoulSplash"],"picked":"HollowMod:CycloneSlash","floor":1.0},{"not_picked":["HollowMod:DreamGate","HollowMod:SoulSplash"],"picked":"HollowMod:HuntersJournal","floor":4.0},{"not_picked":["HollowMod:DungDefenderAura","HollowMod:DreamGate"],"picked":"HollowMod:ChannelNail","floor":7.0},{"not_picked":["HollowMod:CycloneSlash","HollowMod:DreamGate"],"picked":"HollowMod:MantisMark","floor":8.0},{"not_picked":["HollowMod:DoubleDash","HollowMod:DescendingDark","HollowMod:CycloneSlash"],"picked":"SKIP","floor":10.0},{"not_picked":["HollowMod:CycloneSlash","HollowMod:DesolateDive","HollowMod:DashSlash"],"picked":"SKIP","floor":12.0},{"not_picked":["ReplayTheSpireMod:Necrogeddon","Violence"],"picked":"Replay:Dark Deal","floor":13.0},{"not_picked":["ReplayTheSpireMod:Trickstab","Survey Options"],"picked":"Master of Strategy","floor":13.0},{"not_picked":["HollowMod:DoubleDash","HollowMod:MantisMark"],"picked":"HollowMod:HuntersJournal","floor":14.0},{"not_picked":["HollowMod:HornetsHelp","HollowMod:SoulMaster"],"picked":"HollowMod:ZotesMagnificence","floor":16.0},{"not_picked":["HollowMod:QuirrelsAssistance","HollowMod:SoulSplash"],"picked":"HollowMod:HeavyBlow+1","floor":18.0},{"not_picked":["HollowMod:WraithStrike","HollowMod:DashSlash","HollowMod:VengefulVoid"],"picked":"SKIP","floor":20},{"not_picked":["HollowMod:HowlingWraiths","HollowMod:SoulSplash+1"],"picked":"HollowMod:CrystalDash","floor":22},{"not_picked":["HollowMod:DesolateDive","HollowMod:LifebloodCocoon","HollowMod:NewLittleFool+1"],"picked":"SKIP","floor":23},{"not_picked":["HollowMod:CloakDash","HollowMod:LifebloodCocoon+1","HollowMod:SharpenedNail"],"picked":"SKIP","floor":24}],"player_experience":1308101,"relics_obtained":[{"floor":9.0,"key":"Replay:Ringing Soul"},{"floor":10.0,"key":"hubris:ToyBattleship"},{"floor":12.0,"key":"conspire:TopHat"},{"floor":23,"key":"Bag of Preparation"}],"event_choices":[{"cards_removed":["HollowMod:NailStrikeStart"],"damage_healed":0.0,"max_hp_gain":0.0,"max_hp_loss":0.0,"gold_gain":0.0,"event_name":"Living Wall","player_choice":"Forget","floor":2.0,"gold_loss":0.0,"damage_taken":0.0},{"damage_healed":0,"gold_gain":75,"player_choice":"Touch","damage_taken":9,"max_hp_gain":0,"max_hp_loss":0,"event_name":"FaceTrader","floor":19,"gold_loss":0}],"is_beta":false,"boss_relics":[{"not_picked":["Kintsugi","hubris:Stopwatch"],"picked":"Snecko Heart"}],"items_purged_floors":[11],"is_endless":true,"potions_floor_spawned":[4,7,8,10,14,22,23],"killed_by":"Centurion and Healer","ascension_level":0}}