{"host":"qekv59dthhdg54sz","time":1611295099,"event":{"mods":["AchievementEnabler","BaseMod","Colored Map","DeckTracker","KOR Keyword Fix","Minty Spire (QoL Compilation)","Rare Cards Sparkle","StSLib","SuperFastMode"],"gold_per_floor":[111,111,126,51,51,51,81,81,150,150,162,219,219,233,233,310,310,320,336,336,306,206,206,81,81,81,99,114,114,130,150,150,229,229,245,245,245,83,103,103,134,152,152,172,22,22,49,49,49,49,49],"floor_reached":52,"language":"KOR","playtime":1103,"items_purged":["Strike_P","Collect","Consecrate","Vengeance+1"],"score":2016,"play_id":"3b6de6e9-b41f-4229-8ba2-1f6c8a0fb402","local_time":"20210122145819","is_ascension_mode":true,"campfire_choices":[{"data":"Eruption","floor":6.0,"key":"SMITH"},{"data":"EmptyFist","floor":8.0,"key":"SMITH"},{"data":"EmptyMind","floor":10.0,"key":"SMITH"},{"data":"CrushJoints","floor":15.0,"key":"SMITH"},{"data":"EmptyMind","floor":23.0,"key":"SMITH"},{"data":"DeusExMachina","floor":25.0,"key":"SMITH"},{"data":"SpiritShield","floor":29.0,"key":"SMITH"},{"floor":32.0,"key":"REST"},{"data":"InnerPeace","floor":40.0,"key":"SMITH"},{"floor":46.0,"key":"REST"},{"floor":49.0,"key":"REST"}],"circlet_count":0,"master_deck":["AscendersBane","Eruption+1","Vigilance","FlurryOfBlows","EmptyFist+1","EmptyMind+1","FlurryOfBlows","CrushJoints+1","DeusExMachina+1","SpiritShield+1","FearNoEvil","DeceiveReality","EmptyMind+1","Tantrum+1","Halt","Vault+1","InnerPeace+1","Vault","Madness","Madness"],"relics":["PureWater","NeowsBlessing","Orichalcum","Shuriken","Question Card","Frozen Egg 2","Pandora\u0027s Box","Molten Egg 2","Cursed Key","Orrery","Gremlin Horn","Smiling Mask"],"acts_visited":["Exordium","TheCity","TheBeyond"],"potions_floor_usage":[51,51],"damage_taken":[{"damage":0.0,"enemies":"2 Louse","floor":1.0,"turns":1.0},{"damage":0.0,"enemies":"Jaw Worm","floor":3.0,"turns":1.0},{"damage":0.0,"enemies":"Gremlin Nob","floor":7.0,"turns":1.0},{"damage":0.0,"enemies":"Small Slimes","floor":11.0,"turns":2.0},{"damage":10.0,"enemies":"Gremlin Nob","floor":12.0,"turns":3.0},{"damage":1.0,"enemies":"Looter","floor":14.0,"turns":3.0},{"damage":25.0,"enemies":"The Guardian","floor":16.0,"turns":6.0},{"damage":15.0,"enemies":"Shell Parasite","floor":18.0,"turns":3.0},{"damage":0.0,"enemies":"3 Byrds","floor":19.0,"turns":2.0},{"damage":4.0,"enemies":"Shelled Parasite and Fungi","floor":27.0,"turns":3.0},{"damage":0.0,"enemies":"3 Cultists","floor":28.0,"turns":3.0},{"damage":0.0,"enemies":"Snake Plant","floor":30.0,"turns":2.0},{"damage":0.0,"enemies":"Centurion and Healer","floor":31.0,"turns":3.0},{"damage":0.0,"enemies":"Automaton","floor":33.0,"turns":4.0},{"damage":0.0,"enemies":"3 Shapes","floor":35.0,"turns":3.0},{"damage":0.0,"enemies":"Orb Walker","floor":39.0,"turns":1.0},{"damage":13.0,"enemies":"Nemesis","floor":41.0,"turns":4.0},{"damage":0.0,"enemies":"Transient","floor":42.0,"turns":6.0},{"damage":28.0,"enemies":"3 Darklings","floor":44.0,"turns":4.0},{"damage":0.0,"enemies":"Reptomancer","floor":47.0,"turns":3.0},{"damage":24.0,"enemies":"Donu and Deca","floor":50.0,"turns":6.0},{"damage":24,"enemies":"Time Eater","floor":51,"turns":6}],"seed_played":"5964733015673554555","potions_obtained":[{"floor":1.0,"key":"StancePotion"},{"floor":7.0,"key":"Dexterity Potion"},{"floor":16.0,"key":"SteroidPotion"},{"floor":28.0,"key":"LiquidMemories"},{"floor":31.0,"key":"Swift Potion"},{"floor":33.0,"key":"Ambrosia"},{"floor":41.0,"key":"EssenceOfSteel"}],"is_trial":false,"path_per_floor":["M","?","M","$","?","R","E","R","T","R","M","?","T","M","R","B",null,"M","M","?","?","$","R","$","R","T","M","M","R","M","M","R","B",null,"M","$","?","$","M","R","E","M","T","M","$","R","E","?","R","B","B",null],"character_chosen":"WATCHER","items_purchased":["Orrery"],"campfire_rested":3,"item_purchase_floors":[38],"current_hp_per_floor":[61,61,61,61,54,54,54,54,54,54,54,44,44,43,43,18,56,41,41,41,41,41,41,41,41,41,37,37,37,37,37,57,57,65,65,65,65,65,65,65,52,52,52,24,24,44,44,32,52,28,4],"gold":49,"neow_bonus":"THREE_ENEMY_KILL","is_daily":false,"chose_seed":false,"campfire_upgraded":8,"win_rate":0.0,"timestamp":1611295099,"path_taken":["M","?","M","$","?","R","E","R","T","R","M","?","?","?","R","BOSS","M","?","?","?","$","R","$","R","T","M","?","R","?","M","R","BOSS","M","$","?","?","M","R","E","M","T","M","$","R","E","?","R","BOSS","BOSS"],"items_purchased_type":["Relic"],"build_version":"2020-12-22","purchased_purges":4,"victory":true,"max_hp_per_floor":[68,68,68,68,68,68,68,68,68,68,68,68,68,68,68,68,68,68,68,68,68,68,68,68,68,68,68,68,68,68,68,68,68,68,68,68,68,68,68,68,68,68,68,68,68,68,68,68,68,68,68],"card_choices":[{"not_picked":["ReachHeaven","SashWhip"],"picked":"FlurryOfBlows","floor":1.0},{"not_picked":["FlyingSleeves","Protect"],"picked":"EmptyFist","floor":3.0},{"not_picked":["ThirdEye","FlyingSleeves"],"picked":"EmptyMind","floor":7.0},{"not_picked":["LikeWater","SignatureMove"],"picked":"FlurryOfBlows","floor":11.0},{"not_picked":["ClearTheMind","BowlingBash","SignatureMove"],"picked":"CrushJoints","floor":14.0},{"not_picked":["Alpha","Blasphemy","MasterReality+1"],"picked":"DeusExMachina","floor":16.0},{"not_picked":["PathToVictory","Indignation+1","Consecrate"],"picked":"Tantrum+1","floor":18.0},{"not_picked":["ThirdEye+1","DeceiveReality","PathToVictory"],"picked":"Halt","floor":19.0},{"not_picked":["CutThroughFate+1","Tantrum+1","Crescendo","ClearTheMind"],"picked":"SKIP","floor":27.0},{"not_picked":["Consecrate+1","Halt","SignatureMove+1","Perseverance"],"picked":"SKIP","floor":28.0},{"not_picked":["Worship","EmptyBody","Nirvana+1","Conclude+1"],"picked":"SKIP","floor":30.0},{"not_picked":["SashWhip+1","EmptyFist+1","CutThroughFate+1","Protect"],"picked":"SKIP","floor":31.0},{"not_picked":["Wish","Establishment+1","DeusExMachina"],"picked":"Vault","floor":33.0},{"not_picked":["TalkToTheHand+1","ClearTheMind+1","Protect"],"picked":"InnerPeace","floor":35.0},{"not_picked":["DeceiveReality","Worship","SpiritShield"],"picked":"Vengeance+1","floor":38.0},{"not_picked":["FlyingSleeves+1","EmptyFist+1","SignatureMove+1","ThirdEye"],"picked":"SKIP","floor":39.0},{"not_picked":["ReachHeaven+1","EmptyFist+1","SashWhip+1","CutThroughFate+1"],"picked":"SKIP","floor":41.0},{"not_picked":["Crescendo","Fasting2+1","SashWhip+1","JustLucky+1"],"picked":"SKIP","floor":42.0},{"not_picked":["InnerPeace","CarveReality+1","Indignation+1","WreathOfFlame"],"picked":"SKIP","floor":44.0},{"not_picked":["Nirvana+1","Protect+1","ForeignInfluence"],"picked":"Vault","floor":47.0}],"player_experience":801993,"relics_obtained":[{"floor":7.0,"key":"Orichalcum"},{"floor":9.0,"key":"Shuriken"},{"floor":12.0,"key":"Question Card"},{"floor":13.0,"key":"Frozen Egg 2"},{"floor":26.0,"key":"Molten Egg 2"},{"floor":41.0,"key":"Gremlin Horn"},{"floor":47.0,"key":"Smiling Mask"}],"event_choices":[{"damage_healed":0.0,"max_hp_gain":0.0,"max_hp_loss":0.0,"gold_gain":0.0,"event_name":"Liars Game","player_choice":"Ignored","floor":2.0,"gold_loss":0.0,"damage_taken":0.0},{"cards_removed":["Defend_P"],"damage_healed":0.0,"max_hp_gain":0.0,"max_hp_loss":0.0,"gold_gain":0.0,"event_name":"Golden Wing","player_choice":"Card Removal","floor":5.0,"gold_loss":0.0,"damage_taken":7.0},{"damage_healed":0.0,"max_hp_gain":0.0,"max_hp_loss":0.0,"gold_gain":30.0,"event_name":"Dead Adventurer","player_choice":"Searched \u00272\u0027 times","floor":12.0,"gold_loss":0.0,"damage_taken":0.0},{"damage_healed":0.0,"max_hp_gain":0.0,"max_hp_loss":0.0,"gold_gain":0.0,"event_name":"The Mausoleum","player_choice":"Ignored","floor":20.0,"gold_loss":0.0,"damage_taken":0.0},{"damage_healed":0.0,"max_hp_gain":0.0,"max_hp_loss":0.0,"gold_gain":0.0,"event_name":"The Woman in Blue","player_choice":"Bought 2 Potions","floor":21.0,"gold_loss":0.0,"damage_taken":0.0},{"damage_healed":0.0,"max_hp_gain":0.0,"max_hp_loss":0.0,"gold_gain":0.0,"event_name":"Accursed Blacksmith","player_choice":"Forge","floor":37.0,"gold_loss":0.0,"damage_taken":0.0,"cards_upgraded":["Vault"]},{"damage_healed":0.0,"max_hp_gain":0.0,"max_hp_loss":0.0,"gold_gain":0.0,"event_name":"Winding Halls","player_choice":"Embrace Madness","floor":48.0,"gold_loss":0.0,"damage_taken":12.0,"cards_obtained":["Madness","Madness"]}],"is_beta":false,"boss_relics":[{"not_picked":["SacredBark","VioletLotus"],"picked":"Pandora\u0027s Box"},{"not_picked":["Black Star","Tiny House"],"picked":"Cursed Key"}],"items_purged_floors":[4,22,24,45],"is_endless":false,"potions_floor_spawned":[1,7,11,16,19,28,31,33,41,42],"ascension_level":20}}