{"host":"22s5scuj7mu87reg","time":1611275070,"event":{"mods":["BaseMod","Better Third Choice","Colored Powertips","Dota2Spire","Downfall","Duelist Mod","GungeonMod","Halation","Hubris","Infinite Spire","Koishi","KomeijiMod","Minty Spire (QoL Compilation)","Quick Restart","Replay The Spire","Shop Mod","StSLib","SuperFastMode","The Jungle","The Mystic","The Necromancer","Wandering Minibosses"],"gold_per_floor":[118,68,48,67,67,94,94,94,94,125,149,163,180,180,180,180],"floor_reached":15,"language":"POL","playtime":459,"items_purged":[],"score":166,"play_id":"c83f9004-55de-4bf1-b913-2b4f83b54abd","local_time":"20210122012430","is_ascension_mode":true,"campfire_choices":[{"data":"ReplayTheSpireMod:Fabricate Wheel","floor":7,"key":"SMITH"},{"floor":14,"key":"REST"}],"circlet_count":0,"master_deck":["Strike_B","Strike_B","Defend_B","Defend_B","Defend_B","Defend_B","Zap","Dualcast","Coolheaded","Lockon","Thunder Strike","Barrage","Turbo","Panic Button","Reboot"],"relics":["Cracked Core","NeowsBlessing","Oddly Smooth Stone","Prayer Wheel","Replay:PocketPolymizer","DemoMod:WeirdEgg"],"acts_visited":["Exordium"],"potions_floor_usage":[15],"damage_taken":[{"damage":0,"enemies":"2 Louse","floor":1,"turns":1},{"damage":0,"enemies":"Cultist","floor":4,"turns":1},{"damage":0,"enemies":"Gremlin Nob","floor":6,"turns":1},{"damage":42,"enemies":"Lagavulin","floor":10,"turns":8},{"damage":11,"enemies":"Small Slimes","floor":12,"turns":3},{"damage":8,"enemies":"Exordium Wildlife","floor":13,"turns":5},{"damage":30,"enemies":"3 Sentries","floor":15,"turns":7}],"seed_played":"2392647714157019372","potions_obtained":[{"floor":3,"key":"hexamod:EctoCoolerPotion"},{"floor":4,"key":"DuplicationPotion"},{"floor":6,"key":"CalmPotion"},{"floor":12,"key":"SteroidPotion"}],"is_trial":false,"path_per_floor":["M","?","?","M","$","E","R","PTL","PTL","E","T","M","M","R","E"],"character_chosen":"DEFECT","items_purchased":[],"campfire_rested":1,"item_purchase_floors":[],"current_hp_per_floor":[68,68,68,68,68,68,68,68,68,26,26,15,7,29,0,0],"gold":180,"neow_bonus":"THREE_ENEMY_KILL","is_daily":false,"chose_seed":false,"campfire_upgraded":1,"win_rate":0.0,"timestamp":1611275070,"path_taken":["M","?","?","M","$","E","R","PTL","PTL","E","T","?","M","R","E"],"items_purchased_type":[],"build_version":"2020-12-13","purchased_purges":0,"victory":false,"max_hp_per_floor":[75,75,75,75,75,75,75,75,75,75,75,75,75,75,75,75],"card_choices":[{"not_picked":["Darkness","Stack"],"picked":"Coolheaded","floor":1},{"not_picked":["Ball Lightning","Rebound"],"picked":"ReplayTheSpireMod:Fabricate Wheel","floor":4},{"not_picked":["Redo","Steam"],"picked":"Lockon","floor":6},{"not_picked":["Redo","Panic Button"],"picked":"Barrage","floor":10},{"not_picked":["Barrage","Hologram"],"picked":"Turbo","floor":12},{"not_picked":["ReplayGash","Stack","Leap"],"picked":"SKIP","floor":12},{"not_picked":["Go for the Eyes","Stack"],"picked":"Panic Button","floor":13},{"not_picked":["Rebound","Streamline","Leap"],"picked":"SKIP","floor":13}],"player_experience":166486,"relics_obtained":[{"floor":6,"key":"Oddly Smooth Stone"},{"floor":10,"key":"Replay:PocketPolymizer"},{"floor":11,"key":"DemoMod:WeirdEgg"}],"event_choices":[{"cards_removed":["Strike_B"],"damage_healed":0,"gold_gain":0,"player_choice":"Card Removal","damage_taken":0,"max_hp_gain":0,"max_hp_loss":0,"event_name":"The Cleric","floor":2,"gold_loss":50},{"damage_healed":0,"gold_gain":0,"player_choice":"Bought 1 Potion","damage_taken":0,"max_hp_gain":0,"max_hp_loss":0,"event_name":"The Woman in Blue","floor":3,"gold_loss":0}],"is_beta":false,"boss_relics":[],"items_purged_floors":[],"is_endless":false,"potions_floor_spawned":[4,6,10,12],"killed_by":"3 Sentries","ascension_level":6}}