{"host":"7sni158j623xchr2","time":1611358843,"event":{"mods":["BaseMod","Colored Map","Highlight Path","Minty Spire (QoL Compilation)","Permanent Neow","Potion Indicator Mod","Rare Cards Sparkle","Relic Sorter","Relic Stats","StSLib","everything is the same but u backflip on backflip"],"gold_per_floor":[110,110,121,23,43,43,6,6,6,18,37,50,50,85,85,182,182,194,194,208,133,165,194,194,220,220,252,152,152,152,172,172,273,273,288,288,1287,529,529,554,199,199,199,219,247,247,22,56,68,80,92,104,14,44,44],"floor_reached":56,"language":"ENG","playtime":1671,"items_purged":["Defend_P","Parasite","Normality","Strike_P+1","Parasite"],"score":1545,"play_id":"de9385ec-a5ba-4da4-9aa6-996791076069","local_time":"20210122174043","is_ascension_mode":true,"campfire_choices":[{"data":"Eruption","floor":6,"key":"SMITH"},{"data":"CutThroughFate","floor":8,"key":"SMITH"},{"data":"Wallop","floor":15,"key":"SMITH"},{"data":"Adaptation","floor":24,"key":"SMITH"},{"data":"TalkToTheHand","floor":29,"key":"SMITH"},{"data":"Meditate","floor":32,"key":"SMITH"},{"data":"Fasting2","floor":42,"key":"SMITH"},{"floor":46,"key":"RECALL"},{"data":"Ragnarok","floor":49,"key":"SMITH"},{"data":"MentalFortress","floor":52,"key":"SMITH"}],"circlet_count":0,"master_deck":["Strike_P+1","Defend_P+1","Defend_P+1","Eruption+1","Vigilance","ThirdEye","FlurryOfBlows","CutThroughFate+1","MentalFortress+1","Wallop+1","BowlingBash","Consecrate","Ragnarok+1","Meditate+1","TalkToTheHand+1","EmptyFist+1","Adaptation+1","Wish","Fasting2+1","Panache","Sanctity+1","ThirdEye+1","CrushJoints+1"],"relics":["Coffee Dripper","Mercury Hourglass","Meat on the Bone","Cursed Key","Red Mask","Dead Branch","Damaru","Vajra","Empty Cage","Mummified Hand","Blood Vial","Spirit Poop","Bottled Tornado","Bag of Preparation","Pear","Molten Egg 2","MawBank","Pantograph"],"acts_visited":["Exordium","TheCity","TheBeyond","TheEnding"],"potions_floor_usage":[27,33,40,45,50,54,55,55],"damage_taken":[{"damage":0,"enemies":"Jaw Worm","floor":1,"turns":4},{"damage":0,"enemies":"Cultist","floor":3,"turns":4},{"damage":1,"enemies":"Small Slimes","floor":5,"turns":2},{"damage":1,"enemies":"Looter","floor":10,"turns":3},{"damage":0,"enemies":"Large Slime","floor":11,"turns":3},{"damage":2,"enemies":"3 Louse","floor":12,"turns":2},{"damage":0,"enemies":"3 Sentries","floor":14,"turns":2},{"damage":0,"enemies":"Slime Boss","floor":16,"turns":4},{"damage":0,"enemies":"3 Byrds","floor":18,"turns":3},{"damage":0,"enemies":"Shell Parasite","floor":20,"turns":3},{"damage":27,"enemies":"Masked Bandits","floor":22,"turns":3},{"damage":15,"enemies":"Book of Stabbing","floor":23,"turns":5},{"damage":6,"enemies":"Slavers","floor":25,"turns":4},{"damage":1,"enemies":"Gremlin Leader","floor":27,"turns":4},{"damage":0,"enemies":"Shelled Parasite and Fungi","floor":31,"turns":2},{"damage":23,"enemies":"Automaton","floor":33,"turns":6},{"damage":0,"enemies":"Orb Walker","floor":35,"turns":2},{"damage":38,"enemies":"Reptomancer","floor":40,"turns":4},{"damage":0,"enemies":"3 Darklings","floor":44,"turns":2},{"damage":12,"enemies":"Nemesis","floor":45,"turns":5},{"damage":0,"enemies":"Reptomancer","floor":48,"turns":3},{"damage":4,"enemies":"Donu and Deca","floor":50,"turns":7},{"damage":30,"enemies":"Shield and Spear","floor":54,"turns":5},{"damage":24,"enemies":"The Heart","floor":55,"turns":8}],"seed_played":"-361974344857046929","potions_obtained":[{"floor":2,"key":"EssenceOfSteel"},{"floor":2,"key":"Weak Potion"},{"floor":2,"key":"Ambrosia"},{"floor":11,"key":"Strength Potion"},{"floor":25,"key":"Block Potion"},{"floor":27,"key":"FearPotion"},{"floor":40,"key":"Weak Potion"}],"is_trial":false,"path_per_floor":["M","?","M","$","M","R","$","R","T","M","M","M","$","E","R","B",null,"M","?","M","?","?","E","R","E","T","E","$","R","?","M","R","B",null,"M","?","?","$","?","E","$","R","T","M","E","R","$","E","R","B",null,"R","$","E","B",null],"character_chosen":"WATCHER","items_purchased":["FlurryOfBlows","MentalFortress","Fasting2","Mummified Hand","Panache","Blood Vial","Bag of Preparation","AttackPotion","ColorlessPotion","CrushJoints+1","BottledMiracle"],"campfire_rested":0,"item_purchase_floors":[4,7,38,38,38,38,41,41,47,53,53],"current_hp_per_floor":[72,72,72,72,71,71,71,71,71,70,70,68,68,68,68,68,72,72,72,72,72,45,42,42,48,48,47,47,47,47,47,47,36,69,69,69,69,69,69,43,43,43,53,55,45,45,45,47,47,45,76,76,76,46,49],"gold":44,"neow_bonus":"BOSS_RELIC","is_daily":false,"chose_seed":false,"campfire_upgraded":9,"win_rate":0.0,"timestamp":1611358843,"path_taken":["M","?","M","$","M","R","$","R","T","M","M","M","?","E","R","BOSS","M","?","M","?","?","E","R","E","T","E","$","R","?","M","R","BOSS","M","?","?","$","?","E","$","R","T","M","E","R","$","E","R","BOSS","R","$","E","BOSS"],"items_purchased_type":["Card","Card","Card","Relic","Card","Relic","Relic","Potion","Potion","Card","Potion"],"build_version":"2020-12-22","purchased_purges":5,"victory":true,"max_hp_per_floor":[72,72,72,72,72,72,72,72,72,72,72,72,72,72,72,72,72,72,72,72,72,72,72,72,72,72,72,69,69,69,69,69,69,69,69,69,69,69,69,69,69,69,79,79,79,79,76,76,76,76,76,76,76,76,76],"relic_stats":{"Blood Vial":10,"counters":[24,88],"Mummified Hand":[35],"Dead Branch":[26],"Pantograph":25,"Bag of Preparation":[12],"Cursed Key":2,"MawBank":60,"obtain_stats":[{"Pear":43,"Dead Branch":23,"Damaru":25,"Vajra":27,"Spirit Poop":39,"Bag of Preparation":41,"Bottled Tornado":40,"Cursed Key":17,"Empty Cage":34,"MawBank":48,"Mercury Hourglass":9,"Blood Vial":38,"Mummified Hand":38,"Pantograph":54,"Molten Egg 2":45,"Coffee Dripper":0,"Red Mask":22,"PureWater":0,"Meat on the Bone":14},{"Pear":18,"Dead Branch":12,"Damaru":13,"Vajra":14,"Spirit Poop":17,"Bag of Preparation":18,"Bottled Tornado":18,"Cursed Key":8,"Empty Cage":16,"MawBank":21,"Mercury Hourglass":3,"Blood Vial":17,"Mummified Hand":17,"Pantograph":23,"Molten Egg 2":20,"Coffee Dripper":0,"Red Mask":11,"PureWater":0,"Meat on the Bone":7},{"Pear":58,"Dead Branch":37,"Damaru":40,"Vajra":44,"Spirit Poop":54,"Bag of Preparation":58,"Bottled Tornado":58,"Cursed Key":24,"Empty Cage":52,"MawBank":68,"Mercury Hourglass":10,"Blood Vial":54,"Mummified Hand":54,"Pantograph":80,"Molten Egg 2":65,"Coffee Dripper":0,"Red Mask":32,"PureWater":0,"Meat on the Bone":20}],"Mercury Hourglass":[344],"Meat on the Bone":48},"card_choices":[{"not_picked":["Crescendo","SignatureMove","EmptyBody"],"picked":"SKIP","floor":1},{"not_picked":["Evaluate","Sanctity"],"picked":"ThirdEye","floor":3},{"not_picked":["ForeignInfluence","ThirdEye"],"picked":"CutThroughFate","floor":5},{"not_picked":["Evaluate","CutThroughFate"],"picked":"Wallop","floor":10},{"not_picked":["Prostrate","FollowUp"],"picked":"BowlingBash","floor":11},{"not_picked":["EmptyBody","Prostrate"],"picked":"Consecrate","floor":12},{"not_picked":["MasterReality","Swivel","Protect"],"picked":"SKIP","floor":14},{"not_picked":["ConjureBlade","Devotion"],"picked":"Ragnarok","floor":16},{"not_picked":["BowlingBash","SandsOfTime"],"picked":"Meditate","floor":18},{"not_picked":["Perseverance","BattleHymn"],"picked":"TalkToTheHand","floor":20},{"not_picked":["Crescendo","ThirdEye"],"picked":"EmptyFist+1","floor":22},{"not_picked":["SashWhip+1","WaveOfTheHand"],"picked":"Adaptation","floor":23},{"not_picked":["Conclude","Blasphemy","Crescendo"],"picked":"SKIP","floor":25},{"not_picked":["EmptyFist","Weave","Prostrate"],"picked":"SKIP","floor":27},{"not_picked":["WreathOfFlame","WindmillStrike","Halt"],"picked":"SKIP","floor":31},{"not_picked":["Establishment","DevaForm"],"picked":"Wish","floor":33},{"not_picked":["Prostrate","Crescendo","Consecrate"],"picked":"SKIP","floor":35},{"not_picked":["WindmillStrike+1","Collect+1","JustLucky"],"picked":"SKIP","floor":40},{"not_picked":["BowlingBash+1","Devotion","FollowUp+1"],"picked":"SKIP","floor":44},{"not_picked":["WaveOfTheHand","EmptyBody+1"],"picked":"Sanctity+1","floor":45},{"not_picked":["Protect+1","InnerPeace"],"picked":"ThirdEye+1","floor":48},{"not_picked":["ReachHeaven+1","Evaluate","FlyingSleeves+1"],"picked":"SKIP","floor":54}],"player_experience":1679564,"relics_obtained":[{"floor":9,"key":"Mercury Hourglass"},{"floor":14,"key":"Meat on the Bone"},{"floor":22,"key":"Red Mask"},{"floor":23,"key":"Dead Branch"},{"floor":25,"key":"Damaru"},{"floor":27,"key":"Vajra"},{"floor":40,"key":"Bottled Tornado"},{"floor":43,"key":"Pear"},{"floor":45,"key":"Molten Egg 2"},{"floor":48,"key":"MawBank"},{"floor":54,"key":"Pantograph"}],"event_choices":[{"damage_healed":0,"gold_gain":0,"player_choice":"Got Potions","damage_taken":0,"max_hp_gain":0,"max_hp_loss":0,"event_name":"Lab","floor":2,"gold_loss":0},{"damage_healed":0,"gold_gain":0,"player_choice":"Ignored","damage_taken":0,"max_hp_gain":0,"max_hp_loss":0,"event_name":"Vampires","floor":19,"gold_loss":0},{"cards_removed":["Strike_P"],"damage_healed":0,"gold_gain":0,"player_choice":"Gave Gold","damage_taken":0,"max_hp_gain":0,"max_hp_loss":0,"event_name":"Beggar","floor":21,"gold_loss":75},{"damage_healed":0,"gold_gain":0,"player_choice":"Fought Bandits","damage_taken":0,"max_hp_gain":0,"max_hp_loss":0,"event_name":"Masked Bandits","floor":22,"gold_loss":0},{"damage_healed":0,"gold_gain":0,"player_choice":"Simplicity","damage_taken":0,"max_hp_gain":0,"max_hp_loss":0,"event_name":"Back to Basics","floor":30,"gold_loss":0,"cards_upgraded":["Strike_P","Strike_P","Strike_P","Defend_P","Defend_P","Defend_P"]},{"damage_healed":0,"gold_gain":0,"player_choice":"Ignored","damage_taken":0,"max_hp_gain":0,"max_hp_loss":0,"event_name":"Mysterious Sphere","floor":36,"gold_loss":0},{"damage_healed":0,"gold_gain":999,"player_choice":"Gold","damage_taken":0,"max_hp_gain":0,"max_hp_loss":0,"event_name":"MindBloom","floor":37,"gold_loss":0,"cards_obtained":["Normality","Normality"]},{"cards_removed":["Normality"],"damage_healed":0,"gold_gain":0,"player_choice":"Offered Curse","damage_taken":0,"relics_obtained":["Spirit Poop"],"max_hp_gain":0,"max_hp_loss":0,"event_name":"Bonfire Elementals","floor":39,"gold_loss":0}],"is_beta":false,"boss_relics":[{"not_picked":["Velvet Choker","SacredBark"],"picked":"Cursed Key"},{"not_picked":["Busted Crown","VioletLotus"],"picked":"Empty Cage"}],"items_purged_floors":[4,28,38,41,47],"is_endless":false,"potions_floor_spawned":[11,12,18,20,25,27,40,48],"ascension_level":3}}