{"host":"agbyy69nq62afhwx","time":1611323538,"event":{"mods":["BaseMod","Colored Map","DeckTracker","Highlight Path","Keyboard Shortcuts","Minty Spire (QoL Compilation)","Quick Restart","StSLib","SuperFastMode","everything is the same but u backflip on backflip"],"gold_per_floor":[111,186,198,168,179,179,213,213,240,267,267,283,302,316,316,392,392,374,384,401,416,416,416],"floor_reached":22,"language":"KOR","playtime":813,"items_purged":[],"score":330,"play_id":"506b03ec-e6e0-4bfe-be37-a4f5b127f00e","local_time":"20210122225218","is_ascension_mode":true,"campfire_choices":[{"data":"Zap","floor":6.0,"key":"SMITH"},{"data":"Coolheaded","floor":8.0,"key":"SMITH"},{"floor":11.0,"key":"REST"},{"floor":15.0,"key":"REST"}],"circlet_count":0,"master_deck":["AscendersBane","Strike_B","Strike_B","Strike_B","Strike_B","Defend_B","Defend_B","Defend_B","Defend_B","Zap+1","Dualcast","Skim","Rebound","Glacier","Coolheaded+1","Seek","White Noise","Echo Form","Auto Shields","Hologram","Ball Lightning"],"relics":["Cracked Core","NeowsBlessing","DataDisk","Blood Vial","Bag of Preparation","Velvet Choker"],"acts_visited":["Exordium","TheCity"],"potions_floor_usage":[22],"damage_taken":[{"damage":0.0,"enemies":"Jaw Worm","floor":1.0,"turns":1.0},{"damage":0.0,"enemies":"Cultist","floor":3.0,"turns":1.0},{"damage":0.0,"enemies":"2 Louse","floor":5.0,"turns":1.0},{"damage":28.0,"enemies":"Lagavulin","floor":7.0,"turns":7.0},{"damage":21.0,"enemies":"Gremlin Nob","floor":10.0,"turns":4.0},{"damage":28.0,"enemies":"Gremlin Gang","floor":12.0,"turns":6.0},{"damage":0.0,"enemies":"Exordium Wildlife","floor":13.0,"turns":4.0},{"damage":2.0,"enemies":"Large Slime","floor":14.0,"turns":7.0},{"damage":25.0,"enemies":"The Guardian","floor":16.0,"turns":14.0},{"damage":26.0,"enemies":"2 Thieves","floor":18.0,"turns":5.0},{"damage":0.0,"enemies":"Spheric Guardian","floor":19.0,"turns":6.0},{"damage":26.0,"enemies":"Centurion and Healer","floor":20.0,"turns":10.0},{"damage":6.0,"enemies":"Shelled Parasite and Fungi","floor":21.0,"turns":7.0},{"damage":22,"enemies":"Masked Bandits","floor":22,"turns":2}],"seed_played":"-8120301903151470670","potions_obtained":[{"floor":3.0,"key":"Weak Potion"},{"floor":4.0,"key":"SkillPotion"},{"floor":5.0,"key":"ColorlessPotion"},{"floor":12.0,"key":"EssenceOfDarkness"}],"is_trial":false,"path_per_floor":["M","?","M","?","M","R","E","R","T","E","R","M","M","M","R","B",null,"M","M","M","M","?"],"character_chosen":"DEFECT","items_purchased":[],"campfire_rested":2,"item_purchase_floors":[],"current_hp_per_floor":[68,61,61,61,61,61,33,33,33,14,36,10,12,12,34,11,59,35,37,13,9,0,0],"gold":416,"neow_bonus":"THREE_ENEMY_KILL","is_daily":false,"chose_seed":false,"campfire_upgraded":2,"win_rate":0.0,"timestamp":1611323538,"path_taken":["M","?","?","?","M","R","E","R","T","E","R","?","M","M","R","BOSS","M","M","M","M","?"],"items_purchased_type":[],"build_version":"2020-12-22","purchased_purges":0,"victory":false,"max_hp_per_floor":[75,75,75,75,75,75,75,75,75,75,75,75,75,75,75,75,75,75,75,75,75,75,75],"card_choices":[{"not_picked":["Leap","Streamline"],"picked":"Skim","floor":1.0},{"not_picked":["Blizzard","Leap"],"picked":"Rebound","floor":3.0},{"not_picked":["Turbo","Steam Power"],"picked":"Glacier","floor":5.0},{"not_picked":["Self Repair","Streamline"],"picked":"Coolheaded","floor":7.0},{"not_picked":["Stack","Skim"],"picked":"Seek","floor":10.0},{"not_picked":["Stack","Reprogram","Beam Cell"],"picked":"SKIP","floor":12.0},{"not_picked":["Leap","Glacier","Conserve Battery"],"picked":"SKIP","floor":13.0},{"not_picked":["Echo Form","Doom and Gloom"],"picked":"White Noise","floor":14.0},{"not_picked":["Machine Learning","Meteor Strike"],"picked":"Echo Form","floor":16.0},{"not_picked":["Rebound","Tempest"],"picked":"Auto Shields","floor":18.0},{"not_picked":["Compile Driver","Go for the Eyes"],"picked":"Hologram","floor":19.0},{"not_picked":["Steam","Self Repair"],"picked":"Ball Lightning","floor":20.0},{"not_picked":["Heatsinks","Ball Lightning","Beam Cell"],"picked":"SKIP","floor":21.0}],"player_experience":432324,"relics_obtained":[{"floor":7.0,"key":"DataDisk"},{"floor":9.0,"key":"Blood Vial"},{"floor":10.0,"key":"Bag of Preparation"}],"event_choices":[{"damage_healed":0.0,"max_hp_gain":0.0,"max_hp_loss":0.0,"gold_gain":75.0,"event_name":"FaceTrader","player_choice":"Touch","floor":2.0,"gold_loss":0.0,"damage_taken":7.0},{"damage_healed":0.0,"max_hp_gain":0.0,"max_hp_loss":0.0,"gold_gain":0.0,"event_name":"The Woman in Blue","player_choice":"Bought 2 Potions","floor":4.0,"gold_loss":0.0,"damage_taken":0.0},{"damage_healed":0,"gold_gain":0,"player_choice":"Fought Bandits","damage_taken":0,"max_hp_gain":0,"max_hp_loss":0,"event_name":"Masked Bandits","floor":22,"gold_loss":0}],"is_beta":false,"boss_relics":[{"not_picked":["SlaversCollar","Cursed Key"],"picked":"Velvet Choker"}],"items_purged_floors":[],"is_endless":false,"potions_floor_spawned":[3,5,12,16,20],"killed_by":"Masked Bandits","ascension_level":13}}