{"host":"6aycdg1azw3gf4o9","time":1611323898,"event":{"mods":["Arknights The Spire","BaseMod","CapriCore","Marisa£®ÏF”Í°°ƒß¿Ì…≥£©","Minty Spire (QoL Compilation)","READ ME - Guardian Mod","Remilia£®¿Ÿ√◊¿Ú—«£©","StSLib"],"gold_per_floor":[112,129,57,57,87,87,115,8,8,8,8,51,76,76,76,211,211,251,251,251,27,62,118,118,17,55,113,28,59,59,97,97,243,243,283,86,86,128,159,159,159],"floor_reached":40,"language":"ZHS","playtime":1620,"items_purged":["ats:Strike S"],"score":422,"play_id":"b02e4d0f-df92-4d9e-845a-1732b70ebbd1","local_time":"20210122215818","is_ascension_mode":false,"campfire_choices":[{"data":"ats:Closed Bolt Burst Fire","floor":6.0,"key":"SMITH"},{"data":"ats:Demon Strength","floor":11.0,"key":"SMITH"},{"floor":15.0,"key":"REST"},{"data":"J.A.X.","floor":24.0,"key":"SMITH"},{"floor":32,"key":"REST"}],"circlet_count":0,"master_deck":["ats:Strike C","ats:Strike G","ats:Armor Crushing Shot","ats:Defend","ats:Defend","ats:Defend","ats:Defend","ats:Emotion Absorption","ats:Hammer On","ats:Mental Burst","ats:Sword Rain","ats:Closed Bolt Burst Fire+1","ats:Apocalypse","ats:Demon Strength+1","ats:Leaping Hammer","ats:Revitalization","ats:Blood Oath","ats:Calcification","ats:Childhood Dance","J.A.X.+1","ats:Thorns","ats:Sashimi Platter","ats:Assault Order","ats:Part Time Job+1","ats:Apocalypse","ats:Mental Burst","ats:Steam Pump+1","ats:Wolf Pack","ats:Composite Medical Shells+1","ats:Curse Doll","Writhe","ats:Hammer On+1"],"relics":["ats:Sanity","Unceasing Top","ats:Gyao","Lizard Tail","ats:Originium","Bronze Scales","Golden Idol","Philosopher\u0027s Stone","Toy Ornithopter","Regal Pillow","Tiny Chest","Turnip","Matryoshka","Empty Cage","Oddly Smooth Stone","Bottled Flame","Lantern"],"acts_visited":["Exordium","TheCity","TheBeyond"],"potions_floor_usage":[27,27,33],"damage_taken":[{"damage":11.0,"enemies":"Jaw Worm","floor":1.0,"turns":5.0},{"damage":6.0,"enemies":"Cultist","floor":2.0,"turns":4.0},{"damage":3.0,"enemies":"Small Slimes","floor":5.0,"turns":3.0},{"damage":6.0,"enemies":"3 Louse","floor":7.0,"turns":3.0},{"damage":20.0,"enemies":"3 Sentries","floor":12.0,"turns":4.0},{"damage":7.0,"enemies":"2 Fungi Beasts","floor":13.0,"turns":3.0},{"damage":35.0,"enemies":"The Guardian","floor":16.0,"turns":6.0},{"damage":17.0,"enemies":"Shell Parasite","floor":18.0,"turns":3.0},{"damage":8.0,"enemies":"Chosen","floor":22.0,"turns":4.0},{"damage":34.0,"enemies":"Gremlin Leader","floor":23.0,"turns":5.0},{"damage":76,"enemies":"Slavers","floor":27,"turns":5},{"damage":35,"enemies":"3 Cultists","floor":29,"turns":4},{"damage":58,"enemies":"Shelled Parasite and Fungi","floor":31,"turns":4},{"damage":100,"enemies":"Automaton","floor":33,"turns":9},{"damage":26,"enemies":"Orb Walker","floor":35,"turns":3},{"damage":26,"enemies":"3 Darklings","floor":39,"turns":4},{"damage":100,"enemies":"Nemesis","floor":40,"turns":7}],"seed_played":"258186902544734879","potions_obtained":[{"floor":2.0,"key":"SpeedPotion"},{"floor":5.0,"key":"Swift Potion"},{"floor":7.0,"key":"Weak Potion"},{"floor":10.0,"key":"Fruit Juice"},{"floor":10.0,"key":"Strength Potion"},{"floor":10.0,"key":"Strength Potion"},{"floor":18.0,"key":"SteroidPotion"},{"floor":23.0,"key":"FairyPotion"},{"floor":31,"key":"SpeedPotion"}],"is_trial":false,"path_per_floor":["M","M","$","?","M","R","M","$","T","?","R","E","M","?","R","B",null,"M","?","?","$","M","E","R","$","T","E","?","M","?","M","R","B",null,"M","$","?","T","M","E"],"character_chosen":"DOCTOR_CLASS","items_purchased":["ats:Sword Rain","ats:Demon Strength","ats:Leaping Hammer","ats:Thorns","ats:Sashimi Platter","ats:Apocalypse","Weak Potion","ats:Curse Doll","Oddly Smooth Stone"],"campfire_rested":2,"item_purchase_floors":[3,8,8,21,21,25,25,36,36],"current_hp_per_floor":[54,48,48,48,45,45,39,39,39,44,44,29,27,10,31,17,70,59,59,59,59,57,48,48,48,48,8,8,13,13,10,46,4,70,46,46,64,64,53,0,0],"gold":159,"neow_bonus":"ONE_RARE_RELIC","is_daily":false,"chose_seed":false,"campfire_upgraded":3,"win_rate":0.0,"timestamp":1611323898,"path_taken":["M","M","$","?","M","R","M","$","T","?","R","E","?","?","R","BOSS","M","?","?","$","M","E","R","$","T","E","?","M","?","M","R","BOSS","M","$","?","?","M","E"],"items_purchased_type":["Card","Card","Card","Card","Card","Card","Potion","Card","Relic"],"build_version":"2020-12-22","purchased_purges":1,"victory":false,"max_hp_per_floor":[65,65,65,65,65,65,65,65,65,70,70,70,70,70,70,70,70,70,70,70,70,70,70,70,70,70,70,70,70,70,70,70,70,70,70,70,70,70,70,70,70],"card_choices":[{"not_picked":["ats:Very Hot Blade","ats:Curse Doll"],"picked":"ats:Hammer On","floor":1.0},{"not_picked":["ats:Leaping Hammer","ats:Demon Strength"],"picked":"ats:Mental Burst","floor":2.0},{"not_picked":["ats:Hammer On","ats:Ignite"],"picked":"ats:Closed Bolt Burst Fire","floor":5.0},{"not_picked":["ats:Cat Scratch","ats:Nebulous Foxfire"],"picked":"ats:Apocalypse","floor":7.0},{"not_picked":["ats:Thermite Blade","ats:Childhood Dance"],"picked":"ats:Revitalization","floor":12.0},{"not_picked":["ats:Burning Ground","ats:Counter Healing Mode"],"picked":"ats:Blood Oath","floor":13.0},{"not_picked":["ats:Roar Of Ursus","ats:True Silver Slash"],"picked":"ats:Calcification","floor":16.0},{"not_picked":["ats:Flame Of Heaven","ats:Guardian Obelisk+1"],"picked":"ats:Childhood Dance","floor":18.0},{"not_picked":["ats:Apocalypse","ats:Poison Spread"],"picked":"ats:Assault Order","floor":22.0},{"not_picked":["ats:Overload","ats:Thermite Blade"],"picked":"ats:Part Time Job+1","floor":23.0},{"not_picked":["ats:Assault Order+1","ats:Shell Defense"],"picked":"ats:Mental Burst","floor":27},{"not_picked":["ats:Ignite+1","ats:Blood Oath"],"picked":"ats:Steam Pump+1","floor":29},{"not_picked":["ats:Poison Spread","ats:Ignite","ats:Powerful Strike"],"picked":"SKIP","floor":31},{"not_picked":["ats:True Silver Slash","ats:Durian"],"picked":"ats:Wolf Pack","floor":33},{"not_picked":["ats:Shell Defense+1","ats:Beaten Up+1"],"picked":"ats:Composite Medical Shells+1","floor":35},{"not_picked":["ats:Revitalization","ats:Steam Pump+1"],"picked":"ats:Hammer On+1","floor":39}],"player_experience":440378,"relics_obtained":[{"floor":9.0,"key":"Lizard Tail"},{"floor":12.0,"key":"ats:Originium"},{"floor":12.0,"key":"Bronze Scales"},{"floor":23.0,"key":"ats:Originium"},{"floor":23.0,"key":"Regal Pillow"},{"floor":26.0,"key":"Tiny Chest"},{"floor":27,"key":"ats:Originium"},{"floor":27,"key":"Turnip"},{"floor":38,"key":"Bottled Flame"},{"floor":38,"key":"Lantern"}],"event_choices":[{"damage_healed":0.0,"max_hp_gain":0.0,"max_hp_loss":0.0,"gold_gain":0.0,"event_name":"Big Fish","player_choice":"Box","floor":4.0,"gold_loss":0.0,"damage_taken":0.0,"relics_obtained":["ats:Gyao"],"cards_obtained":["Regret"]},{"damage_healed":0.0,"max_hp_gain":0.0,"max_hp_loss":0.0,"gold_gain":0.0,"event_name":"Lab","player_choice":"Got Potions","floor":10.0,"gold_loss":0.0,"damage_taken":0.0},{"damage_healed":0.0,"max_hp_gain":0.0,"max_hp_loss":0.0,"gold_gain":0.0,"event_name":"Golden Idol","player_choice":"Take Damage","floor":14.0,"gold_loss":0.0,"damage_taken":17.0,"relics_obtained":["Golden Idol"]},{"damage_healed":0.0,"max_hp_gain":0.0,"max_hp_loss":0.0,"gold_gain":0.0,"event_name":"Drug Dealer","player_choice":"Obtain J.A.X.","floor":19.0,"gold_loss":0.0,"damage_taken":0.0,"cards_obtained":["J.A.X."]},{"damage_healed":0.0,"max_hp_gain":0.0,"max_hp_loss":0.0,"gold_gain":0.0,"event_name":"The Mausoleum","player_choice":"Opened","floor":20.0,"gold_loss":0.0,"damage_taken":0.0,"relics_obtained":["Toy Ornithopter"]},{"damage_healed":0,"gold_gain":0,"player_choice":"Obtained Relic","damage_taken":0,"relics_obtained":["Matryoshka"],"max_hp_gain":0,"max_hp_loss":0,"event_name":"Addict","floor":28,"gold_loss":85},{"damage_healed":0,"gold_gain":0,"player_choice":"Ignored","damage_taken":0,"max_hp_gain":0,"max_hp_loss":0,"event_name":"Ghosts","floor":30,"gold_loss":0},{"damage_healed":18,"gold_gain":0,"player_choice":"Writhe","damage_taken":0,"max_hp_gain":0,"max_hp_loss":0,"event_name":"Winding Halls","floor":37,"gold_loss":0,"cards_obtained":["Writhe"]}],"is_beta":false,"boss_relics":[{"not_picked":["Pandora\u0027s Box","ats:Tactical Delivery"],"picked":"Philosopher\u0027s Stone"},{"not_picked":["Coffee Dripper","Tiny House"],"picked":"Empty Cage"}],"items_purged_floors":[21],"is_endless":false,"potions_floor_spawned":[2,5,7,18,23,31],"killed_by":"Nemesis","ascension_level":0}}