{"host":"z8n47vy4vaymw9pl","time":1611347719,"event":{"mods":["Act Like it!","Always Whale","BaseMod","Better Altar","Better Match","Better Note","Better Sensory Stone","Better Skull","Better Third Choice","Colored Map","Colored Powertips","Defuse TimeMaze Blight","Downfall","Energized Spire","Hubris","Minty Spire (QoL Compilation)","Replay The Spire","StSLib","The Blue Laboratory","The Caster","Unceasing Turn Reminder"],"gold_per_floor":[99,110,128,142,162,195,221,221,231,256,56,89,89,3,19,124,124,24,24,9,24,34,68,68,68,83,233,233,233,233,247,257,362,362,362,376,390,588,607,607,607,607],"floor_reached":40,"language":"ENG","playtime":2716,"items_purged":[],"score":478,"play_id":"756d55ac-2b5f-4819-a017-a77df79bd52a","local_time":"20210122123519","is_ascension_mode":false,"campfire_choices":[{"floor":1,"key":"RECALL"},{"floor":11,"key":"REST"},{"data":"champ:RisingSlash","floor":13,"key":"SMITH"},{"data":"champ:GladiatorForm","floor":18,"key":"SMITH"},{"data":"champ:TripleStrike","floor":25,"key":"SMITH"},{"data":"champ:ShieldWall","floor":28,"key":"SMITH"},{"data":"champ:TornadoPunch","floor":30,"key":"SMITH"},{"data":"champ:SteelEdge","floor":35,"key":"SMITH"}],"circlet_count":0,"master_deck":["champ:Strike","champ:Strike","champ:Defend","champ:Defend","champ:Defend","champ:Execute","champ:Taunt+1","champ:Parry+1","champ:PreciseThrust","champ:FocusedDefense","champ:Duel+1","downfall:Aged","champ:BringItOn","champ:RisingSlash+1","champ:DefensiveShout","champ:GladiatorForm+1","champ:ShieldWall+1","champ:PreemptiveStrike","champ:TripleStrike+1","champ:Duel+1","champ:Parry","champ:RisingSlash","champ:TornadoPunch+1","hubris:Despair","champ:Backstep","champ:SteelEdge+1","champ:GladiatorStyle+1","champ:HeartStrike+1","champ:ShieldWall+1","champ:Lariat+1","Decay","champ:IronFortress"],"relics":["champ:ChampionCrown","WingedGreaves","downfall:HeartBlessingBlue","downfall:HeartBlessingRed","Smiling Mask","Cursed Key","downfall:HeartBlessingGreen","Guardian:PocketSentry","Pear","Astrolabe"],"acts_visited":["Exordium","TheCity","TheBeyond"],"potions_floor_usage":[10,10,16,22,22,32,39,40],"damage_taken":[{"damage":21,"enemies":"Cultist","floor":2,"turns":3},{"damage":16,"enemies":"Jaw Worm","floor":3,"turns":4},{"damage":12,"enemies":"Small Slimes","floor":4,"turns":4},{"damage":9,"enemies":"Red Slaver","floor":5,"turns":4},{"damage":41,"enemies":"Replay:BlueRogue","floor":6,"turns":7},{"damage":5,"enemies":"Large Slime","floor":9,"turns":6},{"damage":24,"enemies":"Gremlin Nob","floor":10,"turns":4},{"damage":10,"enemies":"3 Sentries","floor":12,"turns":6},{"damage":20,"enemies":"downfall:FleeingMerchant","floor":14,"turns":4},{"damage":2,"enemies":"Blue Slaver","floor":15,"turns":4},{"damage":22,"enemies":"SI_SHIV_ARCHETYPE","floor":16,"turns":10},{"damage":0,"enemies":"downfall:FleeingMerchant","floor":20,"turns":4},{"damage":4,"enemies":"Chosen","floor":21,"turns":4},{"damage":0,"enemies":"Spheric Guardian","floor":22,"turns":3},{"damage":13,"enemies":"Book of Stabbing","floor":23,"turns":4},{"damage":12,"enemies":"Centurion and Healer","floor":26,"turns":5},{"damage":18,"enemies":"Shelled Parasite and Fungi","floor":31,"turns":4},{"damage":10,"enemies":"Cultist and Chosen","floor":32,"turns":5},{"damage":45,"enemies":"IC_MUSHROOM_ARCHETYPE","floor":33,"turns":8},{"damage":0,"enemies":"Orb Walker","floor":36,"turns":3},{"damage":3,"enemies":"3 Shapes","floor":37,"turns":4},{"damage":43,"enemies":"Jaw Worm Horde","floor":39,"turns":5},{"damage":24,"enemies":"3 Darklings","floor":40,"turns":3}],"seed_played":"6765577619740608639","potions_obtained":[{"floor":2,"key":"SteroidPotion"},{"floor":5,"key":"FearPotion"},{"floor":6,"key":"blueLaboratory:RememoryPotion"},{"floor":12,"key":"blueLaboratory:BottledHope"},{"floor":16,"key":"blueLaboratory:BubblePotion"},{"floor":21,"key":"GamblersBrew"},{"floor":26,"key":"SpeedPotion"},{"floor":31,"key":"blueLaboratory:BottleOfRum"},{"floor":32,"key":"blueLaboratory:BottleOfVodka"},{"floor":37,"key":"GamblersBrew"},{"floor":39,"key":"SkillPotion"}],"is_trial":false,"path_per_floor":["R","M","M","M","M","E","T","?","M","E","R","E","R","$","M","B",null,"R","?","$","M","M","E","T","R","M","?","R","?","R","M","M","B",null,"R","M","M","?","M","M"],"character_chosen":"THE_CHAMP","items_purchased":["champ:ShieldWall"],"campfire_rested":1,"item_purchase_floors":[14],"current_hp_per_floor":[90,89,83,81,72,41,41,41,41,17,57,57,57,47,45,23,100,100,100,100,96,96,83,93,93,81,81,81,81,81,63,63,28,110,110,110,107,107,64,40,40,40],"gold":607,"neow_bonus":"UPGRADE_CARD","is_daily":false,"chose_seed":false,"campfire_upgraded":6,"win_rate":0.0,"timestamp":1611347719,"path_taken":["R","M","M","?","M","E","T","?","?","E","R","E","R","$","M","BOSS","R","?","$","?","M","E","T","R","M","?","R","?","R","M","M","BOSS","R","M","M","?","M","M"],"items_purchased_type":["Card"],"build_version":"2020-12-22","purchased_purges":0,"victory":false,"max_hp_per_floor":[90,90,90,90,90,90,90,90,90,90,100,100,100,100,100,100,100,100,100,100,100,100,100,110,110,110,110,110,110,110,110,110,110,110,110,110,110,110,110,110,110,110],"card_choices":[{"not_picked":["champ:StanceDance","champ:Endure"],"picked":"champ:Parry","floor":2},{"not_picked":["champ:StanceDance","champ:Shatter"],"picked":"champ:PreciseThrust","floor":3},{"not_picked":["champ:EndlessRage","champ:Circumvent"],"picked":"champ:FocusedDefense","floor":4},{"not_picked":["champ:CrownThrow","champ:HeartStrike","champ:CrookedStrike"],"picked":"SKIP","floor":5},{"not_picked":["champ:Encircle","champ:Circumvent"],"picked":"champ:Duel","floor":6},{"not_picked":["champ:EnGarde","champ:CrookedStrike"],"picked":"champ:BringItOn","floor":9},{"not_picked":["champ:EnGarde","champ:StanceDance"],"picked":"champ:RisingSlash","floor":10},{"not_picked":["champ:FanOfKnives","champ:Encircle"],"picked":"champ:DefensiveShout","floor":12},{"not_picked":["champ:ArenaPreparation","champ:BerserkersShout"],"picked":"champ:GladiatorForm","floor":14},{"not_picked":["champ:BerserkersShout","champ:Backstep"],"picked":"champ:PreemptiveStrike","floor":15},{"not_picked":["champ:Improvising","champ:ShieldThrow"],"picked":"champ:TripleStrike","floor":16},{"not_picked":["champ:CrownThrow","champ:GladiatorStyle+1"],"picked":"champ:Parry","floor":20},{"not_picked":["champ:BerserkersShout","champ:BringItOn+1"],"picked":"champ:RisingSlash","floor":21},{"not_picked":["champ:DefensiveShout+1","champ:PreemptiveStrike"],"picked":"champ:TornadoPunch","floor":22},{"not_picked":["champ:BringItOn","champ:GutPunch+1","champ:RecklessLeap"],"picked":"SKIP","floor":23},{"not_picked":["champ:StanceDance","champ:FanOfKnives","champ:RapidStrikes+1"],"picked":"SKIP","floor":26},{"not_picked":["champ:Parry","champ:BringItOn"],"picked":"champ:Backstep","floor":31},{"not_picked":["champ:Backstep","champ:FalseCounter","champ:Shatter"],"picked":"SKIP","floor":32},{"not_picked":["champ:HeavySlash","champ:ShieldThrow"],"picked":"champ:SteelEdge","floor":33},{"not_picked":["champ:AdrenalArmor+1","champ:GladiatorStyle"],"picked":"champ:Lariat+1","floor":36},{"not_picked":["champ:GladiatorStyle","champ:DefensiveShout+1","champ:GutPunch+1"],"picked":"SKIP","floor":37},{"not_picked":["champ:CrownThrow+1","champ:DefensiveShout"],"picked":"champ:IronFortress","floor":38},{"not_picked":["champ:GutPunch","champ:Parry+1","champ:EndlessRage"],"picked":"SKIP","floor":39}],"player_experience":534584,"relics_obtained":[{"floor":6,"key":"Pet Ghost"},{"floor":10,"key":"WingedGreaves"},{"floor":12,"key":"Smiling Mask"},{"floor":23,"key":"Guardian:PocketSentry"},{"floor":24,"key":"Pear"}],"event_choices":[{"damage_healed":0,"gold_gain":0,"player_choice":"Ignored","damage_taken":0,"max_hp_gain":0,"max_hp_loss":0,"event_name":"betterNote:BetterNote","floor":29,"gold_loss":0,"cards_obtained":["Ghostly"]}],"is_beta":false,"boss_relics":[{"not_picked":["Painkiller Herb","SacredBark"],"picked":"Cursed Key"},{"not_picked":["hubris:VirtuousBlindfold","Runic Dome"],"picked":"Astrolabe"}],"items_purged_floors":[],"is_endless":false,"potions_floor_spawned":[2,5,6,12,16,21,26,31,32,33,37,39],"killed_by":"3 Darklings","ascension_level":0}}