{"host":"6a92uynocv4elkyp","time":1611341071,"event":{"mods":["AchievementEnabler","BaseMod","Hubris","Infinite Spire","Minty Spire (QoL Compilation)","Quick Restart","StSLib"],"gold_per_floor":[144,174,222,276,306,402,402,402,402],"floor_reached":8,"language":"ENG","playtime":480,"items_purged":[],"score":120,"play_id":"6ae372cb-e208-48c8-94c3-21a1a69a2b58","local_time":"20210122194431","daily_mods":["SealedDeck","Heirloom","Flight","DeadlyEvents","Elite Swarm","Midas"],"is_ascension_mode":true,"campfire_choices":[],"circlet_count":0,"master_deck":["AscendersBane","Coolheaded","Coolheaded","Cold Snap","Conserve Battery","Double Energy","Loop","Static Discharge","Static Discharge","Heatsinks","Gash","Defragment","Ball Lightning","Seek","White Noise","Creative AI"],"relics":["Cracked Core","hubris:FunFungus","InkBottle"],"acts_visited":["Exordium"],"potions_floor_usage":[6,6],"damage_taken":[{"damage":1,"enemies":"Jaw Worm","floor":1,"turns":3},{"damage":0,"enemies":"Cultist","floor":2,"turns":4},{"damage":9,"enemies":"2 Louse","floor":3,"turns":4},{"damage":14,"enemies":"Red Slaver","floor":4,"turns":3},{"damage":17,"enemies":"Exordium Wildlife","floor":5,"turns":3},{"damage":9,"enemies":"Gremlin Nob","floor":6,"turns":4},{"damage":28,"enemies":"3 Sentries","floor":8,"turns":3}],"seed_played":"7170963769714809441","potions_obtained":[{"floor":3,"key":"CultistPotion"},{"floor":4,"key":"Ancient Potion"}],"is_trial":true,"path_per_floor":["M","M","M","M","M","E","?","E"],"character_chosen":"DEFECT","items_purchased":[],"campfire_rested":0,"item_purchase_floors":[],"current_hp_per_floor":[63,65,60,46,29,22,22,0,0],"gold":402,"neow_bonus":"","is_daily":false,"chose_seed":false,"campfire_upgraded":0,"win_rate":0.0,"timestamp":1611341071,"path_taken":["M","M","M","M","M","E","?","E"],"items_purchased_type":[],"build_version":"2020-12-22","purchased_purges":0,"victory":false,"max_hp_per_floor":[71,71,71,71,71,71,71,71,71],"card_choices":[{"not_picked":["Cold Snap","Steam","Leap"],"picked":"SKIP","floor":1},{"not_picked":["Sweeping Beam","Turbo"],"picked":"Defragment","floor":2},{"not_picked":["Compile Driver","Steam Power","Barrage"],"picked":"SKIP","floor":3},{"not_picked":["Redo","Conserve Battery"],"picked":"Ball Lightning","floor":4},{"not_picked":["Leap","Ball Lightning","Lockon"],"picked":"SKIP","floor":5},{"not_picked":["Fission","Multi-Cast"],"picked":"Seek","floor":6}],"player_experience":143444,"relics_obtained":[{"floor":6,"key":"InkBottle"}],"event_choices":[{"damage_healed":0,"gold_gain":0,"player_choice":"2 cards matched","damage_taken":0,"max_hp_gain":0,"max_hp_loss":0,"event_name":"Match and Keep!","floor":7,"gold_loss":0,"cards_obtained":["White Noise","Creative AI"]}],"is_beta":false,"boss_relics":[],"items_purged_floors":[],"is_endless":false,"potions_floor_spawned":[3,4,5],"killed_by":"3 Sentries","ascension_level":20}}