{"host":"a7n5dzefz0hsmd08","time":1611344723,"event":{"mods":["2.2 Compatiblity","AchievementEnabler","BaseMod","Minty Spire (QoL Compilation)","Relic Stats","StSLib"],"gold_per_floor":[116,116,129,129,129,155,167,167,167,167,17,17,50,50,50,178,178,178,178],"floor_reached":18,"language":"ENG","playtime":497,"items_purged":[],"score":166,"play_id":"8dfbd40a-6589-4607-a0dd-c6d43772bc0e","local_time":"20210122204523","is_ascension_mode":false,"campfire_choices":[{"floor":8,"key":"REST"},{"data":"Thunder Strike","floor":10,"key":"SMITH"},{"data":"Dualcast","floor":12,"key":"SMITH"},{"floor":15,"key":"REST"}],"circlet_count":0,"master_deck":["Strike_B","Strike_B","Strike_B","Strike_B","Defend_B","Defend_B","Defend_B","Defend_B","Zap+1","Dualcast+1","Thunder Strike+1","Ball Lightning","Amplify","Heatsinks+1","Blizzard+1","Fusion+1"],"relics":["Cracked Core","Thread and Needle","Ice Cream","PreservedInsect","Question Card","Golden Idol","Astrolabe"],"acts_visited":["Exordium","TheCity"],"potions_floor_usage":[],"damage_taken":[{"damage":3,"enemies":"Jaw Worm","floor":1,"turns":4},{"damage":1,"enemies":"2 Louse","floor":3,"turns":2},{"damage":31,"enemies":"3 Sentries","floor":6,"turns":5},{"damage":0,"enemies":"Small Slimes","floor":7,"turns":3},{"damage":4,"enemies":"Gremlin Nob","floor":13,"turns":3},{"damage":29,"enemies":"The Guardian","floor":16,"turns":8},{"damage":0,"enemies":"Shell Parasite","floor":18,"turns":1}],"seed_played":"-7054872429850259693","potions_obtained":[{"floor":13,"key":"Regen Potion"},{"floor":16,"key":"FearPotion"}],"is_trial":false,"path_per_floor":["M","?","M","?","?","E","M","R","T","R","$","R","E","?","R","B",null,"M"],"character_chosen":"DEFECT","items_purchased":["PreservedInsect"],"campfire_rested":2,"item_purchase_floors":[11],"current_hp_per_floor":[72,72,71,64,64,33,33,55,55,55,55,55,51,33,55,26,75,75,75],"gold":178,"neow_bonus":"ONE_RANDOM_RARE_CARD","is_daily":false,"chose_seed":false,"campfire_upgraded":2,"win_rate":0.0,"timestamp":1611344723,"path_taken":["M","?","M","?","?","E","M","R","T","R","$","R","E","?","R","BOSS","M"],"items_purchased_type":["Relic"],"build_version":"2020-12-22","purchased_purges":0,"victory":false,"max_hp_per_floor":[75,75,75,75,75,75,75,75,75,75,75,75,75,75,75,75,75,75,75],"relic_stats":{"counters":[7,26],"Golden Idol":26,"Astrolabe":["Heatsinks","Blizzard","Fusion"],"PreservedInsect":22,"Question Card":1,"obtain_stats":[{"Ice Cream":9,"Golden Idol":14,"Astrolabe":17,"Thread and Needle":6,"PreservedInsect":11,"Cracked Core":0,"Question Card":13},{"Ice Cream":4,"Golden Idol":5,"Astrolabe":6,"Thread and Needle":3,"PreservedInsect":4,"Cracked Core":0,"Question Card":5},{"Ice Cream":14,"Golden Idol":17,"Astrolabe":25,"Thread and Needle":11,"PreservedInsect":14,"Cracked Core":0,"Question Card":17}]},"card_choices":[{"not_picked":["Steam","Turbo"],"picked":"Compile Driver","floor":1},{"not_picked":["Coolheaded","Cold Snap"],"picked":"Turbo","floor":3},{"not_picked":["Undo","Scrape"],"picked":"Sweeping Beam","floor":6},{"not_picked":["Reprogram","Turbo"],"picked":"Ball Lightning","floor":7},{"not_picked":["Stack","Aggregate"],"picked":"Reboot","floor":13},{"not_picked":["Buffer","Hyperbeam","Core Surge"],"picked":"Amplify","floor":16}],"player_experience":180856,"relics_obtained":[{"floor":6,"key":"Thread and Needle"},{"floor":9,"key":"Ice Cream"},{"floor":13,"key":"Question Card"}],"event_choices":[{"damage_healed":0,"gold_gain":0,"player_choice":"Leave","damage_taken":0,"max_hp_gain":0,"max_hp_loss":0,"event_name":"The Cleric","floor":2,"gold_loss":0},{"cards_removed":["Turbo"],"damage_healed":0,"gold_gain":0,"player_choice":"Card Removal","damage_taken":7,"max_hp_gain":0,"max_hp_loss":0,"event_name":"Golden Wing","floor":4,"gold_loss":0},{"damage_healed":0,"gold_gain":0,"player_choice":"Grow","damage_taken":0,"max_hp_gain":0,"max_hp_loss":0,"event_name":"Living Wall","floor":5,"gold_loss":0,"cards_upgraded":["Zap"]},{"damage_healed":0,"gold_gain":0,"player_choice":"Take Damage","damage_taken":18,"relics_obtained":["Golden Idol"],"max_hp_gain":0,"max_hp_loss":0,"event_name":"Golden Idol","floor":14,"gold_loss":0}],"is_beta":false,"boss_relics":[{"not_picked":["Coffee Dripper","SacredBark"],"picked":"Astrolabe"}],"items_purged_floors":[],"is_endless":false,"potions_floor_spawned":[13,16],"killed_by":"Shell Parasite","ascension_level":0}}