{"host":"ctlqibkg0sskiu65","time":1611287663,"event":{"mods":["AchievementEnabler","Aspiration","BaseMod","BetterRewards","Colored Map","Colored Powertips","Conspire","Fiend Mod","Infinite Spire","Minty Spire (QoL Compilation)","Quick Restart","Replay The Spire","Shop Mod","StSLib","The Bladedancer","The Cursed","The Hierophant","The Jungle","The Kombatant","The Servant 0.9.4","TheBandit"],"gold_per_floor":[111,148,164,64,83,109,109,120,120,120,147,147,166,184,184,255,255,268,119,119,133,148,148,166,166,166,201,214,228,228,228,228,306,306,320,320,320,320,331,362,362,412,412,430,430,21,32,47,47,47],"floor_reached":51,"language":"ENG","playtime":2916,"items_purged":["Strike_G","Strike_G","Defend_G"],"score":1661,"play_id":"082ca186-ff4f-4030-bfac-7bf302037fbc","local_time":"20210121215423","is_ascension_mode":true,"campfire_choices":[{"floor":7,"key":"REST"},{"floor":12,"key":"REST"},{"floor":15,"key":"REST"},{"floor":23,"key":"REST"},{"data":"Die Die Die","floor":25,"key":"SMITH"},{"data":"After Image","floor":32,"key":"SMITH"},{"data":"Replay:Bag of Tricks","floor":41,"key":"SMITH"},{"floor":45,"key":"RECALL"},{"data":"Adrenaline","floor":49,"key":"SMITH"}],"circlet_count":0,"master_deck":["AscendersBane","Strike_G","Strike_G","Strike_G","Defend_G","Defend_G","Defend_G","Survivor","Neutralize+1","All Out Attack","Backflip","Hidden Blade","Toxin Wave","Deadly Poison","After Image+1","Dagger Spray","Die Die Die+1","Bane+1","Replay:Bootleg Shield Generator","Poisoned Stab","PiercingWail","Replay:Bag of Tricks+1","ReplayTheSpireMod:Black Plague","Adrenaline+1","Catalyst","Leg Sweep+1","Dodge and Roll+1","Catalyst+1"],"relics":["Ring of the Snake","TungstenRod","Replay:Wax Seal","Replay:Bottled Flurry","Garlic","ReplayTheSpireMod:TigerMarble","Gambling Chip","Philosopher\u0027s Stone","Whetstone","Replay:Rubber Ducky","Replay:WaspNest","infinitespire:Cupcake","aspiration:FutureDiary","Tough Bandages","HornCleat","infinitespire:Joker Card","Divine Protection"],"acts_visited":["Exordium","TheCity","TheBeyond"],"potions_floor_usage":[2,16,21,22,22,22,24,27,28,42,42,50,50],"damage_taken":[{"damage":0,"enemies":"2 Louse","floor":1,"turns":2},{"damage":10,"enemies":"conspire:MimicChest","floor":2,"turns":8},{"damage":2,"enemies":"Small Slimes","floor":3,"turns":4},{"damage":8,"enemies":"Cultist","floor":5,"turns":5},{"damage":34,"enemies":"Lagavulin","floor":6,"turns":9},{"damage":0,"enemies":"Lots of Slimes","floor":8,"turns":1},{"damage":19,"enemies":"Gremlin Nob","floor":11,"turns":5},{"damage":0,"enemies":"Large Slime","floor":13,"turns":5},{"damage":0,"enemies":"3 Louse","floor":14,"turns":1},{"damage":30,"enemies":"Fading Forest","floor":16,"turns":11},{"damage":10,"enemies":"conspire:FuzzyDice","floor":18,"turns":7},{"damage":6,"enemies":"2 Thieves","floor":21,"turns":2},{"damage":10,"enemies":"conspire:HollyBat","floor":22,"turns":6},{"damage":1,"enemies":"Snake Plant","floor":24,"turns":5},{"damage":0,"enemies":"Replay:Snechameleon","floor":27,"turns":7},{"damage":0,"enemies":"Centurion and Healer","floor":28,"turns":6},{"damage":0,"enemies":"3 Cultists","floor":29,"turns":4},{"damage":34,"enemies":"conspire:MysteriousRune","floor":33,"turns":6},{"damage":5,"enemies":"3 Shapes","floor":35,"turns":3},{"damage":0,"enemies":"Orb Walker","floor":39,"turns":3},{"damage":1,"enemies":"R_Hoarder","floor":40,"turns":5},{"damage":9,"enemies":"2 Orb Walkers","floor":42,"turns":5},{"damage":0,"enemies":"Spire Growth","floor":44,"turns":4},{"damage":1,"enemies":"4 Shapes","floor":47,"turns":2},{"damage":0,"enemies":"Transient","floor":48,"turns":5},{"damage":17,"enemies":"conspire:OrnateMirror","floor":50,"turns":8}],"seed_played":"7085930997039453433","potions_obtained":[{"floor":1,"key":"Weak Potion"},{"floor":11,"key":"Fire Potion"},{"floor":13,"key":"LiquidMemories"},{"floor":14,"key":"LiquidBronze"},{"floor":16,"key":"ColorlessPotion"},{"floor":21,"key":"Fire Potion"},{"floor":24,"key":"DistilledChaos"},{"floor":39,"key":"GamblersBrew"},{"floor":40,"key":"Fire Potion"},{"floor":47,"key":"Dexterity Potion"},{"floor":48,"key":"Dexterity Potion"}],"is_trial":false,"path_per_floor":["M","?","M","$","M","E","R","M","T","?","E","R","M","M","R","B",null,"M","$","?","M","M","R","M","R","T","E","M","M","?","AVR","R","B",null,"M","AVR","?","?","M","E","R","?","T","M","R","$","M","M","R","B",null],"character_chosen":"THE_SILENT","items_purchased":["TungstenRod","All Out Attack","Backflip","Replay:Wax Seal","Bane","Replay:Bootleg Shield Generator","Divine Protection"],"campfire_rested":4,"item_purchase_floors":[0,0,0,0,19,19,46],"current_hp_per_floor":[59,49,47,47,39,5,24,24,24,24,5,24,24,24,43,21,55,45,45,45,39,33,52,51,51,51,55,55,55,55,55,55,21,55,50,50,47,47,47,46,46,38,38,38,38,38,37,37,37,20],"gold":47,"neow_bonus":"","is_daily":false,"chose_seed":false,"campfire_upgraded":4,"win_rate":0.0,"timestamp":1611287663,"path_taken":["M","?","M","$","M","E","R","M","T","?","E","R","M","M","R","BOSS","M","$","?","?","M","R","M","R","T","E","M","M","?","AVR","R","BOSS","M","AVR","?","?","M","E","R","?","T","M","R","$","M","M","R","BOSS"],"items_purchased_type":["Relic","Card","Card","Relic","Card","Card","Relic"],"build_version":"2020-12-22","purchased_purges":3,"victory":true,"max_hp_per_floor":[66,66,66,66,66,66,66,66,66,66,66,66,66,66,66,66,66,66,66,66,66,66,66,66,66,66,66,66,66,66,66,66,66,66,66,66,66,63,63,63,63,64,64,64,64,64,64,64,64,64],"card_choices":[{"not_picked":["Bane","conspire:DoublingDagger"],"picked":"Hidden Blade","floor":1},{"not_picked":["Backflip","Flying Knee"],"picked":"Toxin Wave","floor":3},{"not_picked":["Blade Dance","Hidden Blade"],"picked":"Deadly Poison","floor":5},{"not_picked":["Slice","ReplayTheSpireMod:Exploit Weakness","Cloak And Dagger"],"picked":"SKIP","floor":6},{"not_picked":["Hidden Blade","Poisoned Stab"],"picked":"After Image","floor":8},{"not_picked":["Backflip","Dagger Throw"],"picked":"Dagger Spray","floor":11},{"not_picked":["Dagger Spray","Deflect","Predator"],"picked":"SKIP","floor":13},{"not_picked":["Slice","Dagger Spray","Outmaneuver"],"picked":"SKIP","floor":14},{"not_picked":["ReplayTheSpireMod:From All Sides","Unload"],"picked":"Die Die Die","floor":16},{"not_picked":["Underhanded Strike","Cloak And Dagger+1","Accuracy"],"picked":"SKIP","floor":18},{"not_picked":["Replay:Poison Smokescreen","ReplayTheSpireMod:Shiv Toss"],"picked":"Poisoned Stab","floor":21},{"not_picked":["Deadly Poison","Skewer","Setup"],"picked":"SKIP","floor":22},{"not_picked":["Cloak And Dagger+1","Replay:Poison Smokescreen+1"],"picked":"PiercingWail","floor":24},{"not_picked":["PiercingWail","Dagger Throw"],"picked":"Replay:Bag of Tricks","floor":27},{"not_picked":["Predator","Slice","Masterful Stab+1"],"picked":"SKIP","floor":28},{"not_picked":["Flechettes","Deadly Poison","Reflex"],"picked":"SKIP","floor":29},{"not_picked":["A Thousand Cuts","Storm of Steel"],"picked":"Adrenaline","floor":33},{"not_picked":["Blade Dance","Outmaneuver"],"picked":"Catalyst","floor":35},{"not_picked":["Underhanded Strike","Acrobatics+1","Bane"],"picked":"SKIP","floor":39},{"not_picked":["Flying Knee+1","Poisoned Stab"],"picked":"Leg Sweep+1","floor":40},{"not_picked":["Slice+1","Skewer"],"picked":"Dodge and Roll+1","floor":44},{"not_picked":["PiercingWail+1","Terror+1"],"picked":"Catalyst+1","floor":47},{"not_picked":["Outmaneuver","infinitespire:Neurotoxin","Calculated Gamble"],"picked":"SKIP","floor":48}],"player_experience":221748,"relics_obtained":[{"floor":2,"key":"Replay:Bottled Flurry"},{"floor":6,"key":"Garlic"},{"floor":9,"key":"ReplayTheSpireMod:TigerMarble"},{"floor":11,"key":"Gambling Chip"},{"floor":26,"key":"Whetstone"},{"floor":27,"key":"Replay:Rubber Ducky"},{"floor":40,"key":"HornCleat"},{"floor":42,"key":"infinitespire:Joker Card"}],"event_choices":[{"cards_removed":["Defend_G"],"damage_healed":0,"gold_gain":0,"player_choice":"Purged","damage_taken":0,"max_hp_gain":0,"max_hp_loss":0,"event_name":"Purifier","floor":10,"gold_loss":0},{"damage_healed":0,"gold_gain":0,"player_choice":"0 cards matched","damage_taken":0,"max_hp_gain":0,"max_hp_loss":0,"event_name":"Match and Keep!","floor":20,"gold_loss":0,"cards_obtained":[]},{"damage_healed":0,"gold_gain":0,"player_choice":"Ignored","damage_taken":0,"max_hp_gain":0,"max_hp_loss":0,"event_name":"Vampires","floor":30,"gold_loss":0},{"damage_healed":0,"gold_gain":0,"player_choice":"Leave","damage_taken":0,"max_hp_gain":0,"max_hp_loss":0,"event_name":"conspire:Investor","floor":37,"gold_loss":0},{"damage_healed":0,"gold_gain":0,"player_choice":"Max HP","damage_taken":0,"max_hp_gain":0,"max_hp_loss":3,"event_name":"Winding Halls","floor":38,"gold_loss":0},{"damage_healed":0,"gold_gain":0,"player_choice":"Fight","damage_taken":0,"max_hp_gain":0,"max_hp_loss":0,"event_name":"Mysterious Sphere","floor":42,"gold_loss":0}],"is_beta":false,"boss_relics":[{"not_picked":["SlaversCollar","aspiration:RitualDagger"],"picked":"Philosopher\u0027s Stone"},{"not_picked":["Painkiller Herb","Replay:Bronze Core"],"picked":"aspiration:FutureDiary"}],"items_purged_floors":[0,4,46],"is_endless":false,"potions_floor_spawned":[1,11,13,14,16,21,24,39,40,47,48],"ascension_level":16}}