{"host":"8i58hvcssdezoe94","time":1611301391,"event":{"mods":["Act Like it!","BaseMod","Colored Map","Conspire","Gensokyo","KinomotoSakuraMod(木之本樱)","Marisa（F雨　魔理沙）","Minty Spire (QoL Compilation)","Quick Restart","Remilia（蕾米莉亚）","Replay The Spire","StSLib","The Animator","The Bug Knight","The Construct","The Cursed","The Hierophant","The Jungle","The Servant 0.9.4"],"gold_per_floor":[112,129,148,166,36,62,62,93,93,41,41,75,144,144,144,144,144],"floor_reached":16,"language":"ZHS","playtime":650,"items_purged":[],"score":108,"play_id":"41b09c00-39e2-4e3d-ada0-f55e07a47c02","local_time":"20210122154311","is_ascension_mode":false,"campfire_choices":[{"data":"ReplayTheSpireMod:Dual Polarity","floor":7,"key":"SMITH"},{"data":"FIFO Queue","floor":11,"key":"SMITH"},{"data":"Zap","floor":11,"key":"SMITH"},{"floor":15,"key":"RECALL"}],"circlet_count":0,"master_deck":["Strike_B","Strike_B","Strike_B","Strike_B","Defend_B","Defend_B","Defend_B","Defend_B","Zap+1","Dualcast","Streamline","ReplayTheSpireMod:Dual Polarity+1","Beam Cell","FIFO Queue+1","Gensokyo:BlemishedSteel","ReplayRNGCard","Lockon","Lockon","Ball Lightning"],"relics":["Cracked Core","NeowsBlessing","Replay:Kaleidoscope","Mirror","Replay:Arrowhead","Torii","Peace Pipe","Gensokyo:Mercy"],"acts_visited":["Gensokyo:Gensokyo"],"potions_floor_usage":[],"damage_taken":[{"damage":0,"enemies":"Gensokyo:Python","floor":1,"turns":1},{"damage":0,"enemies":"Gensokyo:Gryphon","floor":2,"turns":1},{"damage":0,"enemies":"Gensokyo:3_Fairies","floor":3,"turns":1},{"damage":10,"enemies":"Gensokyo:2_Rabbits","floor":4,"turns":4},{"damage":9,"enemies":"Gensokyo:Mamizou","floor":6,"turns":8},{"damage":31,"enemies":"Gensokyo:Aya","floor":8,"turns":7},{"damage":13,"enemies":"conspire:MimicChest","floor":12,"turns":7},{"damage":16,"enemies":"Gensokyo:Kokoro","floor":16,"turns":5}],"seed_played":"5166855562603103228","potions_obtained":[{"floor":1,"key":"Dexterity Potion"},{"floor":3,"key":"Venom Potion"},{"floor":8,"key":"Fire Potion"}],"is_trial":false,"path_per_floor":["M","M","M","M","COS","E","R","E","T","$","R","?","T","?","R","B"],"character_chosen":"DEFECT","items_purchased":["Lockon"],"campfire_rested":0,"item_purchase_floors":[10],"current_hp_per_floor":[75,75,75,65,65,56,56,25,25,25,25,12,12,12,12,0,0],"gold":144,"neow_bonus":"THREE_ENEMY_KILL","is_daily":false,"chose_seed":false,"campfire_upgraded":3,"win_rate":0.0,"timestamp":1611301391,"path_taken":["M","?","M","M","COS","E","R","E","T","$","R","?","?","?","R","BOSS"],"items_purchased_type":["Card"],"build_version":"2020-12-22","purchased_purges":0,"victory":false,"max_hp_per_floor":[75,75,75,75,75,75,75,75,75,75,75,75,75,75,75,75,75],"card_choices":[{"not_picked":["Stack","Coolheaded"],"picked":"Streamline","floor":1},{"not_picked":["Barrage","conspire:SharedLibrary"],"picked":"ReplayTheSpireMod:Dual Polarity","floor":2},{"not_picked":["Turbo","Panic Button"],"picked":"Beam Cell","floor":3},{"not_picked":["Sweeping Beam","conspire:SharedLibrary"],"picked":"FIFO Queue","floor":4},{"not_picked":["Tempest","Reboot"],"picked":"ReplayRNGCard","floor":6},{"not_picked":["ReplayTheSpireMod:Dual Polarity","Gash"],"picked":"Compile Driver","floor":8},{"not_picked":["Skim","Cold Snap"],"picked":"Ball Lightning","floor":12}],"player_experience":77081,"relics_obtained":[{"floor":6,"key":"Replay:Kaleidoscope"},{"floor":8,"key":"Mirror"},{"floor":9,"key":"Replay:Arrowhead"},{"floor":12,"key":"Peace Pipe"}],"event_choices":[],"is_beta":false,"boss_relics":[],"items_purged_floors":[],"is_endless":false,"potions_floor_spawned":[1,3,8],"killed_by":"Gensokyo:Kokoro","ascension_level":0}}