{"host":"70zhvo5nwrhp1mbg","time":1611284741,"event":{"mods":["BaseMod","Colored Map","Colored Powertips","Highlight Path","Minty Spire (QoL Compilation)","Rare Cards Sparkle","StSLib"],"gold_per_floor":[209,284,303,303,22,22,55,55,100,119,34,65,83,95,95,197,247,212,229,245,245,245],"floor_reached":21,"language":"ENG","playtime":1303,"items_purged":[],"score":248,"play_id":"6fdf7b4e-1740-4167-bc82-e974055b7fea","local_time":"20210121220541","is_ascension_mode":true,"campfire_choices":[{"data":"Panacea","floor":6,"key":"SMITH"},{"floor":8,"key":"REST"},{"floor":15,"key":"REST"}],"circlet_count":0,"master_deck":["Strike_R+1","Strike_R","Strike_R","Strike_R+1","Strike_R+1","Defend_R","Defend_R","Defend_R","Defend_R","Bash","Shrug It Off","Fire Breathing","Panacea+1","Shrug It Off","Armaments","Iron Wave","Bludgeon","Sword Boomerang","Clothesline","Reaper","Battle Trance","Shrug It Off","Carnage","Thunderclap"],"relics":["Burning Blood","Whetstone","TungstenRod","Happy Flower","Oddly Smooth Stone","Blood Vial","Tiny House"],"acts_visited":["Exordium","TheCity"],"potions_floor_usage":[14,16,20],"damage_taken":[{"damage":5,"enemies":"Small Slimes","floor":1,"turns":4},{"damage":12,"enemies":"Jaw Worm","floor":3,"turns":6},{"damage":66,"enemies":"Gremlin Nob","floor":7,"turns":7},{"damage":0,"enemies":"2 Louse","floor":10,"turns":3},{"damage":3,"enemies":"3 Sentries","floor":12,"turns":6},{"damage":8,"enemies":"Red Slaver","floor":13,"turns":3},{"damage":30,"enemies":"Gremlin Gang","floor":14,"turns":7},{"damage":60,"enemies":"Hexaghost","floor":16,"turns":12},{"damage":24,"enemies":"2 Thieves","floor":18,"turns":5},{"damage":23,"enemies":"Spheric Guardian","floor":19,"turns":8},{"damage":27,"enemies":"Cultist and Chosen","floor":20,"turns":7},{"damage":0,"enemies":"Snake Plant","floor":21,"turns":1}],"seed_played":"2055735209173864269","potions_obtained":[{"floor":7,"key":"Strength Potion"},{"floor":12,"key":"FairyPotion"},{"floor":14,"key":"BloodPotion"},{"floor":16,"key":"ElixirPotion"},{"floor":17,"key":"SteroidPotion"}],"is_trial":false,"path_per_floor":["M","?","M","?","$","R","E","R","T","M","?","E","M","M","R","B",null,"M","M","M","M"],"character_chosen":"IRONCLAD","items_purchased":["Whetstone","Panacea","Shrug It Off"],"campfire_rested":2,"item_purchase_floors":[5,5,5],"current_hp_per_floor":[73,62,56,80,80,80,20,44,44,50,50,53,53,31,55,19,70,54,39,26,28,28],"gold":245,"neow_bonus":"HUNDRED_GOLD","is_daily":false,"chose_seed":false,"campfire_upgraded":1,"win_rate":0.0,"timestamp":1611284741,"path_taken":["M","?","M","?","?","R","E","R","T","M","?","E","?","?","R","BOSS","M","M","M","?"],"items_purchased_type":["Relic","Card","Card"],"build_version":"2020-12-22","purchased_purges":0,"victory":false,"max_hp_per_floor":[80,80,80,80,80,80,80,80,80,80,80,80,80,80,80,80,85,85,85,85,85,85],"card_choices":[{"not_picked":["Iron Wave","Clothesline"],"picked":"Shrug It Off","floor":1},{"not_picked":["Rupture","Body Slam"],"picked":"Fire Breathing","floor":3},{"not_picked":["Battle Trance","Thunderclap"],"picked":"Armaments","floor":7},{"not_picked":["Armaments","Perfected Strike"],"picked":"Iron Wave","floor":10},{"not_picked":["Infernal Blade","Pommel Strike"],"picked":"Bludgeon","floor":12},{"not_picked":["Warcry","Dark Embrace"],"picked":"Sword Boomerang","floor":13},{"not_picked":["Flame Barrier","Reckless Charge"],"picked":"Clothesline","floor":14},{"not_picked":["Exhume","Juggernaut"],"picked":"Reaper","floor":16},{"not_picked":["Perfected Strike","Armaments"],"picked":"Battle Trance","floor":17},{"not_picked":["Hemokinesis","Power Through"],"picked":"Shrug It Off","floor":18},{"not_picked":["Havoc","Wild Strike"],"picked":"Carnage","floor":19},{"not_picked":["Wild Strike","Battle Trance"],"picked":"Thunderclap","floor":20}],"player_experience":432810,"relics_obtained":[{"floor":7,"key":"TungstenRod"},{"floor":9,"key":"Happy Flower"},{"floor":12,"key":"Blood Vial"}],"event_choices":[{"damage_healed":0,"gold_gain":75,"player_choice":"Gather Gold","damage_taken":11,"max_hp_gain":0,"max_hp_loss":0,"event_name":"World of Goop","floor":2,"gold_loss":0},{"damage_healed":26,"gold_gain":0,"player_choice":"Banana","damage_taken":0,"max_hp_gain":0,"max_hp_loss":0,"event_name":"Big Fish","floor":4,"gold_loss":0},{"damage_healed":0,"gold_gain":0,"player_choice":"Paid Gold","damage_taken":0,"relics_obtained":["Oddly Smooth Stone"],"max_hp_gain":0,"max_hp_loss":0,"event_name":"WeMeetAgain","floor":11,"gold_loss":85}],"is_beta":false,"boss_relics":[{"not_picked":["Busted Crown","Cursed Key"],"picked":"Tiny House"}],"items_purged_floors":[],"is_endless":false,"potions_floor_spawned":[7,12,14,16,18],"killed_by":"Snake Plant","ascension_level":6}}