{"host":"i0avyit1s6jb1siw","time":1611344939,"event":{"mods":["BaseMod","DeckTracker","Dota2Spire","Highlight Path","Minty Spire (QoL Compilation)","Quick Restart","StSLib","SuperFastMode"],"gold_per_floor":[109,34,46,46,46,46,82,103,128,144,160,181,199,99,99,195,195,215,215,200,221,239,239,239],"floor_reached":23,"language":"ENG","playtime":442,"items_purged":["Strike_G","Strike_G"],"score":394,"play_id":"a2d3e371-4f9c-44ec-ae20-6741a6977417","local_time":"20210122204859","is_ascension_mode":true,"campfire_choices":[{"data":"Neutralize","floor":6,"key":"SMITH"},{"data":"Bouncing Flask","floor":15,"key":"SMITH"}],"circlet_count":0,"master_deck":["AscendersBane","Strike_G","Strike_G","Strike_G","Defend_G","Defend_G","Defend_G","Defend_G","Defend_G","Survivor","Neutralize+1","CurseOfTheBell","Riddle With Holes","Poisoned Stab","Bouncing Flask+1","Blade Dance","Sucker Punch","PiercingWail","Crippling Poison"],"relics":["Calling Bell","Dota2Spire:MaskOfMadness","Paper Crane","Dota2Spire:Satanic","Golden Idol","Strawberry","Bag of Marbles","SacredBark","CultistMask"],"acts_visited":["Exordium","TheCity"],"potions_floor_usage":[7,22,23],"damage_taken":[{"damage":0,"enemies":"Small Slimes","floor":1,"turns":3},{"damage":0,"enemies":"Cultist","floor":3,"turns":3},{"damage":17,"enemies":"Lagavulin","floor":7,"turns":4},{"damage":0,"enemies":"2 Louse","floor":8,"turns":2},{"damage":2,"enemies":"Looter","floor":10,"turns":3},{"damage":2,"enemies":"Exordium Wildlife","floor":11,"turns":2},{"damage":0,"enemies":"Large Slime","floor":12,"turns":4},{"damage":0,"enemies":"Blue Slaver","floor":13,"turns":1},{"damage":28,"enemies":"The Guardian","floor":16,"turns":11},{"damage":12,"enemies":"Shell Parasite","floor":18,"turns":3},{"damage":10,"enemies":"2 Thieves","floor":20,"turns":4},{"damage":24,"enemies":"Snake Plant","floor":21,"turns":5},{"damage":22,"enemies":"Chosen and Byrds","floor":22,"turns":6},{"damage":27,"enemies":"Book of Stabbing","floor":23,"turns":4}],"seed_played":"-9011692994948560066","potions_obtained":[{"floor":3,"key":"Strength Potion"},{"floor":11,"key":"Fruit Juice"},{"floor":13,"key":"Ancient Potion"},{"floor":22,"key":"Regen Potion"}],"is_trial":false,"path_per_floor":["M","$","M","?","?","R","E","M","T","M","M","M","M","$","R","B",null,"M","?","M","M","M","E"],"character_chosen":"THE_SILENT","items_purchased":[],"campfire_rested":0,"item_purchase_floors":[],"current_hp_per_floor":[59,59,59,59,59,59,49,49,49,47,45,45,45,45,45,17,55,43,43,33,9,5,0,0],"gold":239,"neow_bonus":"BOSS_RELIC","is_daily":false,"chose_seed":false,"campfire_upgraded":2,"win_rate":0.0,"timestamp":1611344939,"path_taken":["M","$","M","?","?","R","E","M","T","M","M","M","M","$","R","BOSS","M","?","?","M","M","E"],"items_purchased_type":[],"build_version":"2020-12-22","purchased_purges":2,"victory":false,"max_hp_per_floor":[66,66,66,66,60,60,67,67,67,67,67,67,67,67,67,67,67,67,67,67,67,77,77,77],"card_choices":[{"not_picked":["Flechettes","Prepared"],"picked":"Riddle With Holes","floor":1},{"not_picked":["Backflip","Bane"],"picked":"Poisoned Stab","floor":3},{"not_picked":["Quick Slash","Distraction","Bane"],"picked":"SKIP","floor":7},{"not_picked":["Deadly Poison","Dagger Spray"],"picked":"Bouncing Flask","floor":8},{"not_picked":["Cloak And Dagger","Deadly Poison"],"picked":"Blade Dance","floor":10},{"not_picked":["Slice","Flying Knee"],"picked":"Sucker Punch","floor":11},{"not_picked":["Dodge and Roll","Reflex","Quick Slash"],"picked":"SKIP","floor":12},{"not_picked":["Dodge and Roll","Concentrate"],"picked":"PiercingWail","floor":13},{"not_picked":["Deflect","Dagger Spray","Bane"],"picked":"SKIP","floor":18},{"not_picked":["Bane","Flechettes","Slice"],"picked":"SKIP","floor":20},{"not_picked":["Outmaneuver","Eviscerate"],"picked":"Crippling Poison","floor":21},{"not_picked":["Backflip","Slice","Poisoned Stab"],"picked":"SKIP","floor":22}],"player_experience":2318722,"relics_obtained":[{"floor":0,"key":"Dota2Spire:MaskOfMadness"},{"floor":0,"key":"Paper Crane"},{"floor":0,"key":"Dota2Spire:Satanic"},{"floor":7,"key":"Strawberry"},{"floor":9,"key":"Bag of Marbles"}],"event_choices":[{"damage_healed":0,"gold_gain":0,"player_choice":"Leave","damage_taken":0,"max_hp_gain":0,"max_hp_loss":0,"event_name":"The Cleric","floor":4,"gold_loss":0},{"damage_healed":0,"gold_gain":0,"player_choice":"Lose Max HP","damage_taken":0,"relics_obtained":["Golden Idol"],"max_hp_gain":0,"max_hp_loss":6,"event_name":"Golden Idol","floor":5,"gold_loss":0},{"damage_healed":0,"gold_gain":0,"player_choice":"Trade","damage_taken":0,"relics_obtained":["CultistMask"],"max_hp_gain":0,"max_hp_loss":0,"event_name":"FaceTrader","floor":19,"gold_loss":0}],"is_beta":false,"boss_relics":[{"not_picked":["SlaversCollar","Tiny House"],"picked":"SacredBark"}],"items_purged_floors":[2,14],"is_endless":false,"potions_floor_spawned":[3,11,13,22],"killed_by":"Book of Stabbing","ascension_level":20}}