{"host":"t7mx8yfj1no5p62f","time":1611296561,"event":{"mods":["BaseMod","Bestiary","Colored Map","Colored Powertips","Minty Spire (QoL Compilation)","Relic Stats","StSLib"],"gold_per_floor":[115,134,150,168,168,168,201,220,220,243,277,277,277,293,293,370,370,383,383,113,125,142,142,167,167,167,167,167],"floor_reached":27,"language":"ENG","playtime":950,"items_purged":["Pain"],"score":486,"play_id":"5de53a3e-50f8-4146-b565-14294409cd77","local_time":"20210122012241","is_ascension_mode":true,"campfire_choices":[{"data":"Choke","floor":6,"key":"SMITH"},{"floor":13,"key":"REST"},{"data":"Poisoned Stab","floor":15,"key":"SMITH"},{"data":"Leg Sweep","floor":23,"key":"SMITH"},{"floor":25,"key":"REST"}],"circlet_count":0,"master_deck":["AscendersBane","Strike_G","Strike_G","Strike_G","Strike_G","Defend_G","Defend_G","Defend_G","Defend_G","Defend_G","Survivor","Neutralize","Flying Knee","Poisoned Stab+1","Choke+1","Leg Sweep+1","Leg Sweep","PiercingWail+1","Doppelganger+1","Expertise+1","Corpse Explosion+1","Deadly Poison+1","Acrobatics+1","Calculated Gamble+1","Cloak And Dagger+1","Parasite"],"relics":["Cursed Key","Blue Candle","Toxic Egg 2","InkBottle","SlaversCollar","Nloth\u0027s Gift","Sling","Frozen Egg 2","White Beast Statue"],"acts_visited":["Exordium","TheCity"],"potions_floor_usage":[7,11,16,21,21,21,27],"damage_taken":[{"damage":2,"enemies":"Jaw Worm","floor":1,"turns":5},{"damage":0,"enemies":"Cultist","floor":2,"turns":4},{"damage":0,"enemies":"Small Slimes","floor":3,"turns":3},{"damage":4,"enemies":"Exordium Wildlife","floor":4,"turns":4},{"damage":34,"enemies":"Gremlin Nob","floor":7,"turns":5},{"damage":1,"enemies":"Red Slaver","floor":8,"turns":3},{"damage":4,"enemies":"The Mushroom Lair","floor":10,"turns":4},{"damage":3,"enemies":"Lagavulin","floor":11,"turns":7},{"damage":1,"enemies":"Looter","floor":14,"turns":4},{"damage":3,"enemies":"Slime Boss","floor":16,"turns":7},{"damage":5,"enemies":"Spheric Guardian","floor":18,"turns":4},{"damage":14,"enemies":"Shell Parasite","floor":21,"turns":4},{"damage":14,"enemies":"Chosen and Byrds","floor":22,"turns":8},{"damage":3,"enemies":"Slavers","floor":24,"turns":5},{"damage":51,"enemies":"Gremlin Leader","floor":27,"turns":6}],"seed_played":"3582437500340771666","potions_obtained":[{"floor":2,"key":"Strength Potion"},{"floor":8,"key":"DuplicationPotion"},{"floor":11,"key":"Strength Potion"},{"floor":14,"key":"Dexterity Potion"},{"floor":16,"key":"EntropicBrew"},{"floor":24,"key":"Energy Potion"}],"is_trial":false,"path_per_floor":["M","M","M","M","?","R","E","M","T","?","E","?","R","M","R","B",null,"M","?","$","M","M","R","E","R","T","E"],"character_chosen":"THE_SILENT","items_purchased":["Acrobatics+1","Sling"],"campfire_rested":2,"item_purchase_floors":[20,20],"current_hp_per_floor":[57,57,57,53,53,53,19,18,18,14,11,6,25,24,24,21,55,50,50,50,36,22,22,19,38,38,0,0],"gold":167,"neow_bonus":"BOSS_RELIC","is_daily":false,"chose_seed":false,"campfire_upgraded":3,"win_rate":0.0,"timestamp":1611296561,"path_taken":["M","M","M","M","?","R","E","?","T","?","E","?","R","M","R","BOSS","M","?","$","?","M","R","E","R","T","E"],"items_purchased_type":["Card","Relic"],"build_version":"2020-12-22","purchased_purges":1,"victory":false,"max_hp_per_floor":[66,66,66,66,66,66,66,66,66,66,66,66,66,66,66,66,66,66,66,66,66,66,66,66,66,66,66,66],"relic_stats":{"counters":[15,73],"Blue Candle":[5],"Nloth\u0027s Gift":1,"Cursed Key":2,"obtain_stats":[{"SlaversCollar":17,"Blue Candle":7,"Nloth\u0027s Gift":19,"Toxic Egg 2":9,"Odd Mushroom":10,"Frozen Egg 2":24,"Cursed Key":0,"Sling":20,"InkBottle":11,"White Beast Statue":26,"Ring of the Snake":0},{"SlaversCollar":10,"Blue Candle":5,"Nloth\u0027s Gift":11,"Toxic Egg 2":6,"Odd Mushroom":7,"Frozen Egg 2":14,"Cursed Key":0,"Sling":11,"InkBottle":8,"White Beast Statue":14,"Ring of the Snake":0},{"SlaversCollar":46,"Blue Candle":21,"Nloth\u0027s Gift":50,"Toxic Egg 2":24,"Odd Mushroom":28,"Frozen Egg 2":67,"Cursed Key":0,"Sling":50,"InkBottle":35,"White Beast Statue":67,"Ring of the Snake":0}],"InkBottle":[14]},"card_choices":[{"not_picked":["Deflect","Outmaneuver"],"picked":"Flying Knee","floor":1},{"not_picked":["Deflect","Prepared"],"picked":"Poisoned Stab","floor":2},{"not_picked":["Burst","Accuracy"],"picked":"Choke","floor":3},{"not_picked":["Outmaneuver","Setup"],"picked":"Leg Sweep","floor":4},{"not_picked":["Flechettes","Eviscerate","Underhanded Strike"],"picked":"SKIP","floor":7},{"not_picked":["Noxious Fumes","Cloak And Dagger"],"picked":"Leg Sweep","floor":8},{"not_picked":["Deflect+1","Poisoned Stab"],"picked":"PiercingWail+1","floor":10},{"not_picked":["Dagger Spray","Expertise+1"],"picked":"Doppelganger+1","floor":11},{"not_picked":["Flying Knee","PiercingWail+1"],"picked":"Expertise+1","floor":14},{"not_picked":["Burst+1","Venomology+1"],"picked":"Corpse Explosion+1","floor":16},{"not_picked":["Quick Slash","Poisoned Stab"],"picked":"Deadly Poison+1","floor":18},{"not_picked":["Flying Knee","Dagger Spray","All Out Attack"],"picked":"SKIP","floor":21},{"not_picked":["Deflect+1","Accuracy"],"picked":"Calculated Gamble+1","floor":22},{"not_picked":["Storm of Steel+1","Endless Agony"],"picked":"Cloak And Dagger+1","floor":24}],"player_experience":1809880,"relics_obtained":[{"floor":7,"key":"Blue Candle"},{"floor":9,"key":"Toxic Egg 2"},{"floor":10,"key":"Odd Mushroom"},{"floor":11,"key":"InkBottle"},{"floor":24,"key":"Frozen Egg 2"},{"floor":26,"key":"White Beast Statue"}],"event_choices":[{"cards_removed":["Strike_G"],"damage_healed":0,"gold_gain":0,"player_choice":"Purged","damage_taken":0,"max_hp_gain":0,"max_hp_loss":0,"event_name":"Purifier","floor":5,"gold_loss":0},{"damage_healed":0,"gold_gain":0,"player_choice":"Fought Mushrooms","damage_taken":0,"max_hp_gain":0,"max_hp_loss":0,"event_name":"Mushrooms","floor":10,"gold_loss":0},{"damage_healed":0,"gold_gain":0,"player_choice":"Fled","damage_taken":5,"max_hp_gain":0,"max_hp_loss":0,"event_name":"Scrap Ooze","floor":12,"gold_loss":0},{"damage_healed":0,"gold_gain":0,"player_choice":"Traded Relic","damage_taken":0,"relics_obtained":["Nloth\u0027s Gift"],"max_hp_gain":0,"max_hp_loss":0,"event_name":"N\u0027loth","floor":19,"relics_lost":["Odd Mushroom"],"gold_loss":0}],"is_beta":false,"boss_relics":[{"not_picked":["Philosopher\u0027s Stone","Coffee Dripper"],"picked":"SlaversCollar"}],"items_purged_floors":[20],"is_endless":false,"potions_floor_spawned":[2,8,11,14,16,18,24],"killed_by":"Gremlin Leader","ascension_level":20}}