{"host":"s41rn2jhghpwfrvz","time":1611353910,"event":{"mods":["BaseMod","Minty Spire (QoL Compilation)","Quick Restart","Relic Stats","SuperFastMode"],"gold_per_floor":[114,114,114,126,126,126,141,168,168,196,228,245,265,291,291,362,362,382,45,55,55,72,97,97,124,179,211,211,222,248,280,280,351,351,361,376,376,388,399,425,436,466,466,497,63,63,94,117,117,117,117,117,117,80,105,105],"floor_reached":57,"language":"ENG","playtime":3664,"items_purged":["Armaments","Evaluate"],"score":4096,"play_id":"89b24256-5eaf-40e7-ae31-959b2d7087b9","local_time":"20210123001830","daily_mods":["SealedDeck","Diverse","DeadlyEvents"],"is_ascension_mode":true,"campfire_choices":[{"data":"Blade Dance","floor":6,"key":"SMITH"},{"data":"Feel No Pain","floor":15,"key":"SMITH"},{"data":"Skim","floor":24,"key":"SMITH"},{"floor":28,"key":"RECALL"},{"data":"Escape Plan","floor":32,"key":"SMITH"},{"data":"1","floor":49,"key":"LIFT"},{"data":"2","floor":53,"key":"LIFT"}],"circlet_count":0,"master_deck":["AscendersBane","Escape Plan+1","Blade Dance+1","PiercingWail","EmptyMind+1","Seeing Red+1","Body Slam+1","Skim+1","Shrug It Off+1","Feel No Pain+1","Impatience+1","Burning Pact+1","Backflip+1","White Noise+1","Madness+1","Madness+1","Footwork"],"relics":["Burning Blood","Mummified Hand","Toxic Egg 2","Self Forming Clay","Pantograph","Regal Pillow","Busted Crown","OrangePellets","Whetstone","Pear","Nunchaku","Paper Frog","FossilizedHelix","Girya","Black Star","Vajra","Bag of Preparation","Singing Bowl","Anchor","PreservedInsect","Lizard Tail","ClockworkSouvenir","Centennial Puzzle","Bag of Marbles","Torii","Dream Catcher","Du-Vu Doll","Letter Opener"],"acts_visited":["Exordium","TheCity","TheBeyond","TheEnding"],"potions_floor_usage":[12,56,56],"damage_taken":[{"damage":0,"enemies":"Cultist","floor":1,"turns":3},{"damage":0,"enemies":"2 Louse","floor":4,"turns":3},{"damage":0,"enemies":"Small Slimes","floor":7,"turns":2},{"damage":2,"enemies":"Lagavulin","floor":8,"turns":4},{"damage":9,"enemies":"3 Sentries","floor":10,"turns":7},{"damage":0,"enemies":"Lagavulin","floor":11,"turns":4},{"damage":0,"enemies":"Looter","floor":12,"turns":2},{"damage":0,"enemies":"Exordium Thugs","floor":13,"turns":2},{"damage":0,"enemies":"Gremlin Nob","floor":14,"turns":3},{"damage":0,"enemies":"The Guardian","floor":16,"turns":9},{"damage":0,"enemies":"3 Byrds","floor":18,"turns":4},{"damage":0,"enemies":"2 Thieves","floor":20,"turns":2},{"damage":0,"enemies":"Snecko","floor":22,"turns":1},{"damage":0,"enemies":"Book of Stabbing","floor":23,"turns":2},{"damage":0,"enemies":"Slavers","floor":25,"turns":2},{"damage":0,"enemies":"Book of Stabbing","floor":27,"turns":1},{"damage":0,"enemies":"Centurion and Healer","floor":29,"turns":2},{"damage":0,"enemies":"Gremlin Leader","floor":30,"turns":2},{"damage":0,"enemies":"Slavers","floor":31,"turns":3},{"damage":0,"enemies":"Collector","floor":33,"turns":2},{"damage":0,"enemies":"Orb Walker","floor":35,"turns":1},{"damage":0,"enemies":"3 Shapes","floor":36,"turns":2},{"damage":0,"enemies":"3 Darklings","floor":38,"turns":1},{"damage":0,"enemies":"Writhing Mass","floor":39,"turns":1},{"damage":0,"enemies":"Reptomancer","floor":40,"turns":1},{"damage":0,"enemies":"Sphere and 2 Shapes","floor":41,"turns":1},{"damage":0,"enemies":"Giant Head","floor":42,"turns":1},{"damage":0,"enemies":"Reptomancer","floor":44,"turns":1},{"damage":0,"enemies":"Nemesis","floor":47,"turns":1},{"damage":0,"enemies":"Awakened One","floor":50,"turns":2},{"damage":27,"enemies":"Time Eater","floor":51,"turns":9},{"damage":0,"enemies":"Shield and Spear","floor":55,"turns":1},{"damage":0,"enemies":"The Heart","floor":56,"turns":4}],"seed_played":"-4410218963120959692","potions_obtained":[{"floor":1,"key":"SkillPotion"},{"floor":10,"key":"BloodPotion"},{"floor":12,"key":"Strength Potion"},{"floor":42,"key":"DuplicationPotion"},{"floor":44,"key":"PowerPotion"}],"is_trial":true,"path_per_floor":["M","?","?","M","?","R","M","E","T","E","E","M","M","E","R","B",null,"M","$","M","?","M","E","R","E","T","E","R","M","E","E","R","B",null,"M","M","?","M","M","E","M","E","T","E","$","?","E","T","R","B","B",null,"R","$","E","B",null],"character_chosen":"IRONCLAD","items_purchased":["OrangePellets","Impatience+1","ClockworkSouvenir","Centennial Puzzle","Footwork"],"campfire_rested":0,"item_purchase_floors":[19,19,45,45,54],"current_hp_per_floor":[74,67,44,50,50,50,56,60,60,57,63,75,75,75,75,75,75,75,75,75,75,75,75,75,85,85,85,85,85,85,85,85,85,85,85,85,85,85,85,85,85,87,87,89,89,73,81,81,81,91,70,86,86,86,93,93],"gold":105,"neow_bonus":"","is_daily":false,"chose_seed":false,"campfire_upgraded":4,"win_rate":0.0,"timestamp":1611353910,"path_taken":["M","?","?","M","?","R","M","E","T","E","?","M","M","E","R","BOSS","M","$","M","?","M","E","R","E","T","E","R","M","E","?","R","BOSS","M","M","?","?","M","E","M","E","T","E","$","?","?","?","R","BOSS","BOSS","R","$","E","BOSS"],"items_purchased_type":["Relic","Card","Relic","Relic","Card"],"build_version":"2020-12-22","purchased_purges":2,"victory":true,"max_hp_per_floor":[75,75,75,75,75,75,75,75,75,75,75,75,75,75,75,75,75,75,75,75,75,75,75,75,85,85,85,85,85,85,85,85,85,85,85,85,85,85,85,85,85,87,87,89,89,89,91,91,91,91,91,91,91,91,93,93],"relic_stats":{"Regal Pillow":0,"Singing Bowl":8,"Torii":0,"counters":[33,86],"Self Forming Clay":[3],"PreservedInsect":127,"Bag of Preparation":[16],"Whetstone":[],"Letter Opener":[65],"Burning Blood":59,"OrangePellets":[1],"Nunchaku":[27],"Lizard Tail":0,"Centennial Puzzle":[3],"Dream Catcher":0,"Busted Crown":40,"Mummified Hand":[41],"Pantograph":10,"Black Star":5,"obtain_stats":[{"Regal Pillow":14,"Singing Bowl":42,"Torii":47,"Vajra":40,"Bag of Preparation":40,"Whetstone":23,"Burning Blood":0,"ClockworkSouvenir":45,"Nunchaku":26,"Lizard Tail":44,"Centennial Puzzle":45,"Dream Catcher":48,"Mummified Hand":8,"Pantograph":11,"Toxic Egg 2":9,"Paper Frog":27,"Girya":31,"Pear":25,"Self Forming Clay":10,"PreservedInsect":44,"Letter Opener":55,"Du-Vu Doll":55,"OrangePellets":19,"Anchor":42,"Busted Crown":17,"Black Star":34,"Bag of Marbles":47,"FossilizedHelix":30},{"Regal Pillow":9,"Singing Bowl":27,"Torii":29,"Vajra":25,"Bag of Preparation":25,"Whetstone":14,"Burning Blood":0,"ClockworkSouvenir":28,"Nunchaku":15,"Lizard Tail":28,"Centennial Puzzle":28,"Dream Catcher":29,"Mummified Hand":4,"Pantograph":6,"Toxic Egg 2":4,"Paper Frog":16,"Girya":19,"Pear":15,"Self Forming Clay":5,"PreservedInsect":28,"Letter Opener":32,"Du-Vu Doll":32,"OrangePellets":11,"Anchor":27,"Busted Crown":10,"Black Star":20,"Bag of Marbles":29,"FossilizedHelix":18},{"Regal Pillow":30,"Singing Bowl":68,"Torii":70,"Vajra":66,"Bag of Preparation":66,"Whetstone":48,"Burning Blood":0,"ClockworkSouvenir":69,"Nunchaku":50,"Lizard Tail":69,"Centennial Puzzle":69,"Dream Catcher":70,"Mummified Hand":12,"Pantograph":23,"Toxic Egg 2":12,"Paper Frog":51,"Girya":58,"Pear":50,"Self Forming Clay":19,"PreservedInsect":69,"Letter Opener":82,"Du-Vu Doll":82,"OrangePellets":43,"Anchor":68,"Busted Crown":39,"Black Star":60,"Bag of Marbles":70,"FossilizedHelix":55}]},"card_choices":[{"not_picked":["Perfected Strike","Leap","CutThroughFate"],"picked":"SKIP","floor":1},{"not_picked":["Pray","FlyingSleeves","Havoc"],"picked":"SKIP","floor":4},{"not_picked":["WaveOfTheHand","Expertise"],"picked":"Skim","floor":7},{"not_picked":["Deflect","Predator","Steam"],"picked":"SKIP","floor":8},{"not_picked":["Fission+1","Warcry+1"],"picked":"Shrug It Off+1","floor":10},{"not_picked":["Pray+1","Bouncing Flask+1"],"picked":"Feel No Pain","floor":11},{"not_picked":["Acrobatics+1","Iron Wave","Crippling Poison+1"],"picked":"SKIP","floor":12},{"not_picked":["Collect+1","Heavy Blade","Underhanded Strike"],"picked":"SKIP","floor":13},{"not_picked":["Auto Shields+1","Devotion","Adaptation"],"picked":"SKIP","floor":14},{"not_picked":["CutThroughFate"],"picked":"SKIP","floor":18},{"not_picked":["Streamline"],"picked":"SKIP","floor":20},{"not_picked":["Dagger Throw+1"],"picked":"SKIP","floor":22},{"not_picked":[],"picked":"Burning Pact+1","floor":23},{"not_picked":["Setup+1"],"picked":"SKIP","floor":25},{"not_picked":[],"picked":"Backflip+1","floor":27},{"not_picked":["Leap+1"],"picked":"SKIP","floor":29},{"not_picked":["Undo+1"],"picked":"SKIP","floor":30},{"not_picked":["Corruption"],"picked":"SKIP","floor":31},{"not_picked":["Dash"],"picked":"SKIP","floor":35},{"not_picked":["Scrape+1"],"picked":"SKIP","floor":36},{"not_picked":["CutThroughFate"],"picked":"SKIP","floor":38},{"not_picked":["Sword Boomerang"],"picked":"SKIP","floor":39},{"not_picked":["Tempest+1"],"picked":"SKIP","floor":40},{"not_picked":["Tempest+1"],"picked":"SKIP","floor":40},{"not_picked":["Worship+1"],"picked":"SKIP","floor":41},{"not_picked":["Headbutt"],"picked":"Singing Bowl","floor":42},{"not_picked":["Go for the Eyes+1"],"picked":"Singing Bowl","floor":44},{"not_picked":["Beam Cell+1"],"picked":"Singing Bowl","floor":47},{"not_picked":["Underhanded Strike"],"picked":"Singing Bowl","floor":55}],"player_experience":1825274,"relics_obtained":[{"floor":8,"key":"Mummified Hand"},{"floor":9,"key":"Toxic Egg 2"},{"floor":10,"key":"Self Forming Clay"},{"floor":11,"key":"Pantograph"},{"floor":14,"key":"Regal Pillow"},{"floor":23,"key":"Whetstone"},{"floor":25,"key":"Pear"},{"floor":26,"key":"Nunchaku"},{"floor":27,"key":"Paper Frog"},{"floor":30,"key":"FossilizedHelix"},{"floor":31,"key":"Girya"},{"floor":40,"key":"Vajra"},{"floor":40,"key":"Bag of Preparation"},{"floor":42,"key":"Singing Bowl"},{"floor":42,"key":"Anchor"},{"floor":44,"key":"PreservedInsect"},{"floor":44,"key":"Lizard Tail"},{"floor":47,"key":"Bag of Marbles"},{"floor":47,"key":"Torii"},{"floor":48,"key":"Dream Catcher"},{"floor":55,"key":"Du-Vu Doll"},{"floor":55,"key":"Letter Opener"}],"event_choices":[{"cards_removed":["Static Discharge"],"damage_healed":0,"gold_gain":0,"player_choice":"Card Removal","damage_taken":7,"max_hp_gain":0,"max_hp_loss":0,"event_name":"Golden Wing","floor":2,"gold_loss":0},{"damage_healed":0,"gold_gain":0,"player_choice":"Entered Light","damage_taken":23,"max_hp_gain":0,"max_hp_loss":0,"event_name":"Shining Light","floor":3,"gold_loss":0,"cards_upgraded":["Seeing Red","EmptyMind"]},{"damage_healed":0,"gold_gain":0,"player_choice":"Grow","damage_taken":0,"max_hp_gain":0,"max_hp_loss":0,"event_name":"Living Wall","floor":5,"gold_loss":0,"cards_upgraded":["Body Slam"]},{"damage_healed":0,"gold_gain":0,"player_choice":"Ignored","damage_taken":0,"max_hp_gain":0,"max_hp_loss":0,"event_name":"N\u0027loth","floor":21,"gold_loss":0},{"damage_healed":0,"gold_gain":0,"cards_transformed":["Calculated Gamble"],"player_choice":"Transformed","damage_taken":0,"max_hp_gain":0,"max_hp_loss":0,"event_name":"Transmorgrifier","floor":37,"gold_loss":0,"cards_obtained":["White Noise"]},{"damage_healed":0,"gold_gain":0,"player_choice":"Embrace Madness","damage_taken":16,"max_hp_gain":0,"max_hp_loss":0,"event_name":"Winding Halls","floor":46,"gold_loss":0,"cards_obtained":["Madness","Madness"]}],"is_beta":false,"boss_relics":[{"not_picked":["Astrolabe","Snecko Eye"],"picked":"Busted Crown"},{"not_picked":["Runic Cube","Philosopher\u0027s Stone"],"picked":"Black Star"}],"items_purged_floors":[19,45],"is_endless":false,"potions_floor_spawned":[1,10,12,14,18,25,30,31,33,36,38,39,42,44],"ascension_level":20}}