{"host":"xh4jtn7krw5slv5y","time":1611274115,"event":{"mods":["BaseMod","Bestiary","Block Reminder","Colored Map","Downfall","Minty Spire (QoL Compilation)","Quick Restart","Relic Sorter","StSLib"],"gold_per_floor":[99,118,133,118,133,153,153,153,170,185,202,202,28,28,44,149,149,149,161,161,186,206,206,230,276,54,72,84,104,104,122,134,235,235,235,250,260,20,70,70,93,119,182,209,33,33,33,43,63,63,63,63],"floor_reached":50,"language":"ENG","playtime":3763,"items_purged":["downfall:Malfunctioning"],"score":543,"play_id":"92cfd19b-c765-49c8-a319-68a44448d3ff","local_time":"20210121200835","is_ascension_mode":false,"campfire_choices":[{"data":"Guardian:TwinSlam","floor":1.0,"key":"SMITH"},{"data":"Guardian:DonusPower","floor":12.0,"key":"SMITH"},{"data":"Guardian:PiercingHide","floor":18.0,"key":"SMITH"},{"floor":30.0,"key":"REST"},{"data":"Guardian:CurlUp","floor":35.0,"key":"SMITH"}],"circlet_count":0,"master_deck":["Guardian:Strike_Guardian","Guardian:Strike_Guardian","Guardian:Strike_Guardian","Guardian:Strike_Guardian","Guardian:Defend_Guardian","Guardian:Defend_Guardian","Guardian:Defend_Guardian","Guardian:Defend_Guardian+1","Guardian:CurlUp+1","Guardian:TwinSlam+1","Guardian:DonusPower+1","Guardian:PiercingHide+1","Guardian:PiercingHide","Guardian:BaubleBeam+1","Guardian:ExploitGems+1","Guardian:Suspension","Guardian:BronzeOrb","Guardian:Repulse+1","Guardian:Gem_Blue","Guardian:WalkerClaw+1","Guardian:Gem_Cyan","Guardian:BaubleBeam+1","Guardian:FloatingOrbs","Guardian:DecasProtection","Guardian:Gem_Green","expansioncontent:DashGenerateEvil","Guardian:Recover"],"relics":["Guardian:ModeShifter","InkBottle","bronze:MakeshiftBattery","Anchor","Toy Ornithopter","Bag of Marbles","Guardian:StasisSlotReductionRelic","DollysMirror","Girya","War Paint","MealTicket","Thread and Needle","Lantern"],"acts_visited":["Exordium","TheCity","TheBeyond"],"potions_floor_usage":[38,39],"damage_taken":[{"damage":2.0,"enemies":"2 Louse","floor":2.0,"turns":3.0},{"damage":1.0,"enemies":"Cultist","floor":3.0,"turns":4.0},{"damage":5.0,"enemies":"downfall:FleeingMerchant","floor":4.0,"turns":4.0},{"damage":6.0,"enemies":"Jaw Worm","floor":5.0,"turns":4.0},{"damage":12.0,"enemies":"Exordium Thugs","floor":6.0,"turns":6.0},{"damage":23.0,"enemies":"Large Slime","floor":9.0,"turns":8.0},{"damage":15.0,"enemies":"Exordium Wildlife","floor":10.0,"turns":4.0},{"damage":11.0,"enemies":"Lots of Slimes","floor":11.0,"turns":4.0},{"damage":0.0,"enemies":"downfall:FleeingMerchant","floor":13.0,"turns":4.0},{"damage":0.0,"enemies":"2 Fungi Beasts","floor":15.0,"turns":5.0},{"damage":16.0,"enemies":"WA_ARCHETYPE_RETAIN","floor":16.0,"turns":8.0},{"damage":4.0,"enemies":"3 Byrds","floor":19.0,"turns":4.0},{"damage":4.0,"enemies":"Shell Parasite","floor":22.0,"turns":6.0},{"damage":0.0,"enemies":"downfall:FleeingMerchant","floor":26.0,"turns":4.0},{"damage":24.0,"enemies":"Cultist and Chosen","floor":27.0,"turns":8.0},{"damage":51.0,"enemies":"Centurion and Healer","floor":28.0,"turns":19.0},{"damage":11.0,"enemies":"Snake Plant","floor":29.0,"turns":3.0},{"damage":0.0,"enemies":"Snecko","floor":31.0,"turns":5.0},{"damage":2.0,"enemies":"Cultist and Chosen","floor":32.0,"turns":6.0},{"damage":27.0,"enemies":"DF_ARCHETYPE_CLAW","floor":33.0,"turns":11.0},{"damage":11,"enemies":"3 Shapes","floor":36,"turns":7},{"damage":0,"enemies":"Orb Walker","floor":37,"turns":3},{"damage":1,"enemies":"downfall:FleeingMerchant","floor":38,"turns":4},{"damage":20,"enemies":"downfall:FleeingMerchant","floor":39,"turns":5},{"damage":36,"enemies":"Nemesis","floor":42,"turns":5},{"damage":26,"enemies":"downfall:FleeingMerchant","floor":43,"turns":4},{"damage":0,"enemies":"Sphere and 2 Shapes","floor":48,"turns":5},{"damage":41,"enemies":"Writhing Mass","floor":49,"turns":5},{"damage":34,"enemies":"IC_BLOCK_ARCHETYPE","floor":50,"turns":2}],"seed_played":"4273019371041464604","potions_obtained":[{"floor":2.0,"key":"DuplicationPotion"},{"floor":3.0,"key":"SteroidPotion"},{"floor":5.0,"key":"Block Potion"},{"floor":27.0,"key":"SpeedPotion"},{"floor":28.0,"key":"BlessingOfTheForge"},{"floor":31.0,"key":"AttackPotion"},{"floor":32.0,"key":"Slimebound:ThreeZeroPotion"},{"floor":33.0,"key":"DistilledChaos"},{"floor":42,"key":"SpeedPotion"}],"is_trial":false,"path_per_floor":["R","M","M","$","M","M","T","?","M","M","M","R","$","?","M","B",null,"R","M","?","T","M","?","T","T","$","M","M","M","R","M","M","B",null,"R","M","M","?","?","?","T","E","$","T","$","?","$","M","M","B"],"character_chosen":"GUARDIAN","items_purchased":["Guardian:ExploitGems","Guardian:Gem_Cyan","Guardian:BronzeOrb","DollysMirror","Guardian:FloatingOrbs","Thread and Needle","expansioncontent:DashGenerateEvil"],"campfire_rested":1,"item_purchase_floors":[13,26,26,38,38,43,45],"current_hp_per_floor":[96,94,93,88,82,70,70,70,47,32,21,21,21,21,21,5,96,96,92,92,92,88,88,88,88,88,64,13,2,30,30,28,11,96,96,85,85,89,74,74,74,38,27,27,42,42,57,57,16,0,0,0],"gold":63,"neow_bonus":"TWENTY_PERCENT_HP_BONUS","is_daily":false,"chose_seed":false,"campfire_upgraded":4,"win_rate":0.0,"timestamp":1611274115,"path_taken":["R","M","M","$","M","M","T","?","?","M","?","R","$","?","M","BOSS","R","M","?","?","?","?","T","?","$","M","M","M","R","?","M","BOSS","R","M","M","?","?","?","T","E","$","?","$","?","?","M","M","BOSS"],"items_purchased_type":["Card","Card","Card","Relic","Card","Relic","Card"],"build_version":"2020-12-22","purchased_purges":1,"victory":false,"max_hp_per_floor":[96,96,96,96,96,96,96,96,96,96,96,96,96,96,96,96,96,96,96,96,96,96,96,96,96,96,96,96,96,96,96,96,96,96,96,96,96,96,96,96,96,96,96,96,96,96,96,96,96,96,96,96],"card_choices":[{"not_picked":["Guardian:TemporalShield","Guardian:Clone","Guardian:WalkerClaw"],"picked":"SKIP","floor":2.0},{"not_picked":["Guardian:BronzeOrb","Guardian:EvasiveProtocol"],"picked":"Guardian:DonusPower","floor":3.0},{"not_picked":["Guardian:ChargeCore","Guardian:SentryBeam"],"picked":"Guardian:Gem_Synthetic","floor":4.0},{"not_picked":["Guardian:Emergency","Guardian:VentSteam"],"picked":"Guardian:PiercingHide","floor":5.0},{"not_picked":["Guardian:BodySlam","Guardian:ShieldCharger"],"picked":"Guardian:Gem_Yellow","floor":6.0},{"not_picked":["Guardian:Incinerate","Guardian:Repulse"],"picked":"Guardian:Gem_Cyan","floor":9.0},{"not_picked":["Guardian:PrismaticBeam","Guardian:Suspension"],"picked":"Guardian:PiercingHide","floor":10.0},{"not_picked":["Guardian:RefractedBeam","Guardian:Gem_Yellow"],"picked":"Guardian:Gem_Green","floor":11.0},{"not_picked":["Guardian:Gem_Lightblue","Guardian:TemporalStrike"],"picked":"Guardian:BaubleBeam","floor":13.0},{"not_picked":["Guardian:Gem_Fragmented","Guardian:RefractedBeam"],"picked":"Guardian:Gem_Red","floor":15.0},{"not_picked":["Guardian:ShieldCharger","Guardian:Harden","Guardian:PrimingBeam"],"picked":"SKIP","floor":19.0},{"not_picked":["Guardian:Harden+1","Guardian:PiercingHide","Guardian:Recover"],"picked":"SKIP","floor":22.0},{"not_picked":["Guardian:RollAttack","Guardian:GuardianWhirl"],"picked":"Guardian:Suspension","floor":26.0},{"not_picked":["Guardian:VentSteam","Guardian:Suspension"],"picked":"Guardian:Gem_Cyan","floor":27.0},{"not_picked":["Guardian:ShieldCharger","Guardian:PrimingBeam+1"],"picked":"Guardian:Gem_Orange","floor":28.0},{"not_picked":["Guardian:Reroute","Guardian:PiercingHide"],"picked":"Guardian:Gem_White","floor":29.0},{"not_picked":["Guardian:BodySlam","Guardian:Gem_White"],"picked":"Guardian:Repulse+1","floor":31.0},{"not_picked":["Guardian:Suspension","Guardian:Planning+1"],"picked":"Guardian:Gem_Blue","floor":32.0},{"not_picked":["Guardian:BronzeOrb+1","Guardian:FloatingOrbs"],"picked":"Guardian:WalkerClaw+1","floor":36},{"not_picked":["Guardian:ShieldSpikes","Guardian:MultiBeam+1","Guardian:WalkerClaw+1"],"picked":"SKIP","floor":37},{"not_picked":["Guardian:SentryBeam+1","Guardian:TimeBomb"],"picked":"Guardian:Gem_Cyan","floor":38},{"not_picked":["Guardian:PrimingBeam+1","Guardian:MultiBeam+1"],"picked":"Guardian:DecasProtection","floor":42},{"not_picked":["Guardian:Preprogram+1","Guardian:Planning+1"],"picked":"Guardian:Gem_Green","floor":43},{"not_picked":["Guardian:SpikerProtocol+1","Guardian:Planning","Guardian:PrimingBeam+1"],"picked":"SKIP","floor":48},{"not_picked":["Guardian:Incinerate","Guardian:Gem_Green"],"picked":"Guardian:Recover","floor":49}],"player_experience":322237,"relics_obtained":[{"floor":7.0,"key":"InkBottle"},{"floor":21.0,"key":"Anchor"},{"floor":24.0,"key":"Toy Ornithopter"},{"floor":25.0,"key":"Bag of Marbles"},{"floor":39,"key":"Girya"},{"floor":41,"key":"War Paint"},{"floor":42,"key":"MealTicket"},{"floor":44,"key":"Lantern"}],"event_choices":[{"damage_healed":0.0,"max_hp_gain":0.0,"max_hp_loss":0.0,"gold_gain":0.0,"event_name":"Living Wall","player_choice":"Grow","floor":14.0,"gold_loss":0.0,"damage_taken":0.0,"cards_upgraded":["Guardian:BaubleBeam"]},{"damage_healed":0,"gold_gain":0,"player_choice":"Ignored","damage_taken":0,"max_hp_gain":0,"max_hp_loss":0,"event_name":"Mysterious Sphere","floor":46,"gold_loss":0}],"is_beta":false,"boss_relics":[{"not_picked":["Philosopher\u0027s Stone","Snecko Eye"],"picked":"bronze:MakeshiftBattery"},{"not_picked":["Fusion Hammer","SlaversCollar"],"picked":"Guardian:StasisSlotReductionRelic"}],"items_purged_floors":[26],"is_endless":false,"potions_floor_spawned":[2,3,5,15,27,28,31,32,33,42],"killed_by":"IC_BLOCK_ARCHETYPE","ascension_level":0}}