{"host":"51f0ad793vly1w6u","time":1611296399,"event":{"mods":["BaseMod","Colored Map","DeckTracker","Minty Spire (QoL Compilation)","Replay The Spire","StSLib","SuperFastMode"],"gold_per_floor":[115,40,40,40,52,52,78,78,105,122,141,160,172,190,190,291,291,301,318,318,329,348,381,306,10,10,472,496,508,552,581,593,706,718,744,767,796,827,839,881,893,917,929,941,985,691,691,384,384,384,384,384,30,63,63],"floor_reached":56,"language":"KOR","playtime":1482,"items_purged":["Strike_R","Strike_R","Strike_R","Strike_R"],"score":1376,"play_id":"c994eb62-c66c-4da0-ba10-22800abee3b3","local_time":"20210122151959","is_ascension_mode":false,"campfire_choices":[{"data":"Bash","floor":6.0,"key":"SMITH"},{"data":"Twin Strike","floor":8.0,"key":"SMITH"},{"data":"Hemokinesis","floor":15.0,"key":"SMITH"},{"data":"Apotheosis","floor":29.0,"key":"SMITH"},{"data":"Dual Wield","floor":32,"key":"SMITH"},{"data":"Barricade","floor":41,"key":"SMITH"},{"data":"ReplayTheSpireMod:Muscle Training","floor":44,"key":"SMITH"},{"data":"Feel No Pain","floor":47,"key":"SMITH"},{"data":"ReplayTheSpireMod:Muscle Training","floor":49,"key":"SMITH"},{"data":"Impervious","floor":52,"key":"SMITH"}],"circlet_count":0,"master_deck":["Defend_R","Defend_R","Defend_R","Defend_R","Bash+1","Eruption+1","Reaper+1","Pummel","Twin Strike+1","Uppercut","Hemokinesis+1","Immolate","Flex+1","Shrug It Off","Apotheosis+1","Double Tap","Immolate","Dual Wield+1","Barricade+1","ReplayTheSpireMod:Muscle Training+1","Reaper+1","ReplayTheSpireMod:Muscle Training+1","Reaper","Feel No Pain+1","Impervious+1","Shrug It Off+1","Shrug It Off","Reaper+1"],"relics":["Black Blood","Incense Burner","White Beast Statue","Regal Pillow","Enchiridion","Red Skull","MawBank","Replay:Bottled Steam","Electric Blood","ReplayFunnel","Ornamental Fan","Mummified Hand","Medical Kit","Orrery","DollysMirror","ReplayTheSpireMod:TigerMarble","Anchor"],"acts_visited":["Exordium","TheCity","TheBeyond","TheEnding"],"potions_floor_usage":[33,40,42,45,45,45,50,50,55,55,55],"damage_taken":[{"damage":3.0,"enemies":"2 Louse","floor":1.0,"turns":5.0},{"damage":0.0,"enemies":"Jaw Worm","floor":5.0,"turns":2.0},{"damage":26.0,"enemies":"Lagavulin","floor":7.0,"turns":5.0},{"damage":1.0,"enemies":"Cultist","floor":10.0,"turns":3.0},{"damage":11.0,"enemies":"3 Louse","floor":11.0,"turns":2.0},{"damage":3.0,"enemies":"Lots of Slimes","floor":12.0,"turns":2.0},{"damage":25.0,"enemies":"Gremlin Gang","floor":13.0,"turns":4.0},{"damage":2.0,"enemies":"3 Louse","floor":14.0,"turns":3.0},{"damage":2.0,"enemies":"Slime Boss","floor":16.0,"turns":4.0},{"damage":7.0,"enemies":"Chosen","floor":18.0,"turns":3.0},{"damage":12.0,"enemies":"Spheric Guardian","floor":19.0,"turns":2.0},{"damage":1.0,"enemies":"Snake Plant","floor":21.0,"turns":3.0},{"damage":16.0,"enemies":"3 Cultists","floor":22.0,"turns":3.0},{"damage":3.0,"enemies":"Replay:Snechameleon","floor":23.0,"turns":2.0},{"damage":3.0,"enemies":"Snecko","floor":28.0,"turns":3.0},{"damage":14.0,"enemies":"Book of Stabbing","floor":30.0,"turns":3.0},{"damage":16,"enemies":"Cultist and Chosen","floor":31,"turns":3},{"damage":3,"enemies":"Collector","floor":33,"turns":5},{"damage":21,"enemies":"3 Darklings","floor":35,"turns":3},{"damage":13,"enemies":"3 Shapes","floor":36,"turns":5},{"damage":36,"enemies":"Maw","floor":37,"turns":5},{"damage":31,"enemies":"Jaw Worm Horde","floor":38,"turns":3},{"damage":50,"enemies":"Reptomancer","floor":40,"turns":3},{"damage":12,"enemies":"Writhing Mass","floor":42,"turns":3},{"damage":39,"enemies":"R_Hoarder","floor":45,"turns":6},{"damage":89,"enemies":"Awakened One","floor":50,"turns":12},{"damage":73,"enemies":"Shield and Spear","floor":54,"turns":9},{"damage":108,"enemies":"The Heart","floor":55,"turns":11}],"seed_played":"8461972962402620882","potions_obtained":[{"floor":7.0,"key":"Dexterity Potion"},{"floor":10.0,"key":"ColorlessPotion"},{"floor":11.0,"key":"PowerPotion"},{"floor":12.0,"key":"LifebloodPotion"},{"floor":13.0,"key":"Energy Potion"},{"floor":14.0,"key":"Death Potion"},{"floor":16.0,"key":"FearPotion"},{"floor":19.0,"key":"EssenceOfSteel"},{"floor":21.0,"key":"AttackPotion"},{"floor":23.0,"key":"Doom Potion"},{"floor":28.0,"key":"DistilledChaos"},{"floor":30,"key":"Energy Potion"},{"floor":31,"key":"FearPotion"},{"floor":33,"key":"Energy Potion"},{"floor":38,"key":"CultistPotion"},{"floor":40,"key":"Strength Potion"},{"floor":42,"key":"BlessingOfTheForge"},{"floor":54,"key":"SteroidPotion"}],"is_trial":false,"path_per_floor":["M","$","?","?","M","R","E","R","T","M","M","M","M","M","R","B",null,"M","M","?","M","M","E","?","$","T","?","M","R","E","M","R","B",null,"M","M","M","M","?","E","R","M","T","R","E","$","R","$","R","B",null,"R","$","E","B",null],"character_chosen":"IRONCLAD","items_purchased":["Apotheosis","Feel No Pain","Medical Kit","Orrery","Dexterity Potion","DollysMirror","ReplayTheSpireMod:TigerMarble"],"campfire_rested":0,"item_purchase_floors":[25,46,46,48,53,53,53],"current_hp_per_floor":[80,80,80,80,80,80,60,60,60,65,75,80,68,77,77,80,80,80,80,64,80,76,80,80,80,80,34,62,62,60,56,56,65,80,71,80,80,61,61,68,68,80,80,80,80,80,80,80,80,51,80,80,80,58,49],"gold":63,"neow_bonus":"ONE_RARE_RELIC","is_daily":false,"chose_seed":false,"campfire_upgraded":10,"win_rate":0.0,"timestamp":1611296399,"path_taken":["M","$","?","?","M","R","E","R","T","M","M","M","?","M","R","BOSS","M","M","?","M","M","E","?","$","T","?","?","R","E","M","R","BOSS","M","M","M","?","?","E","R","M","T","R","E","$","R","$","R","BOSS","R","$","E","BOSS"],"items_purchased_type":["Card","Card","Relic","Relic","Potion","Relic","Relic"],"build_version":"2020-12-22","purchased_purges":4,"victory":true,"max_hp_per_floor":[80,80,80,80,80,80,80,80,80,80,80,80,80,80,80,80,80,80,80,80,80,80,80,80,80,80,80,80,80,80,80,80,80,80,80,80,80,80,80,80,80,80,80,80,80,80,80,80,80,80,80,80,80,80,80],"card_choices":[{"not_picked":["True Grit","Warcry","ReplayTheSpireMod:LeadingStrike"],"picked":"SKIP","floor":1.0},{"not_picked":["Headbutt","Flex"],"picked":"Pummel","floor":5.0},{"not_picked":["Thunderclap","Burning Pact"],"picked":"Twin Strike","floor":7.0},{"not_picked":["Replay:Undeath\u0027s Touch","Burning Pact","Clothesline"],"picked":"SKIP","floor":10.0},{"not_picked":["Wild Strike","Body Slam"],"picked":"Uppercut","floor":11.0},{"not_picked":["Twin Strike","Searing Blow","Sword Boomerang"],"picked":"SKIP","floor":12.0},{"not_picked":["Clothesline","True Grit"],"picked":"Hemokinesis","floor":13.0},{"not_picked":["Thunderclap","Fiend Fire","Headbutt"],"picked":"SKIP","floor":14.0},{"not_picked":["Limit Break","Juggernaut"],"picked":"Immolate","floor":16.0},{"not_picked":["Armaments","Warcry","Searing Blow"],"picked":"SKIP","floor":18.0},{"not_picked":["Anger+1","ReplayTheSpireMod:Strike From Hell","Sword Boomerang"],"picked":"SKIP","floor":19.0},{"not_picked":["Cleave","Clash"],"picked":"Flex+1","floor":21.0},{"not_picked":["ReplayTheSpireMod:Strike From Hell","Fiend Fire","Pommel Strike"],"picked":"SKIP","floor":22.0},{"not_picked":["Warcry","Defy Death"],"picked":"Shrug It Off","floor":23.0},{"not_picked":["Replay:Undeath\u0027s Touch","True Grit"],"picked":"Double Tap","floor":28.0},{"not_picked":["Pummel","Twin Strike"],"picked":"Immolate","floor":30},{"not_picked":["Dark Embrace+1","Defy Death"],"picked":"Dual Wield","floor":31},{"not_picked":["Bludgeon","Fiend Fire"],"picked":"Barricade","floor":33},{"not_picked":["Metallicize","Iron Wave+1","Armaments"],"picked":"SKIP","floor":35},{"not_picked":["Thunderclap+1","ReplayTheSpireMod:Corrosion Curse","Rampage"],"picked":"SKIP","floor":36},{"not_picked":["True Grit+1","Body Slam+1"],"picked":"ReplayTheSpireMod:Muscle Training","floor":37},{"not_picked":["Body Slam","True Grit","Defy Death+1"],"picked":"SKIP","floor":38},{"not_picked":["Headbutt+1","Body Slam+1"],"picked":"ReplayTheSpireMod:Muscle Training","floor":40},{"not_picked":["Second Wind+1","Sword Boomerang","Thunderclap"],"picked":"SKIP","floor":42},{"not_picked":["Wild Strike","Run Through"],"picked":"Reaper","floor":45},{"not_picked":["Sentinel+1","Evolve+1"],"picked":"Impervious","floor":48},{"not_picked":["Dark Embrace","Perfected Strike+1"],"picked":"Shrug It Off+1","floor":48},{"not_picked":["Flex+1","ReplayTheSpireMod:Strike From Hell"],"picked":"Shrug It Off","floor":48},{"not_picked":["Havoc","Twin Strike","Pommel Strike"],"picked":"SKIP","floor":54}],"player_experience":1410794,"relics_obtained":[{"floor":7.0,"key":"White Beast Statue"},{"floor":9.0,"key":"Regal Pillow"},{"floor":20.0,"key":"Enchiridion"},{"floor":23.0,"key":"Red Skull"},{"floor":26.0,"key":"MawBank"},{"floor":30,"key":"Replay:Bottled Steam"},{"floor":40,"key":"ReplayFunnel"},{"floor":43,"key":"Ornamental Fan"},{"floor":45,"key":"Mummified Hand"},{"floor":54,"key":"Anchor"}],"event_choices":[{"damage_healed":0.0,"max_hp_gain":0.0,"max_hp_loss":0.0,"gold_gain":0.0,"event_name":"Upgrade Shrine","player_choice":"Upgraded","floor":4.0,"gold_loss":0.0,"damage_taken":0.0,"cards_upgraded":["Eruption"]},{"damage_healed":0.0,"max_hp_gain":0.0,"max_hp_loss":0.0,"gold_gain":0.0,"event_name":"Cursed Tome","player_choice":"Obtained Book","floor":20.0,"gold_loss":0.0,"damage_taken":16.0},{"cards_removed":["Defend_G"],"damage_healed":0.0,"max_hp_gain":0.0,"max_hp_loss":0.0,"gold_gain":0.0,"event_name":"Beggar","player_choice":"Gave Gold","floor":24.0,"gold_loss":75.0,"damage_taken":0.0},{"damage_healed":0.0,"max_hp_gain":0.0,"max_hp_loss":0.0,"gold_gain":450.0,"event_name":"Knowing Skull","player_choice":"GOLD GOLD GOLD GOLD GOLD ","floor":27.0,"potions_obtained":[],"gold_loss":0.0,"damage_taken":46.0,"cards_obtained":[]},{"damage_healed":0,"gold_gain":0,"player_choice":"Copied","damage_taken":0,"max_hp_gain":0,"max_hp_loss":0,"event_name":"Duplicator","floor":39,"gold_loss":0,"cards_obtained":["Reaper"]}],"is_beta":false,"boss_relics":[{"not_picked":["Calling Bell","Replay:Drink Me"],"picked":"Black Blood"},{"not_picked":["Replay:Bronze Core","Kintsugi"],"picked":"Electric Blood"}],"items_purged_floors":[2,25,46,48],"is_endless":false,"potions_floor_spawned":[7,10,11,12,13,14,16,18,19,21,22,23,28,30,31,33,35,36,37,38,40,42,45,54],"ascension_level":0}}