{"host":"2se5dq1do2gp0x9k","time":1611298623,"event":{"mods":["AchievementEnabler","BaseMod","Block Reminder","Colored Map","Colored Powertips","Minty Spire (QoL Compilation)","Relic Stats","StSLib","SuperFastMode"],"gold_per_floor":[112,131,131,147,17,17,50,50,50,50,65,65,98,108,108,181,181,195,195,34,34,46,46,65,65,65],"floor_reached":25,"language":"ENG","playtime":737,"items_purged":["Strike_B"],"score":422,"play_id":"ba4d9b4f-f0af-4d3b-9135-494a10356aae","local_time":"20210121225703","is_ascension_mode":true,"campfire_choices":[{"data":"Zap","floor":6,"key":"SMITH"},{"data":"Dualcast","floor":8,"key":"SMITH"},{"floor":12,"key":"REST"},{"data":"Consume","floor":15,"key":"SMITH"},{"floor":23,"key":"REST"}],"circlet_count":0,"master_deck":["AscendersBane","Strike_B","Strike_B","Strike_B","Defend_B","Defend_B","Defend_B","Defend_B","Zap+1","Dualcast+1","Conserve Battery","Ball Lightning","Cold Snap","Cold Snap","Cold Snap","Consume+1","Creative AI","Decay","Coolheaded"],"relics":["Cracked Core","NeowsBlessing","Bag of Preparation","HornCleat","Lizard Tail","Inserter","ClockworkSouvenir"],"acts_visited":["Exordium","TheCity"],"potions_floor_usage":[24,25],"damage_taken":[{"damage":0,"enemies":"Cultist","floor":1,"turns":1},{"damage":0,"enemies":"2 Louse","floor":2,"turns":1},{"damage":0,"enemies":"Jaw Worm","floor":4,"turns":1},{"damage":23,"enemies":"Gremlin Nob","floor":7,"turns":4},{"damage":13,"enemies":"Exordium Wildlife","floor":11,"turns":5},{"damage":8,"enemies":"3 Sentries","floor":13,"turns":8},{"damage":9,"enemies":"3 Louse","floor":14,"turns":3},{"damage":20,"enemies":"Hexaghost","floor":16,"turns":11},{"damage":17,"enemies":"Shell Parasite","floor":18,"turns":6},{"damage":17,"enemies":"Spheric Guardian","floor":22,"turns":5},{"damage":16,"enemies":"Snake Plant","floor":24,"turns":6},{"damage":70,"enemies":"Slavers","floor":25,"turns":7}],"seed_played":"-6391893191967423334","potions_obtained":[{"floor":4,"key":"SkillPotion"},{"floor":14,"key":"Swift Potion"},{"floor":18,"key":"DistilledChaos"}],"is_trial":false,"path_per_floor":["M","M","?","M","$","R","E","R","T","$","M","R","E","M","R","B",null,"M","?","$","?","M","R","M","E"],"character_chosen":"DEFECT","items_purchased":["Cold Snap","ClockworkSouvenir"],"campfire_rested":2,"item_purchase_floors":[5,20],"current_hp_per_floor":[64,64,64,64,64,64,41,41,41,41,28,49,41,32,32,12,56,39,39,39,39,22,43,27,0,0],"gold":65,"neow_bonus":"THREE_ENEMY_KILL","is_daily":false,"chose_seed":false,"campfire_upgraded":3,"win_rate":0.0,"timestamp":1611298623,"path_taken":["M","?","?","M","?","R","E","R","T","$","M","R","E","M","R","BOSS","M","?","$","?","M","R","M","E"],"items_purchased_type":["Card","Relic"],"build_version":"2020-12-22","purchased_purges":1,"victory":false,"max_hp_per_floor":[71,71,71,71,71,71,71,71,71,71,71,71,71,71,71,71,71,71,71,71,71,71,71,71,71,71],"relic_stats":{"Lizard Tail":35,"Inserter":[12],"counters":[12,58],"Bag of Preparation":[16],"obtain_stats":[{"Lizard Tail":13,"HornCleat":9,"Inserter":17,"NeowsBlessing":0,"Bag of Preparation":7,"Cracked Core":0,"ClockworkSouvenir":20},{"Lizard Tail":6,"HornCleat":4,"Inserter":8,"NeowsBlessing":0,"Bag of Preparation":4,"Cracked Core":0,"ClockworkSouvenir":9},{"Lizard Tail":20,"HornCleat":7,"Inserter":34,"NeowsBlessing":0,"Bag of Preparation":7,"Cracked Core":0,"ClockworkSouvenir":40}]},"card_choices":[{"not_picked":["Storm","Sweeping Beam"],"picked":"Conserve Battery","floor":1},{"not_picked":["Lockon","Loop"],"picked":"Ball Lightning","floor":2},{"not_picked":["Hologram","Force Field"],"picked":"Cold Snap","floor":4},{"not_picked":["Rebound","Darkness","Ball Lightning"],"picked":"SKIP","floor":7},{"not_picked":["Melter","Go for the Eyes","FTL"],"picked":"SKIP","floor":11},{"not_picked":["Cold Snap","Conserve Battery"],"picked":"Consume","floor":13},{"not_picked":["Leap","Sunder","Streamline"],"picked":"SKIP","floor":14},{"not_picked":["Machine Learning","Amplify"],"picked":"Creative AI","floor":16},{"not_picked":["Conserve Battery","Redo","Static Discharge"],"picked":"SKIP","floor":18},{"not_picked":["Darkness","Beam Cell","Sunder"],"picked":"SKIP","floor":22},{"not_picked":["Rebound","Hologram"],"picked":"Coolheaded","floor":24}],"player_experience":3936471,"relics_obtained":[{"floor":7,"key":"Bag of Preparation"},{"floor":9,"key":"HornCleat"},{"floor":13,"key":"Lizard Tail"}],"event_choices":[{"damage_healed":0,"gold_gain":0,"player_choice":"1 cards matched","damage_taken":0,"max_hp_gain":0,"max_hp_loss":0,"event_name":"Match and Keep!","floor":3,"gold_loss":0,"cards_obtained":["Cold Snap"]},{"damage_healed":0,"gold_gain":0,"player_choice":"Smashed Altar","damage_taken":0,"max_hp_gain":0,"max_hp_loss":0,"event_name":"Forgotten Altar","floor":19,"gold_loss":0,"cards_obtained":["Decay"]},{"damage_healed":0,"gold_gain":0,"player_choice":"Ignored","damage_taken":0,"max_hp_gain":0,"max_hp_loss":0,"event_name":"WeMeetAgain","floor":21,"gold_loss":0}],"is_beta":false,"boss_relics":[{"not_picked":["Tiny House","Calling Bell"],"picked":"Inserter"}],"items_purged_floors":[5],"is_endless":false,"potions_floor_spawned":[4,14,16,18],"killed_by":"Slavers","ascension_level":20}}