{"host":"ni5mix2lh3q94rpg","time":1611353437,"event":{"mods":["AchievementEnabler","Act Like it!","BaseMod","Better Altar","Better Note","Better Silent Start","Better Skull","Better Third Choice","Better Vampires","Card Forge","Colored Map","Colored Powertips","Custom Start","Displayed Cursed Tome","Gensokyo","GifTheSpireLib","Hermit","Highlight Path","Marisa????????","Minty Spire (QoL Compilation)","Remilia??????","Shop Mod","StSLib","The Cursed","The Servant 0.9.4","Transform Curses","everything is the same but u backflip on backflip","slay the spire mod where everything is the same but ironclad has a cowboy hat"],"gold_per_floor":[116,128,27,42,53,53,53],"floor_reached":6,"language":"ENG","playtime":344,"items_purged":["Strike_B"],"score":70,"play_id":"a3de76cd-3227-47d8-980c-a9aa3886251b","local_time":"20210123011037","is_ascension_mode":true,"campfire_choices":[],"circlet_count":0,"master_deck":["AscendersBane","Strike_B","Strike_B","Strike_B","Defend_B","Defend_B","Defend_B","Defend_B","Zap","Dualcast+1","Skim","BootSequence","Leap","Glacier","Rebound"],"relics":["Cracked Core","Hammer of Thor","Seething Fire","Anvil of the Gods"],"acts_visited":["Exordium"],"potions_floor_usage":[],"damage_taken":[{"damage":2,"enemies":"Jaw Worm","floor":1,"turns":4},{"damage":14,"enemies":"Small Slimes","floor":2,"turns":6},{"damage":2,"enemies":"2 Louse","floor":4,"turns":3},{"damage":0,"enemies":"Blue Slaver","floor":5,"turns":7},{"damage":60,"enemies":"Gremlin Nob","floor":6,"turns":4}],"seed_played":"-6469752311045651051","potions_obtained":[],"is_trial":false,"path_per_floor":["M","M","$","M","M","E"],"character_chosen":"DEFECT","items_purchased":["Leap"],"campfire_rested":0,"item_purchase_floors":[3],"current_hp_per_floor":[62,48,48,46,46,0,0],"gold":53,"neow_bonus":"UPGRADE_CARD","is_daily":false,"chose_seed":false,"campfire_upgraded":0,"win_rate":0.0,"timestamp":1611353437,"path_taken":["M","M","$","M","M","E"],"items_purchased_type":["Card"],"build_version":"2020-12-22","purchased_purges":1,"victory":false,"max_hp_per_floor":[71,71,71,71,71,71,71],"card_choices":[{"not_picked":["Compile Driver","Consume"],"picked":"Skim","floor":1},{"not_picked":["Barrage","Scrape"],"picked":"BootSequence","floor":2},{"not_picked":["Genetic Algorithm","Reinforced Body"],"picked":"Glacier","floor":4},{"not_picked":["Redo","Sweeping Beam"],"picked":"Rebound","floor":5}],"player_experience":873290,"relics_obtained":[],"event_choices":[],"is_beta":false,"boss_relics":[],"items_purged_floors":[3],"is_endless":false,"potions_floor_spawned":[],"killed_by":"Gremlin Nob","ascension_level":17}}