{"host":"ujnw6e0uhhe703dz","time":1611327408,"event":{"mods":["Act Like it!","BaseMod","Beaked The Cultist","Block Reminder","Colored Powertips","Conspire","Friendly Minions","Hubris","Marked Mod","Minty Spire (QoL Compilation)","Relic Stats","SacredBarkPlus","Shop Mod","Spicy Shops","StSLib","The Cursed","The Death Knight","The Necromancer","Transform Curses","Uncapped"],"gold_per_floor":[109,109,34,34,34,67,67,79,105,118,103,103,53,53,53,149,149,162,174,174,190,90,90,90],"floor_reached":23,"language":"ENG","playtime":840,"items_purged":["DeathKnight:Strike_DeathKnight","DeathKnight:Strike_DeathKnight"],"score":214,"play_id":"fd56c84d-d1b6-4aa3-831d-56c90cb3b1db","local_time":"20210122145648","is_ascension_mode":false,"campfire_choices":[{"data":"DeathKnight:Pestilence","floor":7,"key":"SMITH"},{"data":"Pain","floor":12,"key":"PURGE"},{"data":"DeathKnight:GargoyleSkin","floor":15,"key":"SMITH"}],"circlet_count":0,"master_deck":["DeathKnight:Strike_DeathKnight","DeathKnight:Strike_DeathKnight","DeathKnight:Strike_DeathKnight","DeathKnight:Defend_DeathKnight","DeathKnight:Defend_DeathKnight","DeathKnight:Defend_DeathKnight","DeathKnight:Defend_DeathKnight","DeathKnight:RuneTap","DeathKnight:RuneStrike","DeathKnight:PlagueStrike","DeathKnight:Pestilence+1","DeathKnight:FesteringStrike","DeathKnight:GargoyleSkin+1","DeathKnight:Runesurge","DeathKnight:DeathAndDecay"],"relics":["DeathKnight:BrokenRuneblade","Question Card","WarpedTongs","Peace Pipe","Boot","conspire:SlowCooker","Nloth\u0027s Gift"],"acts_visited":["TheCity"],"potions_floor_usage":[11,23,23],"damage_taken":[{"damage":0,"enemies":"Jaw Worm","floor":1,"turns":1},{"damage":1,"enemies":"3 Sentries","floor":6,"turns":2},{"damage":0,"enemies":"2 Louse","floor":8,"turns":1},{"damage":7,"enemies":"Small Slimes","floor":10,"turns":4},{"damage":2,"enemies":"Exordium Thugs","floor":11,"turns":2},{"damage":28,"enemies":"Slime Boss","floor":16,"turns":10},{"damage":7,"enemies":"Chosen","floor":18,"turns":4},{"damage":6,"enemies":"3 Byrds","floor":19,"turns":4},{"damage":30,"enemies":"Snecko","floor":21,"turns":4},{"damage":35,"enemies":"Slavers","floor":23,"turns":2}],"seed_played":"7934988770822374883","potions_obtained":[{"floor":1,"key":"SteroidPotion"},{"floor":8,"key":"Strength Potion"},{"floor":10,"key":"SmokeBomb"},{"floor":16,"key":"FearPotion"},{"floor":18,"key":"CultistPotion"},{"floor":19,"key":"DeathKnight:VirulencePotion"}],"is_trial":false,"path_per_floor":["M","?","$","?","$","E","R","M","T","M","M","R","?","$","R","B",null,"M","M","?","M","$","E"],"character_chosen":"DEATH_KNIGHT","items_purchased":[],"campfire_rested":0,"item_purchase_floors":[],"current_hp_per_floor":[75,63,63,63,63,62,62,62,62,55,53,53,53,53,53,25,75,68,62,62,32,32,0,0],"gold":90,"neow_bonus":"THREE_ENEMY_KILL","is_daily":false,"chose_seed":false,"campfire_upgraded":2,"win_rate":0.0,"timestamp":1611327408,"path_taken":["M","?","?","?","$","E","R","M","T","?","M","R","?","$","R","BOSS","M","M","?","?","$","E"],"items_purchased_type":[],"build_version":"2020-12-22","purchased_purges":2,"victory":false,"max_hp_per_floor":[75,75,75,75,75,75,75,75,75,75,75,75,75,75,75,75,75,75,75,75,75,75,75,75],"relic_stats":{"Peace Pipe":1,"counters":[10,34],"Nloth\u0027s Gift":0,"Question Card":7,"Boot":[15],"obtain_stats":[{"Peace Pipe":6,"NeowsBlessing":0,"conspire:SlowCooker":17,"Nloth\u0027s Gift":20,"Question Card":2,"Boot":9,"DeathKnight:BrokenRuneblade":0,"WarpedTongs":4},{"Peace Pipe":2,"NeowsBlessing":0,"conspire:SlowCooker":6,"Nloth\u0027s Gift":8,"Question Card":1,"Boot":3,"DeathKnight:BrokenRuneblade":0,"WarpedTongs":1},{"Peace Pipe":3,"NeowsBlessing":0,"conspire:SlowCooker":20,"Nloth\u0027s Gift":28,"Question Card":1,"Boot":4,"DeathKnight:BrokenRuneblade":0,"WarpedTongs":1}],"WarpedTongs":[32]},"card_choices":[{"not_picked":["DeathKnight:UnholyPresence","DeathKnight:UnholyFrenzy"],"picked":"DeathKnight:PlagueStrike","floor":1},{"not_picked":["DeathKnight:BloodTap","DeathKnight:ScourgeStrike","DeathKnight:Ossuary"],"picked":"DeathKnight:Pestilence","floor":6},{"not_picked":["DeathKnight:IcyTouch","DeathKnight:HornOfWinter","DeathKnight:Ossuary"],"picked":"DeathKnight:FesteringStrike","floor":8},{"not_picked":["DeathKnight:Runeguard","DeathKnight:DeathStrike","DeathKnight:GargoyleSkin","DeathKnight:BloodStrike"],"picked":"SKIP","floor":10},{"not_picked":["DeathKnight:Runeguard","DeathKnight:DeathStrike","DeathKnight:BloodStrike"],"picked":"DeathKnight:GargoyleSkin","floor":10},{"not_picked":["DeathKnight:Simulacrum","DeathKnight:MarkOfBlood","DeathKnight:Outbreak"],"picked":"DeathKnight:Runesurge","floor":16},{"not_picked":["DeathKnight:Parry","DeathKnight:DeathCoil+1","DeathKnight:ArmyOfTheDead"],"picked":"DeathKnight:DeathAndDecay","floor":18},{"not_picked":["DeathKnight:DarkSuccor+1","DeathKnight:DeathCoil","DeathKnight:DeathGrip+1","DeathKnight:Hemostasis"],"picked":"SKIP","floor":19},{"not_picked":["DeathKnight:BladedArmor","DeathKnight:Culling+1","DeathKnight:DeathGrip","DeathKnight:ShatteringStrikes+1"],"picked":"SKIP","floor":21}],"player_experience":527698,"relics_obtained":[{"floor":6,"key":"Peace Pipe"},{"floor":9,"key":"Boot"}],"event_choices":[{"damage_healed":0,"gold_gain":0,"player_choice":"Success","damage_taken":12,"relics_obtained":["Question Card"],"max_hp_gain":0,"max_hp_loss":0,"event_name":"Scrap Ooze","floor":2,"gold_loss":0},{"damage_healed":0,"gold_gain":0,"player_choice":"Rummage","damage_taken":0,"relics_obtained":["WarpedTongs"],"max_hp_gain":0,"max_hp_loss":0,"event_name":"Accursed Blacksmith","floor":4,"gold_loss":0,"cards_obtained":["Pain"]},{"cards_removed":["DeathKnight:Defend_DeathKnight"],"damage_healed":0,"gold_gain":0,"player_choice":"Card Removal","damage_taken":0,"max_hp_gain":0,"max_hp_loss":0,"event_name":"The Cleric","floor":13,"gold_loss":50},{"damage_healed":0,"gold_gain":0,"player_choice":"Traded Relic","damage_taken":0,"relics_obtained":["Nloth\u0027s Gift"],"max_hp_gain":0,"max_hp_loss":0,"event_name":"N\u0027loth","floor":20,"relics_lost":["NeowsBlessing"],"gold_loss":0}],"is_beta":false,"boss_relics":[{"not_picked":["Ectoplasm","hubris:Backtick"],"picked":"conspire:SlowCooker"}],"items_purged_floors":[3,22],"is_endless":false,"potions_floor_spawned":[1,8,10,16,18,19,21],"killed_by":"Slavers","ascension_level":0}}