{"host":"ah3fvp1bei8896gw","time":1611287932,"event":{"mods":["BaseMod","Colored Powertips","Downfall","GifTheSpireLib","Minty Spire (QoL Compilation)","StSLib","Trackpad"],"gold_per_floor":[99,113,113,59,59,59,83,83,83,109,109,123,140,159,173,173,173],"floor_reached":16,"language":"ENG","playtime":784,"items_purged":[],"score":100,"play_id":"3c6b36c6-f5db-4a0f-bd1e-4b57e97113e8","local_time":"20210121195852","is_ascension_mode":false,"campfire_choices":[{"data":"sneckomod:SnekBite","floor":1,"key":"SMITH"},{"data":"sneckomod:CheapStock","floor":6,"key":"SMITH"},{"floor":8,"key":"REST"},{"floor":11,"key":"REST"}],"circlet_count":0,"master_deck":["sneckomod:Strike","sneckomod:Strike","sneckomod:Strike","sneckomod:Defend","sneckomod:Defend","sneckomod:Defend","sneckomod:TailWhip","sneckomod:SnekBite+1","sneckomod:Unknown","sneckomod:Unknown","sneckomod:ImprovisedGuard","sneckomod:ImprovisedGuard","sneckomod:CheapStock+1","sneckomod:UnknownRareSkill","sneckomod:UnknownClassTHE_BRONZE_AUTOMATON","sneckomod:UnknownDraw","sneckomod:CheapStock","sneckomod:Nope"],"relics":["sneckomod:SneckoSoul","MealTicket","downfall:ShatteredFragment","Toy Ornithopter","Art of War"],"acts_visited":["Exordium"],"potions_floor_usage":[14],"damage_taken":[{"damage":8,"enemies":"Small Slimes","floor":2,"turns":6},{"damage":0,"enemies":"downfall:FleeingMerchant","floor":4,"turns":4},{"damage":41,"enemies":"Gremlin Nob","floor":10,"turns":5},{"damage":8,"enemies":"Jaw Worm","floor":12,"turns":3},{"damage":6,"enemies":"2 Louse","floor":13,"turns":3},{"damage":18,"enemies":"Exordium Wildlife","floor":14,"turns":4},{"damage":17,"enemies":"Gremlin Gang","floor":15,"turns":6},{"damage":46,"enemies":"IC_STATUS_ARCHETYPE","floor":16,"turns":8}],"seed_played":"-8687761077617036840","potions_obtained":[{"floor":12,"key":"Explosive Potion"},{"floor":13,"key":"SteroidPotion"}],"is_trial":false,"path_per_floor":["R","M","?","$","?","R","T","R","?","E","R","M","M","M","M","B"],"character_chosen":"THE_SNECKO","items_purchased":["sneckomod:CheapStock"],"campfire_rested":2,"item_purchase_floors":[4],"current_hp_per_floor":[90,82,87,95,74,74,74,95,95,54,82,74,68,55,38,0,0],"gold":173,"neow_bonus":"RANDOM_COMMON_RELIC","is_daily":false,"chose_seed":false,"campfire_upgraded":2,"win_rate":0.0,"timestamp":1611287932,"path_taken":["R","M","?","$","?","R","T","R","?","E","R","?","M","M","M","BOSS"],"items_purchased_type":["Card"],"build_version":"2020-12-22","purchased_purges":0,"victory":false,"max_hp_per_floor":[90,90,95,95,95,95,95,95,95,95,95,95,95,95,95,95,95],"card_choices":[{"not_picked":["sneckomod:UnknownClassTHE_CHAMP_GRAY","sneckomod:UnknownClassHEXA_GHOST_PURPLE"],"picked":"sneckomod:ImprovisedGuard","floor":2},{"not_picked":["sneckomod:SoulRoll","sneckomod:UnknownClassBLUE"],"picked":"sneckomod:ImprovisedGuard","floor":4},{"not_picked":["sneckomod:CheapStock","sneckomod:RainOfDice"],"picked":"sneckomod:UnknownRareSkill","floor":10},{"not_picked":["sneckomod:UnknownBlock","sneckomod:DiceCrush"],"picked":"sneckomod:UnknownClassTHE_BRONZE_AUTOMATON","floor":12},{"not_picked":["sneckomod:UnknownClassGUARDIAN","sneckomod:UnknownClassHEXA_GHOST_PURPLE"],"picked":"sneckomod:UnknownDraw","floor":13},{"not_picked":["sneckomod:SerpentMind","sneckomod:UnknownWeak"],"picked":"sneckomod:CheapStock","floor":14},{"not_picked":["sneckomod:UnknownCommonSkill","sneckomod:UnknownClassGUARDIAN"],"picked":"sneckomod:Nope","floor":15}],"player_experience":334607,"relics_obtained":[{"floor":7,"key":"Toy Ornithopter"},{"floor":10,"key":"Art of War"}],"event_choices":[{"damage_healed":0,"gold_gain":0,"player_choice":"Donut","damage_taken":0,"max_hp_gain":5,"max_hp_loss":0,"event_name":"Big Fish","floor":3,"gold_loss":0}],"is_beta":false,"boss_relics":[],"items_purged_floors":[],"is_endless":false,"potions_floor_spawned":[12,13],"killed_by":"IC_STATUS_ARCHETYPE","ascension_level":0}}