{"host":"l8lkgdumzpe3823a","time":1611291441,"event":{"mods":["Always Whale","Aspiration","BaseMod","Beaked The Cultist","Better Note","Clockwork Mod","Colored Powertips","Curses Come First","Custom Start","DeckTracker","Defuse TimeMaze Blight","Highlight Path","Hubris","Infinite Spire","Minty Spire (QoL Compilation)","Quick Restart","Replay The Spire","Shop Mod","StSLib","SuperFastMode","The Construct","The Cursed","The Dragon Tamer","The Servant 0.9.4","vexMod"],"gold_per_floor":[119,138,59,71,71,71,87,107,107,107,107,147,147,158,158,263,263,277,277,277,303,332,332,359,385,409,419,430,430,430,455,455,569,569,626,626,684,747,807,807,816,896,896,896,978,987,1080,1169,1169,1169],"floor_reached":51,"language":"ENG","playtime":1967,"items_purged":["FanOfKnives+1","TheCursedMod:Dregs","Strike_S"],"score":1008,"play_id":"7dac5605-de08-42a5-9c70-257ca8ee3065","local_time":"20210121225721","is_ascension_mode":false,"campfire_choices":[{"data":"FanOfKnives","floor":6.0,"key":"SMITH"},{"data":"SilverBlades","floor":10.0,"key":"SMITH"},{"data":"KidneyShot","floor":15.0,"key":"SMITH"},{"floor":23.0,"key":"REST"},{"floor":32.0,"key":"REST"},{"floor":40.0,"key":"REST"},{"floor":44.0,"key":"REST"},{"floor":49,"key":"REST"}],"circlet_count":0,"master_deck":["Strike_S","Strike_S","Strike_S","Defend_S","Defend_S","Defend_S","Defend_S","KidneyShot+1","Exchange","SilverBlades+1","FastForward","Dilation","Initiator","Misdirection","Orbit+1","SurpressingFire+1","Sunlight","Manipulate+1","Rearm+1","infinitespire:UltimateForm","Contraction+1","KillingDoll","TheWorld","GearUp"],"relics":["Uniform","Akabeko","hubris:DeckOfHolding","CeramicFish","vexMod:PlasmaPancake","Replay:Bronze Core","Pen Nib","Blood Vial","Smiling Mask","Darkstone Periapt","infinitespire:EvilPickle","Fusion Hammer","ReplayTheSpireMod:CursedCoin","ClockworkSouvenir","Snack Pack","Ginger"],"acts_visited":["Exordium","TheCity","TheBeyond"],"potions_floor_usage":[50,50],"damage_taken":[{"damage":4.0,"enemies":"infinitespire:Voidling","floor":1.0,"turns":3.0},{"damage":1.0,"enemies":"Jaw Worm","floor":2.0,"turns":4.0},{"damage":0.0,"enemies":"Small Slimes","floor":4.0,"turns":1.0},{"damage":3.0,"enemies":"Blue Slaver","floor":7.0,"turns":4.0},{"damage":10.0,"enemies":"Lots of Slimes","floor":8.0,"turns":4.0},{"damage":17.0,"enemies":"Replay:BlueRogue","floor":12.0,"turns":4.0},{"damage":0.0,"enemies":"Looter","floor":14.0,"turns":2.0},{"damage":6.0,"enemies":"Hexaghost","floor":16.0,"turns":9.0},{"damage":0.0,"enemies":"2 Thieves","floor":18.0,"turns":1.0},{"damage":10.0,"enemies":"Chosen","floor":21.0,"turns":3.0},{"damage":19.0,"enemies":"Centurion and Healer","floor":22.0,"turns":8.0},{"damage":14.0,"enemies":"Sentry and Sphere","floor":24.0,"turns":4.0},{"damage":4.0,"enemies":"Shelled Parasite and Fungi","floor":27.0,"turns":2.0},{"damage":9.0,"enemies":"Centurion and Healer","floor":28.0,"turns":5.0},{"damage":0.0,"enemies":"3 Cultists","floor":31.0,"turns":2.0},{"damage":34.0,"enemies":"Pondfish","floor":33.0,"turns":11.0},{"damage":33.0,"enemies":"3 Shapes","floor":35.0,"turns":3.0},{"damage":0.0,"enemies":"Orb Walker","floor":38.0,"turns":1.0},{"damage":17.0,"enemies":"Spire Growth","floor":39.0,"turns":4.0},{"damage":15.0,"enemies":"Nemesis","floor":42.0,"turns":5.0},{"damage":39.0,"enemies":"Writhing Mass","floor":45.0,"turns":5.0},{"damage":0,"enemies":"Sphere and 2 Shapes","floor":47,"turns":3},{"damage":8,"enemies":"Spire Growth","floor":48,"turns":4},{"damage":44,"enemies":"Awakened One","floor":50,"turns":11}],"seed_played":"254933507928455881","potions_obtained":[{"floor":2.0,"key":"Ancient Potion"},{"floor":7.0,"key":"SkillPotion"},{"floor":8.0,"key":"BlessingOfTheForge"},{"floor":14.0,"key":"PowerPotion"},{"floor":18.0,"key":"PowerPotion"},{"floor":22.0,"key":"Elixir"},{"floor":27.0,"key":"Strength Potion"},{"floor":31.0,"key":"EssenceOfSteel"},{"floor":35.0,"key":"LifebloodPotion"},{"floor":42.0,"key":"DuplicationPotion"}],"is_trial":false,"path_per_floor":["M","M","$","M","$","R","M","M","T","R","?","E","?","M","R","B",null,"M","?","?","M","M","R","M","T","T","M","M","?","AVR","M","R","B",null,"M","?","$","M","M","R","AVR","E","T","R","M","?","M","M","R","B",null],"character_chosen":"THE_SERVANT","items_purchased":["FanOfKnives","ReplayTheSpireMod:CursedCoin","PowerPotion"],"campfire_rested":5,"item_purchase_floors":[3,37,37],"current_hp_per_floor":[61,60,60,60,60,60,57,47,47,47,47,36,36,36,36,30,71,71,71,71,61,42,63,49,49,49,47,40,40,40,42,63,31,71,38,38,44,46,31,54,54,41,41,64,29,29,33,29,52,18],"gold":1169,"neow_bonus":"RANDOM_COMMON_RELIC","is_daily":false,"chose_seed":false,"campfire_upgraded":3,"win_rate":0.0,"timestamp":1611291441,"path_taken":["M","?","$","M","$","R","M","M","T","R","?","E","?","M","R","BOSS","M","?","?","?","?","R","M","?","T","M","M","?","AVR","M","R","BOSS","M","?","$","M","?","R","AVR","E","T","R","M","?","M","M","R","BOSS"],"items_purchased_type":["Card","Relic","Potion"],"build_version":"2020-12-22","purchased_purges":3,"victory":true,"max_hp_per_floor":[65,65,65,65,65,65,65,65,65,65,65,71,71,71,71,71,71,71,71,71,71,71,71,71,71,71,71,71,71,71,71,71,71,71,71,71,77,77,77,77,77,77,77,77,77,77,77,77,77,77],"card_choices":[{"not_picked":["Spin","Rewind","WasteNot"],"picked":"SKIP","floor":1.0},{"not_picked":["FastForward","Ricochet"],"picked":"SilverBlades","floor":2.0},{"not_picked":["ShatteredReality","Revamp"],"picked":"FastForward","floor":4.0},{"not_picked":["Replace","Defy","ReturningBlade"],"picked":"SKIP","floor":7.0},{"not_picked":["Replace","Reset","RealityMarble"],"picked":"SKIP","floor":8.0},{"not_picked":["Reset","DoubleEdge"],"picked":"Dilation","floor":12.0},{"not_picked":["DoubleEdge","Contraction","Deadline"],"picked":"SKIP","floor":14.0},{"not_picked":["LightFlow","Deny"],"picked":"Initiator","floor":16.0},{"not_picked":["TimeWarp","BottledTime","Potential"],"picked":"SKIP","floor":18.0},{"not_picked":["Foresight+1","Spin+1"],"picked":"Ricochet","floor":21.0},{"not_picked":["Replace","Advance"],"picked":"Misdirection","floor":22.0},{"not_picked":["FastForward","Contraction"],"picked":"Orbit+1","floor":24.0},{"not_picked":["Foresight","Replace","InstantArmor"],"picked":"SKIP","floor":27.0},{"not_picked":["RealityMarble+1","DoubleEdge","Revamp"],"picked":"SKIP","floor":28.0},{"not_picked":["Duplication","TimeWarp"],"picked":"SurpressingFire","floor":31.0},{"not_picked":["Duplication","FlawlessForm"],"picked":"Sunlight","floor":33.0},{"not_picked":["Potential+1","SilverBlades"],"picked":"Manipulate+1","floor":35.0},{"not_picked":["Starlight+1","Potential+1"],"picked":"Rearm+1","floor":38.0},{"not_picked":["SpecialFormula","Ricochet","Unruled+1"],"picked":"SKIP","floor":39.0},{"not_picked":["Defy","Ricochet+1","BottledTime"],"picked":"SKIP","floor":42.0},{"not_picked":["Rewind","Rearm+1"],"picked":"Contraction+1","floor":45.0},{"not_picked":["Revamp","SilverBlades+1"],"picked":"TheWorld","floor":47},{"not_picked":["SilverBlades","FanOfKnives"],"picked":"GearUp","floor":48}],"player_experience":739089,"relics_obtained":[{"floor":9.0,"key":"hubris:DeckOfHolding"},{"floor":12.0,"key":"vexMod:PlasmaPancake"},{"floor":25.0,"key":"Blood Vial"},{"floor":26.0,"key":"Smiling Mask"},{"floor":42.0,"key":"Snack Pack"},{"floor":43.0,"key":"Ginger"}],"event_choices":[{"damage_healed":0.0,"max_hp_gain":0.0,"max_hp_loss":0.0,"gold_gain":0.0,"event_name":"Dead Adventurer","player_choice":"Searched \u00271\u0027 times","floor":11.0,"gold_loss":0.0,"damage_taken":0.0,"relics_obtained":["CeramicFish"]},{"damage_healed":0.0,"max_hp_gain":0.0,"max_hp_loss":0.0,"gold_gain":0.0,"event_name":"betterNote:BetterNote","player_choice":"Ignored","floor":19.0,"gold_loss":0.0,"damage_taken":0.0,"cards_obtained":["ReplayTheSpireMod:Scrap Shanks"]},{"damage_healed":0.0,"max_hp_gain":0.0,"max_hp_loss":0.0,"gold_gain":0.0,"event_name":"WeMeetAgain","player_choice":"Gave Potion","floor":20.0,"gold_loss":0.0,"damage_taken":0.0,"relics_obtained":["Pen Nib"]},{"cards_removed":["Ricochet"],"damage_healed":0.0,"max_hp_gain":0.0,"max_hp_loss":0.0,"gold_gain":0.0,"event_name":"Back to Basics","player_choice":"Elegance","floor":29.0,"gold_loss":0.0,"damage_taken":0.0},{"damage_healed":0.0,"max_hp_gain":0.0,"max_hp_loss":0.0,"gold_gain":0.0,"event_name":"Accursed Blacksmith","player_choice":"Forge","floor":36.0,"gold_loss":0.0,"damage_taken":0.0,"cards_upgraded":["SurpressingFire"]},{"damage_healed":0,"gold_gain":0,"player_choice":"1 cards matched","damage_taken":0,"max_hp_gain":0,"max_hp_loss":0,"event_name":"Match and Keep!","floor":46,"gold_loss":0,"cards_obtained":["KillingDoll"]}],"is_beta":false,"boss_relics":[{"not_picked":["Velvet Choker","hubris:TerracottaHorce"],"picked":"Replay:Bronze Core"},{"not_picked":["vexMod:EndlessSickness","Kintsugi"],"picked":"Fusion Hammer"}],"items_purged_floors":[30,37,41],"is_endless":false,"potions_floor_spawned":[2,7,8,14,18,22,27,28,31,35,42],"ascension_level":0}}