{"host":"sw6p9u0oh417cx03","time":1611321116,"event":{"mods":["AchievementEnabler","Act Like it!","BaseMod","CapriCore","DeckTracker","Highlight Path","Minty Spire (QoL Compilation)","Quick Restart","StSLib"],"gold_per_floor":[111,124,74,74,21,21,21,40,40,58,58,58,101,124,124,222,222,222,222],"floor_reached":18,"language":"ZHS","playtime":808,"items_purged":[],"score":272,"play_id":"8ee4eece-60be-44da-b7e7-756ac158191c","local_time":"20210122211156","is_ascension_mode":true,"campfire_choices":[{"data":"Body Slam","floor":6.0,"key":"SMITH"},{"data":"Burning Pact","floor":7.0,"key":"SMITH"},{"data":"Entrench","floor":12.0,"key":"SMITH"},{"data":"Fiend Fire","floor":15.0,"key":"SMITH"}],"circlet_count":0,"master_deck":["AscendersBane","Strike_R","Strike_R","Strike_R","Strike_R","Defend_R","Defend_R","Defend_R","Defend_R","Bash","Body Slam+1","Burning Pact+1","Shrug It Off","Entrench+1","Fiend Fire+1"],"relics":["Burning Blood","WingedGreaves","Bag of Preparation","Golden Idol","HornCleat"],"acts_visited":["Exordium","TheCity"],"potions_floor_usage":[],"damage_taken":[{"damage":7.0,"enemies":"Jaw Worm","floor":1.0,"turns":3.0},{"damage":10.0,"enemies":"Small Slimes","floor":2.0,"turns":4.0},{"damage":0.0,"enemies":"2 Louse","floor":8.0,"turns":3.0},{"damage":5.0,"enemies":"Large Slime","floor":10.0,"turns":11.0},{"damage":34.0,"enemies":"3 Sentries","floor":13.0,"turns":15.0},{"damage":12.0,"enemies":"Gremlin Gang","floor":14.0,"turns":4.0},{"damage":7.0,"enemies":"Slime Boss","floor":16.0,"turns":10.0},{"damage":14,"enemies":"Shell Parasite","floor":18,"turns":3}],"seed_played":"-4052319613452034257","potions_obtained":[{"floor":8.0,"key":"ColorlessPotion"},{"floor":10.0,"key":"DuplicationPotion"},{"floor":16.0,"key":"Dexterity Potion"}],"is_trial":false,"path_per_floor":["M","M","?","?","$","R","R","M","T","M","?","R","E","M","R","B",null,"M"],"character_chosen":"IRONCLAD","items_purchased":["Shrug It Off"],"campfire_rested":0,"item_purchase_floors":[5],"current_hp_per_floor":[67,63,63,51,51,51,51,57,57,58,58,58,30,24,24,23,53,39,39],"gold":222,"neow_bonus":"ONE_RARE_RELIC","is_daily":false,"chose_seed":false,"campfire_upgraded":4,"win_rate":0.0,"timestamp":1611321116,"path_taken":["M","M","?","?","$","R","R","M","T","M","?","R","E","M","R","BOSS","M"],"items_purchased_type":["Card"],"build_version":"2020-12-22","purchased_purges":0,"victory":false,"max_hp_per_floor":[68,68,68,68,68,68,68,68,68,68,63,63,63,63,63,63,63,63,63],"card_choices":[{"not_picked":["Wild Strike","Perfected Strike"],"picked":"Body Slam","floor":1.0},{"not_picked":["True Grit","Perfected Strike"],"picked":"Burning Pact","floor":2.0},{"not_picked":["Havoc","Body Slam","Rupture"],"picked":"SKIP","floor":8.0},{"not_picked":["Uppercut","Impervious"],"picked":"Entrench","floor":10.0},{"not_picked":["Sword Boomerang","Evolve"],"picked":"Fiend Fire","floor":13.0},{"not_picked":["Perfected Strike","Shockwave","Combust"],"picked":"SKIP","floor":14.0}],"player_experience":317201,"relics_obtained":[{"floor":13.0,"key":"HornCleat"}],"event_choices":[{"cards_removed":["Strike_R"],"damage_healed":0.0,"max_hp_gain":0.0,"max_hp_loss":0.0,"gold_gain":0.0,"event_name":"The Cleric","player_choice":"Card Removal","floor":3.0,"gold_loss":50.0,"damage_taken":0.0},{"damage_healed":0.0,"max_hp_gain":0.0,"max_hp_loss":0.0,"gold_gain":0.0,"event_name":"Scrap Ooze","player_choice":"Success","floor":4.0,"gold_loss":0.0,"damage_taken":12.0,"relics_obtained":["Bag of Preparation"]},{"damage_healed":0.0,"max_hp_gain":0.0,"max_hp_loss":5.0,"gold_gain":0.0,"event_name":"Golden Idol","player_choice":"Lose Max HP","floor":11.0,"gold_loss":0.0,"damage_taken":0.0,"relics_obtained":["Golden Idol"]}],"is_beta":false,"boss_relics":[{"not_picked":["Cursed Key","Coffee Dripper","Fusion Hammer"]}],"items_purged_floors":[],"is_endless":false,"potions_floor_spawned":[8,10,16],"killed_by":"Shell Parasite","ascension_level":14}}