{"host":"vb9tx51ayxprrw9u","time":1611349213,"event":{"mods":["AchievementEnabler","BaseMod","Colored Map","Colored Powertips","Highlight Path","Minty Spire (QoL Compilation)","StSLib"],"gold_per_floor":[211,86,110,127,140,174,174,192,192,44,44,44,83,101,101,221,284,304,318,362,385,401,434,446,483,495,507,532,544,15,34,34,154,154,178,191,259,284,300,336,336,669,669,685,12,12,47,59,59,59],"floor_reached":51,"language":"ENG","playtime":3457,"items_purged":["Strike_G","Defend_G","Strike_G"],"score":791,"play_id":"efc8dbc4-3823-4f8e-88da-255ced86c35d","local_time":"20210122150013","is_ascension_mode":false,"campfire_choices":[{"data":"Neutralize","floor":7,"key":"SMITH"},{"data":"Infinite Blades","floor":15,"key":"SMITH"},{"data":"A Thousand Cuts","floor":24,"key":"SMITH"},{"data":"Blade Dance","floor":27,"key":"SMITH"},{"data":"Deadly Poison","floor":29,"key":"SMITH"},{"data":"Poisoned Stab","floor":32,"key":"SMITH"},{"data":"Storm of Steel","floor":41,"key":"SMITH"},{"data":"Endless Agony","floor":49,"key":"SMITH"}],"circlet_count":0,"master_deck":["Strike_G","Strike_G+1","Strike_G+1","Defend_G","Defend_G","Defend_G","Defend_G","Survivor","Neutralize+1","Poisoned Stab+1","Deadly Poison+1","Deflect","Quick Slash","Blade Dance+1","Acrobatics","Infinite Blades+1","Footwork+1","A Thousand Cuts+1","Slice","Dagger Throw","Terror+1","Backflip+1","Malaise","Expertise","Accuracy+1","Storm of Steel+1","Escape Plan+1","Crippling Poison+1","Deadly Poison+1","Finisher+1","Prepared+1","Endless Agony+1","Accuracy+1","Terror+1","Deflect+1"],"relics":["Ring of the Snake","Strawberry","Meat on the Bone","Mummified Hand","TwistedFunnel","Whetstone","Tiny House","Red Mask","MawBank","HornCleat","The Specimen","Happy Flower","WristBlade","Ice Cream","PreservedInsect","Paper Crane","Bag of Preparation","OrangePellets","Bird Faced Urn"],"acts_visited":["Exordium","TheCity","TheBeyond"],"potions_floor_usage":[6,15,16,20,20,31,33,50],"damage_taken":[{"damage":1,"enemies":"Cultist","floor":1,"turns":5},{"damage":0,"enemies":"2 Louse","floor":4,"turns":2},{"damage":6,"enemies":"Jaw Worm","floor":5,"turns":5},{"damage":19,"enemies":"Lagavulin","floor":6,"turns":6},{"damage":5,"enemies":"Blue Slaver","floor":8,"turns":3},{"damage":17,"enemies":"Gremlin Nob","floor":13,"turns":4},{"damage":7,"enemies":"Large Slime","floor":14,"turns":4},{"damage":23,"enemies":"The Guardian","floor":16,"turns":10},{"damage":27,"enemies":"3 Byrds","floor":18,"turns":3},{"damage":5,"enemies":"Spheric Guardian","floor":19,"turns":3},{"damage":13,"enemies":"Masked Bandits","floor":20,"turns":4},{"damage":20,"enemies":"Centurion and Healer","floor":21,"turns":8},{"damage":5,"enemies":"Cultist and Chosen","floor":22,"turns":6},{"damage":1,"enemies":"Book of Stabbing","floor":23,"turns":5},{"damage":9,"enemies":"Snake Plant","floor":25,"turns":4},{"damage":0,"enemies":"Centurion and Healer","floor":28,"turns":6},{"damage":1,"enemies":"3 Cultists","floor":31,"turns":5},{"damage":1,"enemies":"Champ","floor":33,"turns":7},{"damage":2,"enemies":"3 Shapes","floor":35,"turns":2},{"damage":1,"enemies":"Orb Walker","floor":36,"turns":3},{"damage":10,"enemies":"2 Orb Walkers","floor":37,"turns":3},{"damage":15,"enemies":"Writhing Mass","floor":38,"turns":4},{"damage":0,"enemies":"3 Darklings","floor":39,"turns":3},{"damage":2,"enemies":"Reptomancer","floor":40,"turns":4},{"damage":0,"enemies":"Jaw Worm Horde","floor":44,"turns":3},{"damage":17,"enemies":"Nemesis","floor":47,"turns":5},{"damage":0,"enemies":"Sphere and 2 Shapes","floor":48,"turns":3},{"damage":49,"enemies":"Awakened One","floor":50,"turns":11}],"seed_played":"6902477600539677996","potions_obtained":[{"floor":4,"key":"DistilledChaos"},{"floor":8,"key":"Fruit Juice"},{"floor":13,"key":"AttackPotion"},{"floor":17,"key":"DistilledChaos"},{"floor":18,"key":"Regen Potion"},{"floor":21,"key":"SmokeBomb"},{"floor":23,"key":"Block Potion"},{"floor":31,"key":"GhostInAJar"},{"floor":33,"key":"SteroidPotion"},{"floor":35,"key":"Ancient Potion"},{"floor":44,"key":"ColorlessPotion"}],"is_trial":false,"path_per_floor":["M","$","T","M","M","E","R","M","T","$","?","?","E","M","R","B",null,"M","M","?","M","M","E","R","M","T","R","M","R","$","M","R","B",null,"M","M","?","M","M","E","R","?","T","M","$","?","E","M","R","B",null],"character_chosen":"THE_SILENT","items_purchased":["Deadly Poison","TwistedFunnel","The Specimen","Happy Flower","Paper Crane","Bag of Preparation","OrangePellets"],"campfire_rested":0,"item_purchase_floors":[2,10,30,30,45,45,45],"current_hp_per_floor":[69,69,76,76,70,51,51,46,46,46,27,27,22,27,32,21,87,60,55,54,46,53,52,52,55,55,55,55,55,55,54,54,53,87,85,84,74,59,59,57,57,57,57,57,57,57,52,62,62,35],"gold":59,"neow_bonus":"HUNDRED_GOLD","is_daily":false,"chose_seed":false,"campfire_upgraded":8,"win_rate":0.0,"timestamp":1611349213,"path_taken":["M","$","?","M","M","E","R","M","T","$","?","?","E","M","R","BOSS","M","M","?","M","M","E","R","M","T","R","M","R","$","M","R","BOSS","M","M","?","M","M","E","R","?","T","M","$","?","E","M","R","BOSS"],"items_purchased_type":["Card","Relic","Relic","Relic","Relic","Relic","Relic"],"build_version":"2020-12-22","purchased_purges":3,"victory":true,"max_hp_per_floor":[70,70,77,77,77,77,77,77,77,77,77,77,77,77,82,82,87,87,87,87,87,87,87,87,87,87,87,87,87,87,87,87,87,87,87,87,87,87,87,87,87,87,87,87,87,87,87,87,87,87],"card_choices":[{"not_picked":["Cloak And Dagger","Quick Slash"],"picked":"Poisoned Stab","floor":1},{"not_picked":["Dodge and Roll","Flechettes"],"picked":"Deflect","floor":4},{"not_picked":["Setup","Eviscerate"],"picked":"Quick Slash","floor":5},{"not_picked":["Underhanded Strike","Quick Slash"],"picked":"Blade Dance","floor":6},{"not_picked":["Quick Slash","Cloak And Dagger"],"picked":"Acrobatics","floor":8},{"not_picked":["Poisoned Stab","Blur"],"picked":"Infinite Blades","floor":13},{"not_picked":["Riddle With Holes","Flechettes"],"picked":"Footwork","floor":14},{"not_picked":["Corpse Explosion","Tools of the Trade"],"picked":"A Thousand Cuts","floor":16},{"not_picked":["Outmaneuver","Caltrops"],"picked":"Slice","floor":17},{"not_picked":["Outmaneuver","Dagger Spray"],"picked":"Dagger Throw","floor":18},{"not_picked":["Outmaneuver","Dagger Throw","Poisoned Stab"],"picked":"SKIP","floor":19},{"not_picked":["Deflect","Flying Knee"],"picked":"Terror+1","floor":21},{"not_picked":["Blade Dance","All Out Attack"],"picked":"Backflip+1","floor":22},{"not_picked":["Concentrate","Masterful Stab"],"picked":"Malaise","floor":23},{"not_picked":["Backflip","Outmaneuver+1","Skewer"],"picked":"SKIP","floor":25},{"not_picked":["Dagger Spray+1","Terror+1"],"picked":"Expertise","floor":28},{"not_picked":["Quick Slash","Dagger Throw"],"picked":"Accuracy+1","floor":31},{"not_picked":["Burst","Corpse Explosion"],"picked":"Storm of Steel","floor":33},{"not_picked":["Blade Dance","Calculated Gamble"],"picked":"Escape Plan+1","floor":35},{"not_picked":["Acrobatics+1","Dagger Spray+1","Blade Dance"],"picked":"SKIP","floor":36},{"not_picked":["Underhanded Strike+1","Dodge and Roll+1"],"picked":"Crippling Poison+1","floor":37},{"not_picked":["Backflip+1","Dagger Throw"],"picked":"Deadly Poison+1","floor":38},{"not_picked":["Slice+1","After Image"],"picked":"Finisher+1","floor":39},{"not_picked":["Deadly Poison+1","Leg Sweep"],"picked":"Prepared+1","floor":40},{"not_picked":["PiercingWail","Blade Dance+1"],"picked":"Endless Agony","floor":44},{"not_picked":["Caltrops+1","Die Die Die"],"picked":"Terror+1","floor":47},{"not_picked":["Backstab","Infinite Blades+1"],"picked":"Deflect+1","floor":48}],"player_experience":179733,"relics_obtained":[{"floor":3,"key":"Strawberry"},{"floor":6,"key":"Meat on the Bone"},{"floor":9,"key":"Mummified Hand"},{"floor":13,"key":"Whetstone"},{"floor":20,"key":"Red Mask"},{"floor":23,"key":"MawBank"},{"floor":26,"key":"HornCleat"},{"floor":37,"key":"Ice Cream"},{"floor":40,"key":"PreservedInsect"},{"floor":47,"key":"Bird Faced Urn"}],"event_choices":[{"damage_healed":0,"gold_gain":0,"player_choice":"Take Damage","damage_taken":19,"relics_obtained":["Golden Idol"],"max_hp_gain":0,"max_hp_loss":0,"event_name":"Golden Idol","floor":11,"gold_loss":0},{"damage_healed":0,"gold_gain":0,"player_choice":"Ignored","damage_taken":0,"max_hp_gain":0,"max_hp_loss":0,"event_name":"Liars Game","floor":12,"gold_loss":0},{"damage_healed":0,"gold_gain":0,"player_choice":"Fought Bandits","damage_taken":0,"max_hp_gain":0,"max_hp_loss":0,"event_name":"Masked Bandits","floor":20,"gold_loss":0},{"damage_healed":0,"gold_gain":0,"player_choice":"Fight","damage_taken":0,"max_hp_gain":0,"max_hp_loss":0,"event_name":"Mysterious Sphere","floor":37,"gold_loss":0},{"damage_healed":0,"gold_gain":333,"player_choice":"Gave Idol","damage_taken":0,"max_hp_gain":0,"max_hp_loss":0,"event_name":"The Moai Head","floor":42,"relics_lost":["Golden Idol"],"gold_loss":0},{"damage_healed":0,"gold_gain":0,"player_choice":"Copied","damage_taken":0,"max_hp_gain":0,"max_hp_loss":0,"event_name":"Duplicator","floor":46,"gold_loss":0,"cards_obtained":["Accuracy"]}],"is_beta":false,"boss_relics":[{"not_picked":["Fusion Hammer","Pandora\u0027s Box"],"picked":"Tiny House"},{"not_picked":["Runic Pyramid","Snecko Eye"],"picked":"WristBlade"}],"items_purged_floors":[2,30,45],"is_endless":false,"potions_floor_spawned":[4,8,13,18,21,23,31,33,35,39,44,47],"ascension_level":0}}