{"host":"qdfumeom6htv8yxl","time":1611333868,"event":{"mods":["AchievementEnabler","BaseMod","Bestiary","Block Reminder","Minty Spire (QoL Compilation)","Quick Restart","Relic Stats"],"gold_per_floor":[113,131,131,146,13,13,30,30,30,46,60,10,10,41,41,41,41],"floor_reached":16,"language":"ENG","playtime":517,"items_purged":[],"score":184,"play_id":"4f422ec6-f32b-4f7f-b244-1fa129cd8c1d","local_time":"20210122104428","is_ascension_mode":true,"campfire_choices":[{"data":"Streamline","floor":6.0,"key":"SMITH"},{"data":"Capacitor","floor":8.0,"key":"SMITH"},{"floor":15,"key":"REST"}],"circlet_count":0,"master_deck":["AscendersBane","Strike_B","Strike_B","Strike_B","Defend_B","Defend_B","Defend_B","Defend_B","Zap","Dualcast","Beam Cell","Ball Lightning","Zap","Streamline+1","Cold Snap","Capacitor+1","Defragment","Loop","Conserve Battery","Coolheaded"],"relics":["Cracked Core","StrikeDummy","PreservedInsect"],"acts_visited":["Exordium"],"potions_floor_usage":[14,16],"damage_taken":[{"damage":0.0,"enemies":"2 Louse","floor":1.0,"turns":3.0},{"damage":1.0,"enemies":"Cultist","floor":2.0,"turns":3.0},{"damage":8.0,"enemies":"Small Slimes","floor":4.0,"turns":2.0},{"damage":7.0,"enemies":"2 Fungi Beasts","floor":7.0,"turns":2.0},{"damage":28.0,"enemies":"Large Slime","floor":10.0,"turns":4.0},{"damage":2.0,"enemies":"3 Louse","floor":11.0,"turns":3.0},{"damage":17,"enemies":"Lagavulin","floor":14,"turns":6},{"damage":36,"enemies":"Slime Boss","floor":16,"turns":5}],"seed_played":"7734374495894706826","potions_obtained":[{"floor":7.0,"key":"CultistPotion"},{"floor":10.0,"key":"GamblersBrew"},{"floor":11.0,"key":"Explosive Potion"}],"is_trial":false,"path_per_floor":["M","M","?","M","$","R","M","R","T","M","M","$","?","E","R","B"],"character_chosen":"DEFECT","items_purchased":["Cold Snap","Capacitor","Conserve Battery"],"campfire_rested":1,"item_purchase_floors":[5,5,12],"current_hp_per_floor":[71,70,70,62,62,62,55,55,55,27,25,25,25,8,31,0,0],"gold":41,"neow_bonus":"TEN_PERCENT_HP_BONUS","is_daily":false,"chose_seed":false,"campfire_upgraded":2,"win_rate":0.0,"timestamp":1611333868,"path_taken":["M","M","?","M","$","R","M","R","T","M","?","?","?","E","R","BOSS"],"items_purchased_type":["Card","Card","Card"],"build_version":"2020-12-22","purchased_purges":0,"victory":false,"max_hp_per_floor":[78,78,78,78,78,78,78,78,78,78,78,78,78,78,78,78,78],"relic_stats":{"counters":[8,28],"PreservedInsect":0,"obtain_stats":[{"PreservedInsect":14,"Cracked Core":0,"StrikeDummy":9},{"PreservedInsect":7,"Cracked Core":0,"StrikeDummy":4},{"PreservedInsect":23,"Cracked Core":0,"StrikeDummy":10}]},"card_choices":[{"not_picked":["Steam","Redo"],"picked":"Beam Cell","floor":1.0},{"not_picked":["Recycle","Hologram"],"picked":"Ball Lightning","floor":2.0},{"not_picked":["Rebound","Hello World","Steam"],"picked":"SKIP","floor":4.0},{"not_picked":["Multi-Cast","Turbo","Skim"],"picked":"SKIP","floor":7.0},{"not_picked":["Loop","Skim"],"picked":"Defragment","floor":10.0},{"not_picked":["Chill","Scrape"],"picked":"Loop","floor":11.0},{"not_picked":["Turbo","Sweeping Beam"],"picked":"Coolheaded","floor":14}],"player_experience":1803909,"relics_obtained":[{"floor":9.0,"key":"StrikeDummy"},{"floor":14,"key":"PreservedInsect"}],"event_choices":[{"damage_healed":0.0,"max_hp_gain":0.0,"max_hp_loss":0.0,"gold_gain":0.0,"event_name":"Match and Keep!","player_choice":"2 cards matched","floor":3.0,"gold_loss":0.0,"damage_taken":0.0,"cards_obtained":["Zap","Streamline"]},{"cards_removed":["Strike_B"],"damage_healed":0.0,"max_hp_gain":0.0,"max_hp_loss":0.0,"gold_gain":0.0,"event_name":"Purifier","player_choice":"Purged","floor":13.0,"gold_loss":0.0,"damage_taken":0.0}],"is_beta":false,"boss_relics":[],"items_purged_floors":[],"is_endless":false,"potions_floor_spawned":[7,10,11],"killed_by":"Slime Boss","ascension_level":16}}