{"host":"d9m9v0h6vo0edadb","time":1611335026,"event":{"mods":["BaseMod","Hermit","Keyboard Shortcuts","Minty Spire (QoL Compilation)","StSLib","SuperFastMode","The Cursed"],"gold_per_floor":[117,134,59,134,134,161,171,189,189,199,199,199,217,51,51,128,128,145,155,55,68,68,68,97,109,109,109,109,124,124,136,136,213,213,224,238,113,123,134,134,165,165,165,165,15,32,65,82,82,82,82],"floor_reached":52,"language":"KOR","playtime":1389,"items_purged":["Strike_G","Bullet Time","Dash","Choke"],"score":2297,"play_id":"54219112-62c2-4971-acf9-4b9707a6483c","local_time":"20210123020346","is_ascension_mode":true,"campfire_choices":[{"data":"Prepared","floor":11.0,"key":"SMITH"},{"data":"Terror","floor":15.0,"key":"SMITH"},{"data":"Concentrate","floor":23.0,"key":"SMITH"},{"data":"Acrobatics","floor":30,"key":"SMITH"},{"data":"Calculated Gamble","floor":32,"key":"SMITH"},{"data":"Distraction","floor":40,"key":"SMITH"},{"data":"Acrobatics","floor":42,"key":"SMITH"},{"data":"Grand Finale","floor":49,"key":"SMITH"}],"circlet_count":0,"master_deck":["AscendersBane","Survivor","Neutralize","Acrobatics+1","Blade Dance","Terror+1","Endless Agony","Dagger Spray","Prepared+1","Grand Finale+1","Acrobatics+1","Footwork","Distraction+1","Burst","Eviscerate","Calculated Gamble+1","Concentrate+1","Reflex","Reflex"],"relics":["Ring of the Snake","NeowsBlessing","Matryoshka","HornCleat","Pantograph","Tough Bandages","Lee\u0027s Waffle","Pandora\u0027s Box","Mercury Hourglass","Strawberry","Gremlin Horn","Regal Pillow","Runic Pyramid","Oddly Smooth Stone","MealTicket","Calipers"],"acts_visited":["Exordium","TheCity","TheBeyond"],"potions_floor_usage":[24,39,51,51],"damage_taken":[{"damage":0.0,"enemies":"Cultist","floor":1.0,"turns":1.0},{"damage":0.0,"enemies":"Jaw Worm","floor":2.0,"turns":1.0},{"damage":0.0,"enemies":"Lagavulin","floor":6.0,"turns":1.0},{"damage":7.0,"enemies":"Small Slimes","floor":7.0,"turns":3.0},{"damage":4.0,"enemies":"Blue Slaver","floor":8.0,"turns":4.0},{"damage":0.0,"enemies":"Gremlin Gang","floor":10.0,"turns":1.0},{"damage":6.0,"enemies":"Exordium Wildlife","floor":13.0,"turns":6.0},{"damage":50.0,"enemies":"Slime Boss","floor":16.0,"turns":14.0},{"damage":0.0,"enemies":"Chosen","floor":18.0,"turns":3.0},{"damage":16.0,"enemies":"2 Thieves","floor":19.0,"turns":3.0},{"damage":10.0,"enemies":"Snecko","floor":21.0,"turns":5.0},{"damage":0,"enemies":"Gremlin Leader","floor":24,"turns":2},{"damage":1,"enemies":"3 Cultists","floor":25,"turns":5},{"damage":0,"enemies":"Centurion and Healer","floor":29,"turns":2},{"damage":0,"enemies":"Snecko","floor":31,"turns":3},{"damage":0,"enemies":"Collector","floor":33,"turns":2},{"damage":0,"enemies":"Orb Walker","floor":35,"turns":3},{"damage":2,"enemies":"3 Shapes","floor":36,"turns":2},{"damage":0,"enemies":"Jaw Worm Horde","floor":38,"turns":2},{"damage":0,"enemies":"Maw","floor":39,"turns":2},{"damage":0,"enemies":"Nemesis","floor":41,"turns":2},{"damage":0,"enemies":"Writhing Mass","floor":46,"turns":2},{"damage":0,"enemies":"Reptomancer","floor":47,"turns":1},{"damage":0,"enemies":"3 Darklings","floor":48,"turns":1},{"damage":0,"enemies":"Awakened One","floor":50,"turns":2},{"damage":6,"enemies":"Donu and Deca","floor":51,"turns":3}],"seed_played":"8208862804648911589","potions_obtained":[{"floor":6.0,"key":"ColorlessPotion"},{"floor":13.0,"key":"ColorlessPotion"},{"floor":16.0,"key":"Poison Potion"},{"floor":19.0,"key":"LiquidMemories"},{"floor":25,"key":"Ancient Potion"},{"floor":29,"key":"Fruit Juice"},{"floor":39,"key":"FearPotion"}],"is_trial":false,"path_per_floor":["M","M","$","?","?","E","M","M","T","M","R","?","M","$","R","B",null,"M","M","$","M","?","R","E","M","T","?","$","M","R","M","R","B",null,"M","M","$","M","M","R","E","R","T","$","$","M","E","M","R","B","B",null],"character_chosen":"THE_SILENT","items_purchased":["Lee\u0027s Waffle"],"campfire_rested":0,"item_purchase_floors":[14],"current_hp_per_floor":[59,59,59,48,41,41,34,30,30,30,30,12,6,73,73,23,61,61,45,45,35,35,35,35,34,41,41,41,41,41,41,41,66,77,77,75,75,75,80,80,80,80,80,85,85,85,85,85,85,85,79],"gold":82,"neow_bonus":"THREE_ENEMY_KILL","is_daily":false,"chose_seed":false,"campfire_upgraded":8,"win_rate":0.0,"timestamp":1611335026,"path_taken":["M","M","$","?","?","E","M","M","T","M","R","?","M","?","R","BOSS","M","M","$","?","?","R","E","M","T","?","$","M","R","?","R","BOSS","M","M","$","M","M","R","E","R","T","?","$","M","E","M","R","BOSS","BOSS"],"items_purchased_type":["Relic"],"build_version":"2020-12-22","purchased_purges":4,"victory":true,"max_hp_per_floor":[66,66,66,66,66,66,66,66,66,66,66,66,66,73,73,73,73,73,73,73,73,73,73,73,73,80,80,80,80,80,80,80,80,80,80,80,80,80,85,85,85,85,85,85,85,85,85,85,85,85,85],"card_choices":[{"not_picked":["Quick Slash","Endless Agony"],"picked":"Acrobatics","floor":1.0},{"not_picked":["Acrobatics","Crippling Poison"],"picked":"Blade Dance","floor":2.0},{"not_picked":["PiercingWail","Dagger Spray"],"picked":"Terror","floor":6.0},{"not_picked":["PiercingWail","Backflip"],"picked":"Endless Agony","floor":7.0},{"not_picked":["Dodge and Roll","Flying Knee"],"picked":"Dagger Spray","floor":8.0},{"not_picked":["Backflip","Noxious Fumes"],"picked":"Prepared","floor":10.0},{"not_picked":["Flying Knee","Underhanded Strike"],"picked":"Choke","floor":13.0},{"not_picked":["After Image","Envenom"],"picked":"Grand Finale","floor":16.0},{"not_picked":["Sucker Punch","Predator"],"picked":"Concentrate","floor":18.0},{"not_picked":["Deadly Poison","Dagger Throw"],"picked":"Reflex","floor":19.0},{"not_picked":["Outmaneuver","Slice","Blade Dance"],"picked":"SKIP","floor":21.0},{"not_picked":["Dodge and Roll","Poisoned Stab","Expertise+1"],"picked":"SKIP","floor":24},{"not_picked":["Outmaneuver","Reflex","Deadly Poison"],"picked":"SKIP","floor":25},{"not_picked":["Outmaneuver","Deadly Poison"],"picked":"Reflex","floor":25},{"not_picked":["Poisoned Stab","Sucker Punch","Phantasmal Killer"],"picked":"SKIP","floor":29},{"not_picked":["Blur","Deadly Poison","Dagger Spray"],"picked":"SKIP","floor":31},{"not_picked":["Backflip","Deflect","Reflex"],"picked":"SKIP","floor":35},{"not_picked":["Bane","Masterful Stab","Well Laid Plans"],"picked":"SKIP","floor":36},{"not_picked":["Predator","Bane","Dagger Throw"],"picked":"SKIP","floor":38},{"not_picked":["Dodge and Roll","Expertise","Quick Slash"],"picked":"SKIP","floor":39},{"not_picked":["Skewer","Eviscerate","PiercingWail+1"],"picked":"SKIP","floor":41},{"not_picked":["Backflip","Flying Knee","Skewer"],"picked":"SKIP","floor":46},{"not_picked":["Dagger Throw","Dagger Spray+1","Wraith Form v2"],"picked":"SKIP","floor":47},{"not_picked":["Acrobatics+1","Poisoned Stab","Riddle With Holes"],"picked":"SKIP","floor":48}],"player_experience":986099,"relics_obtained":[{"floor":6.0,"key":"Matryoshka"},{"floor":9.0,"key":"HornCleat"},{"floor":9.0,"key":"Pantograph"},{"floor":24,"key":"Mercury Hourglass"},{"floor":26,"key":"Strawberry"},{"floor":26,"key":"Gremlin Horn"},{"floor":27,"key":"Regal Pillow"},{"floor":41,"key":"Oddly Smooth Stone"},{"floor":43,"key":"MealTicket"},{"floor":47,"key":"Calipers"}],"event_choices":[{"damage_healed":0.0,"max_hp_gain":0.0,"max_hp_loss":0.0,"gold_gain":75.0,"event_name":"World of Goop","player_choice":"Gather Gold","floor":4.0,"gold_loss":0.0,"damage_taken":11.0},{"cards_removed":["Strike_G"],"damage_healed":0.0,"max_hp_gain":0.0,"max_hp_loss":0.0,"gold_gain":0.0,"event_name":"Golden Wing","player_choice":"Card Removal","floor":5.0,"gold_loss":0.0,"damage_taken":7.0},{"damage_healed":0.0,"max_hp_gain":0.0,"max_hp_loss":0.0,"gold_gain":0.0,"event_name":"Scrap Ooze","player_choice":"Success","floor":12.0,"gold_loss":0.0,"damage_taken":18.0,"relics_obtained":["Tough Bandages"]},{"damage_healed":0,"gold_gain":0,"player_choice":"Relic","damage_taken":0,"max_hp_gain":0,"max_hp_loss":0,"event_name":"Wheel of Change","floor":27,"gold_loss":0}],"is_beta":false,"boss_relics":[{"not_picked":["Ectoplasm","Velvet Choker"],"picked":"Pandora\u0027s Box"},{"not_picked":["Ring of the Serpent","Coffee Dripper"],"picked":"Runic Pyramid"}],"items_purged_floors":[3,20,37,45],"is_endless":false,"potions_floor_spawned":[6,13,16,19,25,29,36,39,41,47,48],"ascension_level":20}}