{"host":"dm4yvegl9um2tlqd","time":1611316426,"event":{"mods":["2.2 Compatiblity","AchievementEnabler","BaseMod","Colored Map","DeckTracker","Highlight Path","KOR Keyword Fix","Keyboard Shortcuts","Minty Spire (QoL Compilation)","Permanent Neow","Quick Restart","Random Character Button","StSLib","SuperFastMode","everything is the same but u backflip on backflip"],"gold_per_floor":[116,116,135,155,80,80,112,124,162,208,220,247,259,304,316,431,443,466,308,308,308],"floor_reached":20,"language":"KOR","playtime":693,"items_purged":["Strike_R","Strike_R"],"score":266,"play_id":"f2911d03-23a6-4b43-978a-a139a21314c1","local_time":"20210122205346","is_ascension_mode":true,"campfire_choices":[{"data":"Bludgeon","floor":6.0,"key":"SMITH"},{"data":"Bash","floor":8.0,"key":"SMITH"},{"data":"Battle Trance","floor":11.0,"key":"SMITH"},{"data":"Headbutt","floor":13.0,"key":"SMITH"},{"data":"Spot Weakness","floor":15.0,"key":"SMITH"}],"circlet_count":0,"master_deck":["Strike_R","Strike_R","Strike_R","Defend_R","Defend_R","Defend_R","Defend_R","Bash+1","Bludgeon+1","Battle Trance+1","Headbutt+1","Disarm","Second Wind","Spot Weakness+1","Fiend Fire","Fire Breathing"],"relics":["Black Blood","MawBank","Ancient Tea Set","Magic Flower","Kunai"],"acts_visited":["Exordium","TheCity"],"potions_floor_usage":[],"damage_taken":[{"damage":1.0,"enemies":"Small Slimes","floor":1.0,"turns":4.0},{"damage":7.0,"enemies":"2 Louse","floor":3.0,"turns":2.0},{"damage":1.0,"enemies":"Cultist","floor":4.0,"turns":3.0},{"damage":5.0,"enemies":"Gremlin Nob","floor":7.0,"turns":3.0},{"damage":20.0,"enemies":"3 Sentries","floor":10.0,"turns":5.0},{"damage":6.0,"enemies":"3 Louse","floor":12.0,"turns":3.0},{"damage":8.0,"enemies":"Lagavulin","floor":14.0,"turns":3.0},{"damage":21.0,"enemies":"Slime Boss","floor":16.0,"turns":7.0},{"damage":46,"enemies":"3 Byrds","floor":18,"turns":6},{"damage":20,"enemies":"Spheric Guardian","floor":20,"turns":4}],"seed_played":"-7979938378249159838","potions_obtained":[{"floor":1.0,"key":"BlessingOfTheForge"},{"floor":3.0,"key":"Swift Potion"},{"floor":4.0,"key":"AttackPotion"}],"is_trial":false,"path_per_floor":["M","?","M","M","$","R","E","R","T","E","R","M","R","E","R","B",null,"M","$","M"],"character_chosen":"IRONCLAD","items_purchased":["Fire Breathing"],"campfire_rested":0,"item_purchase_floors":[19],"current_hp_per_floor":[72,77,76,77,77,77,77,77,77,63,63,66,66,67,67,55,72,44,44,24,24],"gold":308,"neow_bonus":"THREE_RARE_CARDS","is_daily":false,"chose_seed":false,"campfire_upgraded":5,"win_rate":0.0,"timestamp":1611316426,"path_taken":["M","?","M","M","$","R","E","R","T","E","R","M","R","E","R","BOSS","M","$","M"],"items_purchased_type":["Card"],"build_version":"2020-12-22","purchased_purges":2,"victory":false,"max_hp_per_floor":[72,77,77,77,77,77,77,77,77,77,77,77,77,77,77,77,77,77,77,77,77],"card_choices":[{"not_picked":["Limit Break","Double Tap"],"picked":"Bludgeon","floor":0.0},{"not_picked":["Headbutt","Uppercut"],"picked":"Battle Trance","floor":1.0},{"not_picked":["Dual Wield","Warcry"],"picked":"Headbutt","floor":3.0},{"not_picked":["Clash","Ghostly Armor"],"picked":"Disarm","floor":4.0},{"not_picked":["Warcry","Anger","Clothesline"],"picked":"SKIP","floor":7.0},{"not_picked":["Uppercut","Feel No Pain"],"picked":"Second Wind","floor":10.0},{"not_picked":["True Grit","Warcry","Intimidate"],"picked":"SKIP","floor":12.0},{"not_picked":["Cleave","Clash"],"picked":"Spot Weakness","floor":14.0},{"not_picked":["Feed","Juggernaut"],"picked":"Fiend Fire","floor":16.0},{"not_picked":["Infernal Blade","Clash","Blood for Blood"],"picked":"SKIP","floor":18}],"player_experience":78686,"relics_obtained":[{"floor":7.0,"key":"MawBank"},{"floor":9.0,"key":"Ancient Tea Set"},{"floor":10.0,"key":"Magic Flower"},{"floor":14.0,"key":"Kunai"}],"event_choices":[{"damage_healed":0.0,"max_hp_gain":5.0,"max_hp_loss":0.0,"gold_gain":0.0,"event_name":"Big Fish","player_choice":"Donut","floor":2.0,"gold_loss":0.0,"damage_taken":0.0}],"is_beta":false,"boss_relics":[{"not_picked":["Mark of Pain","Runic Dome"],"picked":"Black Blood"}],"items_purged_floors":[5,19],"is_endless":false,"potions_floor_spawned":[1,3,4],"killed_by":"Spheric Guardian","ascension_level":8}}