{"host":"TheShotgunBoss","time":1611279929,"event":{"mods":["AchievementEnabler","Always Whale","Aspiration","BaseMod","Beaked The Cultist","Colored Map","Colored Powertips","Colorless Booster Pack","Conspire","Downfall","Energized Spire","FetchMod","GifTheSpireLib","Halation","Hubris","Infinite Spire","Jedi Mod","Minty Spire (QoL Compilation)","Poor People Problems","Quick Restart","RNG!","Relic Sorter","SacredBarkPlus","Shop Mod","Spikes Relics","StSLib","Stuff the Spire","The Blue Laboratory","The Construct","Uncapped","Unceasing Turn Reminder","everything is the same but u backflip on backflip","vexMod","??????REMEMod"],"gold_per_floor":[99,113,124,143,143,143,143,143,154,154,19,49,49,49,62,166,166,166,177,190,203,223,223,223,238,238,248,148,160,160,178,192,288,288,288,306,319,319,148,168,215,225,244,129,145,145,45,57,75,75],"floor_reached":51,"language":"ENG","playtime":2975,"items_purged":["Guardian:Strike_Guardian","Guardian:Strike_Guardian"],"score":634,"play_id":"80692177-d07f-4296-b765-8389864695fc","local_time":"20210121204529","is_ascension_mode":false,"campfire_choices":[{"data":"Guardian:CurlUp","floor":1.0,"key":"SMITH"},{"data":"Guardian:DecasProtection","floor":6.0,"key":"SMITH"},{"data":"Guardian:PolyBeam","floor":10.0,"key":"SMITH"},{"data":"Guardian:PiercingHide","floor":13.0,"key":"SMITH"},{"data":"Guardian:BaubleBeam","floor":18.0,"key":"SMITH"},{"floor":23.0,"key":"REST"},{"floor":26.0,"key":"REST"},{"data":"Guardian:PiercingHide","floor":28,"key":"SMITH"},{"data":"Demon Form","floor":35,"key":"SMITH"},{"floor":47,"key":"REST"}],"circlet_count":0,"master_deck":["Guardian:Strike_Guardian","Guardian:Strike_Guardian","Guardian:Defend_Guardian","Guardian:Defend_Guardian","Guardian:Defend_Guardian","Guardian:Defend_Guardian","Guardian:CurlUp+1","Guardian:TwinSlam+1","Guardian:PolyBeam+1","Guardian:DecasProtection+1","Guardian:PiercingHide+1","Guardian:BaubleBeam+1","Guardian:BaubleBeam+1","Guardian:PiercingHide+1","Demon Form+1","Guardian:VentSteam","Guardian:WalkerClaw+1","Guardian:VentSteam+1"],"relics":["Guardian:ModeShifter","hubris:Icosahedron","REME_ComplimentaryCards","Pantograph","downfall:ShatteredFragment","halation:LettersToHer","conspire:SlowCooker","hubris:DisguiseKit","downfall:HeartBlessingGreen","beaked:SacredDeck","Blue Candle","downfall:HeartBlessingBlue"],"acts_visited":["Exordium","TheCity","TheBeyond"],"potions_floor_usage":[31,36,39,50,50],"damage_taken":[{"damage":0.0,"enemies":"Small Slimes","floor":2.0,"turns":3.0},{"damage":1.0,"enemies":"2 Louse","floor":3.0,"turns":3.0},{"damage":1.0,"enemies":"Jaw Worm","floor":4.0,"turns":4.0},{"damage":0.0,"enemies":"2 Fungi Beasts","floor":9.0,"turns":5.0},{"damage":0.0,"enemies":"downfall:FleeingMerchant","floor":11.0,"turns":4.0},{"damage":6.0,"enemies":"3 Sentries","floor":12.0,"turns":12.0},{"damage":5.0,"enemies":"Lots of Slimes","floor":15.0,"turns":2.0},{"damage":76.0,"enemies":"SI_SHIV_ARCHETYPE","floor":16.0,"turns":10.0},{"damage":0.0,"enemies":"conspire:FuzzyDice","floor":19.0,"turns":8.0},{"damage":7.0,"enemies":"Shell Parasite","floor":20.0,"turns":6.0},{"damage":24.0,"enemies":"Centurion and Healer","floor":21.0,"turns":9.0},{"damage":37.0,"enemies":"Snake Plant","floor":22.0,"turns":8.0},{"damage":0.0,"enemies":"conspire:HollyBat","floor":25.0,"turns":8.0},{"damage":6,"enemies":"Shelled Parasite and Fungi","floor":27,"turns":7},{"damage":2,"enemies":"Snake Plant","floor":29,"turns":5},{"damage":9,"enemies":"Sentry and Sphere","floor":31,"turns":5},{"damage":6,"enemies":"Snecko","floor":32,"turns":6},{"damage":2,"enemies":"WA_ARCHETYPE_CALM","floor":33,"turns":10},{"damage":6,"enemies":"Orb Walker","floor":36,"turns":4},{"damage":5,"enemies":"3 Shapes","floor":37,"turns":6},{"damage":6,"enemies":"downfall:FleeingMerchant","floor":39,"turns":4},{"damage":0,"enemies":"Transient","floor":40,"turns":5},{"damage":2,"enemies":"Spire Growth","floor":42,"turns":4},{"damage":17,"enemies":"3 Darklings","floor":43,"turns":6},{"damage":0,"enemies":"downfall:FleeingMerchant","floor":44,"turns":4},{"damage":19,"enemies":"Jaw Worm Horde","floor":45,"turns":5},{"damage":16,"enemies":"4 Shapes","floor":48,"turns":6},{"damage":15,"enemies":"Spire Growth","floor":49,"turns":4},{"damage":29,"enemies":"DF_ARCHETYPE_ORBS","floor":50,"turns":7}],"seed_played":"-5543907761831731830","potions_obtained":[{"floor":3.0,"key":"blueLaboratory:EmptyBottle"},{"floor":9.0,"key":"LiquidMemories"},{"floor":12.0,"key":"jedi:wingpotion"},{"floor":19.0,"key":"FairyPotion"},{"floor":21.0,"key":"Guardian:BlockOnCardUsePotion"},{"floor":29,"key":"blueLaboratory:LouseDecoction"},{"floor":31,"key":"FairyPotion"},{"floor":32,"key":"blueLaboratory:BottleOfRum"},{"floor":42,"key":"blueLaboratory:BubblePotion"},{"floor":45,"key":"Ancient Potion"}],"is_trial":false,"path_per_floor":["R","M","M","M","?","R","T","?","M","R","$","E","R","?","M","B",null,"R","M","M","M","M","R","T","M","R","M","R","M","?","M","M","B",null,"R","M","M","?","$","M","T","M","M","$","M","?","R","M","M","B",null],"character_chosen":"GUARDIAN","items_purchased":["Guardian:PiercingHide","Guardian:Gem_Orange"],"campfire_rested":3,"item_purchase_floors":[11,39],"current_hp_per_floor":[80,80,79,78,78,78,78,54,80,80,80,74,74,74,69,4,80,80,80,73,49,12,36,36,36,60,54,54,52,52,43,37,60,80,80,74,69,69,63,63,63,61,44,44,25,20,57,41,26,22],"gold":75,"neow_bonus":"UPGRADE_CARD","is_daily":false,"chose_seed":false,"campfire_upgraded":7,"win_rate":0.0,"timestamp":1611279929,"path_taken":["R","M","M","M","?","R","T","?","?","R","$","E","R","?","M","BOSS","R","M","?","M","?","R","T","M","R","M","R","M","?","?","M","BOSS","R","M","M","?","$","M","T","M","M","$","?","?","R","M","M","BOSS"],"items_purchased_type":["Card","Card"],"build_version":"2020-12-18","purchased_purges":2,"victory":true,"max_hp_per_floor":[80,80,80,80,80,80,80,80,80,80,80,80,80,80,80,80,80,80,80,80,80,80,80,80,80,80,80,80,80,80,80,80,80,80,80,80,80,80,80,80,80,80,80,80,80,80,90,90,90,90],"card_choices":[{"not_picked":["Guardian:PiercingHide","Guardian:Gem_Green"],"picked":"Guardian:PolyBeam","floor":2.0},{"not_picked":["Guardian:PrimingBeam","Guardian:PrismaticBeam"],"picked":"Guardian:DecasProtection","floor":3.0},{"not_picked":["Guardian:Recover","Guardian:FastForward"],"picked":"Guardian:Gem_Green","floor":4.0},{"not_picked":["Guardian:Gem_Green","Guardian:BronzeArmor","Guardian:Harden"],"picked":"SKIP","floor":9.0},{"not_picked":["Guardian:PrimingBeam","Guardian:PrismaticBarrier","Guardian:Harden"],"picked":"SKIP","floor":11.0},{"not_picked":["Guardian:WalkerClaw","Guardian:TimeBomb"],"picked":"Guardian:BaubleBeam","floor":12.0},{"not_picked":["Guardian:WalkerClaw","Guardian:Gem_Lightblue"],"picked":"Guardian:Gem_Blue","floor":15.0},{"not_picked":["Guardian:TemporalShield","Guardian:PiercingHide","Guardian:SpikerProtocol"],"picked":"SKIP","floor":19.0},{"not_picked":["Guardian:TemporalShield","Guardian:PiercingHide","Guardian:SpikerProtocol"],"picked":"SKIP","floor":19.0},{"not_picked":["Guardian:Gem_Yellow","Guardian:SentryBeam"],"picked":"Guardian:Gem_White","floor":20.0},{"not_picked":["Guardian:Preprogram","Guardian:Harden+1"],"picked":"Guardian:PiercingHide","floor":21.0},{"not_picked":["Guardian:RefractedBeam","Guardian:RollAttack","Guardian:PiercingHide"],"picked":"SKIP","floor":22.0},{"not_picked":["Guardian:TemporalStrike+1","Guardian:SentryBeam","Guardian:BodySlam+1","Heavy Blade"],"picked":"SKIP","floor":25.0},{"not_picked":["Guardian:ShieldCharger","Guardian:Gem_Lightblue","True Grit"],"picked":"Guardian:Gem_Purple","floor":27},{"not_picked":["Guardian:DonusPower","Guardian:Gem_Blue","StuffTheSpire:RockThrow"],"picked":"Guardian:Gem_Cyan","floor":29},{"not_picked":["Guardian:PrismaticBarrier","Guardian:MultiBeam","Twin Strike"],"picked":"Guardian:Gem_Synthetic","floor":31},{"not_picked":["Guardian:Gem_Green","Guardian:DecasProtection+1","Guardian:Recover","jedi:collectorstrike"],"picked":"SKIP","floor":32},{"not_picked":["Guardian:ConstructionForm","Guardian:StasisField","Impervious"],"picked":"Guardian:Gem_Synthetic","floor":33},{"not_picked":["Guardian:TemporalShield+1","Guardian:TemporalStrike","Reckless Charge"],"picked":"Guardian:Gem_Red","floor":36},{"not_picked":["Guardian:TimeBomb+1","Guardian:Gem_Crimson","StuffTheSpire:Slingshot"],"picked":"Guardian:VentSteam","floor":37},{"not_picked":["Guardian:BronzeArmor+1","Guardian:PiercingHide","StuffTheSpire:Slingshot"],"picked":"Guardian:Gem_Cyan","floor":39},{"not_picked":["Guardian:WalkerClaw","Guardian:FastForward","Guardian:Gem_Lightblue","Wild Strike"],"picked":"SKIP","floor":40},{"not_picked":["Guardian:WalkerClaw","Guardian:FastForward","Guardian:Gem_Lightblue","Wild Strike"],"picked":"SKIP","floor":40},{"not_picked":["Guardian:Gem_Cyan","Guardian:Repulse","Sword Boomerang"],"picked":"Guardian:WalkerClaw+1","floor":42},{"not_picked":["Guardian:Harden","Guardian:MultiBeam+1","Warcry"],"picked":"Guardian:VentSteam+1","floor":43},{"not_picked":["Guardian:ArmoredProtocol","Guardian:Reroute+1","Guardian:GuardianWhirl+1","Thunderclap"],"picked":"SKIP","floor":44},{"not_picked":["Guardian:GuardianWhirl+1","Guardian:Incinerate+1","Offering"],"picked":"Guardian:Gem_Red","floor":45},{"not_picked":["Guardian:PrimingBeam+1","Guardian:VentSteam","Guardian:Gem_Red","Twin Strike"],"picked":"SKIP","floor":48},{"not_picked":["Guardian:DonusPower","Guardian:PrimingBeam+1","Guardian:ConstructionForm","Shockwave"],"picked":"SKIP","floor":49}],"player_experience":282381,"relics_obtained":[{"floor":7.0,"key":"Pantograph"},{"floor":12.0,"key":"halation:LettersToHer"},{"floor":24.0,"key":"halation:LettersToHer"},{"floor":24.0,"key":"hubris:DisguiseKit"},{"floor":41,"key":"halation:LettersToHer"}],"event_choices":[{"damage_healed":0,"gold_gain":0,"player_choice":"Ignored","damage_taken":0,"max_hp_gain":0,"max_hp_loss":0,"event_name":"NoteForYourself","floor":38,"gold_loss":0}],"is_beta":true,"boss_relics":[{"not_picked":["vexMod:ImprovementManual","SacredBark"],"picked":"conspire:SlowCooker"},{"not_picked":["aspiration:SecretTechniqueScroll","REME_DuelDisc"],"picked":"beaked:SacredDeck"}],"items_purged_floors":[11,44],"is_endless":false,"potions_floor_spawned":[3,9,12,19,21,29,31,32,42,45,49],"ascension_level":0}}