{"host":"pszcj3piwl6eu8b1","time":1611334468,"event":{"mods":["2.2 Compatiblity","Act Like it!","Aspiration","BaseMod","Better Altar","Better Match","Better Note","Better Sensory Stone","Better Skull","Better Third Choice","Better Vampires","CCEM","Downfall","Elementarium","Energized Spire","Gensokyo","GifTheSpireLib","Hallownest","Hubris","Marisa????????","Menagerie","Minty Spire (QoL Compilation)","Permanent Neow","Quarter Circle Forward PUNCH!","Quick Restart","Replay The Spire","Shop Mod","StSLib","Stuff the Spire","The Animator","The Blue Laboratory"],"gold_per_floor":[115,133,152,152,166,166,193,226,226,240,255,280,304,304,319,319,319],"floor_reached":16,"language":"ENG","playtime":1560,"items_purged":[],"score":216,"play_id":"22770e17-e7a1-4008-a28a-95095f3515da","local_time":"20210122085428","is_ascension_mode":true,"campfire_choices":[],"circlet_count":0,"master_deck":["AscendersBane","animator:Strike_Rewrite","animator:Defend_Rewrite","animator:Strike","animator:Strike","animator:Strike","animator:Defend","animator:Defend","animator:Defend","animator:YoshinoHaruhiko","animator:ShizuruNakatsu","animator:Cocytus+1","animator:ChihayaOhtori","animator:MetalKnight","animator:Aqua"],"relics":["animator:TheMissingPiece","animator:PurgingStone","aspiration:PoetsPen_weak","hubris:Icosahedron","Singing Bowl","animator:BattleDrones"],"acts_visited":["Exordium"],"potions_floor_usage":[12],"damage_taken":[{"damage":0.0,"enemies":"Small Slimes","floor":1.0,"turns":3.0},{"damage":2.0,"enemies":"Jaw Worm","floor":2.0,"turns":3.0},{"damage":0.0,"enemies":"Cultist","floor":3.0,"turns":2.0},{"damage":6.0,"enemies":"2 Fungi Beasts","floor":5.0,"turns":4.0},{"damage":30.0,"enemies":"Lagavulin","floor":8.0,"turns":4.0},{"damage":9.0,"enemies":"Exordium Thugs","floor":10.0,"turns":3.0},{"damage":24,"enemies":"Gremlin Gang","floor":11,"turns":3},{"damage":17,"enemies":"Lots of Slimes","floor":12,"turns":4},{"damage":10,"enemies":"Exordium Thugs","floor":13,"turns":2},{"damage":7,"enemies":"Large Slime","floor":15,"turns":4},{"damage":17,"enemies":"WA_ARCHETYPE_RETAIN","floor":16,"turns":2}],"seed_played":"-1450617990729161213","potions_obtained":[{"floor":2.0,"key":"blueLaboratory:PolymorphPotion"},{"floor":3.0,"key":"blueLaboratory:ArtificerPotion"},{"floor":13,"key":"blueLaboratory:PolymorphPotion"},{"floor":15,"key":"FearPotion"}],"is_trial":false,"path_per_floor":["M","M","M","?","M","?","T","E","T","M","M","M","M","?","M","B"],"character_chosen":"THE_ANIMATOR","items_purchased":[],"campfire_rested":0,"item_purchase_floors":[],"current_hp_per_floor":[54,52,52,52,46,46,46,32,32,25,42,25,15,15,8,0,0],"gold":319,"neow_bonus":"BOSS_RELIC","is_daily":false,"chose_seed":true,"campfire_upgraded":0,"win_rate":0.0,"timestamp":1611334468,"path_taken":["M","M","M","?","M","?","T","E","?","M","M","M","?","?","M","BOSS"],"items_purchased_type":[],"build_version":"2020-12-22","purchased_purges":0,"victory":false,"max_hp_per_floor":[60,60,60,60,60,60,60,62,62,64,66,66,66,66,66,66,66],"card_choices":[{"not_picked":["animator:Isuzu","animator:Yoichi","animator:Yui"],"picked":"SKIP","floor":1.0},{"not_picked":["animator:SayakaMiki","animator:Isuzu","animator:Serara"],"picked":"SKIP","floor":2.0},{"not_picked":["animator:DolaSchwi","animator:Laby","animator:Millim"],"picked":"SKIP","floor":3.0},{"not_picked":["animator:Entoma","animator:PandorasActor"],"picked":"animator:Cocytus","floor":5.0},{"not_picked":["animator:HidekiHinata","animator:Guy","animator:Mitsurugi"],"picked":"Singing Bowl","floor":8.0},{"not_picked":["animator:Yoichi","animator:OrigamiTobiichi","animator:Noda"],"picked":"Singing Bowl","floor":10.0},{"not_picked":["animator:ChaikaBohdan","animator:AcuraShin","animator:Chaa"],"picked":"Singing Bowl","floor":11},{"not_picked":["animator:YoshinoHaruhiko","animator:Chibimoth"],"picked":"animator:ChihayaOhtori","floor":12},{"not_picked":["animator:ReineMurasame","animator:Tet"],"picked":"animator:MetalKnight","floor":13},{"not_picked":["animator:YamaiSisters","animator:SayakaMiki"],"picked":"animator:Aqua","floor":15}],"player_experience":1384312,"relics_obtained":[{"floor":8.0,"key":"Singing Bowl"},{"floor":9.0,"key":"animator:BattleDrones"}],"event_choices":[{"damage_healed":0,"gold_gain":0,"player_choice":"Forge","damage_taken":0,"max_hp_gain":0,"max_hp_loss":0,"event_name":"Accursed Blacksmith","floor":14,"gold_loss":0,"cards_upgraded":["animator:Cocytus"]}],"is_beta":false,"boss_relics":[],"items_purged_floors":[],"is_endless":false,"potions_floor_spawned":[2,3,5,10,13,15],"killed_by":"WA_ARCHETYPE_RETAIN","ascension_level":20}}