{"host":"xc18ixkpjvqrt8st","time":1611339826,"event":{"mods":["Act Like it!","BaseMod","Better Match","Better Third Choice","Conspire","Hallownest","Hermit","Hubris","Infinite Spire","Minty Spire (QoL Compilation)","Robot Space Explorer","Shop Mod","Spicy Shops","StSLib","The Animator","The Jungle","The Marked","The Sage"],"gold_per_floor":[128,0,0,14,37,67,67,115,115,115,115,147,147,174,174,294,294,315,337,337,337,337,337,378,378,378,378,408,408,418,264,264,398,398,436,462,462,462,462,462,462,323,346,246,262,262],"floor_reached":45,"language":"ENG","playtime":1684,"items_purged":[],"score":531,"play_id":"6fc42e6a-8721-46be-935b-0ed4f61f98cc","local_time":"20210122122346","is_ascension_mode":true,"campfire_choices":[{"floor":11,"key":"REST"},{"floor":13,"key":"REST"},{"floor":15,"key":"REST"},{"floor":23,"key":"RECALL"},{"floor":27,"key":"REST"},{"floor":29,"key":"REST"},{"floor":32,"key":"REST"},{"floor":40,"key":"REST"},{"floor":41,"key":"REST"}],"circlet_count":0,"master_deck":["animator:Strike_AccelWorld","animator:Defend_AccelWorld","animator:Strike","animator:Strike","animator:Strike","animator:Defend","animator:Defend","animator:Kuroyukihime","animator:LimeBell","animator:Chris","Enlightenment","animator:Mitsurugi","animator:Witch","animator:ElricEdward","animator:Vanir","animator:HighElfArcher","animator:Greed","animator:Mitsurugi+1","animator:DwarfShaman","RitualDagger","Writhe","animator:Shinoa","animator:Demiurge+1","animator:Eris","animator:Pride","infinitespire:Fortify","animator:Hans"],"relics":["animator:LivingPicture","animator:TheMissingPiece","NeowsBlessing","hubris:OldNail","conspire:Flyswatter","conspire:Boomerang","hubris:ScarierMask","WingedGreaves","Pantograph","infinitespire:Midas Blood","HandDrill","SacredBark","animator:HolyGrailRelic","MealTicket"],"acts_visited":["Exordium","TheCity","TheBeyond"],"potions_floor_usage":[8,8,16,16,16,16,24,24,24],"damage_taken":[{"damage":0,"enemies":"Small Slimes","floor":1,"turns":1},{"damage":0,"enemies":"Jaw Worm","floor":4,"turns":1},{"damage":0,"enemies":"Lagavulin","floor":6,"turns":2},{"damage":59,"enemies":"Gremlin Nob","floor":8,"turns":6},{"damage":0,"enemies":"conspire:RoseBush","floor":12,"turns":2},{"damage":5,"enemies":"2 Fungi Beasts","floor":14,"turns":3},{"damage":58,"enemies":"Hexaghost","floor":16,"turns":12},{"damage":18,"enemies":"Shell Parasite","floor":18,"turns":7},{"damage":2,"enemies":"2 Thieves","floor":19,"turns":3},{"damage":56,"enemies":"Book of Stabbing","floor":24,"turns":7},{"damage":29,"enemies":"Snake Plant","floor":28,"turns":3},{"damage":0,"enemies":"3 Cultists","floor":30,"turns":4},{"damage":65,"enemies":"Collector","floor":33,"turns":15},{"damage":65,"enemies":"Orb Walker","floor":35,"turns":6},{"damage":0,"enemies":"3 Shapes","floor":36,"turns":4},{"damage":118,"enemies":"Transient","floor":45,"turns":5}],"seed_played":"7078377645451932982","potions_obtained":[{"floor":4,"key":"PowerPotion"},{"floor":8,"key":"BlessingOfTheForge"},{"floor":14,"key":"EntropicBrew"},{"floor":18,"key":"FearPotion"},{"floor":19,"key":"conspire:TimeTravelPotion"}],"is_trial":false,"path_per_floor":["M","?","$","M","T","E","?","E","T","?","R","M","R","M","R","B",null,"M","M","T","?","?","R","E","?","T","R","M","R","M","$","R","B",null,"M","M","AVR","?","?","R","R","$","T","NS","M"],"character_chosen":"THE_ANIMATOR","items_purchased":["HandDrill","animator:Hans"],"campfire_rested":8,"item_purchase_floors":[31,42],"current_hp_per_floor":[66,72,72,73,73,73,76,17,17,17,39,39,61,56,76,40,77,59,57,57,51,51,51,11,11,11,34,5,28,28,28,51,12,78,16,19,27,27,27,52,77,77,77,77,0,0],"gold":262,"neow_bonus":"THREE_ENEMY_KILL","is_daily":false,"chose_seed":false,"campfire_upgraded":0,"win_rate":0.0,"timestamp":1611339826,"path_taken":["M","?","$","M","?","E","?","E","T","?","R","M","R","M","R","BOSS","M","M","?","?","?","R","E","?","T","R","M","R","?","$","R","BOSS","M","?","AVR","?","?","R","R","$","T","NS","M"],"items_purchased_type":["Relic","Card"],"build_version":"2020-12-22","purchased_purges":0,"victory":false,"max_hp_per_floor":[66,72,72,73,73,73,76,76,76,76,76,76,76,76,76,77,77,77,77,77,77,77,77,77,77,77,77,77,77,77,77,77,78,78,78,78,86,86,86,86,86,86,86,86,83,83],"card_choices":[{"not_picked":["animator:ElricAlphonse","animator:Mikaela"],"picked":"animator:Chris","floor":1},{"not_picked":["animator:KrulTepes","animator:Ara"],"picked":"animator:Mitsurugi","floor":4},{"not_picked":["animator:Add","animator:Shinoa"],"picked":"animator:Witch","floor":6},{"not_picked":["animator:MaesHughes","animator:WinryRockbell"],"picked":"animator:ElricEdward","floor":8},{"not_picked":["animator:Gluttony","animator:Mikaela"],"picked":"animator:Vanir","floor":12},{"not_picked":["animator:ElricEdward","animator:Albedo"],"picked":"animator:HighElfArcher","floor":14},{"not_picked":["animator:Elesis","animator:Kyubey"],"picked":"animator:Greed","floor":16},{"not_picked":["animator:SuzuneAmano+1","animator:LizardPriest"],"picked":"animator:Mitsurugi+1","floor":18},{"not_picked":["animator:LizardPriest","animator:Witch"],"picked":"animator:DwarfShaman","floor":19},{"not_picked":["animator:Yuuichirou","animator:Chris"],"picked":"animator:Shinoa","floor":24},{"not_picked":["animator:Verdia+1","animator:Megumin"],"picked":"animator:NarberalGamma+1","floor":28},{"not_picked":["animator:Sebas","animator:Mitsuba+1"],"picked":"animator:Demiurge+1","floor":30},{"not_picked":["animator:Guren","animator:GoblinSlayer"],"picked":"animator:Eris","floor":33},{"not_picked":["animator:MaesHughes","animator:Sloth"],"picked":"animator:Pride","floor":35},{"not_picked":["animator:Chung","animator:DwarfShaman+1"],"picked":"animator:CowGirl+1","floor":36}],"player_experience":581498,"relics_obtained":[{"floor":6,"key":"hubris:OldNail"},{"floor":8,"key":"conspire:Flyswatter"},{"floor":9,"key":"conspire:Boomerang"},{"floor":20,"key":"WingedGreaves"},{"floor":24,"key":"infinitespire:Midas Blood"},{"floor":43,"key":"MealTicket"}],"event_choices":[{"damage_healed":0,"gold_gain":0,"player_choice":"RENOUNCE","damage_taken":128,"max_hp_gain":0,"max_hp_loss":0,"event_name":"betterThird:BetterSerpent","floor":2,"gold_loss":128,"cards_obtained":["Enlightenment"]},{"damage_healed":0,"gold_gain":0,"player_choice":"Ignored","damage_taken":0,"max_hp_gain":0,"max_hp_loss":0,"event_name":"Purifier","floor":10,"gold_loss":0},{"damage_healed":0,"gold_gain":0,"player_choice":"Dagger","damage_taken":6,"max_hp_gain":0,"max_hp_loss":0,"event_name":"betterThird:BetterNest","floor":21,"gold_loss":0,"cards_obtained":["RitualDagger"]},{"damage_healed":0,"gold_gain":0,"player_choice":"Opened","damage_taken":0,"relics_obtained":["Pantograph"],"max_hp_gain":0,"max_hp_loss":0,"event_name":"The Mausoleum","floor":22,"gold_loss":0,"cards_obtained":["Writhe"]},{"cards_removed":["animator:Defend"],"damage_healed":0,"gold_gain":0,"player_choice":"Removed Skill","damage_taken":0,"max_hp_gain":0,"max_hp_loss":0,"event_name":"Falling","floor":39,"gold_loss":0}],"is_beta":false,"boss_relics":[{"not_picked":["hubris:RunicObelisk","Astrolabe"],"picked":"hubris:ScarierMask"},{"not_picked":["Coffee Dripper","Tiny House"],"picked":"SacredBark"}],"items_purged_floors":[],"is_endless":false,"potions_floor_spawned":[4,8,14,18,19],"killed_by":"Transient","ascension_level":2}}