{"host":"3jpwrwmmgyabjceh","time":1611348187,"event":{"mods":["AchievementEnabler","BaseMod","Colored Map","Colored Powertips","Highlight Path","Minty Spire (QoL Compilation)","Quick Restart","Relic Stats","StSLib","SuperFastMode"],"gold_per_floor":[118,118,193,205,219,250,68,103,103,103,117,117,133,153,153,255,255,272,272,272],"floor_reached":19,"language":"ENG","playtime":796,"items_purged":[],"score":249,"play_id":"7a97f0a3-4c78-479d-80c1-6c0e2671f2f2","local_time":"20210122234307","is_ascension_mode":true,"campfire_choices":[{"floor":12,"key":"REST"},{"floor":15,"key":"REST"}],"circlet_count":0,"master_deck":["Strike_B","Strike_B","Strike_B","Strike_B","Defend_B","Defend_B","Defend_B","Defend_B","Zap","Dualcast","Beam Cell","Static Discharge","Ball Lightning","Cold Snap","Apotheosis+1","Electrodynamics","Pain","Conserve Battery","Recycle","Capacitor","Biased Cognition","Ball Lightning+1"],"relics":["Cursed Key","Lantern","Peace Pipe","Pear","Inserter"],"acts_visited":["Exordium","TheCity"],"potions_floor_usage":[6,6],"damage_taken":[{"damage":4,"enemies":"Small Slimes","floor":1,"turns":3},{"damage":7,"enemies":"Jaw Worm","floor":4,"turns":2},{"damage":9,"enemies":"2 Louse","floor":5,"turns":3},{"damage":17,"enemies":"Gremlin Nob","floor":6,"turns":4},{"damage":26,"enemies":"3 Sentries","floor":8,"turns":6},{"damage":1,"enemies":"Looter","floor":11,"turns":2},{"damage":12,"enemies":"3 Louse","floor":13,"turns":4},{"damage":9,"enemies":"Exordium Thugs","floor":14,"turns":2},{"damage":10,"enemies":"The Guardian","floor":16,"turns":10},{"damage":27,"enemies":"2 Thieves","floor":18,"turns":4},{"damage":51,"enemies":"Masked Bandits","floor":19,"turns":3}],"seed_played":"703629785911324209","potions_obtained":[{"floor":5,"key":"EntropicBrew"},{"floor":8,"key":"LiquidMemories"}],"is_trial":false,"path_per_floor":["M","?","?","M","M","E","$","E","T","?","M","R","M","M","R","B",null,"M","?"],"character_chosen":"DEFECT","items_purchased":["Apotheosis"],"campfire_rested":2,"item_purchase_floors":[7],"current_hp_per_floor":[71,76,65,58,49,32,32,6,16,16,15,42,30,21,48,38,77,50,0,0],"gold":272,"neow_bonus":"BOSS_RELIC","is_daily":false,"chose_seed":false,"campfire_upgraded":0,"win_rate":0.0,"timestamp":1611348187,"path_taken":["M","?","?","M","M","E","$","E","T","?","M","R","M","M","R","BOSS","M","?"],"items_purchased_type":["Card"],"build_version":"2020-12-22","purchased_purges":0,"victory":false,"max_hp_per_floor":[75,80,80,80,80,80,80,80,90,90,90,90,90,90,90,90,90,90,90,90],"relic_stats":{"Peace Pipe":0,"Inserter":[3],"counters":[11,43],"Cursed Key":1,"obtain_stats":[{"Peace Pipe":8,"Lantern":6,"Pear":9,"Inserter":17,"Cracked Core":0,"Cursed Key":0},{"Peace Pipe":5,"Lantern":4,"Pear":5,"Inserter":9,"Cracked Core":0,"Cursed Key":0},{"Peace Pipe":18,"Lantern":12,"Pear":18,"Inserter":36,"Cracked Core":0,"Cursed Key":0}]},"card_choices":[{"not_picked":["Barrage","Go for the Eyes"],"picked":"Beam Cell","floor":1},{"not_picked":["Chill","Force Field"],"picked":"Static Discharge","floor":4},{"not_picked":["Turbo","Go for the Eyes"],"picked":"Ball Lightning","floor":5},{"not_picked":["Gash","Skim"],"picked":"Cold Snap","floor":6},{"not_picked":["Compile Driver","Streamline"],"picked":"Electrodynamics","floor":8},{"not_picked":["Streamline","Auto Shields"],"picked":"Conserve Battery","floor":11},{"not_picked":["Force Field","Beam Cell"],"picked":"Recycle","floor":13},{"not_picked":["Gash","Turbo"],"picked":"Capacitor","floor":14},{"not_picked":["All For One","Hyperbeam"],"picked":"Biased Cognition","floor":16},{"not_picked":["Sweeping Beam","Fusion"],"picked":"Ball Lightning+1","floor":18}],"player_experience":257211,"relics_obtained":[{"floor":6,"key":"Lantern"},{"floor":8,"key":"Peace Pipe"},{"floor":9,"key":"Pear"}],"event_choices":[{"damage_healed":0,"gold_gain":0,"player_choice":"Donut","damage_taken":0,"max_hp_gain":5,"max_hp_loss":0,"event_name":"Big Fish","floor":2,"gold_loss":0},{"damage_healed":0,"gold_gain":75,"player_choice":"Gather Gold","damage_taken":11,"max_hp_gain":0,"max_hp_loss":0,"event_name":"World of Goop","floor":3,"gold_loss":0},{"damage_healed":0,"gold_gain":0,"player_choice":"Grow","damage_taken":0,"max_hp_gain":0,"max_hp_loss":0,"event_name":"Living Wall","floor":10,"gold_loss":0,"cards_upgraded":["Apotheosis"]},{"damage_healed":0,"gold_gain":0,"player_choice":"Fought Bandits","damage_taken":0,"max_hp_gain":0,"max_hp_loss":0,"event_name":"Masked Bandits","floor":19,"gold_loss":0}],"is_beta":false,"boss_relics":[{"not_picked":["Nuclear Battery","Busted Crown"],"picked":"Inserter"}],"items_purged_floors":[],"is_endless":false,"potions_floor_spawned":[5,8,14,16],"killed_by":"Masked Bandits","ascension_level":5}}