{"host":"2haferq23ht5nrlk","time":1611344961,"event":{"mods":["ATMod(°¢èªMod)","BaseMod","KomeijiMod","Minty Spire (QoL Compilation)","Quick Restart","Relic Stats","Replay The Spire","Spicy Shops","StSLib","UnlockEverythingMod","¡¾ÒÅÎï¿¨ÅÆ¡¿REMEMod"],"gold_per_floor":[111,111,111,37,37,362,362,377,400,432,432,466,484,499,499,596,596,612,626,51,66,15,48,48,75,75,88,88,88,119,146,146,248,298,309,531,185,185,185,185,201,49,49,64,111,137,151,164,164,164,164,164,34,63,63],"floor_reached":56,"language":"ZHS","playtime":4220,"items_purged":["Strike_R","Bash"],"score":2089,"play_id":"6049c115-00aa-46b6-b160-874cdfd329bc","local_time":"20210123034921","is_ascension_mode":true,"campfire_choices":[{"data":"HeartBreak_Remiria","floor":7.0,"key":"SMITH"},{"floor":11.0,"key":"REST"},{"data":"Armaments","floor":15.0,"key":"SMITH"},{"floor":24.0,"key":"REST"},{"data":"Armaments","floor":32.0,"key":"SMITH"},{"floor":40.0,"key":"RECALL"},{"data":"Feel No Pain","floor":49,"key":"SMITH"},{"data":"REME_ACTH","floor":52,"key":"SMITH"}],"circlet_count":0,"master_deck":["AscendersBane","Strike_R","Strike_R","Defend_R","Defend_R","Defend_R","Defend_R","HeartBreak_Remiria+1","ReplayTheSpireMod:Uncanny Aura+1","Flex+1","Feel No Pain+1","Pommel Strike","AT_BodySlamDance","ReplayTheSpireMod:Stacked","ReplayTheSpireMod:Strike From Hell","Armaments+1","Body Slam","REME_ACTH+1","AT_ShrugMaster+1","REME_Scribble+1","AT_BodySlamDance","Exhume","True Grit","Anger","Armaments+1","Shrug It Off+1","AT_Dispersion","Headbutt","Intimidate+1","Entrench","REME_ACTH","Sentinel+1","ReplayTheSpireMod:Trickstab","Shockwave+1"],"relics":["Burning Blood","AT_ATBox","REME_ComplimentaryCards","Old Coin","Bag of Preparation","Gremlin Horn","REME_DuelDisc","AT_SunfireAegis","Thread and Needle","Happy Flower","Strawberry","Whetstone","Chameleon Ring","Red Mask","Tiny House","Replay:Rubber Ducky","NitorisBag","Iron Hammer","Gambling Chip","Red Skull","Divine Protection"],"acts_visited":["Exordium","TheCity","TheBeyond","TheEnding"],"potions_floor_usage":[47,48,55,55,55],"damage_taken":[{"damage":0.0,"enemies":"Small Slimes","floor":1.0,"turns":3.0},{"damage":30.0,"enemies":"Gremlin Nob","floor":6.0,"turns":4.0},{"damage":7.0,"enemies":"Jaw Worm","floor":8.0,"turns":4.0},{"damage":25.0,"enemies":"Replay:BlueRogue","floor":10.0,"turns":4.0},{"damage":7.0,"enemies":"Gremlin Nob","floor":12.0,"turns":3.0},{"damage":0.0,"enemies":"Cultist","floor":13.0,"turns":2.0},{"damage":0.0,"enemies":"Exordium Wildlife","floor":14.0,"turns":1.0},{"damage":46.0,"enemies":"Hexaghost","floor":16.0,"turns":10.0},{"damage":28.0,"enemies":"2 Thieves","floor":18.0,"turns":3.0},{"damage":4.0,"enemies":"3 Byrds","floor":19.0,"turns":6.0},{"damage":4.0,"enemies":"Shelled Parasite and Fungi","floor":21.0,"turns":5.0},{"damage":33.0,"enemies":"Slavers","floor":23.0,"turns":2.0},{"damage":15.0,"enemies":"Gremlin Leader","floor":25.0,"turns":3.0},{"damage":3.0,"enemies":"Centurion and Healer","floor":27.0,"turns":3.0},{"damage":3.0,"enemies":"REME_1_Revenger","floor":30.0,"turns":2.0},{"damage":3.0,"enemies":"Masked Bandits","floor":31.0,"turns":1.0},{"damage":3.0,"enemies":"Automaton","floor":33.0,"turns":6.0},{"damage":3.0,"enemies":"3 Shapes","floor":35.0,"turns":2.0},{"damage":3.0,"enemies":"3 Darklings","floor":41.0,"turns":2.0},{"damage":3.0,"enemies":"Jaw Worm Horde","floor":44.0,"turns":2.0},{"damage":3.0,"enemies":"2 Orb Walkers","floor":45.0,"turns":3.0},{"damage":3,"enemies":"Reptomancer","floor":46,"turns":1},{"damage":44,"enemies":"Transient","floor":47,"turns":5},{"damage":0,"enemies":"Writhing Mass","floor":48,"turns":3},{"damage":3,"enemies":"Awakened One","floor":50,"turns":2},{"damage":3,"enemies":"Shield and Spear","floor":54,"turns":1},{"damage":22,"enemies":"The Heart","floor":55,"turns":8}],"seed_played":"-5446624125396574776","potions_obtained":[{"floor":1.0,"key":"Reflective Coating"},{"floor":10.0,"key":"Toxic Potion"},{"floor":12.0,"key":"SkillPotion"},{"floor":13.0,"key":"FearPotion"},{"floor":18.0,"key":"Venom Potion"},{"floor":21.0,"key":"Death Potion"},{"floor":30.0,"key":"LifebloodPotion"},{"floor":33.0,"key":"GamblersBrew"},{"floor":34.0,"key":"FearPotion"},{"floor":48,"key":"REME_GoldPotion"}],"is_trial":false,"path_per_floor":["M","?","?","$","?","E","R","M","T","E","R","E","M","M","R","B",null,"M","M","$","M","$","E","R","E","T","M","?","?","E","?","R","B",null,"M","?","$","?","?","R","M","$","T","M","?","E","M","M","R","B",null,"R","$","E","B",null],"character_chosen":"IRONCLAD","items_purchased":["Feel No Pain","AT_SunfireAegis","AT_ShrugMaster+1","Thread and Needle","AT_BodySlamDance","Entrench","Replay:Rubber Ducky","NitorisBag","ReplayTheSpireMod:Trickstab","Swift Potion"],"campfire_rested":2,"item_purchase_floors":[4,20,20,20,22,37,37,42,53,53],"current_hp_per_floor":[78,78,78,78,78,54,54,53,53,34,58,57,63,69,69,29,67,45,47,47,49,49,25,49,50,50,56,56,56,62,68,68,74,102,108,108,108,108,108,108,114,114,114,119,122,125,90,96,96,102,124,124,124,130,117],"gold":63,"neow_bonus":"RANDOM_COLORLESS","is_daily":false,"chose_seed":false,"campfire_upgraded":5,"win_rate":0.0,"timestamp":1611344961,"path_taken":["M","?","?","?","?","E","R","?","T","E","R","E","?","M","R","BOSS","M","M","$","M","$","E","R","E","T","M","?","?","E","?","R","BOSS","M","?","$","?","?","R","M","$","T","M","?","E","M","M","R","BOSS","R","$","E","BOSS"],"items_purchased_type":["Card","Relic","Card","Relic","Card","Card","Relic","Relic","Card","Potion"],"build_version":"2020-12-22","purchased_purges":2,"victory":true,"max_hp_per_floor":[80,80,80,80,80,80,80,80,80,80,80,80,80,80,80,80,80,80,80,80,80,80,83,83,93,93,96,96,96,99,102,102,105,110,113,113,113,113,113,113,116,116,116,119,122,125,128,128,128,131,131,131,131,134,137],"relic_stats":{"Gremlin Horn":[28,28],"Happy Flower":[14],"counters":[27,90],"Gambling Chip":[26],"Bag of Preparation":[46],"Whetstone":["Strike_R","AT_OneInchPunch"],"obtain_stats":[{"Divine Protection":54,"AT_ATBox":0,"Tiny House":34,"Gremlin Horn":12,"Happy Flower":23,"Thread and Needle":20,"REME_DuelDisc":17,"Bag of Preparation":10,"Whetstone":26,"Burning Blood":0,"Old Coin":6,"Replay:Rubber Ducky":37,"NitorisBag":42,"Chameleon Ring":30,"Strawberry":25,"Gambling Chip":45,"Iron Hammer":43,"Red Mask":31,"AT_SunfireAegis":20,"Red Skull":46,"REME_ComplimentaryCards":0},{"Divine Protection":26,"AT_ATBox":0,"Tiny House":17,"Gremlin Horn":5,"Happy Flower":12,"Thread and Needle":10,"REME_DuelDisc":8,"Bag of Preparation":4,"Whetstone":13,"Burning Blood":0,"Old Coin":2,"Replay:Rubber Ducky":18,"NitorisBag":19,"Chameleon Ring":15,"Strawberry":13,"Gambling Chip":21,"Iron Hammer":19,"Red Mask":16,"AT_SunfireAegis":10,"Red Skull":22,"REME_ComplimentaryCards":0},{"Divine Protection":82,"AT_ATBox":0,"Tiny House":61,"Gremlin Horn":17,"Happy Flower":46,"Thread and Needle":39,"REME_DuelDisc":30,"Bag of Preparation":14,"Whetstone":49,"Burning Blood":0,"Old Coin":7,"Replay:Rubber Ducky":63,"NitorisBag":65,"Chameleon Ring":54,"Strawberry":49,"Gambling Chip":70,"Iron Hammer":65,"Red Mask":55,"AT_SunfireAegis":39,"Red Skull":71,"REME_ComplimentaryCards":0}],"Burning Blood":155},"card_choices":[{"not_picked":["REME_ShortnessOfBreath","AT_PowerWithin"],"picked":"ReplayTheSpireMod:Uncanny Aura","floor":0.0},{"not_picked":["Heavy Blade","Searing Blow"],"picked":"Flex","floor":1.0},{"not_picked":["Anger","Hemokinesis"],"picked":"Pommel Strike","floor":6.0},{"not_picked":["Heavy Blade","Thunderclap"],"picked":"AT_BodySlamDance","floor":8.0},{"not_picked":["AT_DiedThrough","ReplayTheSpireMod:Strike From Hell"],"picked":"ReplayTheSpireMod:Stacked","floor":10.0},{"not_picked":["Eclipse","Rampage"],"picked":"ReplayTheSpireMod:Strike From Hell","floor":12.0},{"not_picked":["Spot Weakness","Shrug It Off"],"picked":"Armaments","floor":13.0},{"not_picked":["Wild Strike","Armaments"],"picked":"Body Slam","floor":14.0},{"not_picked":["Brutality","Hemogenesis"],"picked":"REME_ACTH","floor":16.0},{"not_picked":["Iron Wave+1","Sword Boomerang","Anger"],"picked":"SKIP","floor":18.0},{"not_picked":["Twin Strike","Hemokinesis","Defy Death+1"],"picked":"SKIP","floor":19.0},{"not_picked":["Flex","Infernal Blade"],"picked":"REME_Scribble+1","floor":21.0},{"not_picked":["Headbutt","Metallicize+1"],"picked":"Exhume","floor":23.0},{"not_picked":["AT_IchimonjiDouble+1","AT_DrawKnifeCut+1","Clothesline"],"picked":"SKIP","floor":25.0},{"not_picked":["Sword Boomerang+1","ReplayTheSpireMod:Strike From Hell"],"picked":"True Grit","floor":27.0},{"not_picked":["Fiend Fire","Wild Strike","Perfected Strike"],"picked":"SKIP","floor":30.0},{"not_picked":["Cleave+1","Infernal Blade"],"picked":"Shrug It Off+1","floor":31.0},{"not_picked":["Reaper","Hemogenesis"],"picked":"AT_Dispersion","floor":33.0},{"not_picked":["ReplayTheSpireMod:Strike From Hell","Fire Breathing"],"picked":"Headbutt","floor":34.0},{"not_picked":["Havoc","Armaments+1"],"picked":"Intimidate+1","floor":35.0},{"not_picked":["Headbutt","Replay:Undeath\u0027s Touch+1","Clothesline"],"picked":"SKIP","floor":41.0},{"not_picked":["Wild Strike+1","Clash","AT_IchimonjiDouble+1"],"picked":"SKIP","floor":44.0},{"not_picked":["Sword Boomerang+1","Iron Wave+1","Clothesline"],"picked":"SKIP","floor":46},{"not_picked":["Pommel Strike+1","Shrug It Off+1"],"picked":"REME_ACTH","floor":47},{"not_picked":["Rampage","Iron Wave+1"],"picked":"Sentinel+1","floor":48},{"not_picked":["Infernal Blade+1","Armaments"],"picked":"Shockwave+1","floor":54}],"player_experience":1178,"relics_obtained":[{"floor":6.0,"key":"Old Coin"},{"floor":10.0,"key":"Bag of Preparation"},{"floor":12.0,"key":"Gremlin Horn"},{"floor":23.0,"key":"Happy Flower"},{"floor":25.0,"key":"Strawberry"},{"floor":26.0,"key":"Whetstone"},{"floor":30.0,"key":"Chameleon Ring"},{"floor":31.0,"key":"Red Mask"},{"floor":43.0,"key":"Iron Hammer"},{"floor":45.0,"key":"Gambling Chip"},{"floor":46,"key":"Red Skull"},{"floor":54,"key":"Divine Protection"}],"event_choices":[{"cards_removed":["Strike_R"],"damage_healed":0.0,"max_hp_gain":0.0,"max_hp_loss":0.0,"gold_gain":0.0,"event_name":"Living Wall","player_choice":"Forget","floor":2.0,"gold_loss":0.0,"damage_taken":0.0},{"damage_healed":0.0,"max_hp_gain":0.0,"max_hp_loss":0.0,"gold_gain":0.0,"cards_transformed":["AT_OneInchPunch","Strike_R"],"event_name":"Drug Dealer","player_choice":"Became Test Subject","floor":28.0,"gold_loss":0.0,"damage_taken":0.0,"cards_obtained":["Anger","Carnage"]},{"damage_healed":0.0,"max_hp_gain":0.0,"max_hp_loss":0.0,"gold_gain":0.0,"event_name":"The Library","player_choice":"Read","floor":29.0,"gold_loss":0.0,"damage_taken":0.0,"cards_obtained":["Armaments"]},{"damage_healed":0.0,"max_hp_gain":0.0,"max_hp_loss":0.0,"gold_gain":0.0,"event_name":"Masked Bandits","player_choice":"Fought Bandits","floor":31.0,"gold_loss":0.0,"damage_taken":0.0},{"damage_healed":0.0,"max_hp_gain":0.0,"max_hp_loss":0.0,"gold_gain":222.0,"event_name":"Tomb of Lord Red Mask","player_choice":"Wore Mask","floor":36.0,"gold_loss":0.0,"damage_taken":0.0},{"cards_removed":["Carnage"],"damage_healed":0.0,"max_hp_gain":0.0,"max_hp_loss":0.0,"gold_gain":0.0,"event_name":"Falling","player_choice":"Removed Attack","floor":39.0,"gold_loss":0.0,"damage_taken":0.0},{"damage_healed":0.0,"max_hp_gain":0.0,"max_hp_loss":0.0,"gold_gain":0.0,"event_name":"Mysterious Sphere","player_choice":"Fight","floor":45.0,"gold_loss":0.0,"damage_taken":0.0}],"is_beta":false,"boss_relics":[{"not_picked":["Ooze Armor","ReplayTheSpireMod:DimensionalGlitch"],"picked":"REME_DuelDisc"},{"not_picked":["Replay:Drink Me","Philosopher\u0027s Stone"],"picked":"Tiny House"}],"items_purged_floors":[20,37],"is_endless":false,"potions_floor_spawned":[1,10,12,13,18,21,30,33,35,44,46,48],"ascension_level":10}}