{"host":"qm4rv4rkpk76sbxu","time":1611341167,"event":{"mods":["BaseMod","Bestiary","Block Reminder","DeckTracker","Filter the Spire","Keyboard Shortcuts","Minty Spire (QoL Compilation)","MonsterHotkey","Quick Restart","Random Character Button","Relic Stats","Slay-I","StSLib","Unceasing Turn Reminder","ojb\u0027s Better Paths Mod","ojb\u0027s Info Mod"],"gold_per_floor":[109,125,125,136,136,149,178,128,128,86,102,114,147,166,166,263,263,274,274,289,289,305,340,352,352,375,392,392,412,442,458,458,553,553,571,594,641,318,332,332,345,358,358,430,458,458,489,489,489,489,489,489,5,36,36],"floor_reached":56,"language":"ENG","playtime":2144,"items_purged":["Strike_P+1"],"score":1385,"play_id":"84305981-d085-4615-90e2-6a5e3a257f6c","local_time":"20210122194607","is_ascension_mode":true,"campfire_choices":[{"data":"PathToVictory","floor":15.0,"key":"SMITH"},{"data":"DevaForm","floor":25.0,"key":"SMITH"},{"data":"Wallop","floor":28.0,"key":"SMITH"},{"floor":32.0,"key":"REST"},{"floor":40.0,"key":"RECALL"},{"floor":46.0,"key":"REST"},{"floor":49.0,"key":"REST"},{"floor":52.0,"key":"REST"}],"circlet_count":0,"master_deck":["Strike_P+1","Strike_P+1","Strike_P+1","Defend_P+1","Defend_P+1","Defend_P+1","Defend_P+1","Eruption+1","Vigilance+1","LessonLearned+1","EmptyFist+1","Vengeance+1","PathToVictory+1","PathToVictory+1","Meditate+1","TalkToTheHand+1","PathToVictory+1","DevaForm+1","CurseOfTheBell","Wallop+1","Ghostly+1","Ghostly+1","Ghostly+1","Ghostly+1","Ghostly+1","FearNoEvil+1","DeusExMachina+1","Protect+1","Vault+1","Madness+1","Madness+1"],"relics":["PureWater","The Courier","Toxic Egg 2","Gremlin Horn","Pantograph","Calling Bell","Tiny Chest","Sundial","Turnip","InkBottle","TeardropLocket","Busted Crown","Boot","Du-Vu Doll","Singing Bowl","Mercury Hourglass","Darkstone Periapt","Happy Flower","Strawberry","Pear","Lizard Tail","StoneCalendar"],"acts_visited":["Exordium","TheCity","TheBeyond","TheEnding"],"potions_floor_usage":[54,55],"damage_taken":[{"damage":0.0,"enemies":"Cultist","floor":1.0,"turns":2.0},{"damage":16.0,"enemies":"2 Louse","floor":2.0,"turns":3.0},{"damage":10.0,"enemies":"Small Slimes","floor":4.0,"turns":5.0},{"damage":14.0,"enemies":"Exordium Wildlife","floor":6.0,"turns":4.0},{"damage":27.0,"enemies":"3 Sentries","floor":7.0,"turns":7.0},{"damage":4.0,"enemies":"Blue Slaver","floor":11.0,"turns":5.0},{"damage":0.0,"enemies":"3 Louse","floor":12.0,"turns":2.0},{"damage":0.0,"enemies":"Lagavulin","floor":13.0,"turns":4.0},{"damage":0.0,"enemies":"Exordium Thugs","floor":14.0,"turns":4.0},{"damage":4.0,"enemies":"The Guardian","floor":16.0,"turns":5.0},{"damage":5.0,"enemies":"Chosen","floor":18.0,"turns":5.0},{"damage":24.0,"enemies":"Spheric Guardian","floor":20.0,"turns":6.0},{"damage":10.0,"enemies":"Snecko","floor":22.0,"turns":7.0},{"damage":13.0,"enemies":"Gremlin Leader","floor":23.0,"turns":5.0},{"damage":4.0,"enemies":"Centurion and Healer","floor":24.0,"turns":4.0},{"damage":6.0,"enemies":"3 Cultists","floor":27.0,"turns":5.0},{"damage":0.0,"enemies":"Chosen and Byrds","floor":29.0,"turns":5.0},{"damage":1.0,"enemies":"Book of Stabbing","floor":30.0,"turns":3.0},{"damage":0.0,"enemies":"Shelled Parasite and Fungi","floor":31.0,"turns":2.0},{"damage":18.0,"enemies":"Champ","floor":33.0,"turns":11.0},{"damage":11.0,"enemies":"Orb Walker","floor":35.0,"turns":5.0},{"damage":16.0,"enemies":"2 Orb Walkers","floor":37.0,"turns":6.0},{"damage":0.0,"enemies":"3 Shapes","floor":39.0,"turns":6.0},{"damage":0.0,"enemies":"Spire Growth","floor":41.0,"turns":4.0},{"damage":1.0,"enemies":"Transient","floor":42.0,"turns":6.0},{"damage":0.0,"enemies":"Giant Head","floor":45.0,"turns":8.0},{"damage":6.0,"enemies":"Nemesis","floor":47.0,"turns":7.0},{"damage":36.0,"enemies":"Awakened One","floor":50.0,"turns":14.0},{"damage":12,"enemies":"Shield and Spear","floor":54,"turns":9},{"damage":38,"enemies":"The Heart","floor":55,"turns":10}],"seed_played":"6922163783395157991","potions_obtained":[{"floor":1.0,"key":"DistilledChaos"},{"floor":7.0,"key":"AttackPotion"},{"floor":14.0,"key":"FearPotion"},{"floor":16.0,"key":"Block Potion"},{"floor":24.0,"key":"Fruit Juice"},{"floor":29.0,"key":"AttackPotion"},{"floor":30.0,"key":"Fire Potion"},{"floor":35.0,"key":"LiquidMemories"},{"floor":37.0,"key":"Weak Potion"},{"floor":42.0,"key":"SkillPotion"},{"floor":54,"key":"BlessingOfTheForge"}],"is_trial":false,"path_per_floor":["M","M","T","M","?","M","E","?","T","$","M","M","E","M","R","B",null,"M","?","M","?","M","E","M","R","T","M","R","M","E","M","R","B",null,"M","T","?","$","M","R","M","M","T","T","E","R","E","?","R","B",null,"R","$","E","B",null],"character_chosen":"WATCHER","items_purchased":["PathToVictory+1","Vault+1","Singing Bowl","Pear","Lizard Tail"],"campfire_rested":4,"item_purchase_floors":[10,38,38,53,53],"current_hp_per_floor":[72,56,56,46,70,56,29,29,29,29,25,25,25,25,25,46,72,67,67,43,36,26,13,9,9,9,3,3,3,2,2,12,18,36,25,25,14,14,16,16,18,19,19,19,21,35,38,31,48,22,58,58,68,58,32],"gold":36,"neow_bonus":"THREE_RARE_CARDS","is_daily":false,"chose_seed":false,"campfire_upgraded":3,"win_rate":0.0,"timestamp":1611341167,"path_taken":["M","M","?","?","?","M","E","?","T","?","?","M","E","M","R","BOSS","M","?","M","?","M","E","?","R","T","M","R","M","E","M","R","BOSS","M","?","?","?","M","R","M","?","T","?","E","R","E","?","R","BOSS","R","$","E","BOSS"],"items_purchased_type":["Card","Card","Relic","Relic","Relic"],"build_version":"2020-12-22","purchased_purges":1,"victory":true,"max_hp_per_floor":[72,72,72,72,72,72,72,72,72,72,72,72,72,72,72,72,72,72,72,72,36,36,36,36,36,36,36,36,36,36,36,36,36,36,36,36,41,41,43,43,45,47,47,47,49,49,58,58,58,58,58,58,68,70,70],"relic_stats":{"Darkstone Periapt":0,"Gremlin Horn":[18,18],"Singing Bowl":12,"Happy Flower":[13],"counters":[30,169],"StoneCalendar":[52],"Boot":[16],"Mercury Hourglass":[161],"Lizard Tail":0,"Busted Crown":16,"Sundial":[12],"Pantograph":71,"Tiny Chest":2,"Turnip":[13],"obtain_stats":[{"Darkstone Periapt":44,"Pear":53,"Gremlin Horn":9,"Singing Bowl":38,"Happy Flower":45,"StoneCalendar":54,"The Courier":3,"TeardropLocket":30,"Boot":36,"Mercury Hourglass":43,"Calling Bell":17,"Du-Vu Doll":37,"Lizard Tail":53,"Busted Crown":34,"Sundial":17,"Pantograph":13,"Strawberry":47,"Tiny Chest":17,"Turnip":17,"PureWater":0,"Toxic Egg 2":7,"InkBottle":23},{"Darkstone Periapt":25,"Pear":28,"Gremlin Horn":5,"Singing Bowl":22,"Happy Flower":26,"StoneCalendar":29,"The Courier":2,"TeardropLocket":18,"Boot":21,"Mercury Hourglass":25,"Calling Bell":10,"Du-Vu Doll":22,"Lizard Tail":28,"Busted Crown":20,"Sundial":10,"Pantograph":8,"Strawberry":27,"Tiny Chest":10,"Turnip":10,"PureWater":0,"Toxic Egg 2":5,"InkBottle":14},{"Darkstone Periapt":121,"Pear":150,"Gremlin Horn":21,"Singing Bowl":105,"Happy Flower":129,"StoneCalendar":159,"The Courier":5,"TeardropLocket":81,"Boot":99,"Mercury Hourglass":121,"Calling Bell":41,"Du-Vu Doll":105,"Lizard Tail":150,"Busted Crown":94,"Sundial":41,"Pantograph":32,"Strawberry":136,"Tiny Chest":41,"Turnip":41,"PureWater":0,"Toxic Egg 2":21,"InkBottle":64}],"InkBottle":[52]},"card_choices":[{"not_picked":["SpiritShield","Ragnarok"],"picked":"LessonLearned","floor":0.0},{"not_picked":["FlyingSleeves","JustLucky"],"picked":"EmptyFist","floor":1.0},{"not_picked":["ClearTheMind","Fasting2"],"picked":"Vengeance","floor":2.0},{"not_picked":["MentalFortress","ClearTheMind"],"picked":"PathToVictory","floor":4.0},{"not_picked":["Fasting2","Protect","ClearTheMind"],"picked":"SKIP","floor":6.0},{"not_picked":["FlyingSleeves","EmptyFist","Perseverance+1"],"picked":"SKIP","floor":7.0},{"not_picked":["Study","Crescendo+1","CrushJoints"],"picked":"SKIP","floor":11.0},{"not_picked":["ThirdEye+1","Crescendo+1"],"picked":"Meditate+1","floor":12.0},{"not_picked":["Indignation+1","MentalFortress"],"picked":"TalkToTheHand","floor":13.0},{"not_picked":["EmptyBody+1","Sanctity+1"],"picked":"PathToVictory+1","floor":14.0},{"not_picked":["Brilliance","Alpha+1"],"picked":"DevaForm","floor":16.0},{"not_picked":["Study+1","ThirdEye+1","EmptyFist"],"picked":"SKIP","floor":18.0},{"not_picked":["Consecrate","Prostrate+1"],"picked":"Wallop","floor":20.0},{"not_picked":["SandsOfTime+1","Weave"],"picked":"FearNoEvil","floor":22.0},{"not_picked":["Worship+1","Tantrum"],"picked":"DeusExMachina+1","floor":23.0},{"not_picked":["Crescendo+1","Pray+1","Swivel+1"],"picked":"SKIP","floor":24.0},{"not_picked":["ClearTheMind+1","CutThroughFate","EmptyFist"],"picked":"SKIP","floor":27.0},{"not_picked":["EmptyBody+1","Study+1","FlyingSleeves"],"picked":"SKIP","floor":29.0},{"not_picked":["SashWhip","Protect+1","CrushJoints"],"picked":"SKIP","floor":30.0},{"not_picked":["SandsOfTime","MentalFortress","BowlingBash"],"picked":"SKIP","floor":31.0},{"not_picked":["FlyingSleeves"],"picked":"SKIP","floor":35.0},{"not_picked":[],"picked":"Protect+1","floor":37.0},{"not_picked":["FollowUp+1"],"picked":"Singing Bowl","floor":39.0},{"not_picked":["FlyingSleeves"],"picked":"Singing Bowl","floor":41.0},{"not_picked":["Swivel+1"],"picked":"Singing Bowl","floor":42.0},{"not_picked":["Consecrate"],"picked":"Singing Bowl","floor":45.0},{"not_picked":["FearNoEvil+1"],"picked":"Singing Bowl","floor":47.0},{"not_picked":["Ragnarok"],"picked":"Singing Bowl","floor":54}],"player_experience":1373798,"relics_obtained":[{"floor":3.0,"key":"The Courier"},{"floor":7.0,"key":"Toxic Egg 2"},{"floor":9.0,"key":"Gremlin Horn"},{"floor":13.0,"key":"Pantograph"},{"floor":17.0,"key":"Tiny Chest"},{"floor":17.0,"key":"Sundial"},{"floor":17.0,"key":"Turnip"},{"floor":23.0,"key":"InkBottle"},{"floor":30.0,"key":"TeardropLocket"},{"floor":36.0,"key":"Boot"},{"floor":37.0,"key":"Du-Vu Doll"},{"floor":43.0,"key":"Mercury Hourglass"},{"floor":44.0,"key":"Darkstone Periapt"},{"floor":45.0,"key":"Happy Flower"},{"floor":47.0,"key":"Strawberry"},{"floor":54,"key":"StoneCalendar"}],"event_choices":[{"damage_healed":24.0,"max_hp_gain":0.0,"max_hp_loss":0.0,"gold_gain":0.0,"event_name":"Big Fish","player_choice":"Banana","floor":5.0,"gold_loss":0.0,"damage_taken":0.0},{"cards_removed":["Decay"],"damage_healed":0.0,"max_hp_gain":0.0,"max_hp_loss":0.0,"gold_gain":0.0,"event_name":"The Cleric","player_choice":"Card Removal","floor":8.0,"gold_loss":50.0,"damage_taken":0.0},{"damage_healed":0.0,"max_hp_gain":0.0,"max_hp_loss":0.0,"gold_gain":0.0,"event_name":"Vampires","player_choice":"Ignored","floor":19.0,"gold_loss":0.0,"damage_taken":0.0},{"damage_healed":0.0,"max_hp_gain":0.0,"max_hp_loss":36.0,"gold_gain":0.0,"event_name":"Ghosts","player_choice":"Became a Ghost","floor":21.0,"gold_loss":0.0,"damage_taken":0.0,"cards_obtained":["Ghostly","Ghostly","Ghostly","Ghostly","Ghostly"]},{"damage_healed":0.0,"max_hp_gain":0.0,"max_hp_loss":0.0,"gold_gain":0.0,"event_name":"Mysterious Sphere","player_choice":"Fight","floor":37.0,"gold_loss":0.0,"damage_taken":0.0},{"damage_healed":0.0,"max_hp_gain":0.0,"max_hp_loss":0.0,"gold_gain":0.0,"event_name":"Winding Halls","player_choice":"Embrace Madness","floor":48.0,"gold_loss":0.0,"damage_taken":7.0,"cards_obtained":["Madness","Madness"]}],"is_beta":false,"boss_relics":[{"not_picked":["VioletLotus","Cursed Key"],"picked":"Calling Bell"},{"not_picked":["Tiny House","Black Star"],"picked":"Busted Crown"}],"items_purged_floors":[53],"is_endless":false,"potions_floor_spawned":[1,7,14,16,24,29,30,35,37,42,54],"ascension_level":1}}