{"host":"22s5scuj7mu87reg","time":1611277094,"event":{"mods":["BaseMod","Better Third Choice","Colored Powertips","Dota2Spire","Downfall","Duelist Mod","GungeonMod","Halation","Hubris","Infinite Spire","Koishi","KomeijiMod","Minty Spire (QoL Compilation)","Quick Restart","Replay The Spire","Shop Mod","StSLib","SuperFastMode","The Jungle","The Mystic","The Necromancer","Wandering Minibosses"],"gold_per_floor":[114,114,114,114,79,79,104,104,104,116,128,128,163,177,177,275,275,288,288,288,288,308,341,341,371,371,405,405,422,422,422,422,524,524,1338,1338,1338,1338,1356,1384,1398,1698,1698,1698,1698],"floor_reached":44,"language":"POL","playtime":1353,"items_purged":["Strike_B"],"score":830,"play_id":"916b79b7-728b-40c4-88d0-8d005ac0cd3b","local_time":"20210122015814","is_ascension_mode":true,"campfire_choices":[{"data":"infinitespire:DeathsTouch","floor":6.0,"key":"SMITH"},{"data":"Zap","floor":8.0,"key":"SMITH"},{"data":"Dualcast","floor":12.0,"key":"SMITH"},{"floor":15.0,"key":"REST"},{"floor":24.0,"key":"REST"},{"floor":30.0,"key":"REST"},{"floor":32.0,"key":"REST"}],"circlet_count":0,"master_deck":["Strike_B","Strike_B","Strike_B","Defend_B","Defend_B","Defend_B","Defend_B","Zap+1","Dualcast+1","Ball Lightning","infinitespire:DeathsTouch+1","Regret","Beam Cell","Echo Form","Static Discharge","Barrage+1","Panic Button+1","FIFO Queue+1","Hologram+1","Doom and Gloom+1","Creative AI","ReplayTheSpireMod:System Scan+1","Writhe","Electrodynamics","hubris:Ukulele+1","Cold Snap+1"],"relics":["Cracked Core","NeowsBlessing","infinitespire:Golems Mask","Dota2Spire:MaskOfMadness","hubris:Zylophone","halation:AfternoonTea","Dota2Spire:Bloodstone","halation:PinkSoulGem","Happy Flower","Replay:Bottled Flurry","DemoMod:Bottle","Replay:Bottled Steam","hubris:Icosahedron","Nuclear Battery","wanderingMiniBosses:MasterThiefsPresence","Regal Pillow","Garlic"],"acts_visited":["Exordium","TheCity","TheBeyond"],"potions_floor_usage":[],"damage_taken":[{"damage":0.0,"enemies":"Small Slimes","floor":1.0,"turns":1.0},{"damage":0.0,"enemies":"Gremlin Nob","floor":7.0,"turns":1.0},{"damage":0.0,"enemies":"2 Louse","floor":10.0,"turns":1.0},{"damage":6.0,"enemies":"Jaw Worm","floor":11.0,"turns":2.0},{"damage":21.0,"enemies":"3 Sentries","floor":13.0,"turns":4.0},{"damage":31.0,"enemies":"Lots of Slimes","floor":14.0,"turns":3.0},{"damage":33.0,"enemies":"The Guardian","floor":16.0,"turns":6.0},{"damage":10.0,"enemies":"Chosen","floor":18.0,"turns":3.0},{"damage":0.0,"enemies":"Spheric Guardian","floor":22.0,"turns":2.0},{"damage":48.0,"enemies":"Slavers","floor":23.0,"turns":4.0},{"damage":27.0,"enemies":"Replay:Snechameleon","floor":25.0,"turns":4.0},{"damage":0.0,"enemies":"Slavers","floor":27.0,"turns":1.0},{"damage":6.0,"enemies":"Cultist and Chosen","floor":29.0,"turns":2.0},{"damage":33.0,"enemies":"hubris:MusketHawk","floor":33.0,"turns":5.0},{"damage":8.0,"enemies":"3 Shapes","floor":35.0,"turns":4.0},{"damage":43.0,"enemies":"3 Darklings","floor":39.0,"turns":4.0},{"damage":0.0,"enemies":"Reptomancer","floor":40.0,"turns":3.0},{"damage":24,"enemies":"Writhing Mass","floor":41,"turns":3},{"damage":37,"enemies":"Sphere and 2 Shapes","floor":44,"turns":3}],"seed_played":"5707557098743407879","potions_obtained":[{"floor":1.0,"key":"Dota2Spire:HealingSalve"},{"floor":11.0,"key":"Dexterity Potion"},{"floor":16.0,"key":"Fire Potion"},{"floor":21.0,"key":"Milkshake"},{"floor":33.0,"key":"AttackPotion"}],"is_trial":false,"path_per_floor":["M","?","?","$","?","R","E","R","T","M","M","R","E","M","R","B",null,"M","?","?","?","M","E","R","E","T","E","?","M","R","?","R","B",null,"M","?","?","?","M","E","M","?","T","M"],"character_chosen":"DEFECT","items_purchased":[],"campfire_rested":4,"item_purchase_floors":[],"current_hp_per_floor":[68,51,51,46,64,64,64,64,64,64,58,58,37,6,28,10,59,55,55,55,55,55,7,29,23,23,23,23,17,39,33,55,36,65,65,65,75,75,32,32,8,8,8,0,0],"gold":1698,"neow_bonus":"THREE_ENEMY_KILL","is_daily":false,"chose_seed":false,"campfire_upgraded":3,"win_rate":0.0,"timestamp":1611277094,"path_taken":["M","?","?","?","?","R","E","R","T","M","M","R","E","M","R","BOSS","M","?","?","?","?","E","R","E","T","E","?","M","R","?","R","BOSS","M","?","?","?","?","E","M","?","T","?"],"items_purchased_type":[],"build_version":"2020-12-13","purchased_purges":1,"victory":false,"max_hp_per_floor":[75,75,75,75,75,75,75,75,75,75,75,75,75,75,75,75,75,75,75,75,75,75,75,75,75,75,75,75,75,75,75,75,75,75,75,75,75,75,75,75,75,75,75,75,75],"card_choices":[{"not_picked":["Steam","Steam Power"],"picked":"Ball Lightning","floor":1.0},{"not_picked":["infinitespire:UltimateForm","infinitespire:Menacing"],"picked":"infinitespire:DeathsTouch","floor":2.0},{"not_picked":["Stack","Sweeping Beam","BasicCrystalCard"],"picked":"SKIP","floor":7.0},{"not_picked":["Heatsinks","Scrape","Tempest"],"picked":"SKIP","floor":10.0},{"not_picked":["Conserve Battery","Streamline"],"picked":"Beam Cell","floor":11.0},{"not_picked":["Compile Driver","Hologram"],"picked":"Echo Form","floor":13.0},{"not_picked":["BasicCrystalCard","Barrage"],"picked":"Static Discharge","floor":14.0},{"not_picked":["Leap","Scrape"],"picked":"Barrage+1","floor":18.0},{"not_picked":["Rebound+1","Steam Power"],"picked":"Panic Button+1","floor":22.0},{"not_picked":["Rebound","Streamline"],"picked":"FIFO Queue+1","floor":23.0},{"not_picked":["Rebound+1","Redo","Hologram+1"],"picked":"SKIP","floor":25.0},{"not_picked":["Rebound+1","Redo"],"picked":"Hologram+1","floor":25.0},{"not_picked":["Streamline+1","Sweeping Beam"],"picked":"Doom and Gloom+1","floor":27.0},{"not_picked":["Sweeping Beam","Streamline","Turbo"],"picked":"SKIP","floor":29.0},{"not_picked":["ReplayRNGCard","Seek"],"picked":"Creative AI","floor":33.0},{"not_picked":["Compile Driver+1","Aggregate"],"picked":"ReplayTheSpireMod:System Scan+1","floor":35.0},{"not_picked":["Panic Button+1","Barrage"],"picked":"hubris:Ukulele+1","floor":39.0},{"not_picked":["Leap","Gash+1","Steam"],"picked":"SKIP","floor":40},{"not_picked":["Tempest+1","Static Discharge"],"picked":"Cold Snap+1","floor":41}],"player_experience":166945,"relics_obtained":[{"floor":7.0,"key":"Dota2Spire:MaskOfMadness"},{"floor":9.0,"key":"hubris:Zylophone"},{"floor":13.0,"key":"halation:AfternoonTea"},{"floor":23.0,"key":"Happy Flower"},{"floor":25.0,"key":"Replay:Bottled Flurry"},{"floor":26.0,"key":"DemoMod:Bottle"},{"floor":27.0,"key":"Replay:Bottled Steam"},{"floor":35.0,"key":"wanderingMiniBosses:MasterThiefsPresence"},{"floor":40,"key":"Regal Pillow"},{"floor":43,"key":"Garlic"}],"event_choices":[{"damage_healed":0.0,"max_hp_gain":0.0,"max_hp_loss":0.0,"gold_gain":0.0,"event_name":"Big Fish","player_choice":"Box","floor":3.0,"gold_loss":0.0,"damage_taken":0.0,"relics_obtained":["infinitespire:Golems Mask"],"cards_obtained":["Regret"]},{"damage_healed":18.0,"max_hp_gain":0.0,"max_hp_loss":0.0,"gold_gain":0.0,"event_name":"The Cleric","player_choice":"Healed","floor":5.0,"gold_loss":35.0,"damage_taken":0.0},{"damage_healed":0.0,"max_hp_gain":0.0,"max_hp_loss":0.0,"gold_gain":0.0,"event_name":"Lab","player_choice":"Got Potions","floor":21.0,"gold_loss":0.0,"damage_taken":0.0},{"damage_healed":0.0,"max_hp_gain":0.0,"max_hp_loss":0.0,"gold_gain":0.0,"event_name":"Knowing Skull","player_choice":"","floor":31.0,"potions_obtained":[],"gold_loss":0.0,"damage_taken":6.0,"cards_obtained":[]},{"damage_healed":19.0,"max_hp_gain":0.0,"max_hp_loss":0.0,"gold_gain":0.0,"event_name":"Winding Halls","player_choice":"Writhe","floor":37.0,"gold_loss":0.0,"damage_taken":0.0,"cards_obtained":["Writhe"]},{"damage_healed":0.0,"max_hp_gain":0.0,"max_hp_loss":0.0,"gold_gain":0.0,"event_name":"Match and Keep!","player_choice":"1 cards matched","floor":38.0,"gold_loss":0.0,"damage_taken":0.0,"cards_obtained":["Electrodynamics"]},{"damage_healed":0,"gold_gain":300,"player_choice":"Gold","damage_taken":0,"max_hp_gain":0,"max_hp_loss":0,"event_name":"Wheel of Change","floor":42,"gold_loss":0}],"is_beta":false,"boss_relics":[{"not_picked":["hubris:VirtuousBlindfold","Inserter"],"picked":"Dota2Spire:Bloodstone"},{"not_picked":["hubris:ScarierMask","SacredBark"],"picked":"Nuclear Battery"}],"items_purged_floors":[4],"is_endless":false,"potions_floor_spawned":[1,11,16,22,23,33],"killed_by":"Sphere and 2 Shapes","ascension_level":6}}