{"host":"qc8h4lvnd2c314ki","time":1611325206,"event":{"mods":["AchievementEnabler","Act Like it!","Arknights The Spire","BaseMod","Better Note","Curses Come First","Friendly Minions","GifTheSpireLib","Highlight Path","Minty Spire (QoL Compilation)","Random Character Button","Robot Space Explorer","Spicy Shops","StSLib","The Marked"],"gold_per_floor":[114,114,114,131,150,75,88,88,88,104,123,158,169,180,180,180,180],"floor_reached":16,"language":"ZHS","playtime":1093,"items_purged":["ats:Defend"],"score":106,"play_id":"2c3cf348-1a46-4520-bbaa-1cde1f56391e","local_time":"20210122222006","is_ascension_mode":false,"campfire_choices":[{"floor":8.0,"key":"RECALL"},{"floor":15.0,"key":"REST"}],"circlet_count":0,"master_deck":["ats:Strike G","ats:Strike S","ats:Strike V","ats:Armor Crushing Shot","ats:Defend","ats:Defend","ats:Defend","ats:Emotion Absorption","ats:Closed Bolt Burst Fire","ats:Red Shift","ats:Blood Oath","ats:Song Of Battle","ats:Revitalization","ats:Ignite","ats:Consecutive Shot Auto","ats:Assault Order","ats:Sashimi Platter"],"relics":["ats:Sanity","ats:Originium","Bottled Lightning"],"acts_visited":["Exordium"],"potions_floor_usage":[16,16],"damage_taken":[{"damage":1.0,"enemies":"2 Louse","floor":1.0,"turns":4.0},{"damage":2.0,"enemies":"Small Slimes","floor":4.0,"turns":4.0},{"damage":0.0,"enemies":"Cultist","floor":5.0,"turns":3.0},{"damage":2.0,"enemies":"3 Louse","floor":7.0,"turns":2.0},{"damage":14.0,"enemies":"Blue Slaver","floor":10.0,"turns":5.0},{"damage":15.0,"enemies":"2 Fungi Beasts","floor":11.0,"turns":4.0},{"damage":47.0,"enemies":"Gremlin Nob","floor":12.0,"turns":5.0},{"damage":18.0,"enemies":"Large Slime","floor":13.0,"turns":4.0},{"damage":15.0,"enemies":"Looter","floor":14.0,"turns":3.0},{"damage":95,"enemies":"Hexaghost","floor":16,"turns":12}],"seed_played":"-1120780606864899221","potions_obtained":[{"floor":1.0,"key":"Ancient Potion"},{"floor":7.0,"key":"BlessingOfTheForge"},{"floor":11.0,"key":"Weak Potion"}],"is_trial":false,"path_per_floor":["M","?","?","M","M","$","M","R","T","M","M","E","M","M","R","B"],"character_chosen":"DOCTOR_CLASS","items_purchased":[],"campfire_rested":1,"item_purchase_floors":[],"current_hp_per_floor":[78,78,78,76,76,76,77,77,77,66,60,28,18,6,29,0,0],"gold":180,"neow_bonus":"TEN_PERCENT_HP_BONUS","is_daily":false,"chose_seed":false,"campfire_upgraded":0,"win_rate":0.0,"timestamp":1611325206,"path_taken":["M","?","?","M","M","$","M","R","T","M","?","E","M","M","R","BOSS"],"items_purchased_type":[],"build_version":"2020-12-22","purchased_purges":1,"victory":false,"max_hp_per_floor":[79,79,79,79,79,79,79,79,79,79,79,79,79,79,79,79,79],"card_choices":[{"not_picked":["ats:Shell Defense","ats:Hammer On"],"picked":"ats:Closed Bolt Burst Fire","floor":1.0},{"not_picked":["ats:Flame Of Heaven","ats:Defend Order"],"picked":"ats:Red Shift","floor":4.0},{"not_picked":["ats:Demon Strength","ats:Hammer On"],"picked":"ats:Blood Oath","floor":5.0},{"not_picked":["ats:Assault Order","ats:Defend Order"],"picked":"ats:Song Of Battle","floor":7.0},{"not_picked":["ats:Red Shift","ats:Childhood Dance"],"picked":"ats:Revitalization","floor":10.0},{"not_picked":["ats:Disruption Kick","ats:Leaping Hammer"],"picked":"ats:Ignite","floor":11.0},{"not_picked":["ats:Revitalization","ats:Flexible Camouflage"],"picked":"ats:Consecutive Shot Auto","floor":12.0},{"not_picked":["ats:Flame Of Heaven","ats:Closed Bolt Burst Fire"],"picked":"ats:Assault Order","floor":13.0},{"not_picked":["ats:Assault Order","ats:Explosion Area Strengthen"],"picked":"ats:Sashimi Platter","floor":14.0}],"player_experience":504710,"relics_obtained":[{"floor":12.0,"key":"ats:Originium"},{"floor":12.0,"key":"Bottled Lightning"}],"event_choices":[{"cards_removed":["ats:Strike C"],"damage_healed":0.0,"max_hp_gain":0.0,"max_hp_loss":0.0,"gold_gain":0.0,"event_name":"Living Wall","player_choice":"Forget","floor":2.0,"gold_loss":0.0,"damage_taken":0.0},{"damage_healed":0.0,"max_hp_gain":0.0,"max_hp_loss":0.0,"gold_gain":0.0,"event_name":"The Woman in Blue","player_choice":"Bought 0 Potions","floor":3.0,"gold_loss":0.0,"damage_taken":0.0}],"is_beta":false,"boss_relics":[],"items_purged_floors":[6],"is_endless":false,"potions_floor_spawned":[1,7,11,14],"killed_by":"Hexaghost","ascension_level":0}}