{"host":"9slw7l0ws16384qq","time":1611337909,"event":{"mods":["A Penny For Your Troubles","BaseMod","Clockwork Mod","Colored Map","Evolution","Hubris","Minty Spire (QoL Compilation)","Replay The Spire","Shedinja","StS++","StSLib","The Dragon Tamer","The Marked"],"gold_per_floor":[117,117,173,173,173,199,214,214,214,214,231,231,244,244,244,341,341,359,369,369,140,159,159,59,59,82,82,82,82,113,124,124,226,226,241,86,86,96,106,106,117,117,141,141,141,156,171,185,185,186],"floor_reached":51,"language":"FRA","playtime":1664,"items_purged":["Clockwork:Shield","Clockwork:Shield","Clockwork:CogToss","Clockwork:CogToss","Clockwork:WarmUp","Clockwork:CogToss","Clockwork:CogToss"],"score":890,"play_id":"250a5563-d0b6-421f-a9f6-9a8797d29e99","local_time":"20210122185149","is_ascension_mode":false,"campfire_choices":[{"floor":8,"key":"REST"},{"floor":12,"key":"REST"},{"floor":15,"key":"DIG"},{"data":"Clockwork:Shield","floor":23,"key":"SMITH"},{"data":"Clockwork:Shield","floor":25,"key":"SMITH"},{"data":"Clockwork:Shield","floor":27,"key":"SMITH"},{"data":"Clockwork:Shield","floor":29,"key":"SMITH"},{"data":"Clockwork:Shield","floor":32,"key":"SMITH"},{"data":"Clockwork:Shield","floor":40,"key":"SMITH"},{"data":"Clockwork:Shield","floor":49,"key":"SMITH"}],"circlet_count":0,"master_deck":["Clockwork:Shield+8","Clockwork:Tinker+1","Clockwork:QuantumStrike+1","Clockwork:OccamsRazor+1","Pot Of Greed","Clockwork:TimeWalk"],"relics":["Clockwork:MomentumEngine","EVO:Axolotl","Matryoshka","ReplayFunnel","Letter Opener","Mango","Frozen Egg 2","hubris:MysteriousPyramids","ReplayTheSpireMod:TigerMarble","Grinning Jar","Sozu","Simple Rune","Vajra","Toy Ornithopter","Clockwork:SomewhatSmoothStone","Velvet Choker","Replay:Baseball","Bronze Scales"],"acts_visited":["Exordium","TheCity","TheBeyond"],"potions_floor_usage":[6],"damage_taken":[{"damage":12,"enemies":"Cultist","floor":1,"turns":5},{"damage":18,"enemies":"Gremlin Nob","floor":6,"turns":5},{"damage":0,"enemies":"Small Slimes","floor":7,"turns":6},{"damage":0,"enemies":"2 Louse","floor":11,"turns":4},{"damage":2,"enemies":"Large Slime","floor":13,"turns":6},{"damage":51,"enemies":"Slime Boss","floor":16,"turns":9},{"damage":0,"enemies":"Chosen","floor":18,"turns":4},{"damage":0,"enemies":"Shell Parasite","floor":19,"turns":6},{"damage":18,"enemies":"Shelled Parasite and Fungi","floor":22,"turns":4},{"damage":0,"enemies":"Replay:Snechameleon","floor":30,"turns":6},{"damage":0,"enemies":"Sentry and Sphere","floor":31,"turns":5},{"damage":23,"enemies":"hubris:MusketHawk","floor":33,"turns":6},{"damage":0,"enemies":"Orb Walker","floor":35,"turns":3},{"damage":0,"enemies":"3 Shapes","floor":38,"turns":3},{"damage":0,"enemies":"Writhing Mass","floor":39,"turns":4},{"damage":0,"enemies":"Maw","floor":41,"turns":4},{"damage":0,"enemies":"Sphere and 2 Shapes","floor":46,"turns":3},{"damage":0,"enemies":"4 Shapes","floor":47,"turns":3},{"damage":0,"enemies":"3 Darklings","floor":48,"turns":3},{"damage":0,"enemies":"Donu and Deca","floor":50,"turns":4}],"seed_played":"-8811330455234029405","potions_obtained":[{"floor":3,"key":"LifebloodPotion"},{"floor":6,"key":"Adrenaline Potion"},{"floor":11,"key":"SpeedPotion"}],"is_trial":false,"path_per_floor":["M","$","?","?","?","E","M","R","T","T","M","R","M","?","R_BF","B",null,"M","M","?","$","M","R","$","R","T","R","?","R","E","M","R","B",null,"M","$","?","M","M","R","M","$","T","$","?","M","M","M","R","B",null],"character_chosen":"CLOCKWORK","items_purchased":["Simple Rune","Replay:Baseball"],"campfire_rested":2,"item_purchase_floors":[21,36],"current_hp_per_floor":[73,28,28,28,28,10,10,35,49,49,49,78,76,76,76,25,99,99,99,99,99,81,81,81,81,81,81,81,81,81,81,81,58,99,99,99,99,99,99,99,99,99,99,99,99,99,99,99,99,99],"gold":186,"neow_bonus":"RANDOM_EVENT","is_daily":false,"chose_seed":false,"campfire_upgraded":7,"win_rate":0.0,"timestamp":1611337909,"path_taken":["M","?","?","?","?","E","M","R","T","?","M","R","M","?","R_BF","BOSS","M","M","?","$","M","R","$","R","T","R","?","R","E","?","R","BOSS","M","$","?","M","M","R","?","$","T","?","?","M","M","M","R","BOSS"],"items_purchased_type":["Relic","Relic"],"build_version":"2020-12-22","purchased_purges":7,"victory":true,"max_hp_per_floor":[85,85,85,85,85,85,85,85,99,99,99,99,99,99,99,99,99,99,99,99,99,99,99,99,99,99,99,99,99,99,99,99,99,99,99,99,99,99,99,99,99,99,99,99,99,99,99,99,99,99],"card_choices":[{"not_picked":["Clockwork:AdaptiveShield","Clockwork:CogToss","Clockwork:ChargingBlade"],"picked":"SKIP","floor":1},{"not_picked":["Clockwork:ReserveSystems","Clockwork:SystemScan"],"picked":"Clockwork:SmithsMallet","floor":3},{"not_picked":["Clockwork:SystemScan","Clockwork:SmithsMallet"],"picked":"Clockwork:QuantumStrike","floor":3},{"not_picked":["Clockwork:HoardingStrike","Clockwork:CogBarrier","Clockwork:AdaptiveShield"],"picked":"SKIP","floor":6},{"not_picked":["Clockwork:ReserveSystems","Clockwork:Selectivity","Clockwork:AdaptiveCannon"],"picked":"SKIP","floor":7},{"not_picked":["Clockwork:LiteraryArmor+1","Clockwork:Minimalism"],"picked":"Clockwork:OccamsRazor+1","floor":11},{"not_picked":["Clockwork:PerfectedStrike","Clockwork:MechanicalBulk","Clockwork:SmithsMallet"],"picked":"SKIP","floor":13},{"not_picked":["Clockwork:ChargingBlade","Clockwork:HeadStart+1"],"picked":"Clockwork:CraftSomewhatSmoothStone","floor":18},{"not_picked":["Clockwork:Scour+1","Clockwork:Friction","Clockwork:Redundancy+1"],"picked":"SKIP","floor":19},{"not_picked":["Clockwork:HeadStart+1","Clockwork:CogToss","Clockwork:Pluck+1"],"picked":"SKIP","floor":22},{"not_picked":["Clockwork:Minimalism","Clockwork:Scour+1","Clockwork:ZeroPointEnergy+1"],"picked":"SKIP","floor":30},{"not_picked":["Clockwork:Redundancy","Clockwork:Improve+1","Clockwork:Friction"],"picked":"SKIP","floor":31},{"not_picked":["Clockwork:Redundancy","Clockwork:Improve+1","Clockwork:Friction"],"picked":"SKIP","floor":31},{"not_picked":["Clockwork:Randomization","Clockwork:Inspiration"],"picked":"Clockwork:TimeWalk","floor":33},{"not_picked":["Clockwork:SearingStrike","Clockwork:SpringShield+1","Clockwork:Efficiency"],"picked":"SKIP","floor":35},{"not_picked":["Clockwork:CraftBloodPhial+1","Clockwork:CogBarrier","Clockwork:SpurOn"],"picked":"SKIP","floor":38},{"not_picked":["Clockwork:Minimalism+1","Clockwork:SystemScan+1","Clockwork:HeadStart"],"picked":"SKIP","floor":39},{"not_picked":["Clockwork:CraftVarja","Clockwork:Efficiency","Clockwork:HeadStart"],"picked":"SKIP","floor":41},{"not_picked":["Clockwork:CraftCopperScales+1","Clockwork:SystemScan+1","Clockwork:SnapKeep+1"],"picked":"SKIP","floor":46},{"not_picked":["Clockwork:CogShield","Clockwork:Enhance+1","Clockwork:Scour+1"],"picked":"SKIP","floor":47},{"not_picked":["Clockwork:CraftVarja","Clockwork:RitualDaggerMk0+1","Clockwork:ReserveSystems"],"picked":"SKIP","floor":48}],"player_experience":1776329,"relics_obtained":[{"floor":3,"key":"ReplayFunnel"},{"floor":6,"key":"Letter Opener"},{"floor":9,"key":"Mango"},{"floor":9,"key":"Frozen Egg 2"},{"floor":10,"key":"hubris:MysteriousPyramids"},{"floor":10,"key":"ReplayTheSpireMod:TigerMarble"},{"floor":15,"key":"Grinning Jar"},{"floor":26,"key":"Vajra"},{"floor":30,"key":"Toy Ornithopter"},{"floor":43,"key":"Bronze Scales"}],"event_choices":[{"cards_removed":["Clockwork:Shield"],"damage_healed":0,"gold_gain":0,"player_choice":"Forget","damage_taken":0,"max_hp_gain":0,"max_hp_loss":0,"event_name":"Living Wall","floor":14,"gold_loss":0},{"damage_healed":0,"gold_gain":0,"player_choice":"Ignored","damage_taken":0,"max_hp_gain":0,"max_hp_loss":0,"event_name":"The Mausoleum","floor":20,"gold_loss":0},{"damage_healed":0,"gold_gain":0,"player_choice":"Full Heal","damage_taken":0,"max_hp_gain":0,"max_hp_loss":0,"event_name":"Wheel of Change","floor":37,"gold_loss":0},{"damage_healed":0,"gold_gain":0,"player_choice":"Ignored","damage_taken":0,"max_hp_gain":0,"max_hp_loss":0,"event_name":"Duplicator","floor":45,"gold_loss":0}],"is_beta":false,"boss_relics":[{"not_picked":["Astrolabe","Calling Bell"],"picked":"Sozu"},{"not_picked":["StSpp:FireArrow","Empty Cage"],"picked":"Velvet Choker"}],"items_purged_floors":[2,2,2,2,2,21,24],"is_endless":false,"potions_floor_spawned":[6,11,18,30,33,38,39,41,47],"ascension_level":0}}