{"host":"k1zte7p040j04785","time":1611335956,"event":{"mods":["AchievementEnabler","BaseMod","Googly Eyes","Hermit","Minty Spire (QoL Compilation)","StSLib","The Cursed"],"gold_per_floor":[116,135,135,155,155,185,196,225,252,252,271,288,368,380,380,479,479,497,517,517,517,535,552,552,584,610,610,302,322,322,322],"floor_reached":30,"language":"RUS","playtime":1531,"items_purged":[],"score":264,"play_id":"5ab2c402-726d-4a70-bb59-02e1e22e3b70","local_time":"20210122201916","is_ascension_mode":false,"campfire_choices":[{"floor":10,"key":"REST"},{"data":"Immolate","floor":15,"key":"SMITH"},{"floor":24,"key":"REST"},{"floor":27,"key":"REST"}],"circlet_count":0,"master_deck":["Strike_R","Strike_R","Strike_R","Strike_R","Strike_R","Defend_R","Defend_R","Defend_R","Defend_R","Bash","Wild Strike","Pommel Strike","Inflame","Wild Strike","Madness","Infernal Blade+1","Disarm","Pummel","Immolate+1","Uppercut","Rampage","Thunderclap","Bludgeon","Ghostly Armor+1","Clash","Immolate+1","Cleave","Clash","Searing Blow+1","Metamorphosis","Heavy Blade+1"],"relics":["Burning Blood","NeowsBlessing","Pen Nib","Juzu Bracelet","Orichalcum","Runic Cube","CultistMask","Oddly Smooth Stone","Smiling Mask","Anchor"],"acts_visited":["Exordium","TheCity"],"potions_floor_usage":[8,22,25,29],"damage_taken":[{"damage":0,"enemies":"Jaw Worm","floor":1,"turns":1},{"damage":0,"enemies":"Cultist","floor":2,"turns":1},{"damage":0,"enemies":"2 Louse","floor":4,"turns":1},{"damage":6,"enemies":"Gremlin Nob","floor":6,"turns":3},{"damage":26,"enemies":"Gremlin Gang","floor":7,"turns":5},{"damage":18,"enemies":"3 Sentries","floor":8,"turns":4},{"damage":4,"enemies":"Looter","floor":11,"turns":2},{"damage":0,"enemies":"Lots of Slimes","floor":12,"turns":1},{"damage":4,"enemies":"Blue Slaver","floor":14,"turns":3},{"damage":61,"enemies":"The Guardian","floor":16,"turns":11},{"damage":4,"enemies":"Chosen","floor":18,"turns":3},{"damage":18,"enemies":"2 Thieves","floor":19,"turns":3},{"damage":18,"enemies":"Sentry and Sphere","floor":22,"turns":4},{"damage":25,"enemies":"Shelled Parasite and Fungi","floor":23,"turns":5},{"damage":44,"enemies":"Slavers","floor":25,"turns":4},{"damage":18,"enemies":"Centurion and Healer","floor":29,"turns":5},{"damage":40,"enemies":"Snake Plant","floor":30,"turns":5}],"seed_played":"-6444583430133668282","potions_obtained":[{"floor":6,"key":"Dexterity Potion"},{"floor":7,"key":"BlessingOfTheForge"},{"floor":8,"key":"Energy Potion"},{"floor":14,"key":"BloodPotion"},{"floor":18,"key":"Block Potion"},{"floor":23,"key":"Weak Potion"},{"floor":25,"key":"ColorlessPotion"}],"is_trial":false,"path_per_floor":["M","M","?","M","?","E","M","E","T","R","M","M","?","M","R","B",null,"M","M","?","?","M","M","R","E","T","R","$","M","M"],"character_chosen":"IRONCLAD","items_purchased":["Anchor","Metamorphosis"],"campfire_rested":3,"item_purchase_floors":[28,28],"current_hp_per_floor":[80,80,80,80,80,80,60,48,48,72,74,80,80,80,80,25,80,80,68,68,68,56,37,61,23,23,47,47,35,0,0],"gold":322,"neow_bonus":"THREE_ENEMY_KILL","is_daily":false,"chose_seed":false,"campfire_upgraded":1,"win_rate":0.0,"timestamp":1611335956,"path_taken":["M","M","?","?","?","E","M","E","T","R","M","M","?","M","R","BOSS","M","M","?","?","M","M","R","E","T","R","$","M","M"],"items_purchased_type":["Relic","Card"],"build_version":"2020-12-22","purchased_purges":0,"victory":false,"max_hp_per_floor":[80,80,80,80,80,80,80,80,80,80,80,80,80,80,80,80,80,80,80,80,80,80,80,80,80,80,80,80,80,80,80],"card_choices":[{"not_picked":["Twin Strike","Feel No Pain"],"picked":"Wild Strike","floor":1},{"not_picked":["Anger","Body Slam"],"picked":"Pommel Strike","floor":2},{"not_picked":["Twin Strike","Metallicize"],"picked":"Infernal Blade","floor":4},{"not_picked":["Second Wind","Metallicize"],"picked":"Disarm","floor":6},{"not_picked":["Searing Blow","Metallicize"],"picked":"Pummel","floor":7},{"not_picked":["Iron Wave","Armaments"],"picked":"Immolate","floor":8},{"not_picked":["Thunderclap","Pommel Strike"],"picked":"Uppercut","floor":11},{"not_picked":["Dual Wield","Anger"],"picked":"Rampage","floor":12},{"not_picked":["Iron Wave","Clothesline"],"picked":"Thunderclap","floor":14},{"not_picked":["Impervious","Fiend Fire"],"picked":"Bludgeon","floor":16},{"not_picked":["Burning Pact","Feel No Pain"],"picked":"Ghostly Armor+1","floor":18},{"not_picked":["Shrug It Off","Pummel"],"picked":"Clash","floor":19},{"not_picked":["Clothesline","Battle Trance"],"picked":"Cleave","floor":22},{"not_picked":["Whirlwind","Seeing Red"],"picked":"Clash","floor":23},{"not_picked":["Clothesline+1","Pommel Strike"],"picked":"Searing Blow+1","floor":25},{"not_picked":["Body Slam","Flex"],"picked":"Heavy Blade+1","floor":29}],"player_experience":87860,"relics_obtained":[{"floor":6,"key":"Pen Nib"},{"floor":8,"key":"Juzu Bracelet"},{"floor":9,"key":"Orichalcum"},{"floor":25,"key":"Oddly Smooth Stone"},{"floor":26,"key":"Smiling Mask"}],"event_choices":[{"damage_healed":0,"gold_gain":0,"player_choice":"3 cards matched","damage_taken":0,"max_hp_gain":0,"max_hp_loss":0,"event_name":"Match and Keep!","floor":3,"gold_loss":0,"cards_obtained":["Inflame","Wild Strike","Madness"]},{"damage_healed":0,"gold_gain":0,"player_choice":"Upgraded","damage_taken":0,"max_hp_gain":0,"max_hp_loss":0,"event_name":"Upgrade Shrine","floor":5,"gold_loss":0,"cards_upgraded":["Infernal Blade"]},{"damage_healed":0,"gold_gain":80,"player_choice":"Gained Gold","damage_taken":0,"max_hp_gain":0,"max_hp_loss":0,"event_name":"Golden Wing","floor":13,"gold_loss":0},{"damage_healed":0,"gold_gain":0,"player_choice":"Copied","damage_taken":0,"max_hp_gain":0,"max_hp_loss":0,"event_name":"Duplicator","floor":20,"gold_loss":0,"cards_obtained":["Immolate"]},{"damage_healed":0,"gold_gain":0,"player_choice":"Trade","damage_taken":0,"relics_obtained":["CultistMask"],"max_hp_gain":0,"max_hp_loss":0,"event_name":"FaceTrader","floor":21,"gold_loss":0}],"is_beta":false,"boss_relics":[{"not_picked":["Coffee Dripper","Ectoplasm"],"picked":"Runic Cube"}],"items_purged_floors":[],"is_endless":false,"potions_floor_spawned":[6,7,8,14,18,23,25],"killed_by":"Snake Plant","ascension_level":0}}