{"host":"owox7x4ngjt9htcc","time":1611295008,"event":{"mods":["BaseMod","Colored Map","DeckTracker","Keyboard Shortcuts","Minty Spire (QoL Compilation)","SuperFastMode"],"gold_per_floor":[114,129,144,17,32,32,62,62,62,77,92,107,107,122,122,222,222,237,162,177,4,103,133,133,148,148,148,163,178,193,208,208,208,208],"floor_reached":33,"language":"KOR","playtime":995,"items_purged":[],"score":275,"play_id":"03c91b92-4205-469d-950f-2c409585c357","local_time":"20210122145648","daily_mods":["Heirloom","Uncertain Future","Night Terrors"],"is_ascension_mode":false,"campfire_choices":[{"data":"Well Laid Plans","floor":6.0,"key":"SMITH"},{"data":"Flechettes","floor":8.0,"key":"SMITH"},{"floor":15,"key":"REST"},{"floor":24,"key":"REST"},{"floor":32,"key":"REST"}],"circlet_count":0,"master_deck":["Strike_G","Strike_G","Strike_G","Strike_G","Defend_G","Defend_G","Defend_G","Defend_G","Defend_G","Survivor","Neutralize","Terror","Noxious Fumes","Well Laid Plans+1","Deadly Poison","Poisoned Stab","Flechettes+1","Bane","Storm of Steel","Parasite","Dodge and Roll","Adrenaline","Well Laid Plans+1","PiercingWail","Bane","Dodge and Roll+1","After Image+1","Cloak And Dagger","Storm of Steel","Leg Sweep"],"relics":["Ring of the Snake","Pocketwatch","StrikeDummy","Frozen Egg 2","SlaversCollar","Membership Card","The Courier","Meat on the Bone","Ornamental Fan"],"acts_visited":["Exordium","TheCity"],"potions_floor_usage":[18,23,23,28,30],"damage_taken":[{"damage":1.0,"enemies":"Cultist","floor":1.0,"turns":4.0},{"damage":0.0,"enemies":"Small Slimes","floor":2.0,"turns":3.0},{"damage":1.0,"enemies":"Jaw Worm","floor":3.0,"turns":4.0},{"damage":5.0,"enemies":"3 Louse","floor":5.0,"turns":4.0},{"damage":18.0,"enemies":"3 Sentries","floor":7.0,"turns":7.0},{"damage":7.0,"enemies":"Blue Slaver","floor":10.0,"turns":3.0},{"damage":27,"enemies":"Exordium Thugs","floor":11,"turns":4},{"damage":3,"enemies":"3 Louse","floor":12,"turns":2},{"damage":0,"enemies":"Exordium Wildlife","floor":14,"turns":2},{"damage":31,"enemies":"The Guardian","floor":16,"turns":9},{"damage":26,"enemies":"2 Thieves","floor":18,"turns":5},{"damage":0,"enemies":"Chosen","floor":20,"turns":3},{"damage":45,"enemies":"Slavers","floor":23,"turns":8},{"damage":17,"enemies":"Snecko","floor":25,"turns":5},{"damage":14,"enemies":"Shelled Parasite and Fungi","floor":28,"turns":5},{"damage":10,"enemies":"Centurion and Healer","floor":29,"turns":5},{"damage":21,"enemies":"3 Cultists","floor":30,"turns":7},{"damage":1,"enemies":"Snecko","floor":31,"turns":6},{"damage":55,"enemies":"Champ","floor":33,"turns":13}],"seed_played":"8945501730091475425","potions_obtained":[{"floor":1.0,"key":"Regen Potion"},{"floor":11,"key":"Weak Potion"},{"floor":12,"key":"Regen Potion"},{"floor":23,"key":"Swift Potion"},{"floor":25,"key":"Block Potion"},{"floor":28,"key":"CunningPotion"}],"is_trial":false,"path_per_floor":["M","M","M","$","M","R","E","R","T","M","M","M","?","M","R","B",null,"M","?","M","$","?","E","R","M","T","T","M","M","M","M","R","B"],"character_chosen":"THE_SILENT","items_purchased":["Well Laid Plans","Deadly Poison","Membership Card","Bane"],"campfire_rested":3,"item_purchase_floors":[4,4,21,21],"current_hp_per_floor":[69,69,68,68,63,63,45,45,45,38,11,8,25,25,65,34,65,48,48,48,48,48,18,60,43,43,43,41,31,22,33,55,0,0],"gold":208,"neow_bonus":"","is_daily":true,"chose_seed":false,"campfire_upgraded":2,"win_rate":0.0,"timestamp":1611295008,"path_taken":["M","M","M","$","M","R","E","R","T","?","?","M","?","M","R","BOSS","M","?","M","$","?","E","R","M","T","?","M","M","M","M","R","BOSS"],"items_purchased_type":["Card","Card","Relic","Card"],"build_version":"2020-12-22","purchased_purges":0,"victory":false,"max_hp_per_floor":[70,70,70,70,70,70,70,70,70,70,70,70,70,70,65,65,65,65,65,65,65,65,65,60,60,60,60,60,60,60,60,55,55,55],"card_choices":[{"not_picked":["Deadly Poison","Quick Slash"],"picked":"Terror","floor":1.0},{"not_picked":["Expertise","Deflect"],"picked":"Noxious Fumes","floor":2.0},{"not_picked":["Expertise","Catalyst","Predator"],"picked":"SKIP","floor":3.0},{"not_picked":["Predator","Calculated Gamble"],"picked":"Poisoned Stab","floor":5.0},{"not_picked":["Flying Knee","Backstab"],"picked":"Flechettes","floor":7.0},{"not_picked":["Outmaneuver","Quick Slash","Flying Knee"],"picked":"SKIP","floor":10.0},{"not_picked":["PiercingWail","Cloak And Dagger"],"picked":"Bane","floor":11},{"not_picked":["Dagger Spray","Acrobatics"],"picked":"Storm of Steel","floor":12},{"not_picked":["Blur","Dagger Throw"],"picked":"Dodge and Roll","floor":14},{"not_picked":["Burst","Malaise"],"picked":"Adrenaline","floor":16},{"not_picked":["Deflect","Bane"],"picked":"Well Laid Plans+1","floor":18},{"not_picked":["Acrobatics+1","Dagger Throw"],"picked":"PiercingWail","floor":20},{"not_picked":["Well Laid Plans+1","Flying Knee+1"],"picked":"Dodge and Roll+1","floor":23},{"not_picked":["Deadly Poison+1","Outmaneuver"],"picked":"After Image+1","floor":25},{"not_picked":["Reflex","All Out Attack+1"],"picked":"Cloak And Dagger","floor":28},{"not_picked":["Underhanded Strike","Dagger Throw","Bane"],"picked":"SKIP","floor":29},{"not_picked":["Underhanded Strike","Outmaneuver+1"],"picked":"Storm of Steel","floor":30},{"not_picked":["Deadly Poison","Acrobatics+1"],"picked":"Leg Sweep","floor":31}],"player_experience":896673,"relics_obtained":[{"floor":7.0,"key":"StrikeDummy"},{"floor":9.0,"key":"Frozen Egg 2"},{"floor":23,"key":"The Courier"},{"floor":26,"key":"Meat on the Bone"},{"floor":27,"key":"Ornamental Fan"}],"event_choices":[{"damage_healed":17,"gold_gain":0,"player_choice":"Healed and dodged fight","damage_taken":0,"max_hp_gain":0,"max_hp_loss":0,"event_name":"Mushrooms","floor":13,"gold_loss":0,"cards_obtained":["Parasite"]},{"cards_removed":["Strike_G"],"damage_healed":0,"gold_gain":0,"player_choice":"Gave Gold","damage_taken":0,"max_hp_gain":0,"max_hp_loss":0,"event_name":"Beggar","floor":19,"gold_loss":75},{"damage_healed":0,"gold_gain":99,"player_choice":"Stole From Cult","damage_taken":0,"max_hp_gain":0,"max_hp_loss":0,"event_name":"Nest","floor":22,"gold_loss":0}],"is_beta":false,"boss_relics":[{"not_picked":["Empty Cage","Astrolabe"],"picked":"SlaversCollar"}],"items_purged_floors":[],"is_endless":false,"potions_floor_spawned":[1,11,12,14,23,25,28],"killed_by":"Champ","ascension_level":0}}