{"host":"m1hsm1cztz438mir","time":1611355610,"event":{"mods":["2.2 Compatiblity","AchievementEnabler","Act Like it!","BaseMod","Colored Map","Curses Come First","Downfall","Minty Spire (QoL Compilation)","Relic Stats","Shop Mod","StSLib"],"gold_per_floor":[99,99,99,274,274,292,292,92,2,2,29,104,146,140,154,262,262,162,187,212,212,241,266,293,303,303,340,358,377,386,428,456,562,562,562,588,608,708,727,751,821,821,821,821,849,849,99,125,147,147,147,185,12,12,12,12,12],"floor_reached":55,"language":"ENG","playtime":6130,"items_purged":["Doubt","downfall:Icky"],"score":832,"play_id":"a16919b3-a42d-47c6-81f0-deba23ab718a","local_time":"20210122224650","is_ascension_mode":true,"campfire_choices":[{"floor":1.0,"key":"RECALL"},{"data":"Slimebound:GoopSpray","floor":8,"key":"SMITH"},{"data":"Slimebound:PrepareCrush","floor":18,"key":"SMITH"},{"data":"Slimebound:MassRepurpose","floor":26,"key":"SMITH"},{"data":"Slimebound:MinionMaster","floor":35,"key":"SMITH"},{"data":"Slimebound:SplitLeeching","floor":42,"key":"SMITH"},{"data":"Slimebound:SamplingLick","floor":44,"key":"SMITH"},{"data":"Slimebound:RallyTheTroops","floor":46,"key":"SMITH"},{"data":"expansioncontent:DashGenerateEvil","floor":54,"key":"SMITH"}],"circlet_count":0,"master_deck":["Slimebound:Strike_Slimebound","Slimebound:Strike_Slimebound","Slimebound:Tackle","Slimebound:Defend_Slimebound","Slimebound:Defend_Slimebound","Slimebound:Defend_Slimebound","Slimebound:Defend_Slimebound","Slimebound:Split","Slimebound:CorrosiveSpit","Slimebound:Schlurp","Slimebound:GoopSpray+1","Slimebound:ItLooksTasty","Slimebound:PrepareCrush+1","Slimebound:Nibble","Slimebound:SamplingLick+1","Slimebound:MassRepurpose+1","Slimebound:SplitLeeching+1","Slimebound:Prepare","Slimebound:SlimeTap+1","Slimebound:SplitMire+1","Slimebound:Schlurp","Slimebound:CheckThePlaybook","Slimebound:GoopSpray","Writhe","Slimebound:Darklings","Slimebound:SplitLeeching+1","Slimebound:MinionMaster+1","Slimebound:Schlurp+1","Slimebound:MegaLick+1","Slimebound:LevelUp+1","Slimebound:RallyTheTroops+1","expansioncontent:DashGenerateEvil+1","Slimebound:SplitLeeching","Slimebound:AcidTongue+1","expansioncontent:DashGenerateEvil+1"],"relics":["Slimebound:AbsorbEndCombat","downfall:HeartsMalice","downfall:HeartBlessingBlue","downfall:HeartBlessingRed","Bag of Marbles","CeramicFish","Slimebound:TarBlob","downfall:HeartBlessingGreen","Nunchaku","Blood Vial","Pen Nib","Blue Candle","Coffee Dripper","Gremlin Horn","Calipers","Sling","Omamori","Lantern"],"acts_visited":["Exordium","TheCity","TheBeyond","TheEnding"],"potions_floor_usage":[16,27,29,31,31,33,39,45,47,47],"damage_taken":[{"damage":0.0,"enemies":"Jaw Worm","floor":2.0,"turns":1.0},{"damage":0.0,"enemies":"Small Slimes","floor":3.0,"turns":1.0},{"damage":0.0,"enemies":"2 Louse","floor":5.0,"turns":1.0},{"damage":4.0,"enemies":"3 Louse","floor":6.0,"turns":3.0},{"damage":7,"enemies":"downfall:FleeingMerchant","floor":9,"turns":4},{"damage":12,"enemies":"Lagavulin","floor":11,"turns":7},{"damage":14,"enemies":"3 Sentries","floor":13,"turns":7},{"damage":4,"enemies":"downfall:FleeingMerchant","floor":14,"turns":4},{"damage":9,"enemies":"Exordium Wildlife","floor":15,"turns":3},{"damage":44,"enemies":"WA_ARCHETYPE_RETAIN","floor":16,"turns":7},{"damage":10,"enemies":"Shell Parasite","floor":19,"turns":3},{"damage":11,"enemies":"Spheric Guardian","floor":20,"turns":4},{"damage":3,"enemies":"Snecko","floor":22,"turns":4},{"damage":2,"enemies":"3 Cultists","floor":23,"turns":4},{"damage":0,"enemies":"Centurion and Healer","floor":25,"turns":4},{"damage":21,"enemies":"Book of Stabbing","floor":27,"turns":3},{"damage":11,"enemies":"Snake Plant","floor":29,"turns":3},{"damage":10,"enemies":"Gremlin Leader","floor":31,"turns":5},{"damage":3,"enemies":"Cultist and Chosen","floor":32,"turns":6},{"damage":26,"enemies":"SI_MIRROR_ARCHETYPE","floor":33,"turns":8},{"damage":15,"enemies":"3 Darklings","floor":36,"turns":4},{"damage":5,"enemies":"3 Shapes","floor":37,"turns":6},{"damage":23,"enemies":"Writhing Mass","floor":39,"turns":6},{"damage":8,"enemies":"Spire Growth","floor":40,"turns":4},{"damage":2,"enemies":"3 Darklings","floor":45,"turns":4},{"damage":1,"enemies":"downfall:FleeingMerchant","floor":47,"turns":4},{"damage":1,"enemies":"Giant Head","floor":48,"turns":6},{"damage":1,"enemies":"Writhing Mass","floor":49,"turns":3},{"damage":68,"enemies":"IC_BLOCK_ARCHETYPE","floor":50,"turns":10},{"damage":106,"enemies":"downfall:CharBossMerchant","floor":52,"turns":9},{"damage":95,"enemies":"downfall:NeowBoss","floor":55,"turns":15}],"seed_played":"-2552832659318635812","potions_obtained":[{"floor":6.0,"key":"ColorlessPotion"},{"floor":11,"key":"LiquidMemories"},{"floor":13,"key":"sneckomod:MuddlingPotion"},{"floor":15,"key":"Weak Potion"},{"floor":19,"key":"CultistPotion"},{"floor":23,"key":"EntropicBrew"},{"floor":27,"key":"FearPotion"},{"floor":37,"key":"Block Potion"},{"floor":39,"key":"SkillPotion"},{"floor":48,"key":"FairyPotion"}],"is_trial":false,"path_per_floor":["R","M","M","?","M","M","T","R","$","?","E","?","E","$","M","B",null,"R","M","M","?","M","M","T","M","R","E","?","M","?","E","M","B",null,"R","M","M","?","M","M","T","R","?","R","M","R","$","E","M","B",null,"E","$","R","B"],"character_chosen":"SLIMEBOUND","items_purchased":["Calipers","expansioncontent:DashGenerateEvil","Sling","expansioncontent:DashGenerateEvil"],"campfire_rested":0,"item_purchase_floors":[47,47,47,53],"current_hp_per_floor":[65,65,65,65,65,65,65,75,72,72,67,67,61,65,60,24,75,75,69,62,62,65,71,71,75,75,60,60,57,57,57,64,48,75,75,68,69,69,54,56,56,56,56,56,64,64,71,75,75,15,75,22,22,22,0,0,0],"gold":12,"neow_bonus":"THREE_ENEMY_KILL","is_daily":false,"chose_seed":false,"campfire_upgraded":8,"win_rate":0.0,"timestamp":1611355610,"path_taken":["R","M","M","?","M","M","T","R","$","?","E","?","E","$","M","BOSS","R","M","M","?","M","M","T","M","R","E","?","M","?","E","M","BOSS","R","M","M","?","M","?","T","R","?","R","M","R","$","E","M","BOSS","E","$","R","BOSS"],"items_purchased_type":["Relic","Card","Relic","Card"],"build_version":"2020-12-22","purchased_purges":2,"victory":false,"max_hp_per_floor":[65,65,65,65,65,65,65,75,75,75,75,75,75,75,75,75,75,75,75,75,75,75,75,75,75,75,75,75,75,75,75,75,75,75,75,75,75,75,75,75,75,75,75,75,75,75,75,75,75,75,75,75,75,75,75,75,75],"relic_stats":{"Blood Vial":22,"Nunchaku":[14],"Gremlin Horn":[8,8],"counters":[31,149],"CeramicFish":207,"Blue Candle":[19],"Pen Nib":[12],"obtain_stats":[{"Lantern":52,"Calipers":47,"downfall:HeartBlessingRed":8,"Gremlin Horn":41,"CeramicFish":13,"Blue Candle":31,"downfall:HeartsMalice":0,"downfall:HeartBlessingGreen":18,"Pen Nib":30,"Omamori":48,"Sling":47,"Slimebound:TarBlob":17,"Blood Vial":27,"Nunchaku":24,"downfall:HeartBlessingBlue":8,"Slimebound:AbsorbEndCombat":0,"Bag of Marbles":11,"Coffee Dripper":34},{"Lantern":30,"Calipers":26,"downfall:HeartBlessingRed":4,"Gremlin Horn":24,"CeramicFish":7,"Blue Candle":18,"downfall:HeartsMalice":0,"downfall:HeartBlessingGreen":10,"Pen Nib":17,"Omamori":27,"Sling":26,"Slimebound:TarBlob":10,"Blood Vial":16,"Nunchaku":14,"downfall:HeartBlessingBlue":4,"Slimebound:AbsorbEndCombat":0,"Bag of Marbles":6,"Coffee Dripper":20},{"Lantern":134,"Calipers":106,"downfall:HeartBlessingRed":3,"Gremlin Horn":98,"CeramicFish":21,"Blue Candle":65,"downfall:HeartsMalice":0,"downfall:HeartBlessingGreen":35,"Pen Nib":60,"Omamori":112,"Sling":106,"Slimebound:TarBlob":35,"Blood Vial":57,"Nunchaku":50,"downfall:HeartBlessingBlue":3,"Slimebound:AbsorbEndCombat":0,"Bag of Marbles":14,"Coffee Dripper":79}]},"card_choices":[{"not_picked":["Slimebound:ViciousTackle","Slimebound:DivideAndConquer"],"picked":"Slimebound:Schlurp","floor":2.0},{"not_picked":["Slimebound:AcidTongue","Slimebound:HauntingLick"],"picked":"Slimebound:GoopSpray","floor":3.0},{"not_picked":["Slimebound:SlimeSpikes","Slimebound:ProtectTheBoss","Slimebound:ComboTackle"],"picked":"SKIP","floor":5.0},{"not_picked":["Slimebound:RollThrough","Slimebound:ServeAndProtect","Slimebound:SplitAcid"],"picked":"SKIP","floor":6.0},{"not_picked":["Slimebound:BestDefense","Slimebound:Prepare"],"picked":"Slimebound:ItLooksTasty","floor":9},{"not_picked":["Slimebound:ComboTackle","Slimebound:Schlurp"],"picked":"Slimebound:PrepareCrush","floor":11},{"not_picked":["Slimebound:Replication","Slimebound:Prepare"],"picked":"Slimebound:Nibble","floor":13},{"not_picked":["Slimebound:DouseInSlime","Slimebound:GoopTackle"],"picked":"Slimebound:SamplingLick","floor":14},{"not_picked":["Slimebound:HauntingLick","Slimebound:SlimeSpikes","Slimebound:ComboTackle"],"picked":"SKIP","floor":15},{"not_picked":["Slimebound:RallyTheTroops","Slimebound:OneTwoCombo"],"picked":"Slimebound:MassRepurpose","floor":16},{"not_picked":["Slimebound:Schlurp","Slimebound:SamplingLick"],"picked":"Slimebound:SplitLeeching","floor":19},{"not_picked":["Slimebound:ItLooksTasty","Slimebound:SplitAcid"],"picked":"Slimebound:Prepare","floor":20},{"not_picked":["Slimebound:ItLooksTasty+1","Slimebound:PressTheAttack"],"picked":"Slimebound:SlimeTap+1","floor":22},{"not_picked":["Slimebound:SlimeSpikes","Slimebound:GoopTackle"],"picked":"Slimebound:SplitMire+1","floor":23},{"not_picked":["Slimebound:LivingWall","Slimebound:GrowthPunch","Slimebound:SlimeSlap"],"picked":"SKIP","floor":25},{"not_picked":["Slimebound:LivingWall+1","Slimebound:GrowthPunch"],"picked":"Slimebound:Schlurp","floor":27},{"not_picked":["Slimebound:RollThrough+1","Slimebound:ComboTackle"],"picked":"Slimebound:GoopSpray","floor":29},{"not_picked":["Slimebound:SplitAcid","Slimebound:GoopTackle"],"picked":"Slimebound:Darklings","floor":31},{"not_picked":["Slimebound:HauntingLick","Slimebound:DisruptingSlam"],"picked":"Slimebound:SplitLeeching","floor":32},{"not_picked":["Slimebound:DouseInSlime","Slimebound:PrepareCrush"],"picked":"Slimebound:MinionMaster","floor":33},{"not_picked":["Slimebound:Dissolve+1","Slimebound:Chomp+1"],"picked":"Slimebound:Schlurp+1","floor":36},{"not_picked":["Slimebound:FinishingTackle","Slimebound:TongueLash+1"],"picked":"Slimebound:MegaLick+1","floor":37},{"not_picked":["Slimebound:SplitMire","Slimebound:Prepare","Slimebound:FormOfPuddle+1"],"picked":"SKIP","floor":39},{"not_picked":["Slimebound:SlimeSpikes+1","Slimebound:PressTheAttack+1"],"picked":"Slimebound:LevelUp+1","floor":40},{"not_picked":["Slimebound:GoopSpray+1","Slimebound:LeechEnergy"],"picked":"Slimebound:RallyTheTroops","floor":45},{"not_picked":["Slimebound:GoopTackle+1","Slimebound:Schlurp+1","Slimebound:ComboTackle+1"],"picked":"SKIP","floor":47},{"not_picked":["Slimebound:CheckThePlaybook","Slimebound:RollThrough","Slimebound:RainOfGoop+1"],"picked":"SKIP","floor":48},{"not_picked":["Slimebound:ItLooksTasty","Slimebound:Grow+1"],"picked":"Slimebound:SplitLeeching","floor":49},{"not_picked":["Slimebound:FormOfPuddle+1","Slimebound:DivideAndConquer+1"],"picked":"Slimebound:AcidTongue+1","floor":52}],"player_experience":391182,"relics_obtained":[{"floor":11,"key":"Bag of Marbles"},{"floor":13,"key":"CeramicFish"},{"floor":24,"key":"Nunchaku"},{"floor":27,"key":"Blood Vial"},{"floor":31,"key":"Blue Candle"},{"floor":41,"key":"Gremlin Horn"},{"floor":48,"key":"Omamori"},{"floor":52,"key":"Lantern"}],"event_choices":[{"cards_removed":["Slimebound:Strike_Slimebound"],"damage_healed":0,"gold_gain":0,"player_choice":"Forget","damage_taken":0,"max_hp_gain":0,"max_hp_loss":0,"event_name":"Living Wall","floor":10,"gold_loss":0},{"damage_healed":0,"gold_gain":0,"player_choice":"Forge","damage_taken":0,"max_hp_gain":0,"max_hp_loss":0,"event_name":"Accursed Blacksmith","floor":43,"gold_loss":0,"cards_upgraded":["Slimebound:SplitLeeching"]}],"is_beta":false,"boss_relics":[{"not_picked":["Tiny House","bronze:MakeshiftBattery"],"picked":"Slimebound:TarBlob"},{"not_picked":["Snecko Eye","SlaversCollar"],"picked":"Coffee Dripper"}],"items_purged_floors":[9,47],"is_endless":false,"potions_floor_spawned":[6,11,13,15,19,22,23,27,37,39,48],"killed_by":"downfall:NeowBoss","ascension_level":1}}