{"host":"l6vifo5ajdb3p20b","time":1611329708,"event":{"mods":["2.2 Compatiblity","Arknights The Spire","BaseMod","Better Altar","Better Sensory Stone","Better Skull","Better Third Choice","BetterRewards","Block Reminder","Booster Modes","Card Forge","Colored Map","Defuse TimeMaze Blight","Energized Spire","Evolution","Minty Spire (QoL Compilation)","Relic Stats","StSLib","The Marked"],"gold_per_floor":[118,68,79,79,98,125,125,125,125],"floor_reached":8,"language":"ENG","playtime":492,"items_purged":[],"score":56,"play_id":"92251ec8-7489-4d77-a1a2-d317393b747e","local_time":"20210122223508","is_ascension_mode":false,"campfire_choices":[{"data":"theMarked:AttractMetal","floor":7,"key":"SMITH"}],"circlet_count":0,"master_deck":["theMarked:Strike","theMarked:Strike","theMarked:Strike","theMarked:Strike","theMarked:Defend","theMarked:Defend","theMarked:Defend","theMarked:Defend","theMarked:SoldierOfQuellstein","theMarked:BanishingStrike","theMarked:StartUp+1","theMarked:Overcharge","theMarked:AttractMetal+1"],"relics":["theMarked:ArtifactOfAir","Hammer of Thor","Seething Fire","Anvil of the Gods","EVO:Axolotl","NeowsBlessing","Ornamental Fan"],"acts_visited":["Exordium"],"potions_floor_usage":[],"damage_taken":[{"damage":0,"enemies":"Jaw Worm","floor":1,"turns":1},{"damage":0,"enemies":"2 Louse","floor":3,"turns":1},{"damage":0,"enemies":"Cultist","floor":5,"turns":1},{"damage":33,"enemies":"3 Sentries","floor":6,"turns":10},{"damage":40,"enemies":"Gremlin Nob","floor":8,"turns":4}],"seed_played":"3533045667089686309","potions_obtained":[{"floor":3,"key":"Energy Potion"}],"is_trial":false,"path_per_floor":["M","?","M","?","M","E","R","E"],"character_chosen":"THE_DEFAULT","items_purchased":[],"campfire_rested":0,"item_purchase_floors":[],"current_hp_per_floor":[70,70,70,70,70,37,37,0,0],"gold":125,"neow_bonus":"THREE_ENEMY_KILL","is_daily":false,"chose_seed":false,"campfire_upgraded":1,"win_rate":0.0,"timestamp":1611329708,"path_taken":["M","?","M","?","M","E","R","E"],"items_purchased_type":[],"build_version":"2020-12-22","purchased_purges":0,"victory":false,"max_hp_per_floor":[70,70,70,70,70,70,70,70,70],"relic_stats":{"counters":[5,17],"Ornamental Fan":[8],"obtain_stats":[{"theMarked:ArtifactOfAir":0,"NeowsBlessing":0,"Anvil of the Gods":0,"Ornamental Fan":6,"Hammer of Thor":0,"EVO:Axolotl":0,"Seething Fire":0},{"theMarked:ArtifactOfAir":0,"NeowsBlessing":0,"Anvil of the Gods":0,"Ornamental Fan":4,"Hammer of Thor":0,"EVO:Axolotl":0,"Seething Fire":0},{"theMarked:ArtifactOfAir":0,"NeowsBlessing":0,"Anvil of the Gods":0,"Ornamental Fan":13,"Hammer of Thor":0,"EVO:Axolotl":0,"Seething Fire":0}]},"card_choices":[{"not_picked":["theMarked:WardOff","theMarked:Parkour"],"picked":"theMarked:BanishingStrike","floor":1},{"not_picked":["theMarked:Frustration","theMarked:GodGivenPower"],"picked":"theMarked:StartUp","floor":3},{"not_picked":["theMarked:Improvise","theMarked:ComboAttacks"],"picked":"theMarked:Overcharge","floor":5},{"not_picked":["theMarked:Improvise","theMarked:HeightenedSenses"],"picked":"theMarked:AttractMetal","floor":6}],"player_experience":823644,"relics_obtained":[{"floor":6,"key":"Ornamental Fan"}],"event_choices":[{"cards_removed":["theMarked:Strike"],"damage_healed":0,"gold_gain":0,"player_choice":"Card Removal","damage_taken":0,"max_hp_gain":0,"max_hp_loss":0,"event_name":"The Cleric","floor":2,"gold_loss":50},{"damage_healed":0,"gold_gain":0,"player_choice":"Grow","damage_taken":0,"max_hp_gain":0,"max_hp_loss":0,"event_name":"Living Wall","floor":4,"gold_loss":0,"cards_upgraded":["theMarked:StartUp"]}],"is_beta":false,"boss_relics":[],"items_purged_floors":[],"is_endless":false,"potions_floor_spawned":[3],"killed_by":"Gremlin Nob","ascension_level":0}}