{"host":"vc42n08di9czm3e7","time":1611288466,"event":{"mods":["AchievementEnabler","Act Like it!","BaseMod","Colored Powertips","Downfall","Friendly Minions","GifTheSpireLib","Minty Spire (QoL Compilation)","Quick Restart","Rare Cards Sparkle","StSLib"],"gold_per_floor":[113,133,143,162,181,181,215,215,215,22,33,49,63,74,74,177,177,189,200,217,234,252,252,7,7,31,31,0,12,42,59,59,160,160,176,176,21,40,59,59,78,113,167,167,181,181,199,99,99,99,99],"floor_reached":50,"language":"ENG","playtime":2254,"items_purged":["All For One","Aggregate"],"score":582,"play_id":"b1f2b736-a54b-4e48-b5d0-b46d57427b3a","local_time":"20210121230746","is_ascension_mode":true,"campfire_choices":[{"data":"Seek","floor":6,"key":"SMITH"},{"data":"Apotheosis","floor":15,"key":"SMITH"},{"floor":23,"key":"RECALL"},{"data":"Seek","floor":32,"key":"SMITH"},{"data":"Static Discharge","floor":40,"key":"SMITH"},{"data":"Consume","floor":44,"key":"SMITH"},{"data":"Thunder Strike","floor":49,"key":"SMITH"}],"circlet_count":0,"master_deck":["Zap","Dualcast","Electrodynamics","Buffer","Reboot","Static Discharge+1","Seek+1","Aggregate","Doom and Gloom","Cold Snap","Consume+1","Turbo","Reinforced Body","Steam","Coolheaded","Apotheosis+1","FTL","Chill","Conserve Battery","Undo","Seek+1","Go for the Eyes","Ball Lightning+1","Storm","Thunder Strike+1","Loop+1","Seek+1","Barrage+1","Capacitor+1","Multi-Cast","Double Energy+1"],"relics":["Pandora\u0027s Box","HornCleat","Gremlin Horn","Nuclear Battery","Orichalcum","TungstenRod","Inserter","Lantern","Thread and Needle","MealTicket"],"acts_visited":["Exordium","TheCity","TheBeyond"],"potions_floor_usage":[11,47,50,50],"damage_taken":[{"damage":6,"enemies":"Cultist","floor":1,"turns":3},{"damage":1,"enemies":"Jaw Worm","floor":2,"turns":3},{"damage":0,"enemies":"Small Slimes","floor":3,"turns":3},{"damage":10,"enemies":"Looter","floor":4,"turns":2},{"damage":1,"enemies":"Blue Slaver","floor":5,"turns":3},{"damage":15,"enemies":"Gremlin Nob","floor":7,"turns":4},{"damage":4,"enemies":"Gremlin Gang","floor":11,"turns":2},{"damage":0,"enemies":"2 Fungi Beasts","floor":12,"turns":1},{"damage":1,"enemies":"Exordium Wildlife","floor":13,"turns":2},{"damage":0,"enemies":"Blue Slaver","floor":14,"turns":2},{"damage":9,"enemies":"Slime Boss","floor":16,"turns":6},{"damage":0,"enemies":"Spheric Guardian","floor":18,"turns":4},{"damage":0,"enemies":"2 Thieves","floor":19,"turns":3},{"damage":0,"enemies":"Cultist and Chosen","floor":20,"turns":3},{"damage":0,"enemies":"3 Cultists","floor":21,"turns":3},{"damage":1,"enemies":"Snake Plant","floor":22,"turns":5},{"damage":0,"enemies":"Centurion and Healer","floor":29,"turns":3},{"damage":12,"enemies":"Book of Stabbing","floor":30,"turns":5},{"damage":0,"enemies":"Snecko","floor":31,"turns":4},{"damage":0,"enemies":"Automaton","floor":33,"turns":6},{"damage":14,"enemies":"3 Darklings","floor":35,"turns":3},{"damage":0,"enemies":"3 Shapes","floor":38,"turns":3},{"damage":0,"enemies":"Sphere and 2 Shapes","floor":39,"turns":3},{"damage":0,"enemies":"Spire Growth","floor":41,"turns":4},{"damage":12,"enemies":"Nemesis","floor":42,"turns":7},{"damage":0,"enemies":"4 Shapes","floor":45,"turns":2},{"damage":6,"enemies":"Maw","floor":47,"turns":6},{"damage":62,"enemies":"Time Eater","floor":50,"turns":8}],"seed_played":"-905315859295085822","potions_obtained":[{"floor":1,"key":"LiquidMemories"},{"floor":3,"key":"DistilledChaos"},{"floor":4,"key":"Strength Potion"},{"floor":11,"key":"SpeedPotion"},{"floor":29,"key":"DuplicationPotion"},{"floor":47,"key":"hexamod:SoulburnPotion"}],"is_trial":false,"path_per_floor":["M","M","M","M","M","R","E","$","T","$","M","M","M","M","R","B",null,"M","M","M","M","M","R","$","?","T","?","?","M","E","M","R","B",null,"M","?","$","M","M","R","M","E","T","R","M","?","M","$","R","B"],"character_chosen":"DEFECT","items_purchased":["Apotheosis","Storm","Thunder Strike","Lantern"],"campfire_rested":0,"item_purchase_floors":[10,24,24,37],"current_hp_per_floor":[69,68,68,58,57,57,42,42,42,42,38,38,37,37,37,28,75,75,75,75,75,74,74,74,74,74,74,74,74,62,62,62,62,75,61,61,61,61,61,61,61,49,49,49,49,49,43,58,58,0,0],"gold":99,"neow_bonus":"BOSS_RELIC","is_daily":false,"chose_seed":false,"campfire_upgraded":6,"win_rate":0.0,"timestamp":1611288466,"path_taken":["M","M","M","M","?","R","E","$","T","$","M","M","M","M","R","BOSS","M","M","M","?","M","R","$","?","T","?","?","M","E","M","R","BOSS","M","?","$","M","M","R","?","E","T","R","M","?","M","$","R","BOSS"],"items_purchased_type":["Card","Card","Card","Relic"],"build_version":"2020-12-22","purchased_purges":2,"victory":false,"max_hp_per_floor":[75,75,75,75,75,75,75,75,75,75,75,75,75,75,75,75,75,75,75,75,75,75,75,75,75,75,75,75,75,75,75,75,75,75,75,75,75,75,75,75,75,75,75,75,75,75,75,75,75,75,75],"card_choices":[{"not_picked":["Darkness","Steam"],"picked":"Cold Snap","floor":1},{"not_picked":["Stack","Compile Driver"],"picked":"Consume","floor":2},{"not_picked":["Loop","Force Field"],"picked":"Turbo","floor":3},{"not_picked":["Rebound","Doom and Gloom"],"picked":"Reinforced Body","floor":4},{"not_picked":["Rebound","Steam Power"],"picked":"Steam","floor":5},{"not_picked":["Hello World","Heatsinks"],"picked":"Coolheaded","floor":7},{"not_picked":["Compile Driver","Melter"],"picked":"FTL","floor":11},{"not_picked":["Force Field","Recycle"],"picked":"Chill","floor":12},{"not_picked":["Rebound","Gash"],"picked":"Conserve Battery","floor":13},{"not_picked":["Streamline","Auto Shields"],"picked":"Undo","floor":14},{"not_picked":["Machine Learning","Multi-Cast"],"picked":"Seek","floor":16},{"not_picked":["Static Discharge","Steam","FTL"],"picked":"SKIP","floor":18},{"not_picked":["Static Discharge","Reinforced Body+1","Glacier"],"picked":"SKIP","floor":19},{"not_picked":["Rebound","Sweeping Beam"],"picked":"Go for the Eyes","floor":20},{"not_picked":["Beam Cell","Sweeping Beam"],"picked":"Ball Lightning+1","floor":21},{"not_picked":["Auto Shields","Cold Snap"],"picked":"Lockon+1","floor":22},{"not_picked":["Undo","Ball Lightning+1","Static Discharge"],"picked":"SKIP","floor":29},{"not_picked":["Sweeping Beam","Darkness"],"picked":"Aggregate","floor":30},{"not_picked":["Cold Snap","Leap+1"],"picked":"Loop+1","floor":31},{"not_picked":["Compile Driver","Sweeping Beam","Coolheaded+1"],"picked":"SKIP","floor":35},{"not_picked":["Lockon","FTL+1"],"picked":"Barrage+1","floor":38},{"not_picked":["Beam Cell+1","Rebound","Coolheaded+1"],"picked":"SKIP","floor":39},{"not_picked":["Redo+1","Double Energy"],"picked":"Capacitor+1","floor":41},{"not_picked":["Barrage+1","Go for the Eyes"],"picked":"Multi-Cast","floor":42},{"not_picked":["Sweeping Beam","Redo","Barrage+1"],"picked":"SKIP","floor":45},{"not_picked":["Rip and Tear","Static Discharge+1"],"picked":"Double Energy+1","floor":47}],"player_experience":289445,"relics_obtained":[{"floor":7,"key":"HornCleat"},{"floor":9,"key":"Gremlin Horn"},{"floor":30,"key":"TungstenRod"},{"floor":42,"key":"Thread and Needle"},{"floor":43,"key":"MealTicket"}],"event_choices":[{"damage_healed":0,"gold_gain":0,"player_choice":"Opened","damage_taken":0,"relics_obtained":["Orichalcum"],"max_hp_gain":0,"max_hp_loss":0,"event_name":"The Mausoleum","floor":25,"gold_loss":0},{"damage_healed":0,"gold_gain":0,"player_choice":"Paid Fearfully","damage_taken":0,"max_hp_gain":0,"max_hp_loss":0,"event_name":"Masked Bandits","floor":28,"gold_loss":31},{"damage_healed":0,"gold_gain":0,"player_choice":"Copied","damage_taken":0,"max_hp_gain":0,"max_hp_loss":0,"event_name":"Duplicator","floor":36,"gold_loss":0,"cards_obtained":["Seek"]},{"cards_removed":["Lockon"],"damage_healed":0,"gold_gain":0,"player_choice":"Removed Attack","damage_taken":0,"max_hp_gain":0,"max_hp_loss":0,"event_name":"Falling","floor":46,"gold_loss":0}],"is_beta":false,"boss_relics":[{"not_picked":["Coffee Dripper","Philosopher\u0027s Stone"],"picked":"Nuclear Battery"},{"not_picked":["bronze:MakeshiftBattery","Runic Dome"],"picked":"Inserter"}],"items_purged_floors":[24,48],"is_endless":false,"potions_floor_spawned":[1,3,4,11,12,14,18,22,29,33,42,45,47],"killed_by":"Time Eater","ascension_level":1}}