{"host":"4nqeo0vu1vuav7gg","time":1611336275,"event":{"mods":["AchievementEnabler","BaseMod","Block Reminder","Colored Map","Colored Powertips","Highlight Path","Minty Spire (QoL Compilation)","Quick Restart","Rare Cards Sparkle","Relic Relevance Reorder","StSLib"],"gold_per_floor":[218,218,67,83,103,103,103,113,113,113,133,133,163,183,183,183,183],"floor_reached":16,"language":"ENG","playtime":561,"items_purged":[],"score":199,"play_id":"3bb4c915-5903-4aeb-9b70-33c032a58e24","local_time":"20210122182435","is_ascension_mode":true,"campfire_choices":[{"data":"Genetic Algorithm","floor":6.0,"key":"SMITH"},{"floor":10.0,"key":"REST"},{"floor":12.0,"key":"REST"},{"floor":15,"key":"REST"}],"circlet_count":0,"master_deck":["AscendersBane","Strike_B","Strike_B","Strike_B","Strike_B","Defend_B","Defend_B","Defend_B","Defend_B","Zap","Dualcast","Doom and Gloom","Defragment","Genetic Algorithm","White Noise","Genetic Algorithm+1","Cold Snap","Conserve Battery+1","Coolheaded+1","Hologram+1"],"relics":["Cracked Core","Calipers","Pantograph","Toxic Egg 2"],"acts_visited":["Exordium"],"potions_floor_usage":[],"damage_taken":[{"damage":7.0,"enemies":"Small Slimes","floor":1.0,"turns":4.0},{"damage":11.0,"enemies":"Cultist","floor":4.0,"turns":4.0},{"damage":12.0,"enemies":"Jaw Worm","floor":5.0,"turns":4.0},{"damage":27.0,"enemies":"Red Slaver","floor":8.0,"turns":5.0},{"damage":19.0,"enemies":"Exordium Thugs","floor":11.0,"turns":4.0},{"damage":5.0,"enemies":"Lagavulin","floor":13.0,"turns":6.0},{"damage":1,"enemies":"Looter","floor":14,"turns":4},{"damage":74,"enemies":"Hexaghost","floor":16,"turns":9}],"seed_played":"-7878005824302914112","potions_obtained":[{"floor":2.0,"key":"SpeedPotion"},{"floor":2.0,"key":"LiquidBronze"},{"floor":5.0,"key":"FearPotion"},{"floor":11.0,"key":"ColorlessPotion"}],"is_trial":false,"path_per_floor":["M","?","$","M","M","R","?","M","T","R","M","R","E","M","R","B"],"character_chosen":"DEFECT","items_purchased":["Defragment","Genetic Algorithm"],"campfire_rested":3,"item_purchase_floors":[3,3],"current_hp_per_floor":[57,57,57,46,34,34,34,7,7,28,9,30,25,24,45,0,0],"gold":183,"neow_bonus":"HUNDRED_GOLD","is_daily":false,"chose_seed":false,"campfire_upgraded":1,"win_rate":0.0,"timestamp":1611336275,"path_taken":["M","?","$","?","M","R","?","M","T","R","?","R","E","M","R","BOSS"],"items_purchased_type":["Card","Card"],"build_version":"2020-12-22","purchased_purges":0,"victory":false,"max_hp_per_floor":[71,71,71,71,71,71,71,71,71,71,71,71,71,71,71,71,71],"card_choices":[{"not_picked":["Streamline","Compile Driver"],"picked":"Doom and Gloom","floor":1.0},{"not_picked":["Turbo","FTL"],"picked":"White Noise","floor":4.0},{"not_picked":["Hologram","Fusion"],"picked":"Genetic Algorithm","floor":5.0},{"not_picked":["Hyperbeam","Barrage"],"picked":"Cold Snap","floor":8.0},{"not_picked":["Turbo+1","Steam+1"],"picked":"Conserve Battery+1","floor":11.0},{"not_picked":["Rebound","Fusion+1"],"picked":"Coolheaded+1","floor":13.0},{"not_picked":["Recycle+1","Hello World"],"picked":"Hologram+1","floor":14}],"player_experience":1069771,"relics_obtained":[{"floor":9.0,"key":"Toxic Egg 2"},{"floor":13.0,"key":"Pantograph"}],"event_choices":[{"damage_healed":0.0,"max_hp_gain":0.0,"max_hp_loss":0.0,"gold_gain":0.0,"event_name":"Lab","player_choice":"Got Potions","floor":2.0,"gold_loss":0.0,"damage_taken":0.0},{"damage_healed":0.0,"max_hp_gain":0.0,"max_hp_loss":0.0,"gold_gain":0.0,"event_name":"WeMeetAgain","player_choice":"Gave Potion","floor":7.0,"gold_loss":0.0,"damage_taken":0.0,"relics_obtained":["Calipers"]}],"is_beta":false,"boss_relics":[],"items_purged_floors":[],"is_endless":false,"potions_floor_spawned":[4,5,11],"killed_by":"Hexaghost","ascension_level":19}}