{"host":"56qj8mvhgmcu65ix","time":1611292691,"event":{"mods":["AchievementEnabler","BaseMod","Colored Map","Colored Powertips","DeckTracker","Highlight Path","Minty Spire (QoL Compilation)","Permanent Neow","Quick Restart","Rare Cards Sparkle","Relic Stats","StSLib","everything is the same but u backflip on backflip","slay the spire mod where everything is the same but ironclad has a cowboy hat"],"gold_per_floor":[13,13,33,47,62,93,93,18,18,36,80,30,66,127,127,258,258,282,128,152,176,176,209,209,233,278,303,303,318,356,376,376,502,502,515,515,528,45,64,64,107,107,107,107,107,170,170,194,194,194,194,194,50,85,85],"floor_reached":56,"language":"ENG","playtime":2429,"items_purged":["Strike_R","Anger","Strike_R"],"score":1287,"play_id":"dc6d187b-7749-4aa9-a4a0-737b5e2c4e9e","local_time":"20210121231811","is_ascension_mode":false,"campfire_choices":[{"data":"Bash","floor":7.0,"key":"SMITH"},{"data":"Immolate","floor":15.0,"key":"SMITH"},{"data":"Feed","floor":24.0,"key":"SMITH"},{"floor":28.0,"key":"RECALL"},{"data":"Iron Wave","floor":32.0,"key":"SMITH"},{"data":"Berserk","floor":40.0,"key":"SMITH"},{"data":"Rupture","floor":42.0,"key":"SMITH"},{"data":"Clothesline","floor":44.0,"key":"SMITH"},{"data":"Fire Breathing","floor":49.0,"key":"SMITH"},{"data":"Sword Boomerang","floor":52.0,"key":"SMITH"}],"circlet_count":0,"master_deck":["Strike_R","Strike_R","Defend_R","Defend_R","Bash+1","Feel No Pain","Flame Barrier+1","Immolate+1","Offering+1","Feed+1","Thunderclap+1","Shrug It Off+1","Fire Breathing+1","Writhe","True Grit+1","Shockwave+1","Iron Wave+1","Berserk+1","CurseOfTheBell","Dramatic Entrance","Deep Breath+1","Clothesline+1","Rupture+1","Intimidate+1","Sword Boomerang+1","Disarm+1","Writhe","Evolve+1","Combust+1","Ghostly Armor+1"],"relics":["Burning Blood","Golden Idol","Bottled Tornado","Toxic Egg 2","Oddly Smooth Stone","CaptainsWheel","Paper Frog","Velvet Choker","Magic Flower","PreservedInsect","Ornamental Fan","Calling Bell","Red Skull","Incense Burner","Meat on the Bone","Du-Vu Doll","Regal Pillow","Frozen Egg 2","Unceasing Top","Pantograph"],"acts_visited":["Exordium","TheCity","TheBeyond","TheEnding"],"potions_floor_usage":[54,55,55,55,55,55],"damage_taken":[{"damage":7.0,"enemies":"Small Slimes","floor":1.0,"turns":4.0},{"damage":1.0,"enemies":"2 Louse","floor":3.0,"turns":3.0},{"damage":6.0,"enemies":"Jaw Worm","floor":4.0,"turns":2.0},{"damage":15.0,"enemies":"Looter","floor":5.0,"turns":3.0},{"damage":28.0,"enemies":"3 Sentries","floor":6.0,"turns":9.0},{"damage":1.0,"enemies":"2 Fungi Beasts","floor":10.0,"turns":4.0},{"damage":3.0,"enemies":"Lagavulin","floor":11.0,"turns":6.0},{"damage":10.0,"enemies":"3 Sentries","floor":13.0,"turns":4.0},{"damage":2.0,"enemies":"Lagavulin Event","floor":14.0,"turns":5.0},{"damage":16.0,"enemies":"Hexaghost","floor":16.0,"turns":6.0},{"damage":12.0,"enemies":"Shell Parasite","floor":18.0,"turns":3.0},{"damage":4.0,"enemies":"Spheric Guardian","floor":20.0,"turns":4.0},{"damage":9.0,"enemies":"Centurion and Healer","floor":21.0,"turns":2.0},{"damage":12.0,"enemies":"Book of Stabbing","floor":23.0,"turns":3.0},{"damage":6.0,"enemies":"Shelled Parasite and Fungi","floor":25.0,"turns":4.0},{"damage":19.0,"enemies":"Cultist and Chosen","floor":27.0,"turns":5.0},{"damage":6.0,"enemies":"Centurion and Healer","floor":29.0,"turns":2.0},{"damage":16.0,"enemies":"Slavers","floor":30.0,"turns":7.0},{"damage":6.0,"enemies":"Chosen and Byrds","floor":31.0,"turns":3.0},{"damage":70.0,"enemies":"Champ","floor":33.0,"turns":9.0},{"damage":6.0,"enemies":"Orb Walker","floor":35.0,"turns":4.0},{"damage":25.0,"enemies":"3 Darklings","floor":37.0,"turns":6.0},{"damage":8.0,"enemies":"Spire Growth","floor":39.0,"turns":3.0},{"damage":15.0,"enemies":"Reptomancer","floor":41.0,"turns":4.0},{"damage":6.0,"enemies":"Mind Bloom Boss Battle","floor":46.0,"turns":5.0},{"damage":38.0,"enemies":"Jaw Worm Horde","floor":48.0,"turns":4.0},{"damage":51.0,"enemies":"Time Eater","floor":50.0,"turns":12.0},{"damage":36,"enemies":"Shield and Spear","floor":54,"turns":6},{"damage":140,"enemies":"The Heart","floor":55,"turns":10}],"seed_played":"7934469336284569893","potions_obtained":[{"floor":3.0,"key":"SkillPotion"},{"floor":6.0,"key":"EntropicBrew"},{"floor":11.0,"key":"Swift Potion"},{"floor":13.0,"key":"Ancient Potion"},{"floor":18.0,"key":"Dexterity Potion"},{"floor":23.0,"key":"Energy Potion"},{"floor":29.0,"key":"PowerPotion"},{"floor":30.0,"key":"DuplicationPotion"},{"floor":37.0,"key":"Swift Potion"}],"is_trial":false,"path_per_floor":["M","?","M","M","M","E","R","$","T","M","E","?","E","?","R","B",null,"M","$","M","M","?","E","R","M","T","M","R","M","E","M","R","B",null,"M","?","M","$","M","R","E","R","T","R","?","?","?","M","R","B",null,"R","$","E","B",null],"character_chosen":"IRONCLAD","items_purchased":["Shrug It Off+1","Rupture","Du-Vu Doll","Combust+1","EssenceOfSteel"],"campfire_rested":0,"item_purchase_floors":[19,38,38,53,53],"current_hp_per_floor":[79,59,64,64,55,33,33,33,33,38,41,41,37,41,41,31,80,77,77,82,82,82,84,84,93,93,89,89,98,97,106,106,45,112,116,111,95,95,96,96,90,90,90,90,90,93,116,93,93,69,120,120,120,99,35],"gold":85,"neow_bonus":"REMOVE_TWO","is_daily":false,"chose_seed":false,"campfire_upgraded":9,"win_rate":0.0,"timestamp":1611292691,"path_taken":["M","?","M","M","M","E","R","$","T","M","E","?","E","?","R","BOSS","M","$","M","M","?","E","R","M","T","M","R","M","E","M","R","BOSS","M","?","M","$","M","R","E","R","T","R","?","?","?","M","R","BOSS","R","$","E","BOSS"],"items_purchased_type":["Card","Card","Relic","Card","Potion"],"build_version":"2020-12-22","purchased_purges":3,"victory":true,"max_hp_per_floor":[80,80,80,80,80,80,80,80,80,80,80,80,80,80,80,80,80,83,83,86,89,89,92,92,96,96,100,100,104,108,112,112,112,112,116,116,116,116,116,116,116,116,116,116,116,116,116,120,120,120,120,120,120,124,124],"relic_stats":{"Regal Pillow":0,"counters":[29,142],"Golden Idol":233,"Ornamental Fan":[76],"Pantograph":25,"Magic Flower":[84],"PreservedInsect":169,"obtain_stats":[{"Regal Pillow":41,"Golden Idol":2,"Oddly Smooth Stone":11,"Velvet Choker":17,"Magic Flower":22,"PreservedInsect":23,"Incense Burner":34,"Bottled Tornado":6,"Frozen Egg 2":43,"Burning Blood":0,"Calling Bell":34,"Du-Vu Doll":38,"CaptainsWheel":13,"Ornamental Fan":30,"Pantograph":54,"Toxic Egg 2":9,"Red Skull":34,"Unceasing Top":46,"Paper Frog":14,"Meat on the Bone":34},{"Regal Pillow":24,"Golden Idol":1,"Oddly Smooth Stone":7,"Velvet Choker":10,"Magic Flower":13,"PreservedInsect":14,"Incense Burner":20,"Bottled Tornado":5,"Frozen Egg 2":24,"Burning Blood":0,"Calling Bell":20,"Du-Vu Doll":22,"CaptainsWheel":8,"Ornamental Fan":18,"Pantograph":28,"Toxic Egg 2":5,"Red Skull":20,"Unceasing Top":25,"Paper Frog":9,"Meat on the Bone":20},{"Regal Pillow":105,"Golden Idol":4,"Oddly Smooth Stone":31,"Velvet Choker":46,"Magic Flower":55,"PreservedInsect":58,"Incense Burner":88,"Bottled Tornado":21,"Frozen Egg 2":105,"Burning Blood":0,"Calling Bell":88,"Du-Vu Doll":98,"CaptainsWheel":35,"Ornamental Fan":76,"Pantograph":132,"Toxic Egg 2":21,"Red Skull":88,"Unceasing Top":110,"Paper Frog":40,"Meat on the Bone":88}],"Burning Blood":217,"Unceasing Top":[3],"Meat on the Bone":36},"card_choices":[{"not_picked":["Iron Wave","Twin Strike","Warcry"],"picked":"SKIP","floor":1.0},{"not_picked":["Heavy Blade","Armaments"],"picked":"Anger","floor":3.0},{"not_picked":["True Grit","Cleave"],"picked":"Feel No Pain","floor":4.0},{"not_picked":["Anger","Burning Pact","Headbutt"],"picked":"SKIP","floor":5.0},{"not_picked":["Anger","Burning Pact","Headbutt"],"picked":"SKIP","floor":5.0},{"not_picked":["Heavy Blade","Clothesline","Iron Wave"],"picked":"SKIP","floor":6.0},{"not_picked":["Cleave","Pummel"],"picked":"Flame Barrier+1","floor":10.0},{"not_picked":["Iron Wave","Wild Strike"],"picked":"Immolate","floor":11.0},{"not_picked":["Ghostly Armor+1","Pommel Strike"],"picked":"Offering+1","floor":13.0},{"not_picked":["Immolate","Exhume+1"],"picked":"Feed","floor":16.0},{"not_picked":["Headbutt","Clash"],"picked":"Thunderclap+1","floor":18.0},{"not_picked":["Armaments+1","Body Slam"],"picked":"Fire Breathing","floor":20.0},{"not_picked":["Armaments+1","Sever Soul+1","Pommel Strike"],"picked":"SKIP","floor":21.0},{"not_picked":["Wild Strike","Iron Wave"],"picked":"True Grit+1","floor":23.0},{"not_picked":["Sword Boomerang+1","Whirlwind","Headbutt+1"],"picked":"SKIP","floor":25.0},{"not_picked":["Flex+1","Havoc+1"],"picked":"Shockwave+1","floor":27.0},{"not_picked":["True Grit+1","Perfected Strike+1","Clash+1"],"picked":"SKIP","floor":29.0},{"not_picked":["Carnage","Headbutt","Immolate"],"picked":"SKIP","floor":30.0},{"not_picked":["Wild Strike","Shrug It Off+1"],"picked":"Iron Wave","floor":31.0},{"not_picked":["Limit Break+1","Immolate"],"picked":"Berserk","floor":33.0},{"not_picked":["Headbutt","Anger","Clash+1"],"picked":"SKIP","floor":35.0},{"not_picked":["Mind Blast","Flash of Steel"],"picked":"Dramatic Entrance","floor":36.0},{"not_picked":["Bandage Up+1","Jack Of All Trades+1"],"picked":"Deep Breath+1","floor":36.0},{"not_picked":["Perfected Strike","Clothesline","Shrug It Off+1"],"picked":"SKIP","floor":37.0},{"not_picked":["Perfected Strike","Shrug It Off+1"],"picked":"Clothesline","floor":37.0},{"not_picked":["Feel No Pain","Rampage"],"picked":"Intimidate+1","floor":39.0},{"not_picked":["Burning Pact+1","Heavy Blade"],"picked":"Sword Boomerang","floor":41.0},{"not_picked":["Reckless Charge+1","Carnage+1"],"picked":"Disarm+1","floor":46.0},{"not_picked":["Havoc+1","Dark Embrace+1"],"picked":"Evolve+1","floor":48.0},{"not_picked":["Fiend Fire","Thunderclap+1"],"picked":"Ghostly Armor+1","floor":54}],"player_experience":315126,"relics_obtained":[{"floor":6.0,"key":"Bottled Tornado"},{"floor":9.0,"key":"Toxic Egg 2"},{"floor":11.0,"key":"Oddly Smooth Stone"},{"floor":13.0,"key":"CaptainsWheel"},{"floor":14.0,"key":"Paper Frog"},{"floor":23.0,"key":"PreservedInsect"},{"floor":30.0,"key":"Ornamental Fan"},{"floor":34.0,"key":"Red Skull"},{"floor":34.0,"key":"Incense Burner"},{"floor":34.0,"key":"Meat on the Bone"},{"floor":41.0,"key":"Regal Pillow"},{"floor":43.0,"key":"Frozen Egg 2"},{"floor":46.0,"key":"Unceasing Top"},{"floor":54,"key":"Pantograph"}],"event_choices":[{"damage_healed":0.0,"max_hp_gain":0.0,"max_hp_loss":0.0,"gold_gain":0.0,"event_name":"Golden Idol","player_choice":"Take Damage","floor":2.0,"gold_loss":0.0,"damage_taken":20.0,"relics_obtained":["Golden Idol"]},{"cards_removed":["Defend_R"],"damage_healed":0.0,"max_hp_gain":0.0,"max_hp_loss":0.0,"gold_gain":0.0,"event_name":"The Cleric","player_choice":"Card Removal","floor":12.0,"gold_loss":50.0,"damage_taken":0.0},{"damage_healed":0.0,"max_hp_gain":0.0,"max_hp_loss":0.0,"gold_gain":30.0,"event_name":"Dead Adventurer","player_choice":"Searched \u00272\u0027 times","floor":14.0,"gold_loss":0.0,"damage_taken":0.0},{"damage_healed":0.0,"max_hp_gain":0.0,"max_hp_loss":0.0,"gold_gain":0.0,"event_name":"The Mausoleum","player_choice":"Opened","floor":22.0,"gold_loss":0.0,"damage_taken":0.0,"relics_obtained":["Magic Flower"],"cards_obtained":["Writhe"]},{"damage_healed":0.0,"max_hp_gain":0.0,"max_hp_loss":0.0,"gold_gain":0.0,"event_name":"SensoryStone","player_choice":"Memory 2","floor":36.0,"gold_loss":0.0,"damage_taken":5.0},{"damage_healed":0.0,"max_hp_gain":0.0,"max_hp_loss":0.0,"gold_gain":0.0,"event_name":"Tomb of Lord Red Mask","player_choice":"Ignored","floor":45.0,"gold_loss":0.0,"damage_taken":0.0},{"damage_healed":0.0,"max_hp_gain":0.0,"max_hp_loss":0.0,"gold_gain":0.0,"event_name":"MindBloom","player_choice":"Fight","floor":46.0,"gold_loss":0.0,"damage_taken":0.0},{"damage_healed":29.0,"max_hp_gain":0.0,"max_hp_loss":0.0,"gold_gain":0.0,"event_name":"Winding Halls","player_choice":"Writhe","floor":47.0,"gold_loss":0.0,"damage_taken":0.0,"cards_obtained":["Writhe"]}],"is_beta":false,"boss_relics":[{"not_picked":["Empty Cage","Black Blood"],"picked":"Velvet Choker"},{"not_picked":["Runic Dome","Cursed Key"],"picked":"Calling Bell"}],"items_purged_floors":[8,19,38],"is_endless":false,"potions_floor_spawned":[3,6,11,13,18,23,29,30,37,41],"ascension_level":0}}