{"host":"raai0vtvcfkt8csp","time":1611280484,"event":{"mods":["2.2 Compatiblity","BaseMod","Beaked The Cultist","Block Reminder","Booster Modes","Clockwork Mod","Custom Start","DeckTracker","Defective Defect","Defuse TimeMaze Blight","Dio Mod","GifTheSpireLib","Infinite Spire","Minty Spire (QoL Compilation)","Quick Restart","Random Character Button","Rare Cards Sparkle","StSLib","The Marked","Unceasing Turn Reminder"],"gold_per_floor":[112,112,112,128,145,145,179,179,179,179,179],"floor_reached":10,"language":"ENG","playtime":349,"items_purged":[],"score":69,"play_id":"f3280a0a-907c-49d9-b8aa-d9ad96470b84","local_time":"20210122025444","daily_mods":["Hoarder"],"is_ascension_mode":true,"campfire_choices":[{"data":"beaked:Ceremony","floor":6,"key":"SMITH"},{"data":"beaked:Ceremony","floor":8,"key":"SMITH"}],"circlet_count":0,"master_deck":["beaked:Strike_Y","beaked:Strike_Y","beaked:Strike_Y","beaked:Strike_Y","beaked:Strike_Y","beaked:Strike_Y","beaked:Defend_Y","beaked:Defend_Y","beaked:Defend_Y","beaked:Defend_Y","beaked:Ceremony+1","beaked:Ceremony","beaked:Ceremony+1","beaked:BraceForImpact","beaked:BraceForImpact","beaked:BraceForImpact","beaked:WarriorSpirit+1","beaked:WarriorSpirit+1","beaked:WarriorSpirit+1","beaked:MaddeningMurmurs","beaked:MaddeningMurmurs","beaked:MaddeningMurmurs"],"relics":["beaked:MendingPlumage","Toxic Egg 2","Nunchaku","Ornamental Fan"],"acts_visited":["Exordium"],"potions_floor_usage":[10],"damage_taken":[{"damage":15,"enemies":"Jaw Worm","floor":1,"turns":6},{"damage":9,"enemies":"Small Slimes","floor":4,"turns":6},{"damage":4,"enemies":"2 Louse","floor":5,"turns":3},{"damage":32,"enemies":"Lagavulin","floor":7,"turns":8},{"damage":53,"enemies":"Gremlin Nob","floor":10,"turns":5}],"seed_played":"-4767645360903843110","potions_obtained":[{"floor":5,"key":"FearPotion"}],"is_trial":true,"path_per_floor":["M","?","?","M","M","R","E","R","T","E"],"character_chosen":"BEAKED_THE_CULTIST","items_purchased":[],"campfire_rested":0,"item_purchase_floors":[],"current_hp_per_floor":[49,49,49,50,50,50,35,35,35,0,0],"gold":179,"neow_bonus":"","is_daily":false,"chose_seed":false,"campfire_upgraded":2,"win_rate":0.0,"timestamp":1611280484,"path_taken":["M","?","?","M","M","R","E","R","T","E"],"items_purchased_type":[],"build_version":"2020-12-22","purchased_purges":0,"victory":false,"max_hp_per_floor":[50,50,50,50,50,50,50,50,50,50,50],"card_choices":[{"not_picked":["beaked:Brace","beaked:MimicWarrior"],"picked":"beaked:BraceForImpact","floor":1},{"not_picked":["beaked:Resilience+1","beaked:StunningBlow"],"picked":"beaked:WarriorSpirit+1","floor":4},{"not_picked":["beaked:Tradeoff+1","beaked:SurvivalInstinct+1"],"picked":"beaked:MaddeningMurmurs","floor":5},{"not_picked":["beaked:StickSmack","beaked:Overexert+1","beaked:Tweet+1"],"picked":"SKIP","floor":7}],"player_experience":895068,"relics_obtained":[{"floor":3,"key":"Toxic Egg 2"},{"floor":7,"key":"Nunchaku"},{"floor":9,"key":"Ornamental Fan"}],"event_choices":[],"is_beta":false,"boss_relics":[],"items_purged_floors":[],"is_endless":false,"potions_floor_spawned":[5],"killed_by":"Gremlin Nob","ascension_level":1}}