{"host":"drkpql2ocxl3f5d4","time":1611347946,"event":{"mods":["BaseMod","Colored Map","Downfall","Energized Spire","Friendly Minions","Googly Eyes","Infinite Spire","Minty Spire (QoL Compilation)","StSLib"],"gold_per_floor":[99,112,126,145,245,271,271,284,284,302,302,317,317,358,375,484,484,384,405,427,451,155,176,199,218,257,357,40,25,59,88,103,208,208,108,126,150,186,198,253,280,180,196,196,196,230,230,425,450,450,450,485,51,51,51,51],"floor_reached":57,"language":"ENG","playtime":3279,"items_purged":["bronze:Strike","bronze:Strike"],"score":1363,"play_id":"4b3e4a5d-2000-4c6e-b4f4-30a381b20690","local_time":"20210122213906","is_ascension_mode":false,"campfire_choices":[{"data":"bronze:Virus","floor":1,"key":"SMITH"},{"data":"bronze:Deprecate","floor":9,"key":"SMITH"},{"data":"bronze:Goto","floor":11,"key":"SMITH"},{"data":"bronze:WhirlingStrike","floor":13,"key":"SMITH"},{"data":"bronze:HardenedForm","floor":18,"key":"SMITH"},{"floor":35,"key":"RECALL"},{"data":"bronze:MaxOutput","floor":42,"key":"SMITH"},{"data":"bronze:CloningBeam","floor":45,"key":"SMITH"},{"data":"bronze:Boost","floor":47,"key":"SMITH"},{"data":"infinitespire:UltimateForm","floor":54,"key":"SMITH"}],"circlet_count":0,"master_deck":["bronze:Strike","bronze:Defend","bronze:Defend","bronze:Defend+1","bronze:Defend","bronze:Replicate","bronze:Goto+1","bronze:Virus+1","bronze:Branch","bronze:BronzeOrb","bronze:Deprecate+1","bronze:Branch","bronze:Shield","bronze:WhirlingStrike+1","bronze:Boost+1","bronze:HardenedForm+1","bronze:CloningBeam+1","bronze:BronzeOrb","bronze:ChosenStrike","bronze:DarkDash","bronze:ChildClass","bronze:Branch+1","bronze:FineTuning+1","bronze:Repulsor+1","bronze:FineTuning","bronze:Flail+1","bronze:ForceShield+1","bronze:SpaghettiCode+1","bronze:Iterate+1","infinitespire:FinalStrike","bronze:Constructor+1","bronze:MaxOutput+1","infinitespire:UltimateForm+1","bronze:BronzeArmor+1","bronze:Iterate"],"relics":["bronze:BronzeCore","Sundial","Question Card","CeramicFish","Velvet Choker","downfall:HeartBlessingGreen","Lee\u0027s Waffle","Pear","infinitespire:Golems Mask","Pen Nib","Philosopher\u0027s Stone","downfall:HeartBlessingBlue","Orrery","Juzu Bracelet","War Paint","downfall:HeartBlessingRed","Toxic Egg 2","Akabeko","Ice Cream","HandDrill"],"acts_visited":["Exordium","TheCity","TheBeyond","TheEnding"],"potions_floor_usage":[14,16,16,21,30,33,36,46,56,56],"damage_taken":[{"damage":1,"enemies":"Jaw Worm","floor":2,"turns":3},{"damage":0,"enemies":"Cultist","floor":3,"turns":3},{"damage":0,"enemies":"2 Louse","floor":4,"turns":2},{"damage":14,"enemies":"Gremlin Nob","floor":6,"turns":3},{"damage":5,"enemies":"Gremlin Gang","floor":8,"turns":6},{"damage":0,"enemies":"3 Louse","floor":10,"turns":2},{"damage":0,"enemies":"Large Slime","floor":12,"turns":3},{"damage":0,"enemies":"Lagavulin","floor":14,"turns":5},{"damage":0,"enemies":"Red Slaver","floor":15,"turns":3},{"damage":47,"enemies":"SI_SHIV_ARCHETYPE","floor":16,"turns":19},{"damage":0,"enemies":"Chosen","floor":19,"turns":5},{"damage":14,"enemies":"3 Byrds","floor":20,"turns":5},{"damage":13,"enemies":"Sentry and Sphere","floor":21,"turns":6},{"damage":0,"enemies":"downfall:FleeingMerchant","floor":22,"turns":4},{"damage":9,"enemies":"3 Cultists","floor":23,"turns":6},{"damage":6,"enemies":"Centurion and Healer","floor":25,"turns":3},{"damage":0,"enemies":"Book of Stabbing","floor":26,"turns":7},{"damage":0,"enemies":"downfall:FleeingMerchant","floor":28,"turns":4},{"damage":0,"enemies":"downfall:FleeingMerchant","floor":29,"turns":4},{"damage":6,"enemies":"Gremlin Leader","floor":30,"turns":7},{"damage":0,"enemies":"Snake Plant","floor":31,"turns":5},{"damage":6,"enemies":"Snecko","floor":32,"turns":3},{"damage":16,"enemies":"IC_MUSHROOM_ARCHETYPE","floor":33,"turns":6},{"damage":0,"enemies":"3 Darklings","floor":36,"turns":4},{"damage":1,"enemies":"3 Shapes","floor":37,"turns":7},{"damage":0,"enemies":"3 Darklings","floor":39,"turns":3},{"damage":0,"enemies":"Spire Growth","floor":43,"turns":4},{"damage":5,"enemies":"Nemesis","floor":46,"turns":7},{"damage":0,"enemies":"downfall:FleeingMerchant","floor":48,"turns":4},{"damage":0,"enemies":"Maw","floor":49,"turns":7},{"damage":0,"enemies":"WA_ARCHETYPE_DIVINITY","floor":50,"turns":9},{"damage":12,"enemies":"downfall:CharBossMerchant","floor":52,"turns":7},{"damage":11,"enemies":"downfall:NeowBoss","floor":55,"turns":9},{"damage":41,"enemies":"downfall:NeowBossFinal","floor":56,"turns":7}],"seed_played":"-6214712396437650104","potions_obtained":[{"floor":10,"key":"hexamod:SoulburnPotion"},{"floor":12,"key":"DistilledChaos"},{"floor":14,"key":"SkillPotion"},{"floor":15,"key":"SpeedPotion"},{"floor":19,"key":"GamblersBrew"},{"floor":23,"key":"Weak Potion"},{"floor":25,"key":"Fire Potion"},{"floor":31,"key":"GamblersBrew"},{"floor":33,"key":"Block Potion"},{"floor":37,"key":"DuplicationPotion"},{"floor":43,"key":"bronze:FreeFunctionsPotion"},{"floor":46,"key":"BlessingOfTheForge"}],"is_trial":false,"path_per_floor":["R","M","M","M","?","E","T","M","R","M","R","M","R","E","M","B",null,"R","M","M","M","$","M","T","M","E","?","$","$","E","M","M","B",null,"R","M","M","AVR","M","?","T","R","M","?","R","E","R","$","M","B",null,"E","$","R","B","B",null],"character_chosen":"THE_AUTOMATON","items_purchased":["Lee\u0027s Waffle","bronze:ChildClass","infinitespire:Golems Mask","Dexterity Potion","Ice Cream","HandDrill"],"campfire_rested":0,"item_purchase_floors":[22,22,28,48,53,53],"current_hp_per_floor":[70,69,69,69,69,55,55,50,50,50,50,50,50,50,50,3,70,70,70,56,43,77,68,68,62,72,72,72,72,66,66,60,44,87,97,97,96,96,96,96,96,96,96,88,88,83,83,83,83,83,97,85,85,85,74,33],"gold":51,"neow_bonus":"ONE_RANDOM_RARE_CARD","is_daily":false,"chose_seed":false,"campfire_upgraded":9,"win_rate":0.0,"timestamp":1611347946,"path_taken":["R","M","M","M","?","E","T","M","R","M","R","M","R","E","M","BOSS","R","M","M","M","$","M","T","M","E","?","?","$","E","M","M","BOSS","R","M","M","AVR","M","?","T","R","M","?","R","E","R","$","M","BOSS","E","$","R","BOSS","BOSS"],"items_purchased_type":["Relic","Card","Relic","Potion","Relic","Relic"],"build_version":"2020-12-22","purchased_purges":2,"victory":true,"max_hp_per_floor":[70,70,70,70,70,70,70,70,70,70,70,70,70,70,70,70,70,70,70,70,70,77,77,77,77,87,87,87,87,87,87,87,87,87,97,97,97,97,97,97,97,97,97,97,97,97,97,97,97,97,97,97,97,97,97,97],"card_choices":[{"not_picked":["bronze:Terminator","bronze:ItsAFeature"],"picked":"bronze:Branch","floor":2},{"not_picked":["bronze:Constructor","bronze:CutThrough"],"picked":"bronze:BronzeOrb","floor":3},{"not_picked":["bronze:ClassDefault","bronze:Frontload","bronze:BugBarrage"],"picked":"SKIP","floor":4},{"not_picked":["bronze:Assembly","bronze:BuggyMess"],"picked":"bronze:Deprecate","floor":6},{"not_picked":["bronze:WildBeam","bronze:Shield","bronze:Separator"],"picked":"bronze:Branch","floor":8},{"not_picked":["bronze:DigitalCarnage","bronze:Turbo","bronze:BuggyMess"],"picked":"bronze:Shield","floor":10},{"not_picked":["bronze:DelayedGuard","bronze:Optimize","bronze:FineTuning"],"picked":"bronze:WhirlingStrike","floor":12},{"not_picked":["bronze:Turbo","bronze:Separator","bronze:NullPointer"],"picked":"bronze:Boost","floor":14},{"not_picked":["bronze:Safeguard","bronze:BronzeArmor","bronze:BuggyMess","bronze:Shell"],"picked":"SKIP","floor":15},{"not_picked":["bronze:RecursiveStrike","bronze:ShipIt","bronze:SpaghettiCode"],"picked":"bronze:HardenedForm","floor":16},{"not_picked":["bronze:DigitalCarnage","bronze:FineTuning","bronze:Frontload"],"picked":"bronze:CloningBeam","floor":19},{"not_picked":["bronze:Overheat","bronze:DelayedSlice+1","bronze:ForLoop+1"],"picked":"bronze:BronzeOrb","floor":20},{"not_picked":["bronze:Branch+1","bronze:Frontload","bronze:Constructor"],"picked":"bronze:ChosenStrike","floor":21},{"not_picked":["bronze:Overheat","bronze:ClassDefault+1","bronze:ForLoop"],"picked":"bronze:DarkDash","floor":22},{"not_picked":["bronze:Constructor","bronze:Boost","bronze:WildBeam"],"picked":"bronze:Branch+1","floor":23},{"not_picked":["bronze:Frontload","bronze:HyperBeam","bronze:Separator+1"],"picked":"bronze:FineTuning","floor":25},{"not_picked":["bronze:Flail","bronze:Safeguard+1","bronze:RecursiveStrike"],"picked":"bronze:Repulsor+1","floor":26},{"not_picked":["bronze:WhirlingStrike","bronze:BugBarrage","bronze:Shield"],"picked":"bronze:FineTuning","floor":28},{"not_picked":["bronze:BitShift+1","bronze:Backtrace","bronze:BurnOut","bronze:DelayedSlice+1"],"picked":"SKIP","floor":29},{"not_picked":["bronze:Branch","bronze:NullPointer","bronze:BugBarrage+1"],"picked":"bronze:Flail+1","floor":30},{"not_picked":["bronze:BuggyMess","bronze:Turbo","bronze:NullPointer+1"],"picked":"bronze:ForceShield+1","floor":31},{"not_picked":["bronze:Turbo","bronze:FineTuning+1","bronze:Shell","bronze:BugBarrage"],"picked":"SKIP","floor":32},{"not_picked":["bronze:HardenedForm","bronze:FindAndReplace","bronze:Mutator"],"picked":"bronze:SpaghettiCode","floor":33},{"not_picked":["bronze:WildBeam","bronze:ChosenStrike+1","bronze:Deprecate","bronze:GetLatest+1"],"picked":"SKIP","floor":36},{"not_picked":["bronze:Invalidate","bronze:Safeguard","bronze:WildBeam+1"],"picked":"bronze:Iterate+1","floor":37},{"not_picked":["bronze:Iterate","bronze:Return","bronze:GetLatest+1"],"picked":"bronze:Constructor+1","floor":38},{"not_picked":["bronze:ChosenStrike","bronze:FineTuning+1","bronze:BronzeOrb"],"picked":"bronze:MaxOutput","floor":38},{"not_picked":["bronze:Constructor+1","bronze:Separator","bronze:Safeguard","bronze:WhirlingStrike+1"],"picked":"SKIP","floor":39},{"not_picked":["bronze:Turbo+1","bronze:ShipIt","bronze:BronzeArmor+1","bronze:Iterate+1"],"picked":"SKIP","floor":43},{"not_picked":["bronze:MaxOutput","bronze:BugBarrage+1","bronze:BitShift+1","bronze:Turbo+1"],"picked":"SKIP","floor":46},{"not_picked":["bronze:AlphaBuild","bronze:Turbo+1","bronze:NullPointer","bronze:ForceShield+1"],"picked":"SKIP","floor":48},{"not_picked":["bronze:Allocate+1","bronze:BuggyMess+1","bronze:MaxOutput+1"],"picked":"bronze:BronzeArmor+1","floor":49},{"not_picked":["bronze:ForLoop+1","bronze:Optimize+1","bronze:BronzeArmor+1"],"picked":"bronze:Iterate","floor":52}],"player_experience":675458,"relics_obtained":[{"floor":6,"key":"Sundial"},{"floor":7,"key":"Question Card"},{"floor":14,"key":"CeramicFish"},{"floor":26,"key":"Pear"},{"floor":30,"key":"Pen Nib"},{"floor":40,"key":"Juzu Bracelet"},{"floor":41,"key":"War Paint"},{"floor":46,"key":"Toxic Egg 2"},{"floor":52,"key":"Akabeko"}],"event_choices":[],"is_beta":false,"boss_relics":[{"not_picked":["Runic Pyramid","energizedSpire:EnergizedDie"],"picked":"Velvet Choker"},{"not_picked":["energizedSpire:HugeHouse","Calling Bell"],"picked":"Philosopher\u0027s Stone"}],"items_purged_floors":[22,48],"is_endless":false,"potions_floor_spawned":[10,12,14,15,19,23,25,26,31,33,37,43,46,52],"ascension_level":0}}