{"host":"yv7ijgyl7mqt7c0r","time":1611355890,"event":{"mods":["100% Spire Juice","2.2 Compatiblity","Act Like it!","Aspiration","BaseMod","Bestiary","Better Note","Better Skull","CapriCore","Conspire","DeckTracker","Elementarium","Energized Spire","Friendly Minions","Gensokyo","GifTheSpireLib","Hallownest","KinomotoSakuraMod(????)","Mari Mod (Legacy)","Mari\u0027s V1 Patch","Marisa????????","Menagerie","Minty Spire (QoL Compilation)","Prisma Mod","Random Character Button","Reimu??????","Remilia_Scarlet Moed?????·?????3.3.5","StSLib","Stuff the Spire","The Alterego","The Bug Knight","The Jungle","The Senshi","The Servant 0.9.4","TheVelvet","Wandering Minibosses","Yakumo Yukari mod","Yuyuko"],"gold_per_floor":[116,136,86,16,34,81,96,96,96,138,149,183,213,213,213,596,596,604,604,164,114,114,156,156,2,26,27,27,69,28,51,63,161,173,238,250,262,274,293,305,317,359,371,398,410,46,46,46,46,36],"floor_reached":51,"language":"ENG","playtime":8867,"items_purged":["Night Terror"],"score":804,"play_id":"3ae4d59e-ba82-4eb2-bfd5-5c19f20f99d9","local_time":"20210122165130","is_ascension_mode":false,"campfire_choices":[{"floor":8.0,"key":"REST"},{"floor":15.0,"key":"REST"},{"floor":24.0,"key":"REST"},{"data":"Full Inky Sakura","floor":32.0,"key":"SMITH"},{"floor":41,"key":"REST"},{"floor":45,"key":"REST"},{"data":"Become Phantom","floor":47,"key":"SMITH"},{"floor":49,"key":"REST"}],"circlet_count":0,"master_deck":["Fantasy Butterflies","Fantasy Butterflies","Fantasy Butterflies","Fantasy Butterflies","Dreamy Sakura","Dreamy Sakura+1","Dreamy Sakura","Dreamy Sakura","Dreamy Sakura","Deathly Ground","Faramita\u0027s Temptation","Butterflies Rainbow","Cerasus Subhirtella","conspire:SpireCoStock","Steamed Phantom","Linger over Flower","Gauzy Sakura","Triple Snow","Dark Wind","Childlike","Full Inky Sakura+1","Ghostdom Sakura+1","Open The Fan","The Nether","Lunch+1","Open The Fan+1","Dancing Butterflies+1","Living to Die","Fantasy Butterflies","Capacitor+1","Gensokyo:LifeforceConverter","White Noise+1","Snow+1","Become Phantom+1"],"relics":["StuffTheSpire:OccultApparatus","Yuyuko\u0027s fan","Potion Belt","Mercury Hourglass","Oddly Smooth Stone","StuffTheSpire:Mouthbags","Nunchaku","Singing Bowl","Bottled Lightning","Strawberry","Blue Kimono (Sakura)","Tiny Chest","Lee\u0027s Waffle","Omamori","Ancient Tea Set","aspiration:Nostalgia","hadesmod:WeaponCharger","Art of War","MawBank","aspiration:ChemicalBlood","aspiration:DefectSkillbook","Happy Flower","Pocketwatch","Pantograph","Letter Opener"],"acts_visited":["Gensokyo:Gensokyo","Gensokyo:Gensokyoer","Gensokyo:Gensokyoest"],"potions_floor_usage":[44,44,50,50],"damage_taken":[{"damage":13.0,"enemies":"Gensokyo:3_Fairies","floor":1.0,"turns":5.0},{"damage":16.0,"enemies":"Gensokyo:Python","floor":2.0,"turns":4.0},{"damage":29.0,"enemies":"Gensokyo:Gryphon","floor":5.0,"turns":5.0},{"damage":124.0,"enemies":"Gensokyo:Aya","floor":6.0,"turns":14.0},{"damage":9.0,"enemies":"Gensokyo:5_Fairies","floor":7.0,"turns":3.0},{"damage":27.0,"enemies":"Gensokyo:Mamizou","floor":10.0,"turns":9.0},{"damage":24.0,"enemies":"Gensokyo:3_Kodama","floor":11.0,"turns":4.0},{"damage":27.0,"enemies":"Gensokyo:Cirno","floor":12.0,"turns":5.0},{"damage":101.0,"enemies":"conspire:MimicChest","floor":13.0,"turns":14.0},{"damage":188.0,"enemies":"Gensokyo:Yukari","floor":16.0,"turns":28.0},{"damage":14.0,"enemies":"Gensokyo:Chomper","floor":18.0,"turns":5.0},{"damage":63.0,"enemies":"Gensokyo:Tenshi","floor":23.0,"turns":6.0},{"damage":6.0,"enemies":"Gensokyo:2_Gloops","floor":27.0,"turns":4.0},{"damage":130.0,"enemies":"Gensokyo:Koishi","floor":29.0,"turns":13.0},{"damage":22.0,"enemies":"Gensokyo:Wraith","floor":30.0,"turns":7.0},{"damage":47.0,"enemies":"Gensokyo:Swordslinger","floor":31.0,"turns":4.0},{"damage":57.0,"enemies":"Gensokyo:Eiki","floor":33.0,"turns":6.0},{"damage":20.0,"enemies":"Gensokyo:3_Bats","floor":35.0,"turns":4.0},{"damage":49,"enemies":"Gensokyo:3_Boulders","floor":39,"turns":5},{"damage":18,"enemies":"Gensokyo:Doremy","floor":42,"turns":6},{"damage":36,"enemies":"Gensokyo:4_Bats","floor":44,"turns":3},{"damage":46,"enemies":"Gensokyo:Shinki","floor":50,"turns":6}],"seed_played":"-1739274495642392045","potions_obtained":[{"floor":1.0,"key":"Block Potion"},{"floor":2.0,"key":"BlessingOfTheForge"},{"floor":5.0,"key":"Turbid Wine"},{"floor":6.0,"key":"Turbid Wine"},{"floor":7.0,"key":"Turbid Wine"},{"floor":10.0,"key":"Turbid Wine"},{"floor":11.0,"key":"Turbid Wine"},{"floor":11.0,"key":"FearPotion"},{"floor":12.0,"key":"Turbid Wine"},{"floor":12.0,"key":"Regen Potion"},{"floor":13.0,"key":"Turbid Wine"},{"floor":16.0,"key":"Turbid Wine"},{"floor":16.0,"key":"Keine"},{"floor":18.0,"key":"Strength Potion"},{"floor":23.0,"key":"Turbid Wine"},{"floor":29.0,"key":"Turbid Wine"},{"floor":29.0,"key":"Fire Potion"},{"floor":31.0,"key":"Fruit Juice"},{"floor":31.0,"key":"ZuzhouPotion:ReiMu"},{"floor":31.0,"key":"Regen Potion"},{"floor":33.0,"key":"Energy Potion"},{"floor":33.0,"key":"Weak Potion"},{"floor":39,"key":"SkillPotion"},{"floor":42,"key":"Strength Potion"},{"floor":44,"key":"AttackPotion"},{"floor":44,"key":"Regen Potion"}],"is_trial":false,"path_per_floor":["M","M","?","COS","M","E","M","R","T","E","M","E","?","T","R","B",null,"M","?","$","?","?","E","R","$","T","M","T","E","M","M","R","B",null,"M","?","?","?","M","T","R","E","T","M","R","$","R","$","R","B",null],"character_chosen":"YUYOKO","items_purchased":["Tiny Chest","Lee\u0027s Waffle","Open The Fan","The Nether","aspiration:Nostalgia","Letter Opener","Become Phantom"],"campfire_rested":6,"item_purchase_floors":[20,20,20,20,25,46,46],"current_hp_per_floor":[35,30,30,30,32,5,7,19,19,31,36,35,1,8,22,5,47,42,38,54,61,57,25,42,42,42,55,55,46,54,62,62,60,66,62,62,62,62,46,46,65,62,62,32,52,52,52,52,68,48],"gold":36,"neow_bonus":"RANDOM_COMMON_RELIC","is_daily":false,"chose_seed":false,"campfire_upgraded":2,"win_rate":0.0,"timestamp":1611355890,"path_taken":["M","M","?","COS","M","E","M","R","T","E","M","E","?","?","R","BOSS","M","?","$","?","?","E","R","$","T","?","?","E","M","M","R","BOSS","M","?","?","?","M","?","R","E","T","M","R","$","R","?","R","BOSS"],"items_purchased_type":["Relic","Relic","Card","Card","Relic","Relic","Card"],"build_version":"2020-12-22","purchased_purges":1,"victory":true,"max_hp_per_floor":[40,40,40,40,40,40,40,40,40,40,40,40,40,47,47,47,47,47,47,54,61,57,59,59,59,59,59,59,59,61,66,66,66,66,66,66,66,66,66,66,66,68,68,68,68,68,68,68,68,68],"card_choices":[{"not_picked":["Wandering Soul","Trap Lamp"],"picked":"Butterflies Rainbow","floor":1.0},{"not_picked":["Unstable Ward","Linger over Flower"],"picked":"Cerasus Subhirtella","floor":2.0},{"not_picked":["Dancing Butterflies","Unborn Light"],"picked":"Nihility","floor":5.0},{"not_picked":["Gather the Spring","Suicide"],"picked":"Steamed Phantom","floor":6.0},{"not_picked":["Gone","Fondling of Papilio"],"picked":"Linger over Flower","floor":7.0},{"not_picked":["Unknown Petal","End of Faramita"],"picked":"Gauzy Sakura","floor":10.0},{"not_picked":["Death Dancing","Butterflies Rainbow"],"picked":"Triple Snow","floor":11.0},{"not_picked":["Suicide","Dying Dream"],"picked":"Dark Wind","floor":12.0},{"not_picked":["Steamed Phantom","Linger over Flower"],"picked":"Childlike","floor":13.0},{"not_picked":["Supernatural Nether","Infinite Reviving"],"picked":"Full Inky Sakura","floor":16.0},{"not_picked":["Gauzy Sakura","Become Phantom"],"picked":"Ghostdom Sakura+1","floor":18.0},{"not_picked":["Fondling of Papilio","Unstable Ward","Gather the Spring+1"],"picked":"Singing Bowl","floor":23.0},{"not_picked":["End of Faramita","Reverse The Screen+1"],"picked":"Lunch+1","floor":27.0},{"not_picked":["Stifle","Childlike"],"picked":"Open The Fan+1","floor":29.0},{"not_picked":["Unborn Light","Phantom Village","Dream of Spring"],"picked":"Singing Bowl","floor":30.0},{"not_picked":["Bloom","Phantom Village"],"picked":"Dancing Butterflies+1","floor":31.0},{"not_picked":["Infinite Reviving","Reunion after Death"],"picked":"Living to Die","floor":33.0},{"not_picked":["Gather the Spring+1","Redo+1","Spear of Papilio+1"],"picked":"Capacitor+1","floor":35},{"not_picked":["Redemption of Death+1","Darkness+1","Fusion"],"picked":"White Noise+1","floor":39},{"not_picked":["Dying Sakura+1","Biased Cognition","Serene Spring+1","Redo+1"],"picked":"Singing Bowl","floor":42},{"not_picked":["Bomb+1","Go for the Eyes","StuffTheSpire:Plugnplay+1"],"picked":"Snow+1","floor":44}],"player_experience":547232,"relics_obtained":[{"floor":6.0,"key":"Mercury Hourglass"},{"floor":9.0,"key":"StuffTheSpire:Mouthbags"},{"floor":10.0,"key":"Nunchaku"},{"floor":12.0,"key":"Singing Bowl"},{"floor":13.0,"key":"Bottled Lightning"},{"floor":14.0,"key":"Strawberry"},{"floor":23.0,"key":"Ancient Tea Set"},{"floor":26.0,"key":"Art of War"},{"floor":28.0,"key":"MawBank"},{"floor":29.0,"key":"aspiration:ChemicalBlood"},{"floor":40,"key":"Happy Flower"},{"floor":42,"key":"Pocketwatch"},{"floor":43,"key":"Pantograph"}],"event_choices":[{"damage_healed":0.0,"max_hp_gain":0.0,"max_hp_loss":0.0,"gold_gain":0.0,"event_name":"conspire:Investor","player_choice":"Invest 1","floor":3.0,"gold_loss":0.0,"damage_taken":0.0}],"is_beta":false,"boss_relics":[{"not_picked":["energizedSpire:RedRose","Sozu"],"picked":"Blue Kimono"},{"not_picked":["aspiration:RunicSpoon","theSenshi:MoonKaleidoScopeRelic"],"picked":"aspiration:DefectSkillbook"}],"items_purged_floors":[46],"is_endless":false,"potions_floor_spawned":[1,2,5,11,12,16,18,23,29,31,35,44],"ascension_level":0}}