{"host":"7fyy23rucerupe6i","time":1611307475,"event":{"mods":["AchievementEnabler","Act Like it!","Aspiration","Bard","BaseMod","Better Note","Better Vampires","BetterRewards","Colored Map","Colored Powertips","Conspire","Curses Come First","Custom Start","Downfall","Googly Eyes","Hermit","Mad Scientist","Minty Spire (QoL Compilation)","Quick Restart","Relic Stats","Shop Mod","ShortenTheSpire","Spicy Shops","StSLib","SuperFastMode","The Gatherer"],"gold_per_floor":[119,141,141,151,151,194,220,220,220,264,290,314,314,333,333,462,462,462,462,462],"floor_reached":18,"language":"ZHS","playtime":1071,"items_purged":["hexamod:Defend","hexamod:Strike"],"score":174,"play_id":"ae3e991a-57b5-4f88-b7d2-67c6a9365b27","local_time":"20210122172435","is_ascension_mode":false,"campfire_choices":[{"data":"hexamod:BurningTouch","floor":13,"key":"SMITH"},{"data":"hexamod:ForkedFlame","floor":15,"key":"SMITH"}],"circlet_count":0,"master_deck":["hexamod:Strike","hexamod:Strike","hexamod:Strike","hexamod:Defend","hexamod:Defend","hexamod:Defend","hexamod:Sear","hexamod:Float","hexamod:FirstSeal","hexamod:SecondSeal","hexamod:GhostLash+1","hexamod:SpectersWail+1","hexamod:PowerFromBeyond","hexamod:ThirdSeal","hexamod:BurningTouch+1","Injury","hexamod:GhostShield","hexamod:TimeWarp","hexamod:HexaLevel+1","hexamod:AdvancingGuard","hexamod:BacktrackSmack","hexamod:DynamicBlow","hexamod:ForkedFlame+1","hexamod:RadiantFlame+1","hexamod:ApocalypticArmor+1","hexamod:FifthSeal"],"relics":["hexamod:UnbrokenSoul","hexamod:MatchstickCase","Prayer Wheel","champ:DeflectingBracers","Sundial","Frozen Egg 2","Whetstone","Golden Idol","Bottled Tornado","Slimebound:PreparedRelic"],"acts_visited":["Exordium","TheCity"],"potions_floor_usage":[6],"damage_taken":[{"damage":0,"enemies":"Jaw Worm","floor":1,"turns":3},{"damage":0,"enemies":"Small Slimes","floor":2,"turns":3},{"damage":0,"enemies":"2 Louse","floor":4,"turns":3},{"damage":13,"enemies":"Lagavulin","floor":6,"turns":7},{"damage":0,"enemies":"Looter","floor":7,"turns":3},{"damage":5,"enemies":"Gremlin Nob","floor":10,"turns":3},{"damage":0,"enemies":"Large Slime","floor":11,"turns":5},{"damage":8,"enemies":"2 Fungi Beasts","floor":12,"turns":3},{"damage":0,"enemies":"Gremlin Gang","floor":14,"turns":2},{"damage":31,"enemies":"The Guardian","floor":16,"turns":6},{"damage":19,"enemies":"Shell Parasite","floor":18,"turns":4}],"seed_played":"1518792494362346751","potions_obtained":[{"floor":4,"key":"Block Potion"},{"floor":7,"key":"FearPotion"},{"floor":12,"key":"LiquidMemories"}],"is_trial":false,"path_per_floor":["M","M","?","M","?","E","M","?","T","E","M","M","R","M","R","B",null,"M"],"character_chosen":"THE_SPIRIT","items_purchased":["hexamod:MatchstickCase","Prayer Wheel"],"campfire_rested":0,"item_purchase_floors":[0,0],"current_hp_per_floor":[45,52,34,41,41,35,42,25,25,27,34,33,33,40,40,16,70,51,51,51],"gold":462,"neow_bonus":"","is_daily":false,"chose_seed":false,"campfire_upgraded":2,"win_rate":0.0,"timestamp":1611307475,"path_taken":["M","M","?","M","?","E","M","?","T","E","M","M","R","M","R","BOSS","M"],"items_purchased_type":["Relic","Relic"],"build_version":"2020-12-22","purchased_purges":2,"victory":false,"max_hp_per_floor":[70,70,70,70,70,70,70,70,70,70,70,70,70,70,70,70,70,70,70,70],"relic_stats":{"counters":[13,42],"Sundial":[4],"Golden Idol":53,"Prayer Wheel":7,"Whetstone":["hexamod:GhostLash","hexamod:SpectersWail"],"obtain_stats":[{"conspire:TreasureMap":0,"aspiration:Nostalgia":0,"Golden Idol":8,"downfall:HeartsMalice":0,"Mango":0,"champ:DeflectingBracers":0,"Guardian:PocketSentry":0,"Whetstone":6,"Frozen Egg 2":5,"Bottled Tornado":9,"Sling":0,"ClockworkSouvenir":0,"hexamod:MatchstickCase":0,"hexamod:UnbrokenSoul":17,"Sundial":3,"Orrery":0,"Prayer Wheel":0,"Slimebound:PreparedRelic":10,"Slimebound:AbsorbEndCombat":0,"Membership Card":0,"hexamod:SpiritBrand":0},{"conspire:TreasureMap":2,"aspiration:Nostalgia":2,"Golden Idol":7,"downfall:HeartsMalice":0,"Mango":2,"champ:DeflectingBracers":2,"Guardian:PocketSentry":2,"Whetstone":6,"Frozen Egg 2":5,"Bottled Tornado":7,"Sling":2,"ClockworkSouvenir":2,"hexamod:MatchstickCase":2,"hexamod:UnbrokenSoul":12,"Sundial":4,"Orrery":2,"Prayer Wheel":2,"Slimebound:PreparedRelic":8,"Slimebound:AbsorbEndCombat":0,"Membership Card":2,"hexamod:SpiritBrand":2},{"conspire:TreasureMap":0,"aspiration:Nostalgia":0,"Golden Idol":19,"downfall:HeartsMalice":0,"Mango":0,"champ:DeflectingBracers":0,"Guardian:PocketSentry":0,"Whetstone":16,"Frozen Egg 2":9,"Bottled Tornado":19,"Sling":0,"ClockworkSouvenir":0,"hexamod:MatchstickCase":0,"hexamod:UnbrokenSoul":38,"Sundial":6,"Orrery":0,"Prayer Wheel":0,"Slimebound:PreparedRelic":22,"Slimebound:AbsorbEndCombat":0,"Membership Card":0,"hexamod:SpiritBrand":0}]},"card_choices":[{"not_picked":["hexamod:Firestarter","hexamod:TurnItUp"],"picked":"hexamod:SecondSeal","floor":1},{"not_picked":["hexamod:SwordOfDarkness","hexamod:EtherealExpedition"],"picked":"hexamod:GhostLash","floor":1},{"not_picked":["hexamod:HauntingEcho","hexamod:ShieldOfDarkness"],"picked":"hexamod:SpectersWail","floor":2},{"not_picked":["hexamod:NecessarySacrifice","hexamod:NightmareStrike"],"picked":"hexamod:PowerFromBeyond","floor":2},{"not_picked":["hexamod:SpectralSpark","hexamod:SpectersWail"],"picked":"hexamod:ThirdSeal","floor":4},{"not_picked":["hexamod:SpectersWail","hexamod:ThermalTransfer"],"picked":"hexamod:BurningTouch","floor":4},{"not_picked":["hexamod:InspiringFlames","hexamod:FastForward"],"picked":"hexamod:GhostShield","floor":6},{"not_picked":["hexamod:Rewind","hexamod:SpectersWail","hexamod:ThermalTransfer"],"picked":"SKIP","floor":6},{"not_picked":["hexamod:GhostOfSpirePast+1","hexamod:NecessarySacrifice"],"picked":"hexamod:TimeWarp","floor":7},{"not_picked":["hexamod:NecessarySacrifice","hexamod:AdvancingGuard","hexamod:Hexaguard"],"picked":"SKIP","floor":7},{"not_picked":["hexamod:HeatMetal","hexamod:NightmareStrike","hexamod:FlamesFromBeyond"],"picked":"SKIP","floor":7},{"not_picked":["hexamod:RainOfEmbers","hexamod:RadiantFlame+1","hexamod:Again"],"picked":"SKIP","floor":10},{"not_picked":["hexamod:NightmareStrike","hexamod:Firestarter","hexamod:HeatMetal"],"picked":"SKIP","floor":10},{"not_picked":["hexamod:PhantomFireball","hexamod:GhostOfSpirePast+1"],"picked":"hexamod:HexaLevel+1","floor":11},{"not_picked":["hexamod:NecessarySacrifice","hexamod:InspiringFlames","hexamod:SpectersWail"],"picked":"SKIP","floor":11},{"not_picked":["hexamod:EtherealExpedition","hexamod:GhostShield","hexamod:ChargedBarrage"],"picked":"SKIP","floor":11},{"not_picked":["hexamod:SwordOfDarkness","hexamod:HeatMetal"],"picked":"hexamod:AdvancingGuard","floor":12},{"not_picked":["hexamod:Again","hexamod:NightmareGuise"],"picked":"hexamod:BacktrackSmack","floor":12},{"not_picked":["hexamod:ThermalTransfer","hexamod:SkipABeat"],"picked":"hexamod:DynamicBlow","floor":14},{"not_picked":["hexamod:SwordOfDarkness","hexamod:HauntingEcho"],"picked":"hexamod:ForkedFlame","floor":14},{"not_picked":["hexamod:HeatMetal","hexamod:BurningTouch"],"picked":"hexamod:RadiantFlame+1","floor":14},{"not_picked":["hexamod:SearingWound","hexamod:UnlimitedPower"],"picked":"hexamod:ApocalypticArmor+1","floor":16},{"not_picked":["hexamod:VolcanoVisage+1","hexamod:ParanormalForm+1"],"picked":"hexamod:FifthSeal","floor":16}],"player_experience":356272,"relics_obtained":[{"floor":6,"key":"Whetstone"},{"floor":9,"key":"Bottled Tornado"},{"floor":10,"key":"Slimebound:PreparedRelic"}],"event_choices":[{"damage_healed":0,"gold_gain":0,"player_choice":"Success","damage_taken":18,"relics_obtained":["Sundial"],"max_hp_gain":0,"max_hp_loss":0,"event_name":"Scrap Ooze","floor":3,"gold_loss":0},{"damage_healed":0,"gold_gain":0,"player_choice":"Take Damage","damage_taken":17,"relics_obtained":["Golden Idol"],"max_hp_gain":0,"max_hp_loss":0,"event_name":"Golden Idol","floor":8,"gold_loss":0}],"is_beta":false,"boss_relics":[{"not_picked":["aspiration:RunicSpoon","aspiration:BardSkillbook"],"picked":"hexamod:UnbrokenSoul"}],"items_purged_floors":[0,0],"is_endless":false,"potions_floor_spawned":[4,7,12],"killed_by":"Shell Parasite","ascension_level":0}}