{"host":"bf9sa99gaumonoeu","time":1611285336,"event":{"mods":["AchievementEnabler","Act Like it!","Aspiration","BaseMod","Bestiary","Better Note","Block Reminder","Colored Map","Colored Powertips","Fox Events","Friendly Minions","Gensokyo","GifTheSpireLib","Googly Eyes","Hallownest","Hermit","Highlight Path","Jorbs\u0027s Wanderer Trilogy","KinomotoSakuraMod(????)","Koishi","Marisa????????","Minty Spire (QoL Compilation)","Rare Cards Sparkle","Relic Stats","Spire Arcade","StSLib","The Administrix","The Animator","The Bug Knight","The Construct","The Cursed","The Hierophant","The Mystic","The Necromancer","The Poker Player","The Runesmith","The Senshi","The Servant 0.9.4","ojb\u0027s Info Mod"],"gold_per_floor":[111,28,46,65,79,112,112,132,132,152,181,181,207,220,220,298,298,314,324,337,355,368,403,403,435,435,462,243,260,288,303,303,374,374,391,189,201,218,232,261,261,261,261,261,261,294,10,39,39,39,39,39],"floor_reached":51,"language":"ENG","playtime":6347,"items_purged":["Strike_G","Strike_G"],"score":1682,"play_id":"e1f46c75-ee83-4c77-94b8-4b501a4ffa2f","local_time":"20210122011536","is_ascension_mode":true,"campfire_choices":[{"data":"Bane","floor":7.0,"key":"SMITH"},{"data":"Catalyst","floor":15.0,"key":"SMITH"},{"data":"Envenom","floor":24.0,"key":"SMITH"},{"data":"Riddle With Holes","floor":32.0,"key":"SMITH"},{"data":"Wraith Form v2","floor":42.0,"key":"SMITH"},{"data":"Glass Knife","floor":44.0,"key":"SMITH"},{"data":"Sadistic Nature","floor":49.0,"key":"SMITH"}],"circlet_count":0,"master_deck":["AscendersBane","Strike_G","Strike_G","Strike_G","Defend_G","Defend_G","Defend_G+1","Defend_G","Defend_G","Survivor+1","Neutralize","Riddle With Holes+1","Dagger Throw","Bane+1","Slice","Deadly Poison","Acrobatics","Catalyst+1","Terror","Deflect","Backstab","Glass Knife+1","Crippling Poison","Acrobatics+1","Crippling Poison+1","Reflex","Envenom+1","PiercingWail","Eviscerate","PiercingWail+1","Riddle With Holes","Wraith Form v2+1","Bouncing Flask","Mind Blast","PiercingWail","Blur","Wraith","Sadistic Nature+1","PiercingWail"],"relics":["Ring of the Snake","aspiration:Nostalgia","Burning Blood","aspiration:HiddenCompartment","theSenshi:FeatherClipsRelic","Eternal Feather","Thread and Needle","War Paint","aspiration:FrozenJewel","Velvet Choker","Gremlin Horn","Centennial Puzzle","WingedGreaves","Bag of Marbles","Akabeko","SlaversCollar","HollowMod:LifeEnderRelic","Ginger","Membership Card","theSenshi:SailorFukuRelic"],"acts_visited":["Exordium","TheCity","TheBeyond"],"potions_floor_usage":[50,50],"damage_taken":[{"damage":1.0,"enemies":"Small Slimes","floor":1.0,"turns":4.0},{"damage":0.0,"enemies":"Cultist","floor":3.0,"turns":3.0},{"damage":0.0,"enemies":"Jaw Worm","floor":4.0,"turns":5.0},{"damage":0.0,"enemies":"Blue Slaver","floor":5.0,"turns":5.0},{"damage":20.0,"enemies":"3 Sentries","floor":6.0,"turns":5.0},{"damage":3.0,"enemies":"3 Louse","floor":8.0,"turns":5.0},{"damage":1.0,"enemies":"2 Fungi Beasts","floor":10.0,"turns":3.0},{"damage":21.0,"enemies":"Lagavulin","floor":11.0,"turns":8.0},{"damage":27.0,"enemies":"3 Sentries","floor":13.0,"turns":10.0},{"damage":0.0,"enemies":"Gremlin Gang","floor":14.0,"turns":6.0},{"damage":43.0,"enemies":"Slime Boss","floor":16.0,"turns":11.0},{"damage":3.0,"enemies":"3 Byrds","floor":18.0,"turns":5.0},{"damage":0.0,"enemies":"2 Thieves","floor":19.0,"turns":4.0},{"damage":0.0,"enemies":"Snake Plant","floor":20.0,"turns":2.0},{"damage":2.0,"enemies":"Snecko","floor":21.0,"turns":7.0},{"damage":0.0,"enemies":"Cultist and Chosen","floor":22.0,"turns":4.0},{"damage":28.0,"enemies":"Slavers","floor":23.0,"turns":5.0},{"damage":5.0,"enemies":"Gremlin Leader","floor":25.0,"turns":6.0},{"damage":16.0,"enemies":"Slavers","floor":27.0,"turns":3.0},{"damage":15.0,"enemies":"Snake Plant","floor":29.0,"turns":3.0},{"damage":8.0,"enemies":"Gremlin Leader","floor":30.0,"turns":5.0},{"damage":0.0,"enemies":"Centurion and Healer","floor":31.0,"turns":5.0},{"damage":50.0,"enemies":"Champ","floor":33.0,"turns":12.0},{"damage":0.0,"enemies":"3 Shapes","floor":35.0,"turns":5.0},{"damage":4.0,"enemies":"3 Darklings","floor":37.0,"turns":7.0},{"damage":40.0,"enemies":"Spire Growth","floor":38.0,"turns":4.0},{"damage":1.0,"enemies":"4 Shapes","floor":39.0,"turns":4.0},{"damage":47.0,"enemies":"Giant Head","floor":40.0,"turns":8.0},{"damage":21.0,"enemies":"Reptomancer","floor":46.0,"turns":5.0},{"damage":6.0,"enemies":"Giant Head","floor":48.0,"turns":6.0},{"damage":53,"enemies":"Awakened One","floor":50,"turns":13},{"damage":26,"enemies":"Donu and Deca","floor":51,"turns":3}],"seed_played":"-8884894315468573428","potions_obtained":[{"floor":1.0,"key":"ColorlessPotion"},{"floor":6.0,"key":"GamblersBrew"},{"floor":10.0,"key":"Weak Potion"},{"floor":11.0,"key":"SmokeBomb"},{"floor":19.0,"key":"Block Potion"},{"floor":21.0,"key":"Block Potion"},{"floor":23.0,"key":"FearPotion"},{"floor":35.0,"key":"EntropicBrew"},{"floor":46.0,"key":"LiquidMemories"}],"is_trial":false,"path_per_floor":["M","?","M","M","M","E","R","M","T","M","E","?","E","M","R","B",null,"M","M","M","M","M","E","R","E","T","E","$","M","E","M","R","B",null,"M","$","M","M","M","E","?","R","T","R","?","E","$","E","R","B","B"],"character_chosen":"THE_SILENT","items_purchased":["Eviscerate","SteroidPotion","Mind Blast","Membership Card","Sadistic Nature","Strength Potion"],"campfire_rested":0,"item_purchase_floors":[28,28,36,47,47,47],"current_hp_per_floor":[64,64,66,66,66,52,52,61,61,66,57,46,31,43,55,24,56,65,66,66,66,66,50,65,66,66,62,62,59,63,66,66,28,57,66,66,66,38,49,14,14,35,35,56,56,47,47,53,66,25,0,0],"gold":39,"neow_bonus":"NOSTALGIA","is_daily":false,"chose_seed":false,"campfire_upgraded":7,"win_rate":0.0,"timestamp":1611285336,"path_taken":["M","?","M","?","M","E","R","M","T","M","E","?","E","M","R","BOSS","M","M","M","M","M","E","R","E","T","E","$","M","E","M","R","BOSS","M","$","M","M","M","E","?","R","T","R","?","E","$","E","R","BOSS","BOSS"],"items_purchased_type":["Card","Potion","Card","Relic","Card","Potion"],"build_version":"2020-12-22","purchased_purges":2,"victory":false,"max_hp_per_floor":[66,66,66,66,66,66,66,66,66,66,66,66,66,66,66,66,66,66,66,66,66,66,66,66,66,66,66,66,66,66,66,66,66,66,66,66,66,66,66,66,66,66,66,66,66,66,66,66,66,66,66,66],"relic_stats":{"Centennial Puzzle":[36],"Gremlin Horn":[28,28],"counters":[32,181],"Eternal Feather":82,"Ginger":[2],"War Paint":["Survivor","Defend_G"],"obtain_stats":[{"HollowMod:LifeEnderRelic":40,"Gremlin Horn":23,"aspiration:Nostalgia":0,"Velvet Choker":17,"Eternal Feather":9,"Thread and Needle":11,"theSenshi:FeatherClipsRelic":6,"Ginger":46,"War Paint":12,"aspiration:HiddenCompartment":2,"Burning Blood":0,"aspiration:FrozenJewel":13,"Akabeko":30,"SlaversCollar":34,"Centennial Puzzle":25,"WingedGreaves":26,"Bag of Marbles":27,"Membership Card":47,"theSenshi:SailorFukuRelic":48,"Ring of the Snake":0},{"HollowMod:LifeEnderRelic":28,"Gremlin Horn":17,"aspiration:Nostalgia":0,"Velvet Choker":11,"Eternal Feather":6,"Thread and Needle":8,"theSenshi:FeatherClipsRelic":5,"Ginger":29,"War Paint":8,"aspiration:HiddenCompartment":1,"Burning Blood":0,"aspiration:FrozenJewel":9,"Akabeko":21,"SlaversCollar":23,"Centennial Puzzle":18,"WingedGreaves":18,"Bag of Marbles":19,"Membership Card":29,"theSenshi:SailorFukuRelic":30,"Ring of the Snake":0},{"HollowMod:LifeEnderRelic":154,"Gremlin Horn":92,"aspiration:Nostalgia":0,"Velvet Choker":65,"Eternal Feather":27,"Thread and Needle":38,"theSenshi:FeatherClipsRelic":22,"Ginger":159,"War Paint":38,"aspiration:HiddenCompartment":4,"Burning Blood":0,"aspiration:FrozenJewel":48,"Akabeko":109,"SlaversCollar":126,"Centennial Puzzle":98,"WingedGreaves":98,"Bag of Marbles":101,"Membership Card":159,"theSenshi:SailorFukuRelic":165,"Ring of the Snake":0}],"Burning Blood":144,"Ring of the Snake":[64]},"card_choices":[{"not_picked":["Cloak And Dagger","Dodge and Roll"],"picked":"Riddle With Holes","floor":1.0},{"not_picked":["Caltrops","Acrobatics"],"picked":"Dagger Throw","floor":3.0},{"not_picked":["Escape Plan","PiercingWail"],"picked":"Bane","floor":4.0},{"not_picked":["Flying Knee","Bane"],"picked":"Slice","floor":5.0},{"not_picked":["Sucker Punch","Backstab"],"picked":"Deadly Poison","floor":6.0},{"not_picked":["Dodge and Roll","Grand Finale"],"picked":"Acrobatics","floor":8.0},{"not_picked":["Bane","Infinite Blades"],"picked":"Catalyst","floor":10.0},{"not_picked":["Flechettes","Deflect"],"picked":"Terror","floor":11.0},{"not_picked":["Blur","Distraction"],"picked":"Deflect","floor":13.0},{"not_picked":["Infinite Blades","Masterful Stab"],"picked":"Backstab","floor":14.0},{"not_picked":["Phantasmal Killer","Tools of the Trade"],"picked":"Glass Knife","floor":16.0},{"not_picked":["Dodge and Roll","Blur"],"picked":"Crippling Poison","floor":18.0},{"not_picked":["Quick Slash","Backflip"],"picked":"Acrobatics+1","floor":19.0},{"not_picked":["Choke","Backflip"],"picked":"Crippling Poison+1","floor":20.0},{"not_picked":["Dagger Spray","Flying Knee","Accuracy"],"picked":"SKIP","floor":21.0},{"not_picked":["Slice","Blade Dance"],"picked":"Reflex","floor":22.0},{"not_picked":["Cloak And Dagger","Sucker Punch"],"picked":"Envenom","floor":23.0},{"not_picked":["Quick Slash","Blade Dance+1","Accuracy"],"picked":"SKIP","floor":25.0},{"not_picked":["Outmaneuver","Caltrops+1"],"picked":"PiercingWail","floor":27.0},{"not_picked":["Slice","Backflip"],"picked":"PiercingWail+1","floor":29.0},{"not_picked":["Blade Dance","Poisoned Stab"],"picked":"Riddle With Holes","floor":30.0},{"not_picked":["Acrobatics","Poisoned Stab+1","Concentrate"],"picked":"SKIP","floor":31.0},{"not_picked":["Night Terror","aspiration:Lunge"],"picked":"Wraith Form v2","floor":33.0},{"not_picked":["Acrobatics","Endless Agony"],"picked":"Bouncing Flask","floor":35.0},{"not_picked":["Prepared","Backflip","Outmaneuver"],"picked":"SKIP","floor":37.0},{"not_picked":["Caltrops","Bane","Doppelganger"],"picked":"SKIP","floor":38.0},{"not_picked":["Concentrate","Underhanded Strike"],"picked":"PiercingWail","floor":39.0},{"not_picked":["Flechettes+1","Sucker Punch"],"picked":"Blur","floor":40.0},{"not_picked":["All Out Attack","Setup","Escape Plan+1"],"picked":"SKIP","floor":46.0},{"not_picked":["Crippling Poison","Dagger Spray"],"picked":"PiercingWail","floor":48.0}],"player_experience":1090059,"relics_obtained":[{"floor":6.0,"key":"theSenshi:FeatherClipsRelic"},{"floor":9.0,"key":"Eternal Feather"},{"floor":11.0,"key":"Thread and Needle"},{"floor":13.0,"key":"aspiration:FrozenJewel"},{"floor":23.0,"key":"Gremlin Horn"},{"floor":25.0,"key":"Centennial Puzzle"},{"floor":26.0,"key":"WingedGreaves"},{"floor":27.0,"key":"Bag of Marbles"},{"floor":30.0,"key":"Akabeko"},{"floor":40.0,"key":"HollowMod:LifeEnderRelic"},{"floor":46.0,"key":"Ginger"},{"floor":48.0,"key":"theSenshi:SailorFukuRelic"}],"event_choices":[{"damage_healed":0.0,"max_hp_gain":0.0,"max_hp_loss":0.0,"gold_gain":0.0,"event_name":"WeMeetAgain","player_choice":"Paid Gold","floor":2.0,"gold_loss":83.0,"damage_taken":0.0,"relics_obtained":["aspiration:HiddenCompartment"]},{"damage_healed":0.0,"max_hp_gain":0.0,"max_hp_loss":0.0,"gold_gain":0.0,"event_name":"Scrap Ooze","player_choice":"Success","floor":12.0,"gold_loss":0.0,"damage_taken":11.0,"relics_obtained":["War Paint"]},{"damage_healed":0.0,"max_hp_gain":0.0,"max_hp_loss":0.0,"gold_gain":0.0,"event_name":"OrinTheCat","player_choice":"Ignored","floor":41.0,"gold_loss":0.0,"damage_taken":0.0}],"is_beta":false,"boss_relics":[{"not_picked":["aspiration:SecretTechniqueScroll","aspiration:FutureDiary"],"picked":"Velvet Choker"},{"not_picked":["Calling Bell","WristBlade"],"picked":"SlaversCollar"}],"items_purged_floors":[28,36],"is_endless":false,"potions_floor_spawned":[1,6,10,11,19,21,23,29,30,31,35,39,46],"killed_by":"Donu and Deca","ascension_level":20}}