{"host":"gzsdmyo07u314vug","time":1611314479,"event":{"mods":["2.2 Compatiblity","Astrologer","BaseMod","Colored Powertips","GifTheSpireLib","Gremlin Mod","Hermit","Jorbs\u0027s Wanderer Trilogy","Minty Spire (QoL Compilation)","Quick Restart","Rare Cards Sparkle","Relic Stats","Replay The Spire","Robot Space Explorer","Shop Mod","StSLib","The Bug Knight","The Construct","The Cursed","The Elementalist","The Hierophant","The IronCluck","The Marked","The Necromancer","The Runesmith","The Servant 0.9.4","Unceasing Turn Reminder","everything is the same but u backflip on backflip","slay the spire mod where everything is the same but ironclad has a cowboy hat","vexMod"],"gold_per_floor":[119,138,181,181,196,196,226,246,300,300,108,130,130,130,130,232,232,249,263,274,199,99,99,112,112,135,135,166,41,41,54,54,155,155,175,189,201,51,65,65,75,75,75,101,101,76,87,87,87,87],"floor_reached":51,"language":"ENG","playtime":4313,"items_purged":["Runesmith:Strike_RS","Runesmith:Strike_RS","Runesmith:Strike_RS","Runesmith:Defend_RS"],"score":782,"play_id":"f589a814-766b-44f4-9c18-600749917c5f","local_time":"20210122082119","is_ascension_mode":true,"campfire_choices":[{"data":"Runesmith:Grindstone","floor":6.0,"key":"SMITH"},{"data":"Runesmith:ArcReactor","floor":10.0,"key":"SMITH"},{"data":"Runesmith:CraftIncendium","floor":13.0,"key":"SMITH"},{"data":"Runesmith:FrozenChisel","floor":15.0,"key":"SMITH"},{"floor":23.0,"key":"REST"},{"data":"Runesmith:GrandSlam","floor":25.0,"key":"SMITH"},{"data":"Runesmith:BackupBattery+2","floor":40.0,"key":"SMITH"},{"data":"Runesmith:RuneHurl","floor":45.0,"key":"SMITH"},{"data":"Runesmith:Defend_RS","floor":49,"key":"SMITH"}],"circlet_count":0,"master_deck":["Runesmith:Defend_RS","Runesmith:Defend_RS","Runesmith:Defend_RS+1","Runesmith:CraftFirestone+1","Runesmith:Fortify+1","Runesmith:Grindstone+1","Runesmith:FrozenChisel+1","Runesmith:ChaoticBlast","Runesmith:ArcReactor+1","Runesmith:CraftIncendium+1","Runesmith:EnergizedChisel+1","Runesmith:EnergizedChisel+1","Runesmith:CraftProtectio+1","Runesmith:DuctTape+1","Runesmith:BackupBattery+4","Runesmith:ChiselStab+1","Runesmith:GrandSlam+1","Runesmith:RuneHurl+1","Runesmith:ArcReactor+1","Runesmith:EarthShield+1","Runesmith:CraftMedicinae","AbeCurse","Runesmith:StaticCage+1","Runesmith:Augment+1","Runesmith:LastStand"],"relics":["Runesmith:BrokenRuby","ReplayTheSpireMod:Lightbulb","Replay:Accelerometer","Pet Ghost","Odd Mushroom","vexMod:ImprovementManual","Vajra","MutagenicStrength","Blood Vial","Abe\u0027s Treasure","FossilizedHelix","Replay:Bottled Eggs"],"acts_visited":["Exordium","TheCity","TheBeyond"],"potions_floor_usage":[50,50,50],"damage_taken":[{"damage":1.0,"enemies":"2 Louse","floor":1.0,"turns":4.0},{"damage":0.0,"enemies":"Small Slimes","floor":2.0,"turns":4.0},{"damage":0.0,"enemies":"Jaw Worm","floor":5.0,"turns":4.0},{"damage":14.0,"enemies":"Lagavulin","floor":7.0,"turns":6.0},{"damage":0.0,"enemies":"3 Louse","floor":8.0,"turns":2.0},{"damage":17.0,"enemies":"The Mushroom Lair","floor":12.0,"turns":3.0},{"damage":0.0,"enemies":"Hexaghost","floor":16.0,"turns":9.0},{"damage":7.0,"enemies":"Shell Parasite","floor":18.0,"turns":6.0},{"damage":20.0,"enemies":"3 Byrds","floor":19.0,"turns":5.0},{"damage":25.0,"enemies":"Cultist and Chosen","floor":20.0,"turns":5.0},{"damage":3.0,"enemies":"Centurion and Healer","floor":24.0,"turns":7.0},{"damage":4.0,"enemies":"HollowMod:Nosk","floor":28.0,"turns":6.0},{"damage":0.0,"enemies":"Snake Plant","floor":31.0,"turns":1.0},{"damage":4.0,"enemies":"Pondfish","floor":33.0,"turns":6.0},{"damage":3.0,"enemies":"Orb Walker","floor":35.0,"turns":4.0},{"damage":3.0,"enemies":"3 Shapes","floor":36.0,"turns":3.0},{"damage":21.0,"enemies":"Spire Growth","floor":37.0,"turns":7.0},{"damage":3.0,"enemies":"Maw","floor":39.0,"turns":7.0},{"damage":2.0,"enemies":"Writhing Mass","floor":41.0,"turns":7.0},{"damage":0.0,"enemies":"Giant Head","floor":44.0,"turns":10.0},{"damage":0,"enemies":"Sphere and 2 Shapes","floor":47,"turns":6},{"damage":44,"enemies":"Donu and Deca","floor":50,"turns":11}],"seed_played":"-3217416636134462848","potions_obtained":[{"floor":3.0,"key":"Doom Potion"},{"floor":3.0,"key":"BlessingOfTheForge"},{"floor":7.0,"key":"Strength Potion"},{"floor":16.0,"key":"Adrenaline Potion"},{"floor":24.0,"key":"SkillPotion"},{"floor":28.0,"key":"Strength Potion"},{"floor":35.0,"key":"Swift Potion"},{"floor":39.0,"key":"Toxic Potion"}],"is_trial":false,"path_per_floor":["M","M","?","?","M","R","E","M","T","R","$","?","R","?","R","B",null,"M","M","M","?","$","R","M","R","T","?","E","$","?","M","R","B",null,"M","M","M","$","M","R","M","?","T","E","R","?","M","?","R","B",null],"character_chosen":"RUNESMITH_CLASS","items_purchased":["Runesmith:CraftIncendium","Runesmith:EnergizedChisel"],"campfire_rested":1,"item_purchase_floors":[11,11],"current_hp_per_floor":[69,69,52,52,52,52,38,38,38,38,38,21,21,21,21,21,70,63,43,18,18,18,39,36,36,36,36,32,32,32,34,55,53,70,67,66,55,55,59,59,68,66,66,66,66,66,66,66,66,22],"gold":87,"neow_bonus":"UPGRADE_CARD","is_daily":false,"chose_seed":false,"campfire_upgraded":8,"win_rate":0.0,"timestamp":1611314479,"path_taken":["M","M","?","?","M","R","E","M","T","R","$","?","R","?","R","BOSS","M","M","M","?","$","R","M","R","T","?","E","$","?","?","R","BOSS","M","?","?","$","M","R","M","?","T","E","R","?","M","?","R","BOSS"],"items_purchased_type":["Card","Card"],"build_version":"2020-12-22","purchased_purges":4,"victory":true,"max_hp_per_floor":[70,70,70,70,70,70,70,70,70,70,70,70,70,70,70,70,70,70,70,70,70,70,70,70,70,70,70,70,70,70,70,70,70,70,70,70,70,70,70,70,70,66,66,66,66,66,66,66,66,66],"relic_stats":{"Blood Vial":12,"counters":[22,122],"obtain_stats":[{"Blood Vial":28,"Replay:Accelerometer":7,"Runesmith:BrokenRuby":0,"MutagenicStrength":27,"Vajra":26,"Odd Mushroom":12,"Replay:Bottled Eggs":44,"ReplayTheSpireMod:Lightbulb":3,"Pet Ghost":9,"vexMod:ImprovementManual":17,"Abe\u0027s Treasure":34,"FossilizedHelix":43},{"Blood Vial":12,"Replay:Accelerometer":4,"Runesmith:BrokenRuby":0,"MutagenicStrength":11,"Vajra":11,"Odd Mushroom":6,"Replay:Bottled Eggs":20,"ReplayTheSpireMod:Lightbulb":2,"Pet Ghost":5,"vexMod:ImprovementManual":7,"Abe\u0027s Treasure":14,"FossilizedHelix":19},{"Blood Vial":61,"Replay:Accelerometer":18,"Runesmith:BrokenRuby":0,"MutagenicStrength":55,"Vajra":55,"Odd Mushroom":23,"Replay:Bottled Eggs":106,"ReplayTheSpireMod:Lightbulb":8,"Pet Ghost":20,"vexMod:ImprovementManual":32,"Abe\u0027s Treasure":68,"FossilizedHelix":96}]},"card_choices":[{"not_picked":["Runesmith:BackupBattery","Runesmith:HeatExchange"],"picked":"Runesmith:Grindstone","floor":1.0},{"not_picked":["Runesmith:ShiftingStrike","Runesmith:HeatExchange"],"picked":"Runesmith:FrozenChisel","floor":2.0},{"not_picked":["Runesmith:MakeshiftArmor","Runesmith:HeatExchange"],"picked":"Runesmith:UnstableHammer","floor":5.0},{"not_picked":["Runesmith:MakeshiftArmor","Runesmith:Overpower"],"picked":"Runesmith:ChaoticBlast","floor":7.0},{"not_picked":["Runesmith:CraftSpiculum","Runesmith:MakeshiftArmor"],"picked":"Runesmith:ArcReactor","floor":8.0},{"not_picked":["Runesmith:Terraform","Runesmith:Malloc"],"picked":"Runesmith:CraftProtectio","floor":12.0},{"not_picked":["Runesmith:GrandSlam","Runesmith:GenerateForcefield"],"picked":"Runesmith:DuctTape","floor":16.0},{"not_picked":["Runesmith:HeatExchange","Runesmith:Malloc+1","Runesmith:HammerAndChisel"],"picked":"SKIP","floor":18.0},{"not_picked":["Runesmith:CraftProtectio","Runesmith:HeatExchange+1"],"picked":"Runesmith:BackupBattery+1","floor":19.0},{"not_picked":["Runesmith:CraftProtectio","Runesmith:Overpower+1"],"picked":"Runesmith:ChiselStab+1","floor":20.0},{"not_picked":["Runesmith:MakeshiftArmor+1","Runesmith:Empowerment"],"picked":"Runesmith:GrandSlam","floor":24.0},{"not_picked":["Runesmith:Firewall","Runesmith:Superposition"],"picked":"Runesmith:RuneHurl","floor":28.0},{"not_picked":["Runesmith:ChiselStab","Runesmith:StaticCage"],"picked":"Runesmith:EarthShield+1","floor":31.0},{"not_picked":["Runesmith:LightningRod","Runesmith:CraftPrismatica"],"picked":"Runesmith:CraftMedicinae","floor":33.0},{"not_picked":["Runesmith:RunicBlueprint+1","Runesmith:RuneHurl","Runesmith:MakeshiftArmor+1"],"picked":"SKIP","floor":35.0},{"not_picked":["Runesmith:MakeshiftArmor","Runesmith:Superposition+1","Runesmith:CraftProtectio"],"picked":"SKIP","floor":36.0},{"not_picked":["Runesmith:Terraform+1","Runesmith:Retool+1"],"picked":"Runesmith:StaticCage+1","floor":37.0},{"not_picked":["Runesmith:HeatedChisel","Runesmith:ChiselStab","Runesmith:HeatExchange"],"picked":"SKIP","floor":39.0},{"not_picked":["Runesmith:Empowerment","Runesmith:WhiteBalance","Runesmith:ChaoticBlast+1"],"picked":"SKIP","floor":41.0},{"not_picked":["Runesmith:MakeshiftArmor","Runesmith:RunicBlueprint","Runesmith:Overpower"],"picked":"SKIP","floor":44.0},{"not_picked":["Runesmith:RuneHurl+1","Runesmith:ChiselStab"],"picked":"Runesmith:Augment+1","floor":47}],"player_experience":762247,"relics_obtained":[{"floor":3.0,"key":"ReplayTheSpireMod:Lightbulb"},{"floor":7.0,"key":"Replay:Accelerometer"},{"floor":9.0,"key":"Pet Ghost"},{"floor":12.0,"key":"Odd Mushroom"},{"floor":26.0,"key":"Vajra"},{"floor":28.0,"key":"Blood Vial"},{"floor":43.0,"key":"FossilizedHelix"},{"floor":44.0,"key":"Replay:Bottled Eggs"}],"event_choices":[{"damage_healed":0.0,"max_hp_gain":0.0,"max_hp_loss":0.0,"gold_gain":0.0,"event_name":"Mushrooms","player_choice":"Fought Mushrooms","floor":12.0,"gold_loss":0.0,"damage_taken":0.0},{"damage_healed":0.0,"max_hp_gain":0.0,"max_hp_loss":0.0,"gold_gain":0.0,"event_name":"Liars Game","player_choice":"Ignored","floor":14.0,"gold_loss":0.0,"damage_taken":0.0},{"cards_removed":["Runesmith:Strike_RS"],"damage_healed":0.0,"max_hp_gain":0.0,"max_hp_loss":0.0,"gold_gain":0.0,"event_name":"Beggar","player_choice":"Gave Gold","floor":21.0,"gold_loss":75.0,"damage_taken":0.0},{"damage_healed":0.0,"max_hp_gain":0.0,"max_hp_loss":0.0,"gold_gain":0.0,"event_name":"Drug Dealer","player_choice":"Inject Mutagens","floor":27.0,"gold_loss":0.0,"damage_taken":0.0,"relics_obtained":["MutagenicStrength"]},{"damage_healed":0.0,"max_hp_gain":0.0,"max_hp_loss":0.0,"gold_gain":0.0,"event_name":"Duplicator","player_choice":"Copied","floor":30.0,"gold_loss":0.0,"damage_taken":0.0,"cards_obtained":["Runesmith:ArcReactor"]},{"damage_healed":0.0,"max_hp_gain":0.0,"max_hp_loss":4.0,"gold_gain":0.0,"event_name":"Winding Halls","player_choice":"Max HP","floor":42.0,"gold_loss":0.0,"damage_taken":0.0},{"damage_healed":0,"gold_gain":0,"cards_transformed":["Runesmith:UnstableHammer"],"player_choice":"Transformed","damage_taken":0,"max_hp_gain":0,"max_hp_loss":0,"event_name":"Transmorgrifier","floor":48,"gold_loss":0,"cards_obtained":["Runesmith:LastStand"]}],"is_beta":false,"boss_relics":[{"not_picked":["Pandora\u0027s Box","ReplayTheSpireMod:DimensionalGlitch"],"picked":"vexMod:ImprovementManual"},{"not_picked":["Runic Pyramid","Calling Bell"],"picked":"Abe\u0027s Treasure"}],"items_purged_floors":[11,22,29,38],"is_endless":false,"potions_floor_spawned":[7,8,12,16,24,28,31,35,39],"ascension_level":1}}