{"host":"irrizrmw64do51k7","time":1611347112,"event":{"mods":["AchievementEnabler","BaseMod","Better Altar","Better Match","Better Note","Better Sensory Stone","Better Skull","Better Third Choice","BetterRewards","Card Forge","Colored Map","Colored Powertips","Curses Come First","DeckTracker","Good Game Mod","Infinite Spire","Minty Spire (QoL Compilation)","Quick Restart","Relic Stats","Shop Mod","StSLib"],"gold_per_floor":[119,139,150,150,167,202,202,235,287,304,90,108,108,121,121,200,200,213,213,227,240,240,240,240],"floor_reached":23,"language":"ENG","playtime":1913,"items_purged":[],"score":595,"play_id":"033dc164-3529-4edf-a268-f0004d5dc371","local_time":"20210122122512","is_ascension_mode":true,"campfire_choices":[{"floor":7.0,"key":"REST"},{"data":"Apotheosis","floor":7.0,"key":"SMITH"},{"floor":13.0,"key":"REST"},{"data":"Loop","floor":13.0,"key":"SMITH"},{"data":"Capacitor","floor":15,"key":"SMITH"}],"circlet_count":0,"master_deck":["AscendersBane","Strike_B","Strike_B","Strike_B","Strike_B","Defend_B","Defend_B","Defend_B","Defend_B","Zap","Dualcast","Capacitor+1","Apotheosis+1","Static Discharge+1","Leap","Ball Lightning","Stack","Chill","BootSequence","Loop+1","Conserve Battery","Self Repair+1","Static Discharge+1","Stack","Core Surge","Coolheaded","Auto Shields","Electrodynamics+1"],"relics":["Cracked Core","Hammer of Thor","Seething Fire","Anvil of the Gods","REME:ComplimentaryCards","infinitespire:Magic Flask","Anchor","Lizard Tail","Happy Flower","Frozen Egg 2","Bronze Scales","PreservedInsect","Nuclear Battery"],"acts_visited":["Exordium","TheCity"],"potions_floor_usage":[20,23,23],"damage_taken":[{"damage":10.0,"enemies":"Small Slimes","floor":1.0,"turns":4.0},{"damage":11.0,"enemies":"infinitespire:Voidling","floor":2.0,"turns":4.0},{"damage":10.0,"enemies":"2 Louse","floor":3.0,"turns":3.0},{"damage":0.0,"enemies":"Lots of Slimes","floor":5.0,"turns":2.0},{"damage":24.0,"enemies":"3 Sentries","floor":6.0,"turns":8.0},{"damage":6.0,"enemies":"Lagavulin","floor":8.0,"turns":8.0},{"damage":0.0,"enemies":"2 Fungi Beasts","floor":10.0,"turns":4.0},{"damage":21.0,"enemies":"Exordium Thugs","floor":12.0,"turns":5.0},{"damage":0.0,"enemies":"Exordium Wildlife","floor":14.0,"turns":4.0},{"damage":38,"enemies":"Slime Boss","floor":16,"turns":8},{"damage":22,"enemies":"3 Byrds","floor":18,"turns":2},{"damage":26,"enemies":"2 Thieves","floor":20,"turns":4},{"damage":22,"enemies":"Chosen and Byrds","floor":21,"turns":6},{"damage":22,"enemies":"Book of Stabbing","floor":23,"turns":3}],"seed_played":"39580980320000530","potions_obtained":[{"floor":1.0,"key":"AttackPotion"},{"floor":2.0,"key":"SkillPotion"},{"floor":10.0,"key":"SpeedPotion"},{"floor":12.0,"key":"GamblersBrew"},{"floor":18,"key":"Explosive Potion"},{"floor":21,"key":"BlessingOfTheForge"}],"is_trial":false,"path_per_floor":["M","M","M","?","M","E","R","E","T","M","$","M","R","M","R","B",null,"M","?","M","M","AVR","E"],"character_chosen":"DEFECT","items_purchased":["Capacitor","Apotheosis","Anchor","Lizard Tail","Static Discharge","PreservedInsect","Static Discharge+1"],"campfire_rested":2,"item_purchase_floors":[0,0,0,0,0,11,11],"current_hp_per_floor":[54,48,38,28,28,4,25,19,19,19,19,45,66,66,66,38,63,41,41,25,13,13,0,0],"gold":240,"neow_bonus":"","is_daily":false,"chose_seed":false,"campfire_upgraded":3,"win_rate":0.0,"timestamp":1611347112,"path_taken":["M","M","M","?","M","E","R","E","T","M","$","?","R","M","R","BOSS","M","?","?","M","AVR","E"],"items_purchased_type":["Card","Card","Relic","Relic","Card","Relic","Card"],"build_version":"2020-12-22","purchased_purges":0,"victory":false,"max_hp_per_floor":[71,71,71,71,71,71,71,71,71,71,71,71,71,71,71,71,71,71,71,71,71,71,71,71],"relic_stats":{"Lizard Tail":35,"Happy Flower":[14],"counters":[167,671],"Bronze Scales":[130],"PreservedInsect":499,"obtain_stats":[{"Golden Egg":22,"Ginger":0,"Boot":6,"FrozenCore":17,"Old Coin":26,"Replay:Wanted Poster":17,"infinitespire:ShieldingShard":26,"Sundial":7,"Necronomicon":24,"Kunai":8,"Replay:Bottled Steam":28,"MerchantsRug":5,"Eternal Feather":43,"Pen Nib":27,"infinitespire:Magic Flask":0,"Cables":0,"infinitespire:Lychee Nut":0,"CultistMask":0,"Unceasing Top":9,"Solar Panel":0,"Torii":38,"Singing Bowl":0,"animator:TheMissingPiece":0,"Blue Doll":0,"Bag of Preparation":27,"Pet Ghost":49,"Matryoshka":9,"Shovel":43,"infinitespire:Bottled Soul":76,"Replay:Bottled Eggs":37,"Ring of Panic":22,"InkBottle":57,"NeowsBlessing":0,"Circlet":0,"Thread and Needle":0,"infinitespire:Joker Card":12,"PreservedInsect":9,"The Courier":22,"Geode":0,"Seething Fire":0,"infinitespire:CheckeredPen":0,"infinitespire:Lucky Rock":22,"Ring of Greed":22,"Frozen Egg 2":77,"Replay:Arrowhead":36,"Nuclear Battery":17,"Busted Crown":34,"betterThird:SlimedRelic":0,"Orrery":0,"animator:LivingPicture":0,"Turnip":0,"Art of War":74,"Bottled Lightning":56,"infinitespire:Freezer":38,"infinitespire:Midas Blood":9,"Ice Cream":0,"Calipers":0,"Tiny House":17,"CeramicFish":6,"Hammer of Thor":0,"Centennial Puzzle":8,"Lizard Tail":0,"infinitespire:SolderingIron":40,"HornCleat":41,"Strawberry":10,"Prayer Wheel":37,"Philosopher\u0027s Stone":0,"Toxic Egg 2":30,"Happy Flower":0,"ReplayTheSpireMod:CursedCoin":0,"Oddly Smooth Stone":0,"infinitespire:Beetle Shell":10,"Letter Opener":26,"Question Card":20,"Du-Vu Doll":27,"OrangePellets":0,"Anvil of the Gods":0,"Bronze Scales":43,"Simple Rune":0,"infinitespire:EmpoweringShard":7,"Black Star":34,"Pocketwatch":27,"Incense Burner":0,"Juzu Bracelet":8,"Empty Cage":68,"Dream Catcher":26,"Nunchaku":44,"Gambling Chip":0,"Red Mask":21,"Cracked Core":21,"BargainBundle":0,"ReplayTheSpireMod:Ninjato":24,"infinitespire:CursedDice":31,"Quantum Egg":52,"Odd Mushroom":65,"Orichalcum":27,"White Beast Statue":26,"Peace Pipe":29,"Strange Spoon":36,"REME:ComplimentaryCards":0,"CaptainsWheel":0,"DataDisk":48,"Anchor":62,"infinitespire:WardingShard":13,"FossilizedHelix":27},{"Golden Egg":105,"Ginger":70,"Boot":28,"FrozenCore":101,"Old Coin":142,"Replay:Wanted Poster":80,"infinitespire:ShieldingShard":40,"Sundial":131,"Necronomicon":105,"Kunai":95,"Replay:Bottled Steam":107,"MerchantsRug":93,"Eternal Feather":50,"Pen Nib":85,"infinitespire:Magic Flask":70,"Cables":3,"infinitespire:Lychee Nut":91,"CultistMask":124,"Unceasing Top":10,"Solar Panel":70,"Torii":47,"Singing Bowl":124,"animator:TheMissingPiece":0,"Blue Doll":70,"Bag of Preparation":19,"Pet Ghost":116,"Matryoshka":29,"Shovel":113,"infinitespire:Bottled Soul":69,"Replay:Bottled Eggs":90,"Ring of Panic":105,"InkBottle":58,"NeowsBlessing":0,"Circlet":118,"Thread and Needle":124,"infinitespire:Joker Card":12,"PreservedInsect":76,"The Courier":105,"Geode":70,"Seething Fire":0,"infinitespire:CheckeredPen":3,"infinitespire:Lucky Rock":18,"Ring of Greed":105,"Frozen Egg 2":69,"Replay:Arrowhead":89,"Nuclear Battery":34,"Busted Crown":45,"betterThird:SlimedRelic":124,"Orrery":70,"animator:LivingPicture":0,"Turnip":3,"Art of War":68,"Bottled Lightning":57,"infinitespire:Freezer":47,"infinitespire:Midas Blood":76,"Ice Cream":3,"Calipers":3,"Tiny House":15,"CeramicFish":94,"Hammer of Thor":0,"Centennial Puzzle":10,"Lizard Tail":153,"infinitespire:SolderingIron":48,"HornCleat":113,"Strawberry":77,"Prayer Wheel":90,"Philosopher\u0027s Stone":124,"Toxic Egg 2":145,"Happy Flower":124,"ReplayTheSpireMod:CursedCoin":91,"Oddly Smooth Stone":118,"infinitespire:Beetle Shell":30,"Letter Opener":106,"Question Card":139,"Du-Vu Doll":41,"OrangePellets":124,"Anvil of the Gods":0,"Bronze Scales":50,"Simple Rune":91,"infinitespire:EmpoweringShard":10,"Black Star":146,"Pocketwatch":143,"Incense Burner":70,"Juzu Bracelet":76,"Empty Cage":63,"Dream Catcher":84,"Nunchaku":114,"Gambling Chip":3,"Red Mask":18,"Cracked Core":18,"BargainBundle":70,"ReplayTheSpireMod:Ninjato":84,"infinitespire:CursedDice":88,"Quantum Egg":117,"Odd Mushroom":62,"Orichalcum":106,"White Beast Statue":84,"Peace Pipe":86,"Strange Spoon":89,"REME:ComplimentaryCards":0,"CaptainsWheel":3,"DataDisk":52,"Anchor":60,"infinitespire:WardingShard":136,"FossilizedHelix":106},{"Golden Egg":397,"Ginger":242,"Boot":104,"FrozenCore":383,"Old Coin":553,"Replay:Wanted Poster":293,"infinitespire:ShieldingShard":146,"Sundial":498,"Necronomicon":397,"Kunai":368,"Replay:Bottled Steam":404,"MerchantsRug":362,"Eternal Feather":188,"Pen Nib":313,"infinitespire:Magic Flask":242,"Cables":5,"infinitespire:Lychee Nut":357,"CultistMask":469,"Unceasing Top":25,"Solar Panel":242,"Torii":175,"Singing Bowl":469,"animator:TheMissingPiece":0,"Blue Doll":242,"Bag of Preparation":71,"Pet Ghost":440,"Matryoshka":108,"Shovel":426,"infinitespire:Bottled Soul":241,"Replay:Bottled Eggs":346,"Ring of Panic":397,"InkBottle":210,"NeowsBlessing":0,"Circlet":444,"Thread and Needle":469,"infinitespire:Joker Card":33,"PreservedInsect":266,"The Courier":397,"Geode":242,"Seething Fire":0,"infinitespire:CheckeredPen":5,"infinitespire:Lucky Rock":63,"Ring of Greed":397,"Frozen Egg 2":241,"Replay:Arrowhead":335,"Nuclear Battery":125,"Busted Crown":170,"betterThird:SlimedRelic":469,"Orrery":242,"animator:LivingPicture":0,"Turnip":5,"Art of War":236,"Bottled Lightning":208,"infinitespire:Freezer":175,"infinitespire:Midas Blood":266,"Ice Cream":5,"Calipers":5,"Tiny House":51,"CeramicFish":365,"Hammer of Thor":0,"Centennial Puzzle":25,"Lizard Tail":606,"infinitespire:SolderingIron":180,"HornCleat":426,"Strawberry":273,"Prayer Wheel":339,"Philosopher\u0027s Stone":469,"Toxic Egg 2":569,"Happy Flower":469,"ReplayTheSpireMod:CursedCoin":357,"Oddly Smooth Stone":444,"infinitespire:Beetle Shell":111,"Letter Opener":401,"Question Card":534,"Du-Vu Doll":151,"OrangePellets":469,"Anvil of the Gods":0,"Bronze Scales":188,"Simple Rune":357,"infinitespire:EmpoweringShard":25,"Black Star":577,"Pocketwatch":556,"Incense Burner":242,"Juzu Bracelet":266,"Empty Cage":222,"Dream Catcher":308,"Nunchaku":431,"Gambling Chip":5,"Red Mask":63,"Cracked Core":63,"BargainBundle":242,"ReplayTheSpireMod:Ninjato":308,"infinitespire:CursedDice":326,"Quantum Egg":441,"Odd Mushroom":218,"Orichalcum":401,"White Beast Statue":308,"Peace Pipe":318,"Strange Spoon":335,"REME:ComplimentaryCards":0,"CaptainsWheel":5,"DataDisk":193,"Anchor":214,"infinitespire:WardingShard":519,"FossilizedHelix":401}]},"card_choices":[{"not_picked":["Compile Driver","Skim"],"picked":"Leap","floor":1.0},{"not_picked":["Sweeping Beam","Fission"],"picked":"Ball Lightning","floor":2.0},{"not_picked":["Cold Snap","Melter"],"picked":"Stack","floor":3.0},{"not_picked":["Aggregate","Rebound"],"picked":"BootSequence","floor":5.0},{"not_picked":["Go for the Eyes","Streamline"],"picked":"Loop","floor":6.0},{"not_picked":["Rebound","Steam"],"picked":"Conserve Battery","floor":8.0},{"not_picked":["Beam Cell","Turbo"],"picked":"Self Repair+1","floor":10.0},{"not_picked":["Aggregate","Blizzard"],"picked":"Stack","floor":12.0},{"not_picked":["Force Field","Compile Driver","Beam Cell"],"picked":"SKIP","floor":14.0},{"not_picked":["Hyperbeam","Multi-Cast"],"picked":"Core Surge","floor":16},{"not_picked":["Barrage","Hello World+1"],"picked":"Coolheaded","floor":18},{"not_picked":["Cold Snap+1","Hologram"],"picked":"Auto Shields","floor":20},{"not_picked":["Streamline","Go for the Eyes+1"],"picked":"Electrodynamics+1","floor":21}],"player_experience":509147,"relics_obtained":[{"floor":6.0,"key":"Happy Flower"},{"floor":8.0,"key":"Frozen Egg 2"},{"floor":9.0,"key":"Bronze Scales"}],"event_choices":[{"damage_healed":0.0,"max_hp_gain":0.0,"max_hp_loss":0.0,"gold_gain":0.0,"event_name":"Wheel of Change","player_choice":"Damaged","floor":4.0,"gold_loss":0.0,"damage_taken":10.0},{"damage_healed":0,"gold_gain":0,"player_choice":"Forge","damage_taken":0,"max_hp_gain":0,"max_hp_loss":0,"event_name":"Accursed Blacksmith","floor":19,"gold_loss":0,"cards_upgraded":["Static Discharge"]}],"is_beta":false,"boss_relics":[{"not_picked":["Empty Cage","SlaversCollar"],"picked":"Nuclear Battery"}],"items_purged_floors":[],"is_endless":false,"potions_floor_spawned":[1,2,10,12,16,18,21],"killed_by":"Book of Stabbing","ascension_level":19}}