{"host":"qm4rv4rkpk76sbxu","time":1611349123,"event":{"mods":["BaseMod","Bestiary","Block Reminder","DeckTracker","Filter the Spire","Keyboard Shortcuts","Minty Spire (QoL Compilation)","MonsterHotkey","Quick Restart","Random Character Button","Relic Stats","Slay-I","StSLib","Unceasing Turn Reminder","ojb\u0027s Better Paths Mod","ojb\u0027s Info Mod"],"gold_per_floor":[111,111,111,130,147,177,200,218,243,262,262,262,262,289,289,391,391,401,401,414,434,359,359,392,392,418,452,466,466,12,12,12,12,12],"floor_reached":33,"language":"ENG","playtime":943,"items_purged":["Strike_R"],"score":308,"play_id":"ac1f0d56-5a4b-4885-a5d8-1169eaa0cf19","local_time":"20210122215843","is_ascension_mode":true,"campfire_choices":[{"data":"Armaments","floor":12.0,"key":"SMITH"},{"data":"Demon Form","floor":15.0,"key":"SMITH"},{"data":"Limit Break","floor":23.0,"key":"SMITH"},{"data":"Whirlwind","floor":25.0,"key":"SMITH"},{"data":"Feed","floor":32.0,"key":"SMITH"}],"circlet_count":0,"master_deck":["Strike_R+1","Strike_R+1","Strike_R+1","Defend_R","Defend_R","Defend_R","Defend_R","Bash+1","Swift Strike","Wild Strike+1","Rupture","Shrug It Off","Armaments+1","Demon Form+1","True Grit","Limit Break+1","Sentinel","Whirlwind+1","Burning Pact+1","Metallicize+1","Feed+1","Second Wind","Writhe"],"relics":["Burning Blood","Oddly Smooth Stone","Red Skull","Potion Belt","Tiny Chest","Question Card","FossilizedHelix","Snecko Eye","Regal Pillow","Juzu Bracelet","PreservedInsect","Kunai","Bag of Preparation","Whetstone","Happy Flower"],"acts_visited":["Exordium","TheCity"],"potions_floor_usage":[33],"damage_taken":[{"damage":8.0,"enemies":"Jaw Worm","floor":1.0,"turns":3.0},{"damage":0.0,"enemies":"2 Louse","floor":4.0,"turns":3.0},{"damage":0.0,"enemies":"Cultist","floor":5.0,"turns":2.0},{"damage":28.0,"enemies":"Lagavulin","floor":6.0,"turns":5.0},{"damage":9.0,"enemies":"3 Louse","floor":8.0,"turns":4.0},{"damage":7.0,"enemies":"Exordium Thugs","floor":10.0,"turns":5.0},{"damage":21.0,"enemies":"3 Sentries","floor":14.0,"turns":7.0},{"damage":4.0,"enemies":"The Guardian","floor":16.0,"turns":9.0},{"damage":0.0,"enemies":"Shell Parasite","floor":18.0,"turns":3.0},{"damage":10.0,"enemies":"Spheric Guardian","floor":20.0,"turns":4.0},{"damage":34.0,"enemies":"Shelled Parasite and Fungi","floor":21.0,"turns":8.0},{"damage":63.0,"enemies":"Slavers","floor":24.0,"turns":5.0},{"damage":18.0,"enemies":"Gremlin Leader","floor":27.0,"turns":6.0},{"damage":0.0,"enemies":"Centurion and Healer","floor":28.0,"turns":5.0},{"damage":37,"enemies":"Collector","floor":33,"turns":6}],"seed_played":"1428132271993631760","potions_obtained":[{"floor":5.0,"key":"ElixirPotion"},{"floor":6.0,"key":"Block Potion"},{"floor":14.0,"key":"FairyPotion"},{"floor":16.0,"key":"ColorlessPotion"},{"floor":24.0,"key":"Regen Potion"},{"floor":27.0,"key":"LiquidBronze"}],"is_trial":false,"path_per_floor":["M","?","?","M","M","E","T","M","T","M","?","R","T","E","R","B",null,"M","?","M","M","?","R","E","R","T","E","M","T","$","?","R","B"],"character_chosen":"IRONCLAD","items_purchased":["Bag of Preparation","Whetstone","Second Wind","FearPotion"],"campfire_rested":0,"item_purchase_floors":[30,30,30,30],"current_hp_per_floor":[78,78,62,68,74,52,52,49,49,48,45,45,45,30,30,32,80,80,80,76,48,48,48,30,30,30,18,27,27,27,27,27,0,0],"gold":12,"neow_bonus":"RANDOM_COLORLESS","is_daily":false,"chose_seed":false,"campfire_upgraded":5,"win_rate":0.0,"timestamp":1611349123,"path_taken":["M","?","?","M","M","E","?","M","T","?","?","R","?","E","R","BOSS","M","?","M","M","?","R","E","R","T","E","M","?","$","?","R","BOSS"],"items_purchased_type":["Relic","Relic","Card","Potion"],"build_version":"2020-12-22","purchased_purges":1,"victory":false,"max_hp_per_floor":[80,80,80,80,80,80,80,80,80,80,80,80,80,80,80,80,80,80,80,80,80,80,80,80,80,80,80,83,83,83,83,83,83,83],"relic_stats":{"Regal Pillow":0,"Happy Flower":[2],"counters":[15,75],"PreservedInsect":0,"Juzu Bracelet":0,"Bag of Preparation":[2],"Whetstone":["Strike_R","Strike_R"],"Question Card":8,"Burning Blood":78,"Snecko Eye":[65,81,57,61],"Tiny Chest":1,"Kunai":[2],"obtain_stats":[{"Potion Belt":9,"Regal Pillow":24,"Happy Flower":31,"Oddly Smooth Stone":6,"PreservedInsect":27,"Juzu Bracelet":26,"Bag of Preparation":30,"Whetstone":30,"Question Card":13,"Burning Blood":0,"Snecko Eye":17,"Tiny Chest":11,"Kunai":29,"Red Skull":7,"FossilizedHelix":14},{"Potion Belt":5,"Regal Pillow":12,"Happy Flower":14,"Oddly Smooth Stone":4,"PreservedInsect":13,"Juzu Bracelet":12,"Bag of Preparation":14,"Whetstone":14,"Question Card":6,"Burning Blood":0,"Snecko Eye":8,"Tiny Chest":6,"Kunai":14,"Red Skull":4,"FossilizedHelix":7},{"Potion Belt":17,"Regal Pillow":58,"Happy Flower":69,"Oddly Smooth Stone":13,"PreservedInsect":64,"Juzu Bracelet":58,"Bag of Preparation":69,"Whetstone":69,"Question Card":22,"Burning Blood":0,"Snecko Eye":38,"Tiny Chest":22,"Kunai":69,"Red Skull":13,"FossilizedHelix":29}]},"card_choices":[{"not_picked":["Purity","Mind Blast"],"picked":"Swift Strike","floor":0.0},{"not_picked":["Searing Blow","Armaments"],"picked":"Wild Strike","floor":1.0},{"not_picked":["Anger","Havoc"],"picked":"Rupture","floor":4.0},{"not_picked":["True Grit","Perfected Strike"],"picked":"Shrug It Off","floor":5.0},{"not_picked":["Feel No Pain","Body Slam"],"picked":"Armaments","floor":6.0},{"not_picked":["Combust","Body Slam","Perfected Strike"],"picked":"SKIP","floor":8.0},{"not_picked":["Sword Boomerang","Perfected Strike"],"picked":"Demon Form","floor":10.0},{"not_picked":["Armaments","Blood for Blood","Metallicize"],"picked":"True Grit","floor":14.0},{"not_picked":["Reaper","Offering","Brutality"],"picked":"Limit Break","floor":16.0},{"not_picked":["Wild Strike+1","Armaments","Entrench"],"picked":"Sentinel","floor":18.0},{"not_picked":["Armaments","Rampage+1","Thunderclap"],"picked":"Burning Pact+1","floor":20.0},{"not_picked":["Flex","Clash","Anger+1","Fire Breathing"],"picked":"SKIP","floor":21.0},{"not_picked":["Seeing Red","Infernal Blade","Intimidate"],"picked":"Metallicize+1","floor":24.0},{"not_picked":["Shrug It Off","Intimidate+1","Cleave"],"picked":"Feed","floor":27.0},{"not_picked":["Armaments","Body Slam","Heavy Blade","True Grit"],"picked":"SKIP","floor":28.0}],"player_experience":1378443,"relics_obtained":[{"floor":6.0,"key":"Oddly Smooth Stone"},{"floor":7.0,"key":"Red Skull"},{"floor":9.0,"key":"Potion Belt"},{"floor":13.0,"key":"Question Card"},{"floor":14.0,"key":"FossilizedHelix"},{"floor":24.0,"key":"Regal Pillow"},{"floor":26.0,"key":"Juzu Bracelet"},{"floor":27.0,"key":"PreservedInsect"},{"floor":29.0,"key":"Kunai"}],"event_choices":[{"damage_healed":0.0,"max_hp_gain":0.0,"max_hp_loss":0.0,"gold_gain":0.0,"event_name":"Living Wall","player_choice":"Grow","floor":2.0,"gold_loss":0.0,"damage_taken":0.0,"cards_upgraded":["Bash"]},{"damage_healed":0.0,"max_hp_gain":0.0,"max_hp_loss":0.0,"gold_gain":0.0,"event_name":"Shining Light","player_choice":"Entered Light","floor":3.0,"gold_loss":0.0,"damage_taken":16.0,"cards_upgraded":["Wild Strike","Strike_R"]},{"damage_healed":0.0,"max_hp_gain":0.0,"max_hp_loss":0.0,"gold_gain":0.0,"event_name":"Scrap Ooze","player_choice":"Success","floor":11.0,"gold_loss":0.0,"damage_taken":3.0,"relics_obtained":["Tiny Chest"]},{"damage_healed":0.0,"max_hp_gain":0.0,"max_hp_loss":0.0,"gold_gain":0.0,"event_name":"The Library","player_choice":"Read","floor":19.0,"gold_loss":0.0,"damage_taken":0.0,"cards_obtained":["Whirlwind"]},{"cards_removed":["Strike_R"],"damage_healed":0.0,"max_hp_gain":0.0,"max_hp_loss":0.0,"gold_gain":0.0,"event_name":"Beggar","player_choice":"Gave Gold","floor":22.0,"gold_loss":75.0,"damage_taken":0.0},{"damage_healed":0.0,"max_hp_gain":0.0,"max_hp_loss":0.0,"gold_gain":0.0,"event_name":"The Mausoleum","player_choice":"Opened","floor":31.0,"gold_loss":0.0,"damage_taken":0.0,"relics_obtained":["Happy Flower"],"cards_obtained":["Writhe"]}],"is_beta":false,"boss_relics":[{"not_picked":["Empty Cage","Runic Dome"],"picked":"Snecko Eye"}],"items_purged_floors":[30],"is_endless":false,"potions_floor_spawned":[5,6,14,16,24,27],"killed_by":"Collector","ascension_level":1}}