{"host":"ydg0vn0pu4pubmdt","time":1611358888,"event":{"mods":["AchievementEnabler","BaseMod","Colored Map","Gold Saver","Minty Spire (QoL Compilation)","Quick Restart","SuperFastMode"],"gold_per_floor":[1068,648,664,664,675,675,675,725,725,755,733,733,749,760,760,835,835,846,500,500,201,201,201,214,214,214,233,233,248,278,278,278,357,357,368,380,230,230,241,268,268,280,328,338,388,408,408,434,434,434],"floor_reached":51,"language":"KOR","playtime":868,"items_purged":["Strike_R","Defend_R","Defend_R","Corruption+1"],"score":1642,"play_id":"d74fc595-71ad-433c-a271-ff44ba28b697","local_time":"20210123084128","is_ascension_mode":true,"campfire_choices":[{"data":"Berserk","floor":6.0,"key":"SMITH"},{"data":"Immolate","floor":15.0,"key":"SMITH"},{"data":"Offering","floor":23.0,"key":"SMITH"},{"data":"Barricade","floor":25.0,"key":"SMITH"},{"data":"Corruption","floor":32.0,"key":"SMITH"},{"data":"Fiend Fire","floor":41,"key":"SMITH"},{"floor":47,"key":"DIG"},{"floor":49,"key":"DIG"}],"circlet_count":0,"master_deck":["AscendersBane","Bash","Berserk+1","Uppercut","Immolate+1","Fiend Fire+1","Shrug It Off+1","Barricade+1","Offering+1","Cleave","Pommel Strike+1","Body Slam+1"],"relics":["Burning Blood","Magic Flower","Lantern","Sundial","Pocketwatch","Empty Cage","Bag of Marbles","Meat on the Bone","Vajra","Runic Pyramid","Paper Frog","Shovel","Art of War","Mummified Hand","PreservedInsect","Letter Opener"],"acts_visited":["Exordium","TheCity","TheBeyond"],"potions_floor_usage":[50],"damage_taken":[{"damage":13.0,"enemies":"Jaw Worm","floor":1.0,"turns":3.0},{"damage":20.0,"enemies":"Small Slimes","floor":3.0,"turns":4.0},{"damage":12.0,"enemies":"Cultist","floor":5.0,"turns":4.0},{"damage":25.0,"enemies":"Lagavulin","floor":10.0,"turns":7.0},{"damage":20.0,"enemies":"Exordium Thugs","floor":11.0,"turns":4.0},{"damage":6.0,"enemies":"Looter","floor":13.0,"turns":2.0},{"damage":1.0,"enemies":"Gremlin Gang","floor":14.0,"turns":3.0},{"damage":50.0,"enemies":"The Guardian","floor":16.0,"turns":8.0},{"damage":7.0,"enemies":"Chosen","floor":18.0,"turns":3.0},{"damage":20.0,"enemies":"3 Byrds","floor":24.0,"turns":3.0},{"damage":6.0,"enemies":"3 Cultists","floor":27.0,"turns":2.0},{"damage":6.0,"enemies":"Shelled Parasite and Fungi","floor":29.0,"turns":1.0},{"damage":6.0,"enemies":"Slavers","floor":30.0,"turns":1.0},{"damage":57,"enemies":"Collector","floor":33,"turns":3},{"damage":6,"enemies":"Orb Walker","floor":35,"turns":1},{"damage":11,"enemies":"3 Darklings","floor":36,"turns":2},{"damage":19,"enemies":"Writhing Mass","floor":39,"turns":2},{"damage":16,"enemies":"Reptomancer","floor":40,"turns":3},{"damage":0,"enemies":"Jaw Worm Horde","floor":42,"turns":1},{"damage":6,"enemies":"Transient","floor":44,"turns":2},{"damage":7,"enemies":"4 Shapes","floor":46,"turns":1},{"damage":6,"enemies":"Donu and Deca","floor":50,"turns":1}],"seed_played":"-4688309911592593949","potions_obtained":[{"floor":1.0,"key":"Regen Potion"},{"floor":10.0,"key":"ColorlessPotion"},{"floor":11.0,"key":"BloodPotion"},{"floor":14.0,"key":"SpeedPotion"},{"floor":18.0,"key":"Fire Potion"},{"floor":39,"key":"Swift Potion"}],"is_trial":false,"path_per_floor":["M","$","M","?","M","R","?","?","T","E","M","T","M","M","R","B",null,"M","$","?","$","?","R","M","R","T","M","?","M","E","?","R","B",null,"M","M","$","?","M","E","R","M","T","M","?","M","R","T","R","B",null],"character_chosen":"IRONCLAD","items_purchased":["Magic Flower","Barricade","Bag of Marbles","Offering"],"campfire_rested":0,"item_purchase_floors":[2,19,19,21],"current_hp_per_floor":[61,61,50,50,47,47,40,40,40,48,52,52,55,63,63,22,62,64,64,64,64,75,75,64,64,64,67,67,70,73,69,69,39,66,69,67,67,67,57,50,50,59,59,62,62,64,64,64,64,67],"gold":434,"neow_bonus":"ONE_RANDOM_RARE_CARD","is_daily":false,"chose_seed":false,"campfire_upgraded":6,"win_rate":0.0,"timestamp":1611358888,"path_taken":["M","$","M","?","M","R","?","?","T","E","?","?","M","M","R","BOSS","M","$","?","$","?","R","M","R","T","?","?","M","E","?","R","BOSS","M","M","$","?","M","E","R","M","T","?","?","?","R","?","R","BOSS"],"items_purchased_type":["Relic","Card","Relic","Card"],"build_version":"2020-12-22","purchased_purges":4,"victory":true,"max_hp_per_floor":[75,75,75,75,75,75,75,75,75,75,75,75,75,75,75,75,75,75,75,75,75,75,75,75,75,75,75,75,75,75,75,75,75,75,75,75,75,75,75,75,75,75,75,75,75,75,75,75,75,75],"card_choices":[{"not_picked":["Sever Soul","Havoc","Headbutt"],"picked":"SKIP","floor":1.0},{"not_picked":["Flex","Dual Wield","Uppercut"],"picked":"SKIP","floor":3.0},{"not_picked":["Flex","Dual Wield"],"picked":"Uppercut","floor":3.0},{"not_picked":["Anger","Sentinel","Twin Strike"],"picked":"SKIP","floor":5.0},{"not_picked":["Sentinel","Body Slam","Anger"],"picked":"SKIP","floor":10.0},{"not_picked":["Sword Boomerang","Metallicize"],"picked":"Immolate","floor":11.0},{"not_picked":["Clash","Iron Wave","Disarm"],"picked":"SKIP","floor":13.0},{"not_picked":["Entrench","Iron Wave","Clash"],"picked":"SKIP","floor":14.0},{"not_picked":["Feed","Limit Break"],"picked":"Fiend Fire","floor":16.0},{"not_picked":["Perfected Strike","Battle Trance"],"picked":"Shrug It Off+1","floor":18.0},{"not_picked":["Sentinel","Iron Wave","Ghostly Armor"],"picked":"SKIP","floor":24.0},{"not_picked":["Clash","Headbutt","Combust"],"picked":"SKIP","floor":27.0},{"not_picked":["Cleave","Thunderclap"],"picked":"Pommel Strike+1","floor":29.0},{"not_picked":["Iron Wave","Sentinel","Headbutt"],"picked":"SKIP","floor":30.0},{"not_picked":["Iron Wave+1","Sentinel","Perfected Strike"],"picked":"SKIP","floor":35},{"not_picked":["Twin Strike","Seeing Red"],"picked":"Body Slam+1","floor":36},{"not_picked":["Headbutt","Cleave","Dark Embrace"],"picked":"SKIP","floor":39},{"not_picked":["Anger","Hemokinesis","Sword Boomerang+1"],"picked":"SKIP","floor":40},{"not_picked":["Ghostly Armor","Flex","Anger"],"picked":"SKIP","floor":42},{"not_picked":["Armaments","Fiend Fire","Heavy Blade+1"],"picked":"SKIP","floor":44},{"not_picked":["Heavy Blade","Evolve","Warcry"],"picked":"SKIP","floor":46}],"player_experience":557210,"relics_obtained":[{"floor":9.0,"key":"Lantern"},{"floor":10.0,"key":"Sundial"},{"floor":12.0,"key":"Pocketwatch"},{"floor":26.0,"key":"Meat on the Bone"},{"floor":30.0,"key":"Vajra"},{"floor":40,"key":"Shovel"},{"floor":43,"key":"Art of War"},{"floor":47,"key":"Mummified Hand"},{"floor":48,"key":"PreservedInsect"},{"floor":49,"key":"Letter Opener"}],"event_choices":[{"cards_removed":["Strike_R"],"damage_healed":0.0,"max_hp_gain":0.0,"max_hp_loss":0.0,"gold_gain":0.0,"event_name":"Living Wall","player_choice":"Forget","floor":4.0,"gold_loss":0.0,"damage_taken":0.0},{"cards_removed":["Strike_R"],"damage_healed":0.0,"max_hp_gain":0.0,"max_hp_loss":0.0,"gold_gain":0.0,"event_name":"Golden Wing","player_choice":"Card Removal","floor":7.0,"gold_loss":0.0,"damage_taken":7.0},{"damage_healed":0.0,"max_hp_gain":0.0,"max_hp_loss":0.0,"gold_gain":50.0,"event_name":"Golden Shrine","player_choice":"Pray","floor":8.0,"gold_loss":0.0,"damage_taken":0.0},{"damage_healed":0.0,"max_hp_gain":0.0,"max_hp_loss":0.0,"gold_gain":0.0,"event_name":"The Mausoleum","player_choice":"Ignored","floor":20.0,"gold_loss":0.0,"damage_taken":0.0},{"damage_healed":11.0,"max_hp_gain":0.0,"max_hp_loss":0.0,"gold_gain":0.0,"event_name":"Wheel of Change","player_choice":"Full Heal","floor":22.0,"gold_loss":0.0,"damage_taken":0.0},{"damage_healed":0.0,"max_hp_gain":0.0,"max_hp_loss":0.0,"gold_gain":0.0,"cards_transformed":["Strike_R","Defend_R"],"event_name":"Drug Dealer","player_choice":"Became Test Subject","floor":28.0,"gold_loss":0.0,"damage_taken":0.0,"cards_obtained":["Cleave","Corruption"]},{"damage_healed":0.0,"max_hp_gain":0.0,"max_hp_loss":0.0,"gold_gain":0.0,"event_name":"The Woman in Blue","player_choice":"Bought 0 Potions","floor":31.0,"gold_loss":0.0,"damage_taken":0.0},{"damage_healed":0,"gold_gain":0,"player_choice":"Gave Potion","damage_taken":0,"relics_obtained":["Paper Frog"],"max_hp_gain":0,"max_hp_loss":0,"event_name":"WeMeetAgain","floor":38,"gold_loss":0},{"damage_healed":0,"gold_gain":50,"player_choice":"Pray","damage_taken":0,"max_hp_gain":0,"max_hp_loss":0,"event_name":"Golden Shrine","floor":45,"gold_loss":0}],"is_beta":false,"boss_relics":[{"not_picked":["Tiny House","Pandora\u0027s Box"],"picked":"Empty Cage"},{"not_picked":["Black Star","Snecko Eye"],"picked":"Runic Pyramid"}],"items_purged_floors":[2,19,21,37],"is_endless":false,"potions_floor_spawned":[1,10,11,14,18,29,36,39,42,46],"ascension_level":18}}