{"host":"srk2drlvga69hbot","time":1611301819,"event":{"mods":["BaseMod","Colored Map","Colored Powertips","Highlight Path","Minty Spire (QoL Compilation)","Quick Restart","Rare Cards Sparkle","Relic Stats"],"gold_per_floor":[112,187,187,187,187,201,1,1,1,1,21,21,52,67,67,67,67],"floor_reached":16,"language":"ZHS","playtime":400,"items_purged":[],"score":118,"play_id":"a5674c77-b317-4b12-b32a-d8bb3e712834","local_time":"20210122155019","is_ascension_mode":true,"campfire_choices":[{"data":"Perfected Strike","floor":10.0,"key":"SMITH"},{"floor":12.0,"key":"REST"},{"data":"Perfected Strike","floor":15.0,"key":"SMITH"}],"circlet_count":0,"master_deck":["Strike_R","Strike_R","Strike_R","Strike_R","Strike_R","Defend_R","Defend_R","Defend_R","Defend_R","Bash","Perfected Strike","Perfected Strike+1","Perfected Strike+1","Rage"],"relics":["Burning Blood","Bronze Scales","Golden Idol","PreservedInsect","Nunchaku","Ornamental Fan","Singing Bowl"],"acts_visited":["Exordium"],"potions_floor_usage":[16],"damage_taken":[{"damage":9.0,"enemies":"Jaw Worm","floor":1.0,"turns":3.0},{"damage":9.0,"enemies":"Small Slimes","floor":6.0,"turns":3.0},{"damage":1.0,"enemies":"2 Louse","floor":11.0,"turns":2.0},{"damage":12.0,"enemies":"3 Sentries","floor":13.0,"turns":3.0},{"damage":4.0,"enemies":"2 Fungi Beasts","floor":14.0,"turns":2.0},{"damage":37,"enemies":"The Guardian","floor":16,"turns":7}],"seed_played":"-1872563783115714626","potions_obtained":[{"floor":6.0,"key":"DistilledChaos"}],"is_trial":false,"path_per_floor":["M","?","?","?","?","M","$","?","T","R","M","R","E","M","R","B"],"character_chosen":"IRONCLAD","items_purchased":["Nunchaku","Perfected Strike"],"campfire_rested":1,"item_purchase_floors":[7,7],"current_hp_per_floor":[77,66,46,21,21,18,18,11,11,11,16,40,36,40,40,3,3],"gold":67,"neow_bonus":"RANDOM_COMMON_RELIC","is_daily":false,"chose_seed":false,"campfire_upgraded":2,"win_rate":0.0,"timestamp":1611301819,"path_taken":["M","?","?","?","?","?","$","?","T","R","M","R","E","M","R","BOSS"],"items_purchased_type":["Relic","Card"],"build_version":"2020-12-22","purchased_purges":0,"victory":false,"max_hp_per_floor":[80,80,80,80,80,80,80,80,80,80,80,80,82,84,84,84,84],"relic_stats":{"Nunchaku":[2],"Singing Bowl":4,"counters":[6,20],"Golden Idol":16,"Ornamental Fan":[0],"Bronze Scales":[45],"PreservedInsect":30,"obtain_stats":[{"Nunchaku":7,"Singing Bowl":13,"Golden Idol":3,"Ornamental Fan":9,"Bronze Scales":0,"PreservedInsect":4,"Burning Blood":0},{"Nunchaku":2,"Singing Bowl":4,"Golden Idol":1,"Ornamental Fan":2,"Bronze Scales":0,"PreservedInsect":1,"Burning Blood":0},{"Nunchaku":6,"Singing Bowl":11,"Golden Idol":3,"Ornamental Fan":6,"Bronze Scales":0,"PreservedInsect":3,"Burning Blood":0}],"Burning Blood":30},"card_choices":[{"not_picked":["Wild Strike","Bloodletting"],"picked":"Perfected Strike","floor":1.0},{"not_picked":["Thunderclap","Sentinel"],"picked":"Perfected Strike","floor":6.0},{"not_picked":["Body Slam","Ghostly Armor"],"picked":"Rage","floor":11.0},{"not_picked":["Metallicize","Iron Wave","Juggernaut"],"picked":"Singing Bowl","floor":13.0},{"not_picked":["Armaments","Havoc","Dropkick"],"picked":"Singing Bowl","floor":14.0}],"player_experience":128617,"relics_obtained":[{"floor":9.0,"key":"Ornamental Fan"},{"floor":13.0,"key":"Singing Bowl"}],"event_choices":[{"damage_healed":0.0,"max_hp_gain":0.0,"max_hp_loss":0.0,"gold_gain":75.0,"event_name":"World of Goop","player_choice":"Gather Gold","floor":2.0,"gold_loss":0.0,"damage_taken":11.0},{"damage_healed":0.0,"max_hp_gain":0.0,"max_hp_loss":0.0,"gold_gain":0.0,"event_name":"Golden Idol","player_choice":"Take Damage","floor":3.0,"gold_loss":0.0,"damage_taken":20.0,"relics_obtained":["Golden Idol"]},{"damage_healed":0.0,"max_hp_gain":0.0,"max_hp_loss":0.0,"gold_gain":0.0,"event_name":"Scrap Ooze","player_choice":"Success","floor":4.0,"gold_loss":0.0,"damage_taken":25.0,"relics_obtained":["PreservedInsect"]},{"damage_healed":0.0,"max_hp_gain":0.0,"max_hp_loss":0.0,"gold_gain":0.0,"event_name":"Wheel of Change","player_choice":"Cursed","floor":5.0,"gold_loss":0.0,"damage_taken":0.0,"cards_obtained":["Decay"]},{"cards_removed":["Decay"],"damage_healed":0.0,"max_hp_gain":0.0,"max_hp_loss":0.0,"gold_gain":0.0,"event_name":"Golden Wing","player_choice":"Card Removal","floor":8.0,"gold_loss":0.0,"damage_taken":7.0}],"is_beta":false,"boss_relics":[],"items_purged_floors":[],"is_endless":false,"potions_floor_spawned":[6],"killed_by":"The Guardian","ascension_level":4}}