{"host":"og6lam4kt3nibbw0","time":1611332275,"event":{"mods":["AchievementEnabler","BaseMod","Colored Map","DeckTracker","Highlight Path","Keyboard Shortcuts","Minty Spire (QoL Compilation)","Permanent Neow","Quick Restart","StSLib","SuperFastMode"],"gold_per_floor":[118,43,60,77,77,77,77,77],"floor_reached":7,"language":"KOR","playtime":233,"items_purged":["Pain"],"score":82,"play_id":"ae1cefd8-bd60-4d6c-8ccf-b5fcad561ac9","local_time":"20210123011755","is_ascension_mode":true,"campfire_choices":[{"data":"Wild Strike","floor":6.0,"key":"SMITH"}],"circlet_count":0,"master_deck":["AscendersBane","Strike_R","Strike_R","Strike_R","Strike_R","Defend_R","Defend_R","Defend_R","Defend_R","Bash","Demon Form","Dark Embrace","Wild Strike+1","Carnage"],"relics":["Burning Blood"],"acts_visited":["Exordium"],"potions_floor_usage":[7],"damage_taken":[{"damage":28.0,"enemies":"Small Slimes","floor":1.0,"turns":7.0},{"damage":2.0,"enemies":"Cultist","floor":3.0,"turns":4.0},{"damage":12.0,"enemies":"Jaw Worm","floor":4.0,"turns":5.0},{"damage":32,"enemies":"Gremlin Nob","floor":7,"turns":4}],"seed_played":"7245733308538745362","potions_obtained":[{"floor":4.0,"key":"Energy Potion"}],"is_trial":false,"path_per_floor":["M","$","M","M","?","R","E"],"character_chosen":"IRONCLAD","items_purchased":[],"campfire_rested":0,"item_purchase_floors":[],"current_hp_per_floor":[46,46,50,44,44,44,12,12],"gold":77,"neow_bonus":"THREE_RARE_CARDS","is_daily":false,"chose_seed":false,"campfire_upgraded":1,"win_rate":0.0,"timestamp":1611332275,"path_taken":["M","$","M","M","?","R","E"],"items_purchased_type":[],"build_version":"2020-12-22","purchased_purges":1,"victory":false,"max_hp_per_floor":[75,75,75,75,75,75,75,75],"card_choices":[{"not_picked":["Limit Break","Barricade"],"picked":"Demon Form","floor":0.0},{"not_picked":["True Grit","Body Slam","Perfected Strike"],"picked":"SKIP","floor":1.0},{"not_picked":["Iron Wave","Rampage"],"picked":"Dark Embrace","floor":3.0},{"not_picked":["Perfected Strike","Ghostly Armor"],"picked":"Wild Strike","floor":4.0}],"player_experience":941588,"relics_obtained":[],"event_choices":[{"damage_healed":0.0,"max_hp_gain":0.0,"max_hp_loss":0.0,"gold_gain":0.0,"cards_transformed":["Strike_R"],"event_name":"Transmorgrifier","player_choice":"Transformed","floor":5.0,"gold_loss":0.0,"damage_taken":0.0,"cards_obtained":["Carnage"]}],"is_beta":false,"boss_relics":[],"items_purged_floors":[2],"is_endless":false,"potions_floor_spawned":[4],"killed_by":"Gremlin Nob","ascension_level":20}}