{"host":"bpkhhmvsfrvlto2l","time":1611335120,"event":{"mods":["2.2 Compatiblity","AchievementEnabler","Act Like it!","AlwaysNeverKeys","Aspiration","BaseMod","Better Silent Start","Challenge The Spire","Colored Map","Colored Powertips","Custom Start","Energized Spire","Friendly Minions","GifTheSpireLib","Halation","Hubris","Infinite Spire","Ironclad Rager","Mimic Mod","Minty Spire (QoL Compilation)","Permanent Neow","Quick Restart","Random Character Button","Relic Sorter","Replay The Spire","Spikes Relics","StSLib","Stuff the Spire","Swap Starting Deck Mod","Trackpad"],"gold_per_floor":[119,119,119,44,62,89,89,89,159,172,172,183,183,196,196,291,291,303,316,316,316,335,370,370,285,316,334,345,377,410,410,542,542,595,595,595,595,595,645,605,679,679,734,780,780,780],"floor_reached":51,"language":"ENG","playtime":1837,"items_purged":["StuffTheSpire:CuriosityCurse","Strike_B"],"score":1358,"play_id":"0417c70a-a9cf-42c6-8bc3-d45d73113412","local_time":"20210122120520","is_ascension_mode":true,"campfire_choices":[{"data":"Dualcast","floor":7,"key":"SMITH"},{"floor":11,"key":"REST"},{"floor":15,"key":"REST"},{"data":"Pot Of Greed","floor":24,"key":"SMITH"},{"floor":32,"key":"REST"},{"data":"Pot Of Greed","floor":40,"key":"SMITH"},{"data":"Creative AI","floor":42,"key":"SMITH"},{"floor":46,"key":"REST"},{"floor":49,"key":"REST"}],"circlet_count":0,"master_deck":["Strike_B+1","Strike_B+1","Strike_B+1","Defend_B+1","Defend_B","Defend_B","Defend_B","Zap+1","Dualcast+1","Cold Snap+1","Static Discharge+1","Zap+1","infinitespire:Oblivion","Pot Of Greed+1","Pot Of Greed+1","StuffTheSpire:Synthwave+1","Creative AI+1","White Noise+1","StuffTheSpire:Plugnplay+1"],"relics":["Cracked Core","trackpad:WindUpAutoDealer","infinitespire:FocusingShard","aspiration:StickyExplosives_weak","trackpad:BottledTsunami","Black Star","AncientExoskeleton","hubris:SoftwareUpdate","Grinning Jar","hubris:Teleporter","StuffTheSpire:PointBlank","halation:BottledLove","Replay:WaspNest","Strawberry","aspiration:TomeofQuesting","infinitespire:EvilPickle","aspiration:FutureDiary","CosmicIsotope","BlackRope","Gremlin Food","Prayer Wheel","Lizard Tail","StoneCalendar"],"acts_visited":["Exordium","TheCity","TheBeyond"],"potions_floor_usage":[6,16,33,33,35,47],"damage_taken":[{"damage":10,"enemies":"Small Slimes","floor":1,"turns":3},{"damage":0,"enemies":"2 Louse","floor":5,"turns":3},{"damage":31,"enemies":"Lagavulin","floor":6,"turns":8},{"damage":0,"enemies":"Cultist","floor":10,"turns":2},{"damage":0,"enemies":"Blue Slaver","floor":12,"turns":2},{"damage":0,"enemies":"2 Fungi Beasts","floor":14,"turns":2},{"damage":0,"enemies":"Slime Boss","floor":16,"turns":7},{"damage":15,"enemies":"Shell Parasite","floor":18,"turns":4},{"damage":4,"enemies":"3 Byrds","floor":19,"turns":3},{"damage":6,"enemies":"Cultist and Chosen","floor":22,"turns":3},{"damage":0,"enemies":"Gremlin Leader","floor":23,"turns":6},{"damage":0,"enemies":"Chosen and Byrds","floor":26,"turns":3},{"damage":2,"enemies":"Chosen and Byrds","floor":27,"turns":3},{"damage":12,"enemies":"Centurion and Healer","floor":28,"turns":3},{"damage":0,"enemies":"Snecko","floor":29,"turns":4},{"damage":3,"enemies":"Replay:Snechameleon","floor":30,"turns":3},{"damage":11,"enemies":"Pondfish","floor":33,"turns":7},{"damage":39,"enemies":"3 Darklings","floor":35,"turns":3},{"damage":9,"enemies":"R_Hoarder","floor":45,"turns":6},{"damage":12,"enemies":"3 Shapes","floor":47,"turns":2},{"damage":22,"enemies":"2 Orb Walkers","floor":48,"turns":4},{"damage":53,"enemies":"Awakened One","floor":50,"turns":7}],"seed_played":"5506677864004733468","potions_obtained":[{"floor":1,"key":"ColorlessPotion"},{"floor":14,"key":"DistilledChaos"},{"floor":22,"key":"Ancient Potion"},{"floor":23,"key":"FearPotion"},{"floor":27,"key":"Death Potion"},{"floor":33,"key":"ColorlessPotion"}],"is_trial":false,"path_per_floor":["M","?","?","$","M","E","R","?","T","M","R","M","?","M","R","B",null,"M","M","?","AVR","M","E","R","?","MIM","M","M","MIM","E","R_BF","B",null,"M","AVR","?","R","R","T","?","E","R","M","?","R","B",null],"character_chosen":"DEFECT","items_purchased":[],"campfire_rested":5,"item_purchase_floors":[],"current_hp_per_floor":[58,58,58,58,58,27,27,12,12,12,34,34,34,34,56,56,70,55,51,51,51,45,45,45,45,45,43,31,31,35,59,48,74,35,35,35,35,35,35,35,26,50,38,16,40,28],"gold":780,"neow_bonus":"UPGRADE_CARD","is_daily":false,"chose_seed":false,"campfire_upgraded":4,"win_rate":0.0,"timestamp":1611335120,"path_taken":["M","?","?","$","M","E","R","?","T","M","R","M","?","M","R","BOSS","M","M","?","AVR","?","E","R","?","MIM","M","M","?","E","R_BF","BOSS","M","AVR","?","R","R","T","?","E","R","?","?","R","BOSS"],"items_purchased_type":[],"build_version":"2020-12-22","purchased_purges":2,"victory":true,"max_hp_per_floor":[75,75,75,75,75,75,75,75,75,75,75,75,75,75,75,75,75,75,75,75,75,75,75,75,75,75,75,75,75,82,82,82,82,82,82,82,82,82,82,82,82,82,82,82,82,82],"card_choices":[{"not_picked":["BasicCrystalCard","StuffTheSpire:LoadUp"],"picked":"Cold Snap","floor":1},{"not_picked":["Sweeping Beam","Go for the Eyes"],"picked":"Static Discharge","floor":14},{"not_picked":["Go for the Eyes","Steam Power+1"],"picked":"StuffTheSpire:Synthwave+1","floor":23},{"not_picked":["Biased Cognition","Meteor Strike"],"picked":"Creative AI","floor":33},{"not_picked":["Conserve Battery+1","ReplayTheSpireMod:Repulse+1"],"picked":"White Noise+1","floor":35},{"not_picked":["Double Energy","Ball Lightning"],"picked":"StuffTheSpire:Plugnplay+1","floor":47}],"player_experience":94944,"relics_obtained":[{"floor":6,"key":"aspiration:StickyExplosives_weak"},{"floor":9,"key":"trackpad:BottledTsunami"},{"floor":23,"key":"Grinning Jar"},{"floor":23,"key":"hubris:Teleporter"},{"floor":26,"key":"halation:BottledLove"},{"floor":29,"key":"Replay:WaspNest"},{"floor":30,"key":"Strawberry"},{"floor":30,"key":"aspiration:TomeofQuesting"},{"floor":43,"key":"Gremlin Food"},{"floor":45,"key":"trackpad:WindUpAutoDealer"},{"floor":45,"key":"Lizard Tail"},{"floor":48,"key":"StoneCalendar"}],"event_choices":[{"damage_healed":0,"gold_gain":0,"player_choice":"Entered Light","damage_taken":15,"max_hp_gain":0,"max_hp_loss":0,"event_name":"Shining Light","floor":8,"gold_loss":0,"cards_upgraded":["Strike_B","Strike_B"]},{"damage_healed":0,"gold_gain":0,"player_choice":"Ignored","damage_taken":0,"max_hp_gain":0,"max_hp_loss":0,"event_name":"Golden Wing","floor":13,"gold_loss":0},{"damage_healed":0,"gold_gain":0,"player_choice":"Copied","damage_taken":0,"max_hp_gain":0,"max_hp_loss":0,"event_name":"Duplicator","floor":20,"gold_loss":0,"cards_obtained":["Zap"]},{"damage_healed":0,"gold_gain":0,"player_choice":"Obtained Relic","damage_taken":0,"relics_obtained":["StuffTheSpire:PointBlank"],"max_hp_gain":0,"max_hp_loss":0,"event_name":"Addict","floor":25,"gold_loss":85},{"damage_healed":0,"gold_gain":0,"player_choice":"Memory 1","damage_taken":0,"max_hp_gain":0,"max_hp_loss":0,"event_name":"SensoryStone","floor":39,"gold_loss":0},{"damage_healed":0,"gold_gain":0,"player_choice":"Upgraded Two","damage_taken":0,"max_hp_gain":0,"max_hp_loss":0,"event_name":"Designer","floor":44,"gold_loss":40,"cards_upgraded":["Strike_B","Cold Snap"]},{"damage_healed":0,"gold_gain":0,"player_choice":"Fight","damage_taken":0,"max_hp_gain":0,"max_hp_loss":0,"event_name":"Mysterious Sphere","floor":48,"gold_loss":0}],"is_beta":false,"boss_relics":[{"not_picked":["Snecko Eye","hubris:CrackedHourglass"],"picked":"Black Star"},{"not_picked":["energizedSpire:RedRose","hubris:TerracottaHorce"],"picked":"aspiration:FutureDiary"}],"items_purged_floors":[4,21],"is_endless":false,"potions_floor_spawned":[1,14,22,23,27,33],"ascension_level":8}}