{"host":"xkfvvb2eqyo6l3km","time":1611287104,"event":{"mods":["AchievementEnabler","AlwaysNeverKeys","BaseMod","Better Third Choice","BetterRewards","Block Reminder","Card Forge","Colored Map","Colored Powertips","DeckTracker","Energized Spire","Force Act Four","Hubris","Jorbs\u0027s Wanderer Trilogy","Minty Spire (QoL Compilation)","Permanent Neow","Quick Restart","Replay The Spire","Spicy Shops","StSLib","The Blackbeard","The Blue Laboratory","The Cursed","The Disciple","The Hierophant","The Necromancer","The Sage","The Valiant","vexMod"],"gold_per_floor":[118,118,118,136,159,198,218,218,289,332,347,367,367,405,405,536,536,561,179,204,218,218,249,249,283,283,296,47,78,78,78,203,327,327,342,358,382,282,282,356,60,117,117,152,184,184,211,235,298,302,302,402,148,193,255],"floor_reached":56,"language":"ENG","playtime":2225,"items_purged":["Strike_R","Defend_R","Strike_R","Sword Boomerang","Strike_R"],"score":1864,"play_id":"7c035d70-a55e-48ce-a0e5-d94d8399697a","local_time":"20210122014504","is_ascension_mode":true,"campfire_choices":[{"floor":8,"key":"REST"},{"floor":13,"key":"REST"},{"data":"ReplayTheSpireMod:Limb From Limb","floor":15,"key":"SMITH"},{"data":"Uppercut","floor":24,"key":"SMITH"}],"circlet_count":0,"master_deck":["Strike_R","Strike_R","Defend_R","Defend_R","Defend_R","Bash","Shrug It Off","Uppercut+1","Whirlwind+1","Iron Wave","Feed+1","Shrug It Off","Iron Wave","Demonic Infusion+1","Heavy Blade","Inflame","Seeing Red+1","Replay:Undeath\u0027s Touch","Whirlwind+1","Flex+1","Inflame+1","Whirlwind+1"],"relics":["Burning Blood","Hammer of Thor","Seething Fire","Anvil of the Gods","BargainBundle","hubris:GlazedTorus","Replay:Towering Pillar of Hats","Strawberry","Chemical X","Golden Idol","hubris:OldNail","Incense Burner","Tiny Chest","Golden Egg","Replay:Rubber Ducky","TungstenRod","energizedSpire:CursedPentagram","Membership Card","Sling","vexMod:FocusSash","Happy Flower","vexMod:ConsolationPrize","ReplayTheSpireMod:CursedCoin","Replay:Baseball","vexMod:MemoryStick","Replay:Multitool","Red Mask","hubris:Icosahedron","Garlic","energizedSpire:MagnifyingGlass","Gambling Chip","DollysMirror","Oddly Smooth Stone","InkBottle","StoneCalendar","Pantograph","Molten Egg 2","hubris:SlimyHat","Archangels Feather","Replay:Bottled Steam","Art of War"],"acts_visited":["Exordium","TheCity","TheBeyond","TheEnding"],"potions_floor_usage":[4,6,6,16,16,37,40,42,55,55],"damage_taken":[{"damage":0,"enemies":"Small Slimes","floor":1,"turns":4},{"damage":0,"enemies":"Jaw Worm","floor":4,"turns":3},{"damage":0,"enemies":"2 Louse","floor":5,"turns":2},{"damage":6,"enemies":"Gremlin Nob","floor":6,"turns":3},{"damage":0,"enemies":"Large Slime","floor":7,"turns":5},{"damage":13,"enemies":"Lagavulin","floor":10,"turns":6},{"damage":20,"enemies":"Exordium Thugs","floor":11,"turns":5},{"damage":6,"enemies":"Blue Slaver","floor":12,"turns":3},{"damage":4,"enemies":"3 Sentries","floor":14,"turns":2},{"damage":0,"enemies":"Slime Boss","floor":16,"turns":5},{"damage":0,"enemies":"Chosen","floor":18,"turns":3},{"damage":9,"enemies":"2 Thieves","floor":20,"turns":2},{"damage":12,"enemies":"Snake Plant","floor":21,"turns":2},{"damage":0,"enemies":"Replay:Snechameleon","floor":23,"turns":3},{"damage":0,"enemies":"Slavers","floor":25,"turns":1},{"damage":0,"enemies":"3 Cultists","floor":27,"turns":3},{"damage":0,"enemies":"Masked Bandits","floor":29,"turns":1},{"damage":5,"enemies":"Pondfish","floor":33,"turns":8},{"damage":0,"enemies":"Orb Walker","floor":35,"turns":1},{"damage":10,"enemies":"3 Shapes","floor":36,"turns":3},{"damage":0,"enemies":"Transient","floor":37,"turns":5},{"damage":36,"enemies":"R_Hoarder","floor":40,"turns":5},{"damage":13,"enemies":"Nemesis","floor":42,"turns":5},{"damage":0,"enemies":"Giant Head","floor":44,"turns":2},{"damage":19,"enemies":"Maw","floor":45,"turns":3},{"damage":2,"enemies":"Spire Growth","floor":47,"turns":2},{"damage":0,"enemies":"2 Orb Walkers","floor":49,"turns":1},{"damage":4,"enemies":"hubris:GrandSnecko","floor":50,"turns":2},{"damage":11,"enemies":"Shield and Spear","floor":54,"turns":2},{"damage":62,"enemies":"The Heart","floor":55,"turns":6}],"seed_played":"-2145511606502125213","potions_obtained":[{"floor":1,"key":"blueLaboratory:FruitPunch"},{"floor":16,"key":"Energy Potion"},{"floor":21,"key":"Adrenaline Potion"},{"floor":25,"key":"BloodPotion"},{"floor":27,"key":"SteroidPotion"},{"floor":37,"key":"blueLaboratory:BubblePotion"},{"floor":40,"key":"Regen Potion"},{"floor":42,"key":"DuplicationPotion"},{"floor":47,"key":"BloodPotion"},{"floor":49,"key":"Doom Potion"}],"is_trial":false,"path_per_floor":["M","?","?","M","M","E","M","R","T","E","M","M","R","E","R","B",null,"M","$","M","M","?","E","R","E","T","M","$","?","?","T","R","B",null,"M","M","M","NS","?","E","$","E","T","E","M","?","M","T","R","B",null,"R","$","E","B",null],"character_chosen":"IRONCLAD","items_purchased":["BargainBundle","Shrug It Off","Uppercut","Replay:Towering Pillar of Hats","Strawberry","Chemical X","blueLaboratory:IronCompound","EntropicBrew","Fire Potion","Membership Card","Sling","vexMod:BerryBomb","Metallicize","ReplayTheSpireMod:CursedCoin","Replay:Baseball","vexMod:MemoryStick","Seeing Red","Replay:Multitool","DollysMirror","Oddly Smooth Stone","InkBottle","Flex","Replay:Bottled Steam","Whirlwind+1"],"campfire_rested":2,"item_purchase_floors":[0,0,0,0,0,0,0,0,0,19,19,19,19,28,28,28,28,28,41,41,41,41,53,53],"current_hp_per_floor":[57,36,8,16,22,22,31,58,58,51,37,37,64,66,66,74,94,94,100,101,99,99,109,109,112,112,112,112,112,112,112,112,112,112,112,108,112,112,112,82,82,97,97,103,94,94,98,98,104,116,116,116,116,111,60],"gold":255,"neow_bonus":"","is_daily":false,"chose_seed":false,"campfire_upgraded":2,"win_rate":0.0,"timestamp":1611287104,"path_taken":["M","?","?","M","M","E","M","R","T","E","M","M","R","E","R","BOSS","M","$","M","M","?","E","R","E","T","M","$","?","?","?","R","BOSS","M","M","M","NS","?","E","?","E","T","E","M","?","M","?","R","BOSS","R","$","E","BOSS"],"items_purchased_type":["Relic","Card","Card","Relic","Relic","Relic","Potion","Potion","Potion","Relic","Relic","Relic","Card","Relic","Relic","Relic","Card","Relic","Relic","Relic","Relic","Card","Relic","Card"],"build_version":"2020-12-22","purchased_purges":5,"victory":true,"max_hp_per_floor":[87,87,87,89,89,89,92,92,92,92,92,92,92,92,92,94,94,94,100,104,108,108,112,112,112,112,112,112,112,112,112,112,112,112,112,112,112,112,112,112,112,112,112,112,116,116,116,116,116,116,116,116,116,116,116],"card_choices":[{"not_picked":["Sentinel","ReplayTheSpireMod:Strike From Hell","True Grit"],"picked":"SKIP","floor":1},{"not_picked":["Armaments","Wild Strike"],"picked":"Whirlwind","floor":4},{"not_picked":["Fiend Fire","Life Link"],"picked":"Iron Wave","floor":5},{"not_picked":["Warcry","Run Through"],"picked":"Feed","floor":6},{"not_picked":["Anger","Heavy Blade"],"picked":"Shrug It Off","floor":7},{"not_picked":["Replay:Undeath\u0027s Touch","True Grit"],"picked":"ReplayTheSpireMod:Limb From Limb","floor":10},{"not_picked":["Sword Boomerang","Dropkick"],"picked":"Iron Wave","floor":11},{"not_picked":["Reckless Charge","Offering","Anger"],"picked":"SKIP","floor":12},{"not_picked":["ReplayTheSpireMod:Strike From Hell","Rage","ReplayTheSpireMod:Limb From Limb"],"picked":"SKIP","floor":14},{"not_picked":["Offering","Hemogenesis"],"picked":"Demonic Infusion","floor":16},{"not_picked":["Perfected Strike","Havoc","Bloodletting"],"picked":"SKIP","floor":18},{"not_picked":["Thunderclap+1","Perfected Strike"],"picked":"Heavy Blade","floor":20},{"not_picked":["Twin Strike","Run Through"],"picked":"Sword Boomerang","floor":21},{"not_picked":["Pommel Strike","Dropkick"],"picked":"Inflame","floor":23},{"not_picked":["Wild Strike","Disarm","Infernal Blade+1"],"picked":"SKIP","floor":25},{"not_picked":["Rage","Life Link+1","Armaments+1"],"picked":"SKIP","floor":27},{"not_picked":["Life Link+1","Feel No Pain+1","True Grit+1"],"picked":"SKIP","floor":35},{"not_picked":["hubris:SharpeningStone+1","True Grit+1"],"picked":"Replay:Undeath\u0027s Touch","floor":36},{"not_picked":["Armaments","Sentinel+1","Reckless Charge+1"],"picked":"SKIP","floor":37},{"not_picked":["Intimidate","Run Through","Reckless Charge"],"picked":"SKIP","floor":40},{"not_picked":["Searing Blow+1","Armaments+1"],"picked":"Inflame+1","floor":42},{"not_picked":["Iron Wave+1","Juggernaut","Reckless Charge+1"],"picked":"SKIP","floor":44},{"not_picked":["Thunderclap+1","True Grit","Rampage+1"],"picked":"SKIP","floor":45},{"not_picked":["ReplayTheSpireMod:Muscle Training+1","ReplayTheSpireMod:LeadingStrike+1","Life Link"],"picked":"SKIP","floor":47},{"not_picked":["Twin Strike+1","hubris:CleavingFinish+1","Exhume"],"picked":"SKIP","floor":54}],"player_experience":279563,"relics_obtained":[{"floor":6,"key":"Tiny Chest"},{"floor":9,"key":"Golden Egg"},{"floor":10,"key":"Replay:Rubber Ducky"},{"floor":14,"key":"TungstenRod"},{"floor":23,"key":"vexMod:FocusSash"},{"floor":25,"key":"Happy Flower"},{"floor":26,"key":"vexMod:ConsolationPrize"},{"floor":29,"key":"Red Mask"},{"floor":31,"key":"Garlic"},{"floor":40,"key":"Gambling Chip"},{"floor":42,"key":"StoneCalendar"},{"floor":43,"key":"Pantograph"},{"floor":44,"key":"Molten Egg 2"},{"floor":48,"key":"hubris:SlimyHat"},{"floor":49,"key":"Archangels Feather"},{"floor":54,"key":"Art of War"}],"event_choices":[{"damage_healed":0,"gold_gain":0,"player_choice":"Take Damage","damage_taken":21,"relics_obtained":["Golden Idol"],"max_hp_gain":0,"max_hp_loss":0,"event_name":"Golden Idol","floor":2,"gold_loss":0},{"damage_healed":0,"gold_gain":1,"player_choice":"Relic Relic ","damage_taken":28,"max_hp_gain":0,"max_hp_loss":0,"event_name":"betterThird:BetterScrap","floor":3,"gold_loss":0,"cards_obtained":["Study"]},{"damage_healed":0,"gold_gain":0,"player_choice":"Ignored","damage_taken":0,"max_hp_gain":0,"max_hp_loss":0,"event_name":"Ghosts","floor":22,"gold_loss":0},{"damage_healed":0,"gold_gain":0,"player_choice":"Fought Bandits","damage_taken":0,"max_hp_gain":0,"max_hp_loss":0,"event_name":"Masked Bandits","floor":29,"gold_loss":0},{"damage_healed":0,"gold_gain":0,"player_choice":"0 cards matched","damage_taken":0,"max_hp_gain":0,"max_hp_loss":0,"event_name":"Match and Keep!","floor":39,"gold_loss":0,"cards_obtained":[]},{"cards_removed":["Inflame"],"damage_healed":0,"gold_gain":0,"player_choice":"Removed Power","damage_taken":0,"max_hp_gain":0,"max_hp_loss":0,"event_name":"Falling","floor":46,"gold_loss":0},{"damage_healed":0,"gold_gain":0,"player_choice":"Fight","damage_taken":0,"max_hp_gain":0,"max_hp_loss":0,"event_name":"Mysterious Sphere","floor":49,"gold_loss":0}],"is_beta":false,"boss_relics":[{"not_picked":["Black Star","Snecko Eye"],"picked":"energizedSpire:CursedPentagram"},{"not_picked":["Black Blood","Abe\u0027s Treasure"],"picked":"energizedSpire:MagnifyingGlass"}],"items_purged_floors":[0,19,28,41,53],"is_endless":false,"potions_floor_spawned":[1,6,10,11,16,21,25,27,29,33,37,40,42,47,49,54],"ascension_level":1}}