{"host":"srk2drlvga69hbot","time":1611310216,"event":{"mods":["BaseMod","Colored Map","Colored Powertips","Highlight Path","Minty Spire (QoL Compilation)","Quick Restart","Rare Cards Sparkle","Relic Stats"],"gold_per_floor":[111,131,56,331,341,341,372,372,398,398,418,418,433,403,403,403,403],"floor_reached":16,"language":"ZHS","playtime":618,"items_purged":["Strike_G"],"score":110,"play_id":"00a33aa9-2fd9-4275-9736-b1d7d2aeda0b","local_time":"20210122181016","is_ascension_mode":true,"campfire_choices":[{"data":"Calculated Gamble","floor":6,"key":"SMITH"},{"floor":15,"key":"REST"}],"circlet_count":0,"master_deck":["Strike_G","Strike_G","Strike_G","Strike_G","Defend_G","Defend_G","Defend_G","Defend_G","Defend_G","Survivor","Neutralize","Calculated Gamble+1","Footwork","Reflex","Regret","A Thousand Cuts","Acrobatics","Blade Dance"],"relics":["Ring of the Snake","NeowsBlessing","Tiny Chest","Bag of Marbles","Snake Skull","Torii"],"acts_visited":["Exordium"],"potions_floor_usage":[16],"damage_taken":[{"damage":0,"enemies":"Jaw Worm","floor":1,"turns":1},{"damage":0,"enemies":"Cultist","floor":2,"turns":1},{"damage":0,"enemies":"2 Louse","floor":5,"turns":1},{"damage":71,"enemies":"Gremlin Nob","floor":7,"turns":8},{"damage":4,"enemies":"Large Slime","floor":11,"turns":10},{"damage":8,"enemies":"Exordium Wildlife","floor":13,"turns":4},{"damage":1,"enemies":"Looter","floor":14,"turns":4},{"damage":33,"enemies":"Slime Boss","floor":16,"turns":11}],"seed_played":"-9209652641453057089","potions_obtained":[{"floor":5,"key":"FairyPotion"},{"floor":11,"key":"FearPotion"}],"is_trial":false,"path_per_floor":["M","M","$","?","M","R","E","?","T","?","M","T","M","M","R","B"],"character_chosen":"THE_SILENT","items_purchased":[],"campfire_rested":1,"item_purchase_floors":[],"current_hp_per_floor":[70,70,70,70,70,70,21,21,21,21,17,17,9,8,29,0,0],"gold":403,"neow_bonus":"THREE_ENEMY_KILL","is_daily":false,"chose_seed":false,"campfire_upgraded":1,"win_rate":0.0,"timestamp":1611310216,"path_taken":["M","M","$","?","?","R","E","?","T","?","?","?","M","M","R","BOSS"],"items_purchased_type":[],"build_version":"2020-12-22","purchased_purges":1,"victory":false,"max_hp_per_floor":[70,70,70,70,70,70,70,70,70,70,70,70,70,70,70,70,70],"relic_stats":{"Torii":5,"counters":[8,40],"Tiny Chest":1,"Snake Skull":[0],"obtain_stats":[{"NeowsBlessing":0,"Torii":12,"Tiny Chest":7,"Snake Skull":10,"Bag of Marbles":9,"Ring of the Snake":0},{"NeowsBlessing":0,"Torii":5,"Tiny Chest":4,"Snake Skull":4,"Bag of Marbles":4,"Ring of the Snake":0},{"NeowsBlessing":0,"Torii":21,"Tiny Chest":11,"Snake Skull":11,"Bag of Marbles":11,"Ring of the Snake":0}],"Ring of the Snake":[16]},"card_choices":[{"not_picked":["Bane","Caltrops"],"picked":"Calculated Gamble","floor":1},{"not_picked":["Cloak And Dagger","Dagger Spray"],"picked":"Footwork","floor":2},{"not_picked":["Flying Knee","Blade Dance"],"picked":"Reflex","floor":5},{"not_picked":["Cloak And Dagger","Blade Dance","Finisher"],"picked":"SKIP","floor":7},{"not_picked":["Quick Slash","Heel Hook"],"picked":"A Thousand Cuts","floor":11},{"not_picked":["Prepared","Slice"],"picked":"Acrobatics","floor":13},{"not_picked":["Heel Hook","Dagger Spray"],"picked":"Blade Dance","floor":14}],"player_experience":134432,"relics_obtained":[{"floor":7,"key":"Tiny Chest"},{"floor":9,"key":"Bag of Marbles"},{"floor":12,"key":"Torii"}],"event_choices":[{"damage_healed":0,"gold_gain":275,"player_choice":"Desecrate","damage_taken":0,"max_hp_gain":0,"max_hp_loss":0,"event_name":"Golden Shrine","floor":4,"gold_loss":0,"cards_obtained":["Regret"]},{"cards_removed":["Regret"],"damage_healed":0,"gold_gain":0,"player_choice":"Forget","damage_taken":0,"max_hp_gain":0,"max_hp_loss":0,"event_name":"Living Wall","floor":8,"gold_loss":0},{"damage_healed":0,"gold_gain":0,"player_choice":"Box","damage_taken":0,"relics_obtained":["Snake Skull"],"max_hp_gain":0,"max_hp_loss":0,"event_name":"Big Fish","floor":10,"gold_loss":0,"cards_obtained":["Regret"]}],"is_beta":false,"boss_relics":[],"items_purged_floors":[3],"is_endless":false,"potions_floor_spawned":[5,11],"killed_by":"Slime Boss","ascension_level":2}}