{"host":"kkntor5wdjky96yl","time":1611358445,"event":{"mods":["AchievementEnabler","BaseMod","Colored Map","KOR Keyword Fix","Minty Spire (QoL Compilation)","Shop Mod","StSLib","SuperFastMode"],"gold_per_floor":[113,288,298,315,301,54,80,91,117,117,117],"floor_reached":10,"language":"KOR","playtime":388,"items_purged":[],"score":81,"play_id":"971e7bf7-1a00-441d-a313-9214225ccff2","local_time":"20210123083405","is_ascension_mode":true,"campfire_choices":[],"circlet_count":0,"master_deck":["Strike_G","Strike_G","Strike_G","Strike_G","Strike_G","Defend_G","Defend_G","Defend_G","Defend_G","Defend_G","Survivor","Neutralize","Flying Knee","Doubt","Dodge and Roll","Flying Knee","Accuracy","Quick Slash","Backflip","Sucker Punch+1"],"relics":["Sozu","Happy Flower","Molten Egg 2","Vajra"],"acts_visited":["Exordium"],"potions_floor_usage":[],"damage_taken":[{"damage":1,"enemies":"Small Slimes","floor":1,"turns":3},{"damage":0,"enemies":"2 Louse","floor":3,"turns":2},{"damage":0,"enemies":"Jaw Worm","floor":4,"turns":4},{"damage":6,"enemies":"Exordium Thugs","floor":5,"turns":4},{"damage":45,"enemies":"Gremlin Nob","floor":7,"turns":6},{"damage":12,"enemies":"Exordium Wildlife","floor":8,"turns":7},{"damage":0,"enemies":"3 Sentries","floor":10,"turns":1}],"seed_played":"-2061550834626104612","potions_obtained":[],"is_trial":false,"path_per_floor":["M","?","M","M","M","$","E","M","T","E"],"character_chosen":"THE_SILENT","items_purchased":["Accuracy","Happy Flower","Quick Slash"],"campfire_rested":0,"item_purchase_floors":[6,6,6],"current_hp_per_floor":[69,69,69,69,63,63,18,6,6,6,6],"gold":117,"neow_bonus":"BOSS_RELIC","is_daily":false,"chose_seed":false,"campfire_upgraded":0,"win_rate":0.0,"timestamp":1611358445,"path_taken":["M","?","M","M","M","$","E","M","T","E"],"items_purchased_type":["Card","Relic","Card"],"build_version":"2020-12-22","purchased_purges":0,"victory":false,"max_hp_per_floor":[70,70,70,70,70,70,70,70,70,70,70],"card_choices":[{"not_picked":["Well Laid Plans","Quick Slash"],"picked":"Flying Knee","floor":1},{"not_picked":["Dagger Throw","Underhanded Strike","Deflect"],"picked":"SKIP","floor":3},{"not_picked":["Underhanded Strike","Dagger Spray"],"picked":"Dodge and Roll","floor":4},{"not_picked":["Bane","Underhanded Strike"],"picked":"Flying Knee","floor":5},{"not_picked":["Escape Plan","Poisoned Stab+1"],"picked":"Backflip","floor":7},{"not_picked":["Underhanded Strike+1","Wraith Form v2"],"picked":"Sucker Punch+1","floor":8}],"player_experience":101918,"relics_obtained":[{"floor":7,"key":"Molten Egg 2"},{"floor":9,"key":"Vajra"}],"event_choices":[{"damage_healed":0,"gold_gain":175,"player_choice":"AGREE","damage_taken":0,"max_hp_gain":0,"max_hp_loss":0,"event_name":"Liars Game","floor":2,"gold_loss":0,"cards_obtained":["Doubt"]}],"is_beta":false,"boss_relics":[],"items_purged_floors":[],"is_endless":false,"potions_floor_spawned":[1,5,7],"killed_by":"3 Sentries","ascension_level":3}}