{"host":"h3c6rtdc4153hgw2","time":1611358405,"event":{"mods":["AchievementEnabler","Aspiration","BaseMod","Beaked The Cultist","Colored Map","Colored Powertips","Hermit","Hubris","Marisa????????","Minty Spire (QoL Compilation)","Permanent Neow","Quick Restart","StSLib","The Construct","The Cursed","The Hierophant","The Necromancer"],"gold_per_floor":[114,129,144,159,174,204,204,204,204,26,63,78,78,93,93,193,193,208,208,208,208,223,223,238,238,238,238,288,303,318,318,318,418,418,433,436,483,498,513,543,543,573,623,623,638,638,638,713,713,713],"floor_reached":51,"language":"ENG","playtime":2673,"items_purged":[],"score":907,"play_id":"fb6ee62e-bf43-438f-b53f-c0e8fe384141","local_time":"20210122233325","daily_mods":["Heirloom","Time Dilation","Night Terrors"],"is_ascension_mode":false,"campfire_choices":[{"data":"UltimateShortwave","floor":7,"key":"SMITH"},{"floor":15,"key":"REST"},{"floor":23,"key":"DIG"},{"floor":25,"key":"DIG"},{"floor":27,"key":"DIG"},{"floor":32,"key":"REST"},{"floor":41,"key":"DIG"},{"floor":44,"key":"DIG"},{"floor":46,"key":"DIG"},{"floor":49,"key":"DIG"}],"circlet_count":0,"master_deck":["Defend_MRS","Defend_MRS","Defend_MRS","Defend_MRS","MasterSpark","UpSweep","DoubleSpark","FairyDestructionRay","OrrerysSun","BinaryStars","PowerUp","UltimateShortwave+1","Injury","Magnetism+1","MysteriousBeam+1","DoubleSpark","DC+1","MillisecondPulsars+1","MilkyWay","6A+1","SporeBomb","DoubleSpark+1","GalacticHalo+1","Bite+1","Bite+1","Bite+1","Bite+1","Bite+1","JA+1","GalacticHalo+1","MagicChant","NonDirectionalLaser+1","NonDirectionalLaser+1","PowerUp","WitchLeyline+1","BlazeAway+1","ManaRampage+1"],"relics":["MiniHakkero","Thread and Needle","aspiration:PocketMushroom","Frozen Egg 2","Blue Candle","White Beast Statue","Molten Egg 2","hubris:Backtick","Shovel","HandmadeGrimoire","hubris:64BitClover","StrikeDummy","Toy Ornithopter","Bag of Preparation","Fusion Hammer","CatCart","Mango","SproutingBranch","Lantern","Nunchaku","Orichalcum","hubris:Metronome","aspiration:Lifesprig","hubris:DeckOfHolding","hubris:DisguiseKit","Happy Flower"],"acts_visited":["Exordium","TheCity","TheBeyond"],"potions_floor_usage":[6,16,29,30,30,33,36,36,36,37,38,38,40,42,50,50,50],"damage_taken":[{"damage":0,"enemies":"Cultist","floor":1,"turns":3},{"damage":1,"enemies":"Small Slimes","floor":2,"turns":3},{"damage":0,"enemies":"Jaw Worm","floor":3,"turns":2},{"damage":5,"enemies":"3 Louse","floor":4,"turns":2},{"damage":3,"enemies":"Blue Slaver","floor":5,"turns":2},{"damage":16,"enemies":"3 Sentries","floor":6,"turns":6},{"damage":9,"enemies":"Lagavulin Event","floor":11,"turns":4},{"damage":0,"enemies":"Exordium Thugs","floor":12,"turns":2},{"damage":6,"enemies":"3 Louse","floor":14,"turns":3},{"damage":34,"enemies":"The Guardian","floor":16,"turns":8},{"damage":29,"enemies":"2 Thieves","floor":18,"turns":5},{"damage":6,"enemies":"Chosen","floor":22,"turns":2},{"damage":11,"enemies":"Snecko","floor":24,"turns":4},{"damage":20,"enemies":"Shelled Parasite and Fungi","floor":29,"turns":4},{"damage":5,"enemies":"Centurion and Healer","floor":30,"turns":4},{"damage":31,"enemies":"Champ","floor":33,"turns":9},{"damage":21,"enemies":"3 Shapes","floor":35,"turns":2},{"damage":26,"enemies":"Orin","floor":36,"turns":9},{"damage":6,"enemies":"2 Orb Walkers","floor":37,"turns":2},{"damage":6,"enemies":"Orb Walker","floor":38,"turns":2},{"damage":0,"enemies":"Jaw Worm Horde","floor":39,"turns":1},{"damage":22,"enemies":"Giant Head","floor":40,"turns":6},{"damage":26,"enemies":"Reptomancer","floor":42,"turns":4},{"damage":7,"enemies":"4 Shapes","floor":45,"turns":3},{"damage":0,"enemies":"hubris:GrandSnecko","floor":50,"turns":4}],"seed_played":"8945501730091475425","potions_obtained":[{"floor":1,"key":"construct:ShiftPotion"},{"floor":5,"key":"Fire Potion"},{"floor":6,"key":"SpeedPotion"},{"floor":11,"key":"SpeedPotion"},{"floor":12,"key":"Fire Potion"},{"floor":14,"key":"Weak Potion"},{"floor":16,"key":"SkillPotion"},{"floor":18,"key":"Fire Potion"},{"floor":29,"key":"LiquidMemories"},{"floor":30,"key":"EssenceOfSteel"},{"floor":33,"key":"PowerPotion"},{"floor":35,"key":"Block Potion"},{"floor":36,"key":"Explosive Potion"},{"floor":37,"key":"EntropicBrew"},{"floor":38,"key":"AttackPotion"},{"floor":39,"key":"Weak Potion"},{"floor":40,"key":"Ancient Potion"},{"floor":42,"key":"Fire Potion"}],"is_trial":false,"path_per_floor":["M","M","M","M","M","E","R","?","T","$","?","M","T","M","R","B",null,"M","?","?","?","M","R","M","R","T","R","T","M","M","?","R","B",null,"M","?","?","M","M","E","R","E","T","R","M","R","?","T","R","B",null],"character_chosen":"MARISA","items_purchased":["Magnetism+1"],"campfire_rested":2,"item_purchase_floors":[10],"current_hp_per_floor":[75,74,74,69,66,50,50,50,50,50,41,41,41,35,70,36,70,41,28,53,53,47,47,36,36,36,36,36,21,26,26,47,22,47,26,30,43,59,59,49,49,44,44,44,49,49,49,49,49,61],"gold":713,"neow_bonus":"","is_daily":true,"chose_seed":false,"campfire_upgraded":1,"win_rate":0.0,"timestamp":1611358405,"path_taken":["M","?","M","?","M","E","R","?","T","?","?","M","?","M","R","BOSS","M","?","?","?","?","R","M","R","T","R","?","M","M","?","R","BOSS","M","?","?","M","M","E","R","E","T","R","M","R","?","?","R","BOSS"],"items_purchased_type":["Card"],"build_version":"2020-12-22","purchased_purges":0,"victory":true,"max_hp_per_floor":[75,75,75,75,75,75,75,75,75,75,75,75,75,75,70,70,70,70,75,75,75,75,75,75,75,75,75,75,75,75,52,47,47,47,47,47,61,61,61,61,61,61,61,61,61,61,61,61,61,61],"card_choices":[{"not_picked":["OneTimeOff","MysteriousBeam"],"picked":"DoubleSpark","floor":1},{"not_picked":["Occultation","MilkyWay"],"picked":"FairyDestructionRay","floor":2},{"not_picked":["ChargingUp","OneTimeOff"],"picked":"OrrerysSun","floor":3},{"not_picked":["NonDirectionalLaser","Orbital"],"picked":"BinaryStars","floor":4},{"not_picked":["NonDirectionalLaser","FairyDestructionRay"],"picked":"PowerUp","floor":5},{"not_picked":["PowerUp","NonDirectionalLaser"],"picked":"UltimateShortwave","floor":6},{"not_picked":["Acceleration","MagicAbsorber"],"picked":"MysteriousBeam","floor":11},{"not_picked":["GravityBeat","EscapeVelocity+1"],"picked":"DoubleSpark","floor":12},{"not_picked":["MysteriousBeam+1","WitchLeyline+1"],"picked":"DC+1","floor":14},{"not_picked":["BigCrunch","JA+1"],"picked":"MillisecondPulsars+1","floor":16},{"not_picked":["ShootTheMoon+1","Acceleration"],"picked":"MilkyWay","floor":18},{"not_picked":["ShootingEcho+1","WitchOfGreed+1"],"picked":"6A+1","floor":22},{"not_picked":["PowerUp","MagicAbsorber"],"picked":"SporeBomb","floor":24},{"not_picked":["GrandCross+1","Orbital"],"picked":"DoubleSpark+1","floor":29},{"not_picked":["WitchOfGreed+1","GasGiant"],"picked":"GalacticHalo+1","floor":30},{"not_picked":["UltimateShortwave","SatelliteIllusion+1"],"picked":"JA+1","floor":33},{"not_picked":["LuminesStrike+1","StarBarrage+1"],"picked":"GalacticHalo+1","floor":35},{"not_picked":["UnstableBomb+1","BlazingStar+1"],"picked":"MagicChant","floor":36},{"not_picked":["IllusionStar+1","WitchOfGreed+1"],"picked":"NonDirectionalLaser+1","floor":37},{"not_picked":["Orbital+1","WitchOfGreed+1"],"picked":"NonDirectionalLaser+1","floor":38},{"not_picked":["6A+1","ChargingUp"],"picked":"PowerUp","floor":39},{"not_picked":["IllusionStar+1","DoubleSpark+1"],"picked":"WitchLeyline+1","floor":40},{"not_picked":["ShootingEcho+1","EnergyFlow+1"],"picked":"BlazeAway+1","floor":42},{"not_picked":["MysteriousBeam+1","NonDirectionalLaser+1"],"picked":"ManaRampage","floor":45}],"player_experience":138724,"relics_obtained":[{"floor":6,"key":"aspiration:PocketMushroom"},{"floor":9,"key":"Blue Candle"},{"floor":11,"key":"White Beast Statue"},{"floor":13,"key":"Molten Egg 2"},{"floor":23,"key":"HandmadeGrimoire"},{"floor":25,"key":"hubris:64BitClover"},{"floor":26,"key":"StrikeDummy"},{"floor":27,"key":"Toy Ornithopter"},{"floor":28,"key":"Bag of Preparation"},{"floor":36,"key":"CatCart"},{"floor":37,"key":"Mango"},{"floor":40,"key":"SproutingBranch"},{"floor":41,"key":"Lantern"},{"floor":42,"key":"Nunchaku"},{"floor":43,"key":"Orichalcum"},{"floor":44,"key":"hubris:Metronome"},{"floor":45,"key":"aspiration:Lifesprig"},{"floor":46,"key":"hubris:DeckOfHolding"},{"floor":48,"key":"hubris:DisguiseKit"},{"floor":49,"key":"Happy Flower"}],"event_choices":[{"damage_healed":0,"gold_gain":0,"player_choice":"Searched \u00271\u0027 times","damage_taken":0,"max_hp_gain":0,"max_hp_loss":0,"event_name":"Dead Adventurer","floor":11,"gold_loss":0},{"damage_healed":0,"gold_gain":0,"player_choice":"Shed Blood","damage_taken":18,"max_hp_gain":5,"max_hp_loss":0,"event_name":"Forgotten Altar","floor":19,"gold_loss":0},{"damage_healed":25,"gold_gain":0,"player_choice":"Heal","damage_taken":0,"max_hp_gain":0,"max_hp_loss":0,"event_name":"The Library","floor":20,"gold_loss":0},{"damage_healed":0,"gold_gain":0,"player_choice":"Upgraded","damage_taken":0,"max_hp_gain":0,"max_hp_loss":0,"event_name":"Upgrade Shrine","floor":21,"gold_loss":0,"cards_upgraded":["MysteriousBeam"]},{"damage_healed":0,"gold_gain":0,"player_choice":"Became a vampire","damage_taken":0,"max_hp_gain":0,"max_hp_loss":23,"event_name":"Vampires","floor":31,"gold_loss":0,"cards_obtained":["Bite","Bite","Bite","Bite","Bite"]},{"damage_healed":0,"gold_gain":0,"player_choice":"Fight","damage_taken":0,"max_hp_gain":0,"max_hp_loss":0,"event_name":"OrinTheCat","floor":36,"gold_loss":0},{"damage_healed":0,"gold_gain":0,"player_choice":"Fight","damage_taken":0,"max_hp_gain":0,"max_hp_loss":0,"event_name":"Mysterious Sphere","floor":37,"gold_loss":0}],"is_beta":false,"boss_relics":[{"not_picked":["Runic Pyramid","hubris:Stopwatch"],"picked":"hubris:Backtick"},{"not_picked":["hubris:ScarierMask","Busted Crown"],"picked":"Fusion Hammer"}],"items_purged_floors":[],"is_endless":false,"potions_floor_spawned":[1,5,6,11,12,14,16,18,22,24,29,30,33,35,36,37,38,39,40,42,45],"ascension_level":0}}