{"host":"p1xsuo25udtrkbq2","time":1611275430,"event":{"mods":["BaseMod","Colored Map","Highlight Path","Minty Spire (QoL Compilation)","Quick Restart","Rare Cards Sparkle","Relic Stats","Slay the Relics Exporter","StSLib","everything is the same but u backflip on backflip"],"gold_per_floor":[109,32,51,51,51,85,95,121,192,162,172,172,197,217,217,294,294,310,18,18,31,31,31,56,56,56,56,83,102,131,141,141,218,218,228,248,261,276,105,105,135,149,149,149,160,160,171,196,196,196],"floor_reached":51,"language":"ENG","playtime":5048,"items_purged":["Headbutt"],"score":1295,"play_id":"f49fe9f8-41f2-45ba-a4a8-d5d0ac8a8d3a","local_time":"20210121193030","is_ascension_mode":true,"campfire_choices":[{"floor":12.0,"key":"REST"},{"data":"Immolate","floor":15.0,"key":"SMITH"},{"floor":23,"key":"REST"},{"data":"Armaments","floor":25,"key":"SMITH"},{"data":"True Grit","floor":32,"key":"SMITH"},{"data":"Demon Form","floor":40,"key":"SMITH"},{"data":"True Grit","floor":44,"key":"SMITH"},{"data":"Entrench","floor":46,"key":"SMITH"},{"data":"Shockwave","floor":49,"key":"SMITH"}],"circlet_count":0,"master_deck":["AscendersBane","Bash","Combust","Hemokinesis","Berserk+1","Pommel Strike","Sword Boomerang","Flex","Immolate+1","Power Through","Reaper","Twin Strike","Shockwave+1","Rage","Brutality","Anger","Entrench+1","Carnage","Shrug It Off","Armaments+1","True Grit+1","Demon Form+1","Body Slam+1","Shrug It Off","Clothesline+1","Rupture","True Grit+1","Warcry+1","Shrug It Off","Armaments+1"],"relics":["Burning Blood","NeowsBlessing","Ginger","Oddly Smooth Stone","Bottled Tornado","White Beast Statue","Pandora\u0027s Box","Centennial Puzzle","ClockworkSouvenir","Calipers","Meat on the Bone","Smiling Mask","Pantograph","Sozu","Ornamental Fan","Juzu Bracelet"],"acts_visited":["Exordium","TheCity","TheBeyond"],"potions_floor_usage":[21,28,29,30,33,36,38],"damage_taken":[{"damage":0.0,"enemies":"2 Louse","floor":1.0,"turns":1.0},{"damage":0.0,"enemies":"Cultist","floor":3.0,"turns":1.0},{"damage":0.0,"enemies":"Lagavulin","floor":6.0,"turns":1.0},{"damage":20.0,"enemies":"Small Slimes","floor":7.0,"turns":3.0},{"damage":40.0,"enemies":"3 Sentries","floor":8.0,"turns":6.0},{"damage":14.0,"enemies":"Looter","floor":11.0,"turns":2.0},{"damage":10.0,"enemies":"Lagavulin","floor":13.0,"turns":5.0},{"damage":14.0,"enemies":"Exordium Thugs","floor":14.0,"turns":3.0},{"damage":42.0,"enemies":"Slime Boss","floor":16.0,"turns":6.0},{"damage":13.0,"enemies":"Spheric Guardian","floor":18.0,"turns":3.0},{"damage":20,"enemies":"2 Thieves","floor":21,"turns":3},{"damage":30,"enemies":"Slavers","floor":24,"turns":3},{"damage":37,"enemies":"Book of Stabbing","floor":28,"turns":5},{"damage":22,"enemies":"Centurion and Healer","floor":29,"turns":5},{"damage":19,"enemies":"Gremlin Leader","floor":30,"turns":4},{"damage":3,"enemies":"Snecko","floor":31,"turns":3},{"damage":68,"enemies":"Automaton","floor":33,"turns":12},{"damage":23,"enemies":"Orb Walker","floor":35,"turns":4},{"damage":23,"enemies":"3 Shapes","floor":36,"turns":3},{"damage":12,"enemies":"Jaw Worm Horde","floor":37,"turns":2},{"damage":17,"enemies":"3 Darklings","floor":38,"turns":3},{"damage":53,"enemies":"Giant Head","floor":41,"turns":8},{"damage":33,"enemies":"Sphere and 2 Shapes","floor":42,"turns":5},{"damage":36,"enemies":"Spire Growth","floor":45,"turns":5},{"damage":14,"enemies":"4 Shapes","floor":47,"turns":3},{"damage":19,"enemies":"Nemesis","floor":48,"turns":9},{"damage":85,"enemies":"Time Eater","floor":50,"turns":7}],"seed_played":"-1943228955353636385","potions_obtained":[{"floor":6.0,"key":"LiquidBronze"},{"floor":11.0,"key":"AttackPotion"},{"floor":13.0,"key":"BlessingOfTheForge"},{"floor":14.0,"key":"Regen Potion"},{"floor":16.0,"key":"GamblersBrew"},{"floor":18.0,"key":"BlessingOfTheForge"},{"floor":21,"key":"Weak Potion"},{"floor":24,"key":"Explosive Potion"},{"floor":28,"key":"Energy Potion"},{"floor":29,"key":"EssenceOfSteel"},{"floor":30,"key":"Explosive Potion"},{"floor":31,"key":"SkillPotion"},{"floor":33,"key":"Explosive Potion"}],"is_trial":false,"path_per_floor":["M","$","M","?","?","E","M","E","T","?","M","R","E","M","R","B",null,"M","$","?","M","?","R","E","R","T","?","E","M","E","M","R","B",null,"M","M","M","M","$","R","E","M","T","R","M","R","M","E","R","B",null],"character_chosen":"IRONCLAD","items_purchased":["Combust","Centennial Puzzle","ClockworkSouvenir","Rupture","True Grit"],"campfire_rested":2,"item_purchase_floors":[2,19,19,39,39],"current_hp_per_floor":[74,74,75,75,68,74,60,26,26,26,18,40,36,28,28,7,58,51,51,37,35,35,59,49,49,49,49,36,40,54,61,61,34,69,61,56,50,80,80,80,53,50,50,50,38,38,51,50,50,33],"gold":196,"neow_bonus":"THREE_ENEMY_KILL","is_daily":false,"chose_seed":false,"campfire_upgraded":7,"win_rate":0.0,"timestamp":1611275430,"path_taken":["M","$","M","?","?","E","M","E","T","?","M","R","E","M","R","BOSS","M","$","?","M","?","R","E","R","T","?","E","?","E","M","R","BOSS","M","M","M","M","$","R","E","M","T","R","M","R","M","E","R","BOSS"],"items_purchased_type":["Card","Relic","Relic","Card","Card"],"build_version":"2020-12-22","purchased_purges":1,"victory":true,"max_hp_per_floor":[75,75,75,75,75,75,75,75,75,75,75,75,75,75,75,75,75,75,75,80,80,80,80,80,80,80,80,80,80,80,80,80,80,80,80,80,80,80,80,80,80,80,80,80,80,80,80,80,80,80],"relic_stats":{"Sozu":9,"Centennial Puzzle":[51],"counters":[27,115],"Ornamental Fan":[16],"Pantograph":44,"Pandora\u0027s Box":["Twin Strike","Shockwave","Rage","Brutality","Anger","Entrench","Carnage"],"Juzu Bracelet":0,"Ginger":[5],"Smiling Mask":25,"obtain_stats":[{"Calipers":24,"NeowsBlessing":0,"Oddly Smooth Stone":8,"Juzu Bracelet":48,"Ginger":6,"Bottled Tornado":9,"Smiling Mask":28,"Burning Blood":0,"White Beast Statue":13,"ClockworkSouvenir":19,"Sozu":34,"Centennial Puzzle":19,"Ornamental Fan":41,"Pantograph":30,"Pandora\u0027s Box":17,"Meat on the Bone":26},{"Calipers":12,"NeowsBlessing":0,"Oddly Smooth Stone":5,"Juzu Bracelet":26,"Ginger":3,"Bottled Tornado":5,"Smiling Mask":13,"Burning Blood":0,"White Beast Statue":7,"ClockworkSouvenir":10,"Sozu":17,"Centennial Puzzle":10,"Ornamental Fan":22,"Pantograph":15,"Pandora\u0027s Box":9,"Meat on the Bone":12},{"Calipers":37,"NeowsBlessing":0,"Oddly Smooth Stone":12,"Juzu Bracelet":108,"Ginger":3,"Bottled Tornado":12,"Smiling Mask":42,"Burning Blood":0,"White Beast Statue":19,"ClockworkSouvenir":31,"Sozu":66,"Centennial Puzzle":31,"Ornamental Fan":86,"Pantograph":51,"Pandora\u0027s Box":28,"Meat on the Bone":37}],"Burning Blood":153,"Meat on the Bone":84},"card_choices":[{"not_picked":["Armaments","Rage"],"picked":"Headbutt","floor":1.0},{"not_picked":["Iron Wave","Clothesline"],"picked":"Hemokinesis","floor":3.0},{"not_picked":["Pummel","Second Wind"],"picked":"Pommel Strike","floor":6.0},{"not_picked":["Wild Strike","Pommel Strike","Anger"],"picked":"SKIP","floor":7.0},{"not_picked":["Second Wind","Wild Strike"],"picked":"Sword Boomerang","floor":8.0},{"not_picked":["Sword Boomerang","Anger"],"picked":"Flex","floor":11.0},{"not_picked":["Reckless Charge","Inflame"],"picked":"Immolate","floor":13.0},{"not_picked":["Cleave","Burning Pact"],"picked":"Power Through","floor":14.0},{"not_picked":["Impervious","Bludgeon"],"picked":"Reaper","floor":16.0},{"not_picked":["Headbutt","Wild Strike"],"picked":"Shrug It Off","floor":18.0},{"not_picked":["Entrench","Dark Embrace","Cleave"],"picked":"SKIP","floor":21},{"not_picked":["Evolve","Cleave"],"picked":"Armaments","floor":24},{"not_picked":["Iron Wave","Limit Break","Perfected Strike"],"picked":"SKIP","floor":28},{"not_picked":["Sever Soul","Blood for Blood","Clothesline"],"picked":"SKIP","floor":29},{"not_picked":["Iron Wave","Havoc"],"picked":"True Grit","floor":30},{"not_picked":["Anger","Clash","Perfected Strike"],"picked":"SKIP","floor":31},{"not_picked":["Brutality","Bludgeon"],"picked":"Demon Form","floor":33},{"not_picked":["Intimidate","Clash"],"picked":"Body Slam+1","floor":35},{"not_picked":["Iron Wave+1","Perfected Strike+1"],"picked":"Shrug It Off","floor":36},{"not_picked":["Juggernaut","Rampage"],"picked":"Clothesline+1","floor":37},{"not_picked":["Perfected Strike","Heavy Blade+1","Shockwave"],"picked":"SKIP","floor":38},{"not_picked":["Spot Weakness","Headbutt"],"picked":"Warcry+1","floor":41},{"not_picked":["Havoc","Warcry","Corruption"],"picked":"SKIP","floor":42},{"not_picked":["Cleave","Dark Embrace"],"picked":"Shrug It Off","floor":45},{"not_picked":["Anger","Sentinel","Body Slam"],"picked":"SKIP","floor":47},{"not_picked":["Shrug It Off","Hemokinesis"],"picked":"Armaments+1","floor":48}],"player_experience":944254,"relics_obtained":[{"floor":6.0,"key":"Ginger"},{"floor":8.0,"key":"Oddly Smooth Stone"},{"floor":9.0,"key":"Bottled Tornado"},{"floor":13.0,"key":"White Beast Statue"},{"floor":24,"key":"Calipers"},{"floor":26,"key":"Meat on the Bone"},{"floor":28,"key":"Smiling Mask"},{"floor":30,"key":"Pantograph"},{"floor":41,"key":"Ornamental Fan"},{"floor":48,"key":"Juzu Bracelet"}],"event_choices":[{"damage_healed":0.0,"max_hp_gain":0.0,"max_hp_loss":0.0,"gold_gain":0.0,"cards_transformed":["Strike_R"],"event_name":"Living Wall","player_choice":"Change","floor":4.0,"gold_loss":0.0,"damage_taken":0.0,"cards_obtained":["Berserk"]},{"cards_removed":["Strike_R"],"damage_healed":0.0,"max_hp_gain":0.0,"max_hp_loss":0.0,"gold_gain":0.0,"event_name":"Golden Wing","player_choice":"Card Removal","floor":5.0,"gold_loss":0.0,"damage_taken":7.0},{"damage_healed":0.0,"max_hp_gain":0.0,"max_hp_loss":0.0,"gold_gain":0.0,"event_name":"World of Goop","player_choice":"Left Gold","floor":10.0,"gold_loss":30.0,"damage_taken":0.0},{"damage_healed":0.0,"max_hp_gain":5.0,"max_hp_loss":0.0,"gold_gain":0.0,"event_name":"Forgotten Altar","player_choice":"Shed Blood","floor":20.0,"gold_loss":0.0,"damage_taken":19.0},{"damage_healed":0,"gold_gain":0,"player_choice":"Ignored","damage_taken":0,"max_hp_gain":0,"max_hp_loss":0,"event_name":"Vampires","floor":22,"gold_loss":0},{"damage_healed":0,"gold_gain":0,"player_choice":"Upgraded","damage_taken":0,"max_hp_gain":0,"max_hp_loss":0,"event_name":"Upgrade Shrine","floor":27,"gold_loss":0,"cards_upgraded":["Berserk"]}],"is_beta":false,"boss_relics":[{"not_picked":["Runic Dome","Mark of Pain"],"picked":"Pandora\u0027s Box"},{"not_picked":["SlaversCollar","Fusion Hammer"],"picked":"Sozu"}],"items_purged_floors":[39],"is_endless":false,"potions_floor_spawned":[6,11,13,14,16,18,21,24,28,29,30,31,33,35,36,37,38,41,42,45,47,48],"ascension_level":14}}