{"host":"e0kes70z4atl8xdk","time":1611359123,"event":{"mods":["BaseMod","Colored Map","Colored Powertips","Minty Spire (QoL Compilation)","Rare Cards Sparkle","Relic Stats"],"gold_per_floor":[110,124,141,154,171,171,184,184,184,184,184,210,210,5,5,110,110,122,37,37,50,67,99,99,116,116,116,41,55,65,91,91,188,188,198,208,218,218,229,263,263,263,263,263,277,59,74,88,88,88,88,88,4,38,38],"floor_reached":56,"language":"ENG","playtime":4588,"items_purged":["Strike_R"],"score":1248,"play_id":"7733ba0e-bc06-466e-87ea-60b89f22899b","local_time":"20210123004523","is_ascension_mode":false,"campfire_choices":[{"data":"Barricade","floor":6.0,"key":"SMITH"},{"data":"Metallicize","floor":11.0,"key":"SMITH"},{"floor":13.0,"key":"REST"},{"floor":15.0,"key":"REST"},{"data":"Armaments","floor":24.0,"key":"SMITH"},{"data":"Juggernaut","floor":27.0,"key":"SMITH"},{"floor":32.0,"key":"RECALL"},{"data":"Metallicize","floor":42.0,"key":"SMITH"},{"data":"1","floor":44.0,"key":"LIFT"},{"data":"2","floor":49.0,"key":"LIFT"},{"data":"3","floor":52,"key":"LIFT"}],"circlet_count":0,"master_deck":["Strike_R","Strike_R+1","Strike_R","Defend_R","Defend_R","Defend_R","Defend_R","Barricade+1","Iron Wave","Body Slam+1","Thunderclap+1","Metallicize+1","Juggernaut+1","Impervious","Battle Trance+1","Armaments+1","Ghostly Armor+1","Body Slam+1","Metallicize+1","Shrug It Off","Shrug It Off+1","True Grit+1","Feel No Pain"],"relics":["Burning Blood","Girya","Oddly Smooth Stone","Cursed Key","HornCleat","Du-Vu Doll","Whetstone","Runic Pyramid","Pear","Orrery","FossilizedHelix"],"acts_visited":["Exordium","TheCity","TheBeyond","TheEnding"],"potions_floor_usage":[55,55,55],"damage_taken":[{"damage":13.0,"enemies":"Jaw Worm","floor":1.0,"turns":3.0},{"damage":2.0,"enemies":"Small Slimes","floor":2.0,"turns":5.0},{"damage":0.0,"enemies":"2 Louse","floor":3.0,"turns":3.0},{"damage":5.0,"enemies":"Exordium Wildlife","floor":4.0,"turns":6.0},{"damage":16.0,"enemies":"2 Fungi Beasts","floor":5.0,"turns":4.0},{"damage":10.0,"enemies":"3 Louse","floor":7.0,"turns":3.0},{"damage":49.0,"enemies":"Gremlin Nob","floor":12.0,"turns":7.0},{"damage":30.0,"enemies":"Hexaghost","floor":16.0,"turns":9.0},{"damage":0.0,"enemies":"Chosen","floor":18.0,"turns":4.0},{"damage":0.0,"enemies":"3 Byrds","floor":21.0,"turns":5.0},{"damage":3.0,"enemies":"Snake Plant","floor":22.0,"turns":4.0},{"damage":12.0,"enemies":"Slavers","floor":23.0,"turns":7.0},{"damage":0.0,"enemies":"Centurion and Healer","floor":25.0,"turns":4.0},{"damage":1.0,"enemies":"Shelled Parasite and Fungi","floor":29.0,"turns":5.0},{"damage":0.0,"enemies":"Chosen and Byrds","floor":30.0,"turns":7.0},{"damage":0.0,"enemies":"Book of Stabbing","floor":31.0,"turns":5.0},{"damage":0.0,"enemies":"Champ","floor":33.0,"turns":9.0},{"damage":0.0,"enemies":"Orb Walker","floor":35.0,"turns":4.0},{"damage":0.0,"enemies":"3 Shapes","floor":36.0,"turns":4.0},{"damage":0.0,"enemies":"Maw","floor":37.0,"turns":6.0},{"damage":10.0,"enemies":"Transient","floor":39.0,"turns":5.0},{"damage":3.0,"enemies":"Nemesis","floor":40.0,"turns":7.0},{"damage":0.0,"enemies":"4 Shapes","floor":45.0,"turns":4.0},{"damage":0.0,"enemies":"Maw","floor":47.0,"turns":7.0},{"damage":0.0,"enemies":"3 Darklings","floor":48.0,"turns":5.0},{"damage":2,"enemies":"Donu and Deca","floor":50,"turns":8},{"damage":15,"enemies":"Shield and Spear","floor":54,"turns":7},{"damage":48,"enemies":"The Heart","floor":55,"turns":11}],"seed_played":"2627471290771792676","potions_obtained":[{"floor":3.0,"key":"DistilledChaos"},{"floor":7.0,"key":"GamblersBrew"},{"floor":12.0,"key":"BloodPotion"},{"floor":16.0,"key":"SneckoOil"},{"floor":18.0,"key":"LiquidMemories"},{"floor":29.0,"key":"DuplicationPotion"},{"floor":30.0,"key":"Swift Potion"},{"floor":36.0,"key":"AttackPotion"},{"floor":37.0,"key":"EntropicBrew"},{"floor":40.0,"key":"BlessingOfTheForge"},{"floor":54,"key":"SkillPotion"}],"is_trial":false,"path_per_floor":["M","M","M","M","M","R","M","?","T","?","R","E","R","$","R","B",null,"M","?","$","M","M","E","R","M","T","R","?","M","M","E","R","B",null,"M","M","M","?","M","E","?","R","T","R","M","$","M","M","R","B",null,"R","$","E","B",null],"character_chosen":"IRONCLAD","items_purchased":["Oddly Smooth Stone","Dexterity Potion","Orrery","Feel No Pain","SpeedPotion"],"campfire_rested":2,"item_purchase_floors":[14,14,46,53,53],"current_hp_per_floor":[73,77,80,80,70,70,66,66,66,59,59,16,40,40,64,40,80,80,80,80,80,80,74,74,80,80,80,80,80,80,80,80,80,80,80,80,80,80,76,89,89,89,89,89,90,90,90,90,90,90,90,90,90,81,57],"gold":38,"neow_bonus":"ONE_RANDOM_RARE_CARD","is_daily":false,"chose_seed":false,"campfire_upgraded":5,"win_rate":0.0,"timestamp":1611359123,"path_taken":["M","M","M","M","M","R","M","?","T","?","R","E","R","$","R","BOSS","M","?","$","M","M","E","R","M","T","R","?","M","?","E","R","BOSS","M","M","M","?","M","E","?","R","T","R","M","$","M","M","R","BOSS","R","$","E","BOSS"],"items_purchased_type":["Relic","Potion","Relic","Card","Potion"],"build_version":"2020-12-22","purchased_purges":1,"victory":true,"max_hp_per_floor":[80,80,80,80,80,80,80,80,80,80,80,80,80,80,80,80,80,80,80,80,80,80,80,80,80,80,80,80,80,80,80,80,80,80,80,80,80,80,80,90,90,90,90,90,90,90,90,90,90,90,90,90,90,90,90],"relic_stats":{"counters":[28,158],"Whetstone":["Strike_R","Thunderclap"],"Cursed Key":0,"obtain_stats":[{"Du-Vu Doll":23,"Girya":12,"HornCleat":19,"Pear":40,"Oddly Smooth Stone":14,"Orrery":46,"Whetstone":31,"Cursed Key":17,"Burning Blood":0,"FossilizedHelix":54,"Runic Pyramid":34},{"Du-Vu Doll":12,"Girya":7,"HornCleat":9,"Pear":22,"Oddly Smooth Stone":7,"Orrery":23,"Whetstone":16,"Cursed Key":8,"Burning Blood":0,"FossilizedHelix":27,"Runic Pyramid":17},{"Du-Vu Doll":60,"Girya":31,"HornCleat":44,"Pear":116,"Oddly Smooth Stone":31,"Orrery":120,"Whetstone":81,"Cursed Key":40,"Burning Blood":0,"FossilizedHelix":147,"Runic Pyramid":90}],"Burning Blood":87},"card_choices":[{"not_picked":["Twin Strike","Heavy Blade"],"picked":"Iron Wave","floor":1.0},{"not_picked":["Warcry","Iron Wave"],"picked":"Body Slam","floor":2.0},{"not_picked":["Warcry","Cleave"],"picked":"Thunderclap","floor":3.0},{"not_picked":["Cleave","Warcry","Burning Pact"],"picked":"SKIP","floor":4.0},{"not_picked":["Anger","Armaments"],"picked":"Metallicize","floor":5.0},{"not_picked":["Body Slam","Havoc","Wild Strike"],"picked":"SKIP","floor":7.0},{"not_picked":["Flex","Disarm"],"picked":"Juggernaut","floor":12.0},{"not_picked":["Exhume","Berserk"],"picked":"Impervious","floor":16.0},{"not_picked":["Cleave","Thunderclap","Body Slam"],"picked":"SKIP","floor":18.0},{"not_picked":["Clothesline+1","Headbutt"],"picked":"Battle Trance","floor":21.0},{"not_picked":["Clothesline+1","Twin Strike+1","Seeing Red"],"picked":"SKIP","floor":22.0},{"not_picked":["Exhume","Shrug It Off"],"picked":"Armaments","floor":23.0},{"not_picked":["Shrug It Off","Pommel Strike"],"picked":"Ghostly Armor+1","floor":25.0},{"not_picked":["Combust+1","Thunderclap","Clash"],"picked":"SKIP","floor":29.0},{"not_picked":["Clothesline","Wild Strike+1","Feel No Pain"],"picked":"SKIP","floor":30.0},{"not_picked":["Feel No Pain+1","Combust","Spot Weakness+1"],"picked":"SKIP","floor":31.0},{"not_picked":["Clothesline+1","Headbutt"],"picked":"Body Slam+1","floor":35.0},{"not_picked":["Flex+1","Armaments+1","Sever Soul"],"picked":"SKIP","floor":36.0},{"not_picked":["Cleave+1","Twin Strike","Spot Weakness"],"picked":"SKIP","floor":37.0},{"not_picked":["Wild Strike","Anger","Pummel"],"picked":"SKIP","floor":39.0},{"not_picked":["Barricade","Warcry"],"picked":"Metallicize","floor":40.0},{"not_picked":["Anger","Twin Strike","Pommel Strike"],"picked":"SKIP","floor":45.0},{"not_picked":["Second Wind","Body Slam+1"],"picked":"Shrug It Off","floor":46.0},{"not_picked":["Warcry","True Grit+1"],"picked":"Shrug It Off+1","floor":46.0},{"not_picked":["Shrug It Off","Perfected Strike+1","True Grit"],"picked":"SKIP","floor":47.0},{"not_picked":["Sentinel+1","Carnage"],"picked":"True Grit+1","floor":48.0},{"not_picked":["Wild Strike+1","Searing Blow+1","Flame Barrier"],"picked":"SKIP","floor":54}],"player_experience":221208,"relics_obtained":[{"floor":12.0,"key":"Girya"},{"floor":23.0,"key":"Du-Vu Doll"},{"floor":31.0,"key":"Whetstone"},{"floor":40.0,"key":"Pear"},{"floor":54,"key":"FossilizedHelix"}],"event_choices":[{"damage_healed":0.0,"max_hp_gain":0.0,"max_hp_loss":0.0,"gold_gain":0.0,"event_name":"Living Wall","player_choice":"Grow","floor":8.0,"gold_loss":0.0,"damage_taken":0.0,"cards_upgraded":["Body Slam"]},{"cards_removed":["Bash"],"damage_healed":0.0,"max_hp_gain":0.0,"max_hp_loss":0.0,"gold_gain":0.0,"event_name":"Golden Wing","player_choice":"Card Removal","floor":10.0,"gold_loss":0.0,"damage_taken":7.0},{"damage_healed":0.0,"max_hp_gain":0.0,"max_hp_loss":0.0,"gold_gain":0.0,"event_name":"Addict","player_choice":"Obtained Relic","floor":19.0,"gold_loss":85.0,"damage_taken":0.0,"relics_obtained":["HornCleat"]},{"cards_removed":["Strike_R"],"damage_healed":0.0,"max_hp_gain":0.0,"max_hp_loss":0.0,"gold_gain":0.0,"event_name":"Beggar","player_choice":"Gave Gold","floor":28.0,"gold_loss":75.0,"damage_taken":0.0},{"damage_healed":0.0,"max_hp_gain":0.0,"max_hp_loss":0.0,"gold_gain":0.0,"event_name":"Tomb of Lord Red Mask","player_choice":"Ignored","floor":38.0,"gold_loss":0.0,"damage_taken":0.0},{"damage_healed":0.0,"max_hp_gain":0.0,"max_hp_loss":0.0,"gold_gain":0.0,"event_name":"Upgrade Shrine","player_choice":"Upgraded","floor":41.0,"gold_loss":0.0,"damage_taken":0.0,"cards_upgraded":["Battle Trance"]}],"is_beta":false,"boss_relics":[{"not_picked":["Ectoplasm","Coffee Dripper"],"picked":"Cursed Key"},{"not_picked":["Runic Dome","Calling Bell"],"picked":"Runic Pyramid"}],"items_purged_floors":[46],"is_endless":false,"potions_floor_spawned":[3,7,12,16,18,29,30,36,37,40,54],"ascension_level":0}}