{"host":"dxmdoimsvept8qwy","time":1611347465,"event":{"mods":["BaseMod","Colored Powertips","Custom Start","Minty Spire (QoL Compilation)","StSLib","The Hierophant"],"gold_per_floor":[216,231,73,93,93,120,133,159,182,182,182,182],"floor_reached":11,"language":"ENG","playtime":4512,"items_purged":[],"score":91,"play_id":"e0dacd17-3b2b-482d-a820-0280d25abfb4","local_time":"20210122153105","is_ascension_mode":true,"campfire_choices":[],"circlet_count":0,"master_deck":["Strike_P","Strike_P","Strike_P","Strike_P","Defend_P","Defend_P","Defend_P","Defend_P","Eruption","Vigilance","Meditate","Pray","Meditate","LikeWater+1","Prostrate","Devotion","Prostrate","Protect","Injury"],"relics":["PureWater","MealTicket","Vajra","Juzu Bracelet","Golden Idol"],"acts_visited":["Exordium"],"potions_floor_usage":[8,8,11],"damage_taken":[{"damage":1,"enemies":"Cultist","floor":1,"turns":4},{"damage":2,"enemies":"Small Slimes","floor":2,"turns":3},{"damage":2,"enemies":"2 Louse","floor":4,"turns":3},{"damage":5,"enemies":"3 Sentries","floor":6,"turns":8},{"damage":6,"enemies":"2 Fungi Beasts","floor":7,"turns":6},{"damage":46,"enemies":"Gremlin Nob","floor":8,"turns":6},{"damage":13,"enemies":"3 Sentries","floor":11,"turns":11}],"seed_played":"-3380562560178785306","potions_obtained":[{"floor":1,"key":"DuplicationPotion"},{"floor":2,"key":"SpeedPotion"},{"floor":7,"key":"Energy Potion"},{"floor":8,"key":"BottledMiracle"}],"is_trial":false,"path_per_floor":["M","M","$","M","?","E","M","E","T","?","E"],"character_chosen":"WATCHER","items_purchased":["Meditate","LikeWater"],"campfire_rested":0,"item_purchase_floors":[3,3],"current_hp_per_floor":[71,69,69,67,67,62,56,10,10,10,0,0],"gold":182,"neow_bonus":"HUNDRED_GOLD","is_daily":false,"chose_seed":false,"campfire_upgraded":0,"win_rate":0.0,"timestamp":1611347465,"path_taken":["M","M","$","M","?","E","?","E","T","?","E"],"items_purchased_type":["Card","Card"],"build_version":"2020-12-22","purchased_purges":0,"victory":false,"max_hp_per_floor":[72,72,72,72,72,72,72,72,72,72,72,72],"card_choices":[{"not_picked":["Nirvana","Protect"],"picked":"Meditate","floor":1},{"not_picked":["Worship","Protect"],"picked":"Pray","floor":2},{"not_picked":["ForeignInfluence","Halt"],"picked":"Prostrate","floor":4},{"not_picked":["FollowUp","CutThroughFate"],"picked":"Devotion","floor":6},{"not_picked":["EmptyBody","PathToVictory"],"picked":"Prostrate","floor":7},{"not_picked":["Halt","ThirdEye"],"picked":"Protect","floor":8}],"player_experience":1039383,"relics_obtained":[{"floor":6,"key":"MealTicket"},{"floor":8,"key":"Vajra"},{"floor":9,"key":"Juzu Bracelet"}],"event_choices":[{"damage_healed":0,"gold_gain":0,"player_choice":"Upgraded","damage_taken":0,"max_hp_gain":0,"max_hp_loss":0,"event_name":"Upgrade Shrine","floor":5,"gold_loss":0,"cards_upgraded":["LikeWater"]},{"damage_healed":0,"gold_gain":0,"player_choice":"Take Wound","damage_taken":0,"relics_obtained":["Golden Idol"],"max_hp_gain":0,"max_hp_loss":0,"event_name":"Golden Idol","floor":10,"gold_loss":0,"cards_obtained":["Injury"]}],"is_beta":false,"boss_relics":[],"items_purged_floors":[],"is_endless":false,"potions_floor_spawned":[1,2,7,8],"killed_by":"3 Sentries","ascension_level":2}}