{"host":"ydg0vn0pu4pubmdt","time":1611357921,"event":{"mods":["AchievementEnabler","BaseMod","Colored Map","Gold Saver","Minty Spire (QoL Compilation)","Quick Restart","SuperFastMode"],"gold_per_floor":[468,618,693,693,302,302,302,302,381,416,441,8,35,90,90,161,161,174,9,9,24,24,24,24,24,24,38,88,188,199,211,211,286,286,302,316,89,139,159,159,172,172,198,216,50,81,106,106,106,106],"floor_reached":51,"language":"KOR","playtime":1448,"items_purged":["Doubt","Strike_R","Strike_R","Perfected Strike+1"],"score":1374,"play_id":"0d834606-ed34-431d-a4f3-0ce1a9ef4851","local_time":"20210123082521","is_ascension_mode":true,"campfire_choices":[{"data":"Fire Breathing","floor":6.0,"key":"SMITH"},{"data":"Seeing Red","floor":8.0,"key":"SMITH"},{"floor":15.0,"key":"REST"},{"data":"Corruption","floor":23.0,"key":"SMITH"},{"data":"Battle Trance","floor":25.0,"key":"SMITH"},{"data":"Shrug It Off","floor":32.0,"key":"SMITH"},{"data":"Fiend Fire","floor":40,"key":"SMITH"},{"data":"Offering","floor":42,"key":"SMITH"},{"data":"True Grit","floor":49,"key":"SMITH"}],"circlet_count":0,"master_deck":["AscendersBane","Defend_R","Defend_R","Bash","Bludgeon+1","Seeing Red+1","Fire Breathing+1","Shrug It Off+1","Battle Trance+1","Corruption+1","Fire Breathing+1","Armaments+1","Offering+1","Fiend Fire+1","Flame Barrier+1","True Grit+1"],"relics":["Burning Blood","Centennial Puzzle","InkBottle","Anchor","Lantern","Dead Branch","Juzu Bracelet","HornCleat","Astrolabe","Membership Card","Enchiridion","Paper Frog","Mango","Sundial","Philosopher\u0027s Stone","Bag of Marbles","Champion Belt","Smiling Mask","Medical Kit","Pen Nib","Charon\u0027s Ashes"],"acts_visited":["Exordium","TheCity","TheBeyond"],"potions_floor_usage":[33,47,50],"damage_taken":[{"damage":6.0,"enemies":"Cultist","floor":1.0,"turns":3.0},{"damage":11.0,"enemies":"Lagavulin","floor":10.0,"turns":5.0},{"damage":10.0,"enemies":"3 Sentries","floor":13.0,"turns":4.0},{"damage":14.0,"enemies":"3 Sentries","floor":14.0,"turns":5.0},{"damage":20.0,"enemies":"Slime Boss","floor":16.0,"turns":6.0},{"damage":0.0,"enemies":"Shell Parasite","floor":18.0,"turns":3.0},{"damage":0.0,"enemies":"2 Thieves","floor":21.0,"turns":2.0},{"damage":3.0,"enemies":"Shelled Parasite and Fungi","floor":27.0,"turns":2.0},{"damage":0.0,"enemies":"Colosseum Slavers","floor":29.0,"turns":4.0},{"damage":0.0,"enemies":"Colosseum Nobs","floor":29.0,"turns":2.0},{"damage":0.0,"enemies":"Snake Plant","floor":30.0,"turns":1.0},{"damage":2.0,"enemies":"Cultist and Chosen","floor":31.0,"turns":3.0},{"damage":80,"enemies":"Champ","floor":33,"turns":8},{"damage":7,"enemies":"3 Darklings","floor":35,"turns":2},{"damage":6,"enemies":"3 Shapes","floor":36,"turns":2},{"damage":10,"enemies":"2 Orb Walkers","floor":38,"turns":3},{"damage":6,"enemies":"3 Darklings","floor":39,"turns":2},{"damage":6,"enemies":"Transient","floor":41,"turns":6},{"damage":3,"enemies":"4 Shapes","floor":44,"turns":1},{"damage":9,"enemies":"Giant Head","floor":46,"turns":1},{"damage":17,"enemies":"Mind Bloom Boss Battle","floor":47,"turns":4},{"damage":67,"enemies":"Time Eater","floor":50,"turns":7}],"seed_played":"-2635169001035268370","potions_obtained":[{"floor":1.0,"key":"EntropicBrew"},{"floor":10.0,"key":"FearPotion"},{"floor":14.0,"key":"Strength Potion"},{"floor":18.0,"key":"GamblersBrew"},{"floor":36,"key":"LiquidMemories"},{"floor":41,"key":"CultistPotion"},{"floor":47,"key":"BloodPotion"}],"is_trial":false,"path_per_floor":["M","?","?","?","$","R","?","R","T","E","T","$","E","?","R","B",null,"M","$","?","M","?","R","?","R","T","M","?","?","M","M","R","B",null,"M","M","$","?","M","R","M","R","T","M","$","E","?","?","R","B",null],"character_chosen":"IRONCLAD","items_purchased":["Fire Breathing","Centennial Puzzle","Shrug It Off","Dead Branch","Membership Card","Fiend Fire","Bag of Marbles","Medical Kit","True Grit"],"campfire_rested":1,"item_purchase_floors":[5,5,5,12,19,37,37,45,45],"current_hp_per_floor":[68,68,57,34,34,34,34,34,34,29,29,29,25,17,39,25,63,69,69,48,54,54,54,54,54,54,57,57,83,89,89,89,15,71,70,70,70,66,66,66,66,66,66,69,69,66,72,72,72,11],"gold":106,"neow_bonus":"ONE_RANDOM_RARE_CARD","is_daily":false,"chose_seed":false,"campfire_upgraded":8,"win_rate":0.0,"timestamp":1611357921,"path_taken":["M","?","?","?","$","R","?","R","T","E","?","$","E","?","R","BOSS","M","$","?","M","?","R","?","R","T","M","?","?","M","M","R","BOSS","M","M","$","?","M","R","M","R","T","M","$","E","?","?","R","BOSS"],"items_purchased_type":["Card","Relic","Card","Relic","Relic","Card","Relic","Relic","Card"],"build_version":"2020-12-22","purchased_purges":4,"victory":true,"max_hp_per_floor":[75,75,75,75,75,75,75,75,75,75,75,75,75,75,75,75,75,75,75,75,75,75,75,75,75,75,75,75,89,89,89,89,89,89,89,89,89,89,89,89,89,89,89,89,89,89,89,89,89,89],"card_choices":[{"not_picked":["Infernal Blade","Shockwave"],"picked":"Seeing Red","floor":1.0},{"not_picked":["Reckless Charge","Reaper"],"picked":"Battle Trance","floor":10.0},{"not_picked":["Flex","Battle Trance","Thunderclap"],"picked":"SKIP","floor":13.0},{"not_picked":["Juggernaut","Reaper"],"picked":"Corruption","floor":16.0},{"not_picked":["Iron Wave","Seeing Red","Wild Strike"],"picked":"SKIP","floor":18.0},{"not_picked":["Searing Blow","Wild Strike","Feed"],"picked":"SKIP","floor":21.0},{"not_picked":["Havoc","Perfected Strike+1","Sword Boomerang"],"picked":"SKIP","floor":27.0},{"not_picked":["Clash","Cleave","Sword Boomerang"],"picked":"SKIP","floor":30.0},{"not_picked":["Fire Breathing","Twin Strike","Armaments"],"picked":"SKIP","floor":31.0},{"not_picked":["Corruption","Demon Form"],"picked":"Offering","floor":33},{"not_picked":["Anger","Pommel Strike","Rage+1"],"picked":"SKIP","floor":35},{"not_picked":["Battle Trance+1","Wild Strike","Rage"],"picked":"SKIP","floor":36},{"not_picked":["Headbutt","Brutality","Blood for Blood"],"picked":"SKIP","floor":39},{"not_picked":["Dual Wield","Battle Trance+1","Cleave"],"picked":"SKIP","floor":41},{"not_picked":["Dual Wield","Battle Trance+1","Cleave"],"picked":"SKIP","floor":41},{"not_picked":["Dual Wield","Pommel Strike+1"],"picked":"Flame Barrier+1","floor":44},{"not_picked":["Pommel Strike+1","Battle Trance","Armaments"],"picked":"SKIP","floor":46}],"player_experience":555762,"relics_obtained":[{"floor":9.0,"key":"InkBottle"},{"floor":10.0,"key":"Anchor"},{"floor":11.0,"key":"Lantern"},{"floor":13.0,"key":"Juzu Bracelet"},{"floor":14.0,"key":"HornCleat"},{"floor":20.0,"key":"Enchiridion"},{"floor":26.0,"key":"Paper Frog"},{"floor":29.0,"key":"Mango"},{"floor":29.0,"key":"Sundial"},{"floor":38,"key":"Champion Belt"},{"floor":43,"key":"Smiling Mask"},{"floor":46,"key":"Pen Nib"},{"floor":47,"key":"Charon\u0027s Ashes"}],"event_choices":[{"damage_healed":0.0,"max_hp_gain":0.0,"max_hp_loss":0.0,"gold_gain":150.0,"event_name":"Liars Game","player_choice":"AGREE","floor":2.0,"gold_loss":0.0,"damage_taken":0.0,"cards_obtained":["Doubt"]},{"damage_healed":0.0,"max_hp_gain":0.0,"max_hp_loss":0.0,"gold_gain":75.0,"event_name":"World of Goop","player_choice":"Gather Gold","floor":3.0,"gold_loss":0.0,"damage_taken":11.0},{"damage_healed":0.0,"max_hp_gain":0.0,"max_hp_loss":0.0,"gold_gain":0.0,"event_name":"Shining Light","player_choice":"Entered Light","floor":4.0,"gold_loss":0.0,"damage_taken":23.0,"cards_upgraded":["Defend_R","Bludgeon"]},{"cards_removed":["Strike_R"],"damage_healed":0.0,"max_hp_gain":0.0,"max_hp_loss":0.0,"gold_gain":0.0,"event_name":"Living Wall","player_choice":"Forget","floor":7.0,"gold_loss":0.0,"damage_taken":0.0},{"damage_healed":0.0,"max_hp_gain":0.0,"max_hp_loss":0.0,"gold_gain":0.0,"event_name":"Dead Adventurer","player_choice":"Searched \u00271\u0027 times","floor":14.0,"gold_loss":0.0,"damage_taken":0.0},{"damage_healed":0.0,"max_hp_gain":0.0,"max_hp_loss":0.0,"gold_gain":0.0,"event_name":"Cursed Tome","player_choice":"Obtained Book","floor":20.0,"gold_loss":0.0,"damage_taken":21.0},{"damage_healed":0.0,"max_hp_gain":0.0,"max_hp_loss":0.0,"gold_gain":0.0,"event_name":"The Mausoleum","player_choice":"Ignored","floor":22.0,"gold_loss":0.0,"damage_taken":0.0},{"damage_healed":0.0,"max_hp_gain":0.0,"max_hp_loss":0.0,"gold_gain":0.0,"event_name":"Ghosts","player_choice":"Ignored","floor":24.0,"gold_loss":0.0,"damage_taken":0.0},{"damage_healed":0.0,"max_hp_gain":0.0,"max_hp_loss":0.0,"gold_gain":50.0,"event_name":"Golden Shrine","player_choice":"Pray","floor":28.0,"gold_loss":0.0,"damage_taken":0.0},{"damage_healed":0.0,"max_hp_gain":0.0,"max_hp_loss":0.0,"gold_gain":0.0,"event_name":"Colosseum","player_choice":"Fight","floor":29.0,"gold_loss":0.0,"damage_taken":0.0},{"damage_healed":0.0,"max_hp_gain":0.0,"max_hp_loss":0.0,"gold_gain":0.0,"event_name":"Colosseum","player_choice":"Fought Nobs","floor":29.0,"gold_loss":0.0,"damage_taken":0.0},{"damage_healed":0,"gold_gain":0,"player_choice":"Fight","damage_taken":0,"max_hp_gain":0,"max_hp_loss":0,"event_name":"Mysterious Sphere","floor":38,"gold_loss":0},{"damage_healed":0,"gold_gain":0,"player_choice":"Fight","damage_taken":0,"max_hp_gain":0,"max_hp_loss":0,"event_name":"MindBloom","floor":47,"gold_loss":0},{"cards_removed":["Defend_R"],"damage_healed":0,"gold_gain":0,"player_choice":"Removed Skill","damage_taken":0,"max_hp_gain":0,"max_hp_loss":0,"event_name":"Falling","floor":48,"gold_loss":0}],"is_beta":false,"boss_relics":[{"not_picked":["Tiny House","Sozu"],"picked":"Astrolabe"},{"not_picked":["Busted Crown","Calling Bell"],"picked":"Philosopher\u0027s Stone"}],"items_purged_floors":[5,12,37,45],"is_endless":false,"potions_floor_spawned":[1,10,14,18,29,31,36,41,46,47],"ascension_level":17}}