{"host":"qekv59dthhdg54sz","time":1611288239,"event":{"mods":["AchievementEnabler","BaseMod","Colored Map","DeckTracker","KOR Keyword Fix","Minty Spire (QoL Compilation)","Rare Cards Sparkle","StSLib","SuperFastMode"],"gold_per_floor":[110,110,110,125,50,50,50,50,122,85,85,98,98,111,111,183,183,197,97,130,157,168,168,168,168],"floor_reached":24,"language":"KOR","playtime":424,"items_purged":["Strike_P","Defend_P"],"score":384,"play_id":"4372162c-5f14-4095-b941-b6dba2803caf","local_time":"20210122130359","is_ascension_mode":true,"campfire_choices":[{"floor":6.0,"key":"REST"},{"data":"MentalFortress","floor":11.0,"key":"SMITH"},{"data":"Eruption","floor":13.0,"key":"SMITH"},{"data":"Pray","floor":15.0,"key":"SMITH"},{"floor":23,"key":"REST"}],"circlet_count":0,"master_deck":["AscendersBane","Strike_P+1","Strike_P+1","Defend_P","Eruption+1","Vigilance","MentalFortress+1","Pray+1","FearNoEvil+1","ReachHeaven+1","ConjureBlade","EmptyBody","Clumsy","EmptyMind"],"relics":["PureWater","Molten Egg 2","Cursed Key","Red Mask","Centennial Puzzle"],"acts_visited":["Exordium","TheCity"],"potions_floor_usage":[22,24],"damage_taken":[{"damage":0.0,"enemies":"2 Louse","floor":1.0,"turns":2.0},{"damage":7.0,"enemies":"Jaw Worm","floor":4.0,"turns":3.0},{"damage":0.0,"enemies":"Gremlin Nob","floor":8.0,"turns":2.0},{"damage":0.0,"enemies":"Small Slimes","floor":12.0,"turns":3.0},{"damage":0.0,"enemies":"Exordium Wildlife","floor":14.0,"turns":3.0},{"damage":10.0,"enemies":"Hexaghost","floor":16.0,"turns":7.0},{"damage":13.0,"enemies":"Shell Parasite","floor":18.0,"turns":3.0},{"damage":17.0,"enemies":"Masked Bandits","floor":20.0,"turns":3.0},{"damage":19,"enemies":"3 Byrds","floor":22,"turns":5},{"damage":30,"enemies":"Slavers","floor":24,"turns":4}],"seed_played":"-4791139061463257147","potions_obtained":[{"floor":4.0,"key":"SmokeBomb"},{"floor":12.0,"key":"SneckoOil"},{"floor":14.0,"key":"PowerPotion"},{"floor":18.0,"key":"StancePotion"},{"floor":22,"key":"Fire Potion"}],"is_trial":false,"path_per_floor":["M","?","?","M","$","R","?","E","T","$","R","M","R","M","R","B",null,"M","$","?","T","M","R","E"],"character_chosen":"WATCHER","items_purchased":["FearNoEvil+1"],"campfire_rested":2,"item_purchase_floors":[10],"current_hp_per_floor":[43,43,23,16,16,36,36,36,36,36,36,36,36,36,36,26,58,45,45,28,28,9,29,0,0],"gold":168,"neow_bonus":"REMOVE_TWO","is_daily":false,"chose_seed":false,"campfire_upgraded":3,"win_rate":0.0,"timestamp":1611288239,"path_taken":["M","?","?","M","$","R","?","E","T","$","R","?","R","M","R","BOSS","M","$","?","?","M","R","E"],"items_purchased_type":["Card"],"build_version":"2020-12-22","purchased_purges":2,"victory":false,"max_hp_per_floor":[68,68,68,68,68,68,68,68,68,68,68,68,68,68,68,68,68,68,68,68,68,68,68,68,68],"card_choices":[{"not_picked":["SashWhip","FlurryOfBlows"],"picked":"MentalFortress","floor":1.0},{"not_picked":["Nirvana","Prostrate"],"picked":"Pray","floor":4.0},{"not_picked":["LikeWater","PathToVictory"],"picked":"ReachHeaven+1","floor":12.0},{"not_picked":["DeceiveReality","Prostrate","PathToVictory"],"picked":"SKIP","floor":14.0},{"not_picked":["Wish","Judgement"],"picked":"ConjureBlade","floor":16.0},{"not_picked":["Wireheading","Nirvana"],"picked":"EmptyBody","floor":18.0},{"not_picked":["Prostrate","EmptyFist+1"],"picked":"EmptyMind","floor":22}],"player_experience":801452,"relics_obtained":[{"floor":9.0,"key":"Molten Egg 2"},{"floor":20.0,"key":"Red Mask"},{"floor":21.0,"key":"Centennial Puzzle"}],"event_choices":[{"cards_removed":["Defend_P"],"damage_healed":0.0,"max_hp_gain":0.0,"max_hp_loss":0.0,"gold_gain":0.0,"event_name":"Living Wall","player_choice":"Forget","floor":2.0,"gold_loss":0.0,"damage_taken":0.0},{"damage_healed":0.0,"max_hp_gain":0.0,"max_hp_loss":0.0,"gold_gain":0.0,"event_name":"Shining Light","player_choice":"Entered Light","floor":3.0,"gold_loss":0.0,"damage_taken":20.0,"cards_upgraded":["Strike_P","Strike_P"]},{"damage_healed":0.0,"max_hp_gain":0.0,"max_hp_loss":0.0,"gold_gain":0.0,"event_name":"Golden Wing","player_choice":"Ignored","floor":7.0,"gold_loss":0.0,"damage_taken":0.0},{"damage_healed":0.0,"max_hp_gain":0.0,"max_hp_loss":0.0,"gold_gain":0.0,"event_name":"Masked Bandits","player_choice":"Fought Bandits","floor":20.0,"gold_loss":0.0,"damage_taken":0.0}],"is_beta":false,"boss_relics":[{"not_picked":["Coffee Dripper","Fusion Hammer"],"picked":"Cursed Key"}],"items_purged_floors":[5,19],"is_endless":false,"potions_floor_spawned":[4,12,14,18,22],"killed_by":"Slavers","ascension_level":20}}