{"host":"pi8b3ffzwvxqztac","time":1611358927,"event":{"mods":["BaseMod","Colored Map","Downfall","Minty Spire (QoL Compilation)","StSLib","The Jungle"],"gold_per_floor":[99,110,127,127,147,163,189,202,2,36,36,56,56,206,216,216,216,216],"floor_reached":16,"language":"ENG","playtime":794,"items_purged":[],"score":125,"play_id":"381abc48-15f4-43a8-afeb-2f06d767c71b","local_time":"20210123124207","is_ascension_mode":true,"campfire_choices":[{"floor":1,"key":"RECALL"},{"data":"bronze:Mutator","floor":9,"key":"SMITH"},{"floor":11,"key":"REST"},{"data":"bronze:Philosophize","floor":13,"key":"SMITH"}],"circlet_count":0,"master_deck":["bronze:Strike","bronze:Strike","bronze:Strike","bronze:Defend","bronze:Defend","bronze:Defend","bronze:Defend","bronze:Replicate","bronze:Goto","bronze:Mutator+1","bronze:Shield","bronze:Philosophize+1","bronze:Replicate","bronze:WhirlingStrike+1","bronze:Boost","bronze:Fortify+1","bronze:BuggyMess","bronze:BuggyMess","downfall:Icky","bronze:FineTuning"],"relics":["bronze:BronzeCore","downfall:HeartBlessingBlue","downfall:HeartBlessingRed","Whetstone"],"acts_visited":["Exordium"],"potions_floor_usage":[12,16,16],"damage_taken":[{"damage":3,"enemies":"Small Slimes","floor":2,"turns":3},{"damage":4,"enemies":"Jaw Worm","floor":3,"turns":5},{"damage":0,"enemies":"2 Louse","floor":5,"turns":2},{"damage":8,"enemies":"Blue Slaver","floor":6,"turns":4},{"damage":3,"enemies":"3 Louse","floor":8,"turns":3},{"damage":25,"enemies":"Gremlin Nob","floor":10,"turns":4},{"damage":6,"enemies":"Exordium Thugs","floor":12,"turns":2},{"damage":19,"enemies":"Large Slime","floor":15,"turns":6},{"damage":42,"enemies":"SI_SHIV_ARCHETYPE","floor":16,"turns":7}],"seed_played":"-7582530271697641397","potions_obtained":[{"floor":3,"key":"Energy Potion"},{"floor":10,"key":"Explosive Potion"},{"floor":12,"key":"LiquidBronze"},{"floor":15,"key":"CultistPotion"}],"is_trial":false,"path_per_floor":["R","M","M","?","M","M","T","M","R","E","R","M","R","?","M","B"],"character_chosen":"THE_AUTOMATON","items_purchased":[],"campfire_rested":1,"item_purchase_floors":[],"current_hp_per_floor":[70,67,63,63,63,55,55,52,62,37,61,55,55,55,36,0,0,0],"gold":216,"neow_bonus":"ONE_RANDOM_RARE_CARD","is_daily":false,"chose_seed":false,"campfire_upgraded":2,"win_rate":0.0,"timestamp":1611358927,"path_taken":["R","M","M","?","M","M","T","M","R","E","R","M","R","?","M","BOSS"],"items_purchased_type":[],"build_version":"2020-12-22","purchased_purges":0,"victory":false,"max_hp_per_floor":[70,70,70,70,70,70,70,70,80,80,80,80,80,80,80,80,80,80],"card_choices":[{"not_picked":["bronze:Refactor","bronze:CutThrough"],"picked":"bronze:Shield","floor":2},{"not_picked":["bronze:Overheat","bronze:CutThrough"],"picked":"bronze:Philosophize","floor":3},{"not_picked":["bronze:CutThrough","bronze:Deprecate"],"picked":"bronze:WhirlingStrike","floor":5},{"not_picked":["bronze:DarkDash","bronze:GetLatest"],"picked":"bronze:Boost","floor":6},{"not_picked":["bronze:CutThrough","bronze:WhirlingStrike"],"picked":"bronze:Fortify","floor":8},{"not_picked":["bronze:Break","bronze:OilSpill"],"picked":"bronze:BuggyMess","floor":10},{"not_picked":["bronze:CutThrough","bronze:BronzeOrb"],"picked":"bronze:BuggyMess","floor":12},{"not_picked":["bronze:Branch","bronze:WhirlingStrike"],"picked":"bronze:FineTuning","floor":15}],"player_experience":566122,"relics_obtained":[{"floor":10,"key":"Whetstone"}],"event_choices":[],"is_beta":false,"boss_relics":[],"items_purged_floors":[],"is_endless":false,"potions_floor_spawned":[3,10,12,15],"killed_by":"SI_SHIV_ARCHETYPE","ascension_level":4}}