{"host":"5fpb1gzflhq9886n","time":1611344038,"event":{"mods":["AchievementEnabler","BaseMod","Colored Map","Colored Powertips","Minty Spire (QoL Compilation)","Permanent Neow"],"gold_per_floor":[216,227,95,114,71,71,102,102,102,134,309,309,320,226,226,328,328,347,272,287,287,287,312,323,349,395,395,430,21,39,52,52,52,52],"floor_reached":33,"language":"ENG","playtime":4901,"items_purged":["Strike_G"],"score":376,"play_id":"684cf923-c18e-4cc0-aad2-07caf7000d3b","local_time":"20210122143358","is_ascension_mode":true,"campfire_choices":[{"data":"Well Laid Plans","floor":6.0,"key":"SMITH"},{"floor":8.0,"key":"REST"},{"floor":15.0,"key":"REST"},{"floor":27.0,"key":"REST"},{"floor":32,"key":"REST"}],"circlet_count":0,"master_deck":["Strike_G","Strike_G","Strike_G","Defend_G","Defend_G","Defend_G","Defend_G","Defend_G","Survivor","Neutralize","Backstab","Crippling Poison","Well Laid Plans+1","Dagger Spray","Riddle With Holes","Dodge and Roll","Cloak And Dagger","Doubt","Flying Knee","Adrenaline","Predator","Backstab+1","RitualDagger","Deflect+1","Acrobatics","Dodge and Roll+1","Footwork","Blur","Blur"],"relics":["Ring of the Snake","TungstenRod","Pear","Akabeko","Turnip","Fusion Hammer","Paper Crane","Boot","Letter Opener","Lantern","Bottled Tornado","HornCleat"],"acts_visited":["Exordium","TheCity"],"potions_floor_usage":[33],"damage_taken":[{"damage":11.0,"enemies":"Jaw Worm","floor":1.0,"turns":6.0},{"damage":0.0,"enemies":"Small Slimes","floor":2.0,"turns":2.0},{"damage":0.0,"enemies":"Cultist","floor":4.0,"turns":4.0},{"damage":25.0,"enemies":"Lagavulin","floor":7.0,"turns":5.0},{"damage":21.0,"enemies":"Gremlin Nob","floor":10.0,"turns":4.0},{"damage":0.0,"enemies":"Large Slime","floor":13.0,"turns":1.0},{"damage":74.0,"enemies":"Slime Boss","floor":16.0,"turns":18.0},{"damage":0.0,"enemies":"Spheric Guardian","floor":18.0,"turns":1.0},{"damage":12.0,"enemies":"Shell Parasite","floor":20.0,"turns":6.0},{"damage":35.0,"enemies":"Book of Stabbing","floor":23.0,"turns":5.0},{"damage":4.0,"enemies":"Centurion and Healer","floor":24.0,"turns":4.0},{"damage":14.0,"enemies":"Gremlin Leader","floor":25.0,"turns":4.0},{"damage":5,"enemies":"Book of Stabbing","floor":28,"turns":6},{"damage":15,"enemies":"Snake Plant","floor":30,"turns":3},{"damage":0,"enemies":"3 Cultists","floor":31,"turns":4},{"damage":43,"enemies":"Automaton","floor":33,"turns":12}],"seed_played":"-1592391335029671852","potions_obtained":[{"floor":1.0,"key":"Explosive Potion"},{"floor":4.0,"key":"Strength Potion"},{"floor":10.0,"key":"Regen Potion"},{"floor":12.0,"key":"SpeedPotion"},{"floor":12.0,"key":"CunningPotion"},{"floor":18.0,"key":"SmokeBomb"},{"floor":23.0,"key":"Ancient Potion"},{"floor":25.0,"key":"LiquidMemories"}],"is_trial":false,"path_per_floor":["M","M","$","M","?","R","E","R","T","E","?","?","M","?","R","B",null,"M","?","M","?","?","E","M","E","T","R","E","$","M","M","R","B"],"character_chosen":"THE_SILENT","items_purchased":["Well Laid Plans","Dagger Spray","Footwork","HornCleat"],"campfire_rested":4,"item_purchase_floors":[3,3,29,29],"current_hp_per_floor":[59,59,59,59,59,59,34,55,65,44,44,44,44,44,68,8,80,80,80,68,68,63,28,24,10,10,34,29,29,14,14,38,0,0],"gold":52,"neow_bonus":"HUNDRED_GOLD","is_daily":false,"chose_seed":false,"campfire_upgraded":1,"win_rate":0.0,"timestamp":1611344038,"path_taken":["M","M","$","M","?","R","E","R","T","E","?","?","?","?","R","BOSS","M","?","M","?","?","E","M","E","T","R","E","$","M","M","R","BOSS"],"items_purchased_type":["Card","Card","Card","Relic"],"build_version":"2020-12-22","purchased_purges":1,"victory":false,"max_hp_per_floor":[70,70,70,70,70,70,70,70,80,80,80,80,80,80,80,80,80,80,80,80,80,80,80,80,80,80,80,80,80,80,80,80,80,80],"card_choices":[{"not_picked":["Backflip","Blade Dance"],"picked":"Backstab","floor":1.0},{"not_picked":["Dagger Throw","Cloak And Dagger"],"picked":"Crippling Poison","floor":2.0},{"not_picked":["Blur","Blade Dance"],"picked":"Riddle With Holes","floor":4.0},{"not_picked":["Dagger Spray","Expertise"],"picked":"Dodge and Roll","floor":7.0},{"not_picked":["Crippling Poison","Eviscerate"],"picked":"Cloak And Dagger","floor":10.0},{"not_picked":["Escape Plan","Cloak And Dagger"],"picked":"Flying Knee","floor":13.0},{"not_picked":["Doppelganger","Phantasmal Killer"],"picked":"Adrenaline","floor":16.0},{"not_picked":["Poisoned Stab","Calculated Gamble"],"picked":"Predator","floor":18.0},{"not_picked":["Prepared+1","Cloak And Dagger"],"picked":"Backstab+1","floor":20.0},{"not_picked":["Venomology","Distraction"],"picked":"Deflect+1","floor":23.0},{"not_picked":["Flechettes","Cloak And Dagger"],"picked":"Acrobatics","floor":24.0},{"not_picked":["Slice","Accuracy"],"picked":"Dodge and Roll+1","floor":25.0},{"not_picked":["Cloak And Dagger","Expertise+1","Backstab"],"picked":"SKIP","floor":28},{"not_picked":["Accuracy","Unload"],"picked":"Blur","floor":30},{"not_picked":["Finisher","Poisoned Stab"],"picked":"Blur","floor":31}],"player_experience":738010,"relics_obtained":[{"floor":7.0,"key":"TungstenRod"},{"floor":9.0,"key":"Pear"},{"floor":10.0,"key":"Akabeko"},{"floor":23.0,"key":"Boot"},{"floor":25.0,"key":"Letter Opener"},{"floor":26.0,"key":"Lantern"},{"floor":28,"key":"Bottled Tornado"}],"event_choices":[{"damage_healed":0.0,"max_hp_gain":0.0,"max_hp_loss":0.0,"gold_gain":0.0,"event_name":"World of Goop","player_choice":"Left Gold","floor":5.0,"gold_loss":43.0,"damage_taken":0.0},{"damage_healed":0.0,"max_hp_gain":0.0,"max_hp_loss":0.0,"gold_gain":175.0,"event_name":"Liars Game","player_choice":"AGREE","floor":11.0,"gold_loss":0.0,"damage_taken":0.0,"cards_obtained":["Doubt"]},{"damage_healed":0.0,"max_hp_gain":0.0,"max_hp_loss":0.0,"gold_gain":0.0,"event_name":"Lab","player_choice":"Got Potions","floor":12.0,"gold_loss":0.0,"damage_taken":0.0},{"damage_healed":0.0,"max_hp_gain":0.0,"max_hp_loss":0.0,"gold_gain":0.0,"event_name":"WeMeetAgain","player_choice":"Paid Gold","floor":14.0,"gold_loss":94.0,"damage_taken":0.0,"relics_obtained":["Turnip"]},{"cards_removed":["Strike_G"],"damage_healed":0.0,"max_hp_gain":0.0,"max_hp_loss":0.0,"gold_gain":0.0,"event_name":"Beggar","player_choice":"Gave Gold","floor":19.0,"gold_loss":75.0,"damage_taken":0.0},{"damage_healed":0.0,"max_hp_gain":0.0,"max_hp_loss":0.0,"gold_gain":0.0,"event_name":"The Mausoleum","player_choice":"Opened","floor":21.0,"gold_loss":0.0,"damage_taken":0.0,"relics_obtained":["Paper Crane"]},{"damage_healed":0.0,"max_hp_gain":0.0,"max_hp_loss":0.0,"gold_gain":0.0,"event_name":"Nest","player_choice":"Joined the Cult","floor":22.0,"gold_loss":0.0,"damage_taken":6.0,"cards_obtained":["RitualDagger"]}],"is_beta":false,"boss_relics":[{"not_picked":["Snecko Eye","Cursed Key"],"picked":"Fusion Hammer"}],"items_purged_floors":[29],"is_endless":false,"potions_floor_spawned":[1,4,10,18,23,25],"killed_by":"Automaton","ascension_level":4}}