{"host":"zw3x6hwkln2702ol","time":1611334194,"event":{"mods":["AchievementEnabler","BaseMod","Card Forge","Colored Map","Default Mod","Minty Spire (QoL Compilation)","StSLib","TestMod"],"gold_per_floor":[156,556,591,654,759,910,910,1034,1034,1034,1119,1264,1264,1317,1317,1541,1541,1577,1697,1697,1796,1796,2063,2143,2385,2456,2665,2841,2946,3097,3121,3121,3585,3585,3740,3853,3853,3924,4251,4406,4453,4756,4756,4220,4220,4220,4780,4104,4104,4657,4657,4657,3824,4178,5013],"floor_reached":56,"language":"ZHS","playtime":2808,"items_purged":["Strike_P","Strike_P","Defend_P"],"score":2598,"play_id":"262ab20f-dd7a-4d42-9655-27a962c07373","local_time":"20210123004954","is_ascension_mode":true,"campfire_choices":[{"data":"ForeignInfluence","floor":7,"key":"SMITH"},{"data":"Eruption","floor":15,"key":"SMITH"},{"floor":32,"key":"RECALL"},{"data":"DevaForm","floor":45,"key":"SMITH"},{"data":"testmod-DisillusionmentEcho","floor":49,"key":"SMITH"},{"data":"Vigilance","floor":52,"key":"SMITH"}],"circlet_count":0,"master_deck":["AscendersBane","Strike_P","Defend_P+1","Defend_P","Defend_P+1","Eruption+1","Vigilance+1","BowlingBash","Tantrum","ForeignInfluence+1","FollowUp","ClearTheMind","Judgement+1","Vault","JustLucky+1","Consecrate","Blasphemy","Study","DevaForm+1","FlurryOfBlows","testmod-DisillusionmentEcho+1","Madness","Madness","Sadistic Nature","TalkToTheHand+1","Nirvana","testmod-LifeRuler","Protect+1"],"relics":["PureWater","Hammer of Thor","Seething Fire","Anvil of the Gods","zzy:PlaceholderRelic","testmod-EqualTreatment","Tiny Chest","Kunai","Boot","Smiling Mask","Darkstone Periapt","testmod-DeterminationOfClimber","testmod-IndustrialRevolution","InkBottle","Eternal Feather","Oddly Smooth Stone","testmod-Fanaticism","Mummified Hand","Nunchaku","Pocketwatch","Molten Egg 2","Vajra","Sling","testmod-LifeArmor","Art of War","ClockworkSouvenir","Toy Ornithopter","Letter Opener","Toolbox","War Paint","testmod-Antiphasic"],"acts_visited":["Exordium","TheCity","TheBeyond","TheEnding"],"potions_floor_usage":[25],"damage_taken":[{"damage":0,"enemies":"Jaw Worm","floor":1,"turns":3},{"damage":0,"enemies":"2 Louse","floor":3,"turns":3},{"damage":0,"enemies":"Small Slimes","floor":4,"turns":2},{"damage":0,"enemies":"Gremlin Gang","floor":5,"turns":1},{"damage":0,"enemies":"3 Sentries","floor":6,"turns":3},{"damage":6,"enemies":"Gremlin Nob","floor":8,"turns":4},{"damage":0,"enemies":"Exordium Wildlife","floor":11,"turns":2},{"damage":0,"enemies":"Lagavulin","floor":12,"turns":4},{"damage":0,"enemies":"Slime Boss","floor":16,"turns":3},{"damage":0,"enemies":"Spheric Guardian","floor":18,"turns":2},{"damage":0,"enemies":"2 Thieves","floor":19,"turns":2},{"damage":0,"enemies":"Snake Plant","floor":21,"turns":3},{"damage":0,"enemies":"Gremlin Leader","floor":23,"turns":5},{"damage":0,"enemies":"Sentry and Sphere","floor":24,"turns":2},{"damage":2,"enemies":"Slavers","floor":25,"turns":3},{"damage":0,"enemies":"Book of Stabbing","floor":27,"turns":4},{"damage":0,"enemies":"Cultist and Chosen","floor":28,"turns":3},{"damage":0,"enemies":"Snake Plant","floor":29,"turns":3},{"damage":0,"enemies":"Centurion and Healer","floor":30,"turns":2},{"damage":0,"enemies":"Collector","floor":33,"turns":3},{"damage":5,"enemies":"3 Shapes","floor":35,"turns":1},{"damage":0,"enemies":"Orb Walker","floor":36,"turns":1},{"damage":2,"enemies":"Maw","floor":39,"turns":5},{"damage":0,"enemies":"Jaw Worm Horde","floor":40,"turns":2},{"damage":0,"enemies":"Mind Bloom Boss Battle","floor":42,"turns":3},{"damage":0,"enemies":"Giant Head","floor":47,"turns":3},{"damage":0,"enemies":"Donu and Deca","floor":50,"turns":3},{"damage":0,"enemies":"Shield and Spear","floor":54,"turns":1},{"damage":1,"enemies":"The Heart","floor":55,"turns":4}],"seed_played":"-3109075218913006947","potions_obtained":[{"floor":4,"key":"SpeedPotion"},{"floor":5,"key":"BlessingOfTheForge"},{"floor":24,"key":"Swift Potion"},{"floor":27,"key":"Ancient Potion"},{"floor":29,"key":"DistilledChaos"},{"floor":42,"key":"PowerPotion"}],"is_trial":false,"path_per_floor":["M","?","M","M","M","E","R","E","T","?","M","E","?","T","R","B",null,"M","M","?","M","?","E","M","E","T","E","M","M","M","T","R","B",null,"M","M","?","T","M","M","T","?","T","$","R","?","E","$","R","B",null,"R","$","E","B",null],"character_chosen":"WATCHER","items_purchased":["Vajra","Sling","testmod-DisillusionmentEcho","Art of War","Sadistic Nature","ClockworkSouvenir","Toy Ornithopter","Letter Opener","Toolbox","War Paint","TalkToTheHand+1","Nirvana","testmod-LifeRuler"],"campfire_rested":0,"item_purchase_floors":[44,44,44,48,48,48,48,53,53,53,53,53,53],"current_hp_per_floor":[65,65,65,65,65,65,65,63,63,63,63,63,60,60,60,60,71,75,75,75,75,75,75,75,74,74,76,76,76,76,76,76,76,76,81,81,81,81,82,82,82,82,82,82,82,73,83,83,83,83,83,83,83,83,84],"gold":5013,"neow_bonus":"RANDOM_COMMON_RELIC","is_daily":false,"chose_seed":false,"campfire_upgraded":5,"win_rate":0.0,"timestamp":1611334194,"path_taken":["M","?","M","M","M","E","R","E","T","?","M","E","?","?","R","BOSS","M","?","?","M","?","E","M","E","T","E","M","M","M","?","R","BOSS","M","?","?","?","M","M","?","?","T","$","R","?","E","$","R","BOSS","R","$","E","BOSS"],"items_purchased_type":["Relic","Relic","Card","Relic","Card","Relic","Relic","Relic","Relic","Relic","Card","Card","Card"],"build_version":"2020-12-22","purchased_purges":3,"victory":true,"max_hp_per_floor":[72,72,72,72,72,72,72,74,74,74,74,74,75,75,75,75,75,75,75,75,75,75,75,75,76,76,76,76,76,76,76,76,76,76,81,81,81,81,82,82,82,82,82,82,82,83,83,83,83,83,83,83,83,83,84],"card_choices":[{"not_picked":["PathToVictory","CarveReality"],"picked":"BowlingBash","floor":1},{"not_picked":["BowlingBash","ForeignInfluence"],"picked":"Tantrum","floor":3},{"not_picked":["Halt","DeceiveReality"],"picked":"ForeignInfluence","floor":4},{"not_picked":["SignatureMove","EmptyBody","JustLucky"],"picked":"SKIP","floor":5},{"not_picked":["ReachHeaven","Evaluate"],"picked":"FollowUp","floor":6},{"not_picked":["Halt","Tantrum"],"picked":"ClearTheMind","floor":8},{"not_picked":["FlyingSleeves","FlurryOfBlows"],"picked":"Judgement","floor":11},{"not_picked":["EmptyFist","SashWhip","CrushJoints"],"picked":"SKIP","floor":12},{"not_picked":["EmptyFist","SashWhip","CrushJoints"],"picked":"SKIP","floor":12},{"not_picked":["Wish","Judgement"],"picked":"Vault","floor":16},{"not_picked":["EmptyFist","PathToVictory","CutThroughFate"],"picked":"SKIP","floor":18},{"not_picked":["Protect","SashWhip"],"picked":"JustLucky+1","floor":19},{"not_picked":["Pray","Indignation","FollowUp"],"picked":"SKIP","floor":21},{"not_picked":["FlyingSleeves","Crescendo"],"picked":"Blasphemy","floor":23},{"not_picked":["FlurryOfBlows","SashWhip","Halt"],"picked":"SKIP","floor":24},{"not_picked":["EmptyBody","Evaluate"],"picked":"Study","floor":25},{"not_picked":["CutThroughFate+1","ReachHeaven","Tantrum"],"picked":"SKIP","floor":27},{"not_picked":["CrushJoints","EmptyBody","Devotion"],"picked":"SKIP","floor":28},{"not_picked":["Pray","Evaluate","Halt"],"picked":"SKIP","floor":29},{"not_picked":["ThirdEye","Nirvana","EmptyFist"],"picked":"SKIP","floor":30},{"not_picked":["Omniscience","Devotion"],"picked":"DevaForm","floor":33},{"not_picked":["FlyingSleeves","CarveReality+1"],"picked":"FlurryOfBlows","floor":35},{"not_picked":["FollowUp","BowlingBash","FlurryOfBlows"],"picked":"SKIP","floor":36},{"not_picked":["FollowUp","LikeWater","EmptyFist"],"picked":"SKIP","floor":39},{"not_picked":["EmptyFist+1","MentalFortress","Consecrate+1"],"picked":"SKIP","floor":40},{"not_picked":["FearNoEvil+1","Swivel","FlyingSleeves+1"],"picked":"SKIP","floor":47},{"not_picked":["DeceiveReality","SandsOfTime+1"],"picked":"Protect+1","floor":54}],"player_experience":347603,"relics_obtained":[{"floor":6,"key":"Kunai"},{"floor":8,"key":"Boot"},{"floor":9,"key":"Smiling Mask"},{"floor":12,"key":"Darkstone Periapt"},{"floor":23,"key":"testmod-IndustrialRevolution"},{"floor":26,"key":"InkBottle"},{"floor":27,"key":"Eternal Feather"},{"floor":31,"key":"Oddly Smooth Stone"},{"floor":38,"key":"Mummified Hand"},{"floor":41,"key":"Nunchaku"},{"floor":42,"key":"Pocketwatch"},{"floor":43,"key":"Molten Egg 2"},{"floor":47,"key":"testmod-LifeArmor"},{"floor":54,"key":"testmod-Antiphasic"}],"event_choices":[{"damage_healed":0,"gold_gain":400,"player_choice":"Sell","damage_taken":0,"max_hp_gain":0,"max_hp_loss":0,"event_name":"恩洛斯的盘子","floor":2,"relics_lost":["testmod-TestBox"],"gold_loss":0},{"damage_healed":0,"gold_gain":0,"player_choice":"Ignored","damage_taken":0,"max_hp_gain":0,"max_hp_loss":0,"event_name":"给自己的盒子","floor":10,"gold_loss":0},{"cards_removed":["Strike_P"],"damage_healed":0,"gold_gain":0,"player_choice":"Card Removal","damage_taken":7,"max_hp_gain":0,"max_hp_loss":0,"event_name":"Golden Wing","floor":13,"gold_loss":0},{"damage_healed":0,"gold_gain":0,"player_choice":"Read","damage_taken":0,"max_hp_gain":0,"max_hp_loss":0,"event_name":"The Library","floor":20,"gold_loss":0,"cards_obtained":["Consecrate"]},{"damage_healed":0,"gold_gain":0,"player_choice":"Forge","damage_taken":0,"max_hp_gain":0,"max_hp_loss":0,"event_name":"Accursed Blacksmith","floor":22,"gold_loss":0,"cards_upgraded":["Judgement"]},{"damage_healed":0,"gold_gain":0,"player_choice":"Ignored","damage_taken":0,"max_hp_gain":0,"max_hp_loss":0,"event_name":"Tomb of Lord Red Mask","floor":37,"gold_loss":0},{"damage_healed":0,"gold_gain":0,"player_choice":"Fight","damage_taken":0,"max_hp_gain":0,"max_hp_loss":0,"event_name":"MindBloom","floor":42,"gold_loss":0},{"damage_healed":0,"gold_gain":0,"player_choice":"Embrace Madness","damage_taken":10,"max_hp_gain":0,"max_hp_loss":0,"event_name":"Winding Halls","floor":46,"gold_loss":0,"cards_obtained":["Madness","Madness"]}],"is_beta":false,"boss_relics":[{"not_picked":["testmod-Prudence","testmod-HarvestTotem"],"picked":"testmod-DeterminationOfClimber"},{"not_picked":["testmod-NegativeEmotionEnhancer","testmod-KeyOfTheVoid"],"picked":"testmod-Fanaticism"}],"items_purged_floors":[44,48,53],"is_endless":false,"potions_floor_spawned":[4,5,11,12,21,23,24,27,29,35,42],"ascension_level":13}}