{"host":"srk2drlvga69hbot","time":1611298053,"event":{"mods":["BaseMod","Colored Map","Colored Powertips","Highlight Path","Minty Spire (QoL Compilation)","Quick Restart","Rare Cards Sparkle","Relic Stats"],"gold_per_floor":[116,216,234,248,248,248,248,263,310,345,345,360,360,380,380,484,484,495,513,287,287,114,114,129,129,156,183,212,256,268,298,310,322,322],"floor_reached":33,"language":"ZHS","playtime":1349,"items_purged":["Entrench","Defend_R"],"score":309,"play_id":"69d07211-1f0f-4ff3-88f9-1ad41736809e","local_time":"20210122144733","is_ascension_mode":true,"campfire_choices":[{"data":"Searing Blow+1","floor":6,"key":"SMITH"},{"data":"Searing Blow+2","floor":11,"key":"SMITH"},{"data":"Searing Blow+3","floor":13,"key":"SMITH"},{"data":"Searing Blow+4","floor":15,"key":"SMITH"},{"data":"Searing Blow+5","floor":23,"key":"SMITH"},{"data":"Searing Blow+6","floor":25,"key":"SMITH"},{"data":"Searing Blow+7","floor":30,"key":"SMITH"},{"floor":32,"key":"REST"}],"circlet_count":0,"master_deck":["Strike_R","Strike_R","Defend_R","Defend_R","Defend_R","Bash+1","Searing Blow+8","Flex","Headbutt","Dual Wield","Feed","Seeing Red","Headbutt","Battle Trance","Shrug It Off","Fiend Fire"],"relics":["Burning Blood","Lantern","Happy Flower","Empty Cage","TheAbacus","MawBank","Girya"],"acts_visited":["Exordium","TheCity"],"potions_floor_usage":[16,16,19],"damage_taken":[{"damage":14,"enemies":"Jaw Worm","floor":1,"turns":3},{"damage":1,"enemies":"Cultist","floor":3,"turns":3},{"damage":5,"enemies":"Small Slimes","floor":4,"turns":4},{"damage":9,"enemies":"2 Fungi Beasts","floor":8,"turns":3},{"damage":16,"enemies":"Gremlin Nob","floor":10,"turns":3},{"damage":0,"enemies":"Red Slaver","floor":12,"turns":1},{"damage":18,"enemies":"Exordium Thugs","floor":14,"turns":4},{"damage":23,"enemies":"Hexaghost","floor":16,"turns":6},{"damage":25,"enemies":"2 Thieves","floor":18,"turns":4},{"damage":20,"enemies":"3 Byrds","floor":19,"turns":6},{"damage":18,"enemies":"Snecko","floor":24,"turns":3},{"damage":18,"enemies":"Centurion and Healer","floor":27,"turns":3},{"damage":1,"enemies":"3 Cultists","floor":28,"turns":4},{"damage":14,"enemies":"Slavers","floor":29,"turns":4},{"damage":16,"enemies":"Snake Plant","floor":31,"turns":2},{"damage":45,"enemies":"Collector","floor":33,"turns":3}],"seed_played":"7787446802860694929","potions_obtained":[{"floor":1,"key":"Dexterity Potion"},{"floor":3,"key":"AttackPotion"},{"floor":16,"key":"AttackPotion"},{"floor":19,"key":"AttackPotion"},{"floor":27,"key":"Energy Potion"},{"floor":28,"key":"DistilledChaos"}],"is_trial":false,"path_per_floor":["M","?","M","M","?","R","?","M","T","E","R","M","R","M","R","B",null,"M","M","$","?","$","R","M","R","T","M","M","E","R","M","R","B"],"character_chosen":"IRONCLAD","items_purchased":["TheAbacus","Battle Trance"],"campfire_rested":1,"item_purchase_floors":[20,22],"current_hp_per_floor":[72,72,77,78,78,78,78,75,75,65,65,71,71,59,59,42,80,64,53,53,53,53,53,41,41,41,29,37,29,29,19,45,0,0],"gold":322,"neow_bonus":"UPGRADE_CARD","is_daily":false,"chose_seed":false,"campfire_upgraded":7,"win_rate":0.0,"timestamp":1611298053,"path_taken":["M","?","M","?","?","R","?","M","T","E","R","?","R","M","R","BOSS","M","M","$","?","?","R","M","R","T","M","M","E","R","M","R","BOSS"],"items_purchased_type":["Relic","Card"],"build_version":"2020-12-22","purchased_purges":2,"victory":false,"max_hp_per_floor":[80,80,80,80,80,80,80,80,80,80,80,80,80,80,80,80,80,83,86,86,86,86,86,86,86,86,86,89,89,89,89,89,89,89],"relic_stats":{"TheAbacus":[24],"Happy Flower":[13],"counters":[16,56],"MawBank":84,"obtain_stats":[{"Girya":29,"Lantern":9,"TheAbacus":20,"Happy Flower":10,"Empty Cage":17,"MawBank":26,"Burning Blood":0},{"Girya":14,"Lantern":4,"TheAbacus":10,"Happy Flower":5,"Empty Cage":8,"MawBank":11,"Burning Blood":0},{"Girya":51,"Lantern":13,"TheAbacus":37,"Happy Flower":16,"Empty Cage":27,"MawBank":40,"Burning Blood":0}],"Burning Blood":90},"card_choices":[{"not_picked":["Combust","Clash"],"picked":"Searing Blow","floor":1},{"not_picked":["True Grit","Inflame","Anger"],"picked":"SKIP","floor":3},{"not_picked":["Inflame","Spot Weakness","Pommel Strike"],"picked":"SKIP","floor":4},{"not_picked":["Body Slam","Pommel Strike"],"picked":"Flex","floor":8},{"not_picked":["Entrench","Warcry"],"picked":"Headbutt","floor":10},{"not_picked":["Dropkick","Pummel","Body Slam"],"picked":"SKIP","floor":12},{"not_picked":["Iron Wave","Inflame"],"picked":"Dual Wield","floor":14},{"not_picked":["Corruption","Barricade"],"picked":"Feed","floor":16},{"not_picked":["Rage","Clash","True Grit"],"picked":"SKIP","floor":18},{"not_picked":["Wild Strike","True Grit"],"picked":"Seeing Red","floor":19},{"not_picked":["Second Wind+1","Body Slam+1"],"picked":"Shrug It Off","floor":24},{"not_picked":["Combust","Clash","True Grit"],"picked":"SKIP","floor":27},{"not_picked":["Thunderclap+1","Ghostly Armor","Disarm"],"picked":"SKIP","floor":28},{"not_picked":["Iron Wave","Carnage","Battle Trance"],"picked":"SKIP","floor":29},{"not_picked":["Flex+1","Dual Wield"],"picked":"Fiend Fire","floor":31}],"player_experience":122604,"relics_obtained":[{"floor":9,"key":"Lantern"},{"floor":10,"key":"Happy Flower"},{"floor":26,"key":"MawBank"},{"floor":29,"key":"Girya"}],"event_choices":[{"damage_healed":0,"gold_gain":100,"player_choice":"Pray","damage_taken":0,"max_hp_gain":0,"max_hp_loss":0,"event_name":"Golden Shrine","floor":2,"gold_loss":0},{"damage_healed":0,"gold_gain":0,"player_choice":"Grow","damage_taken":0,"max_hp_gain":0,"max_hp_loss":0,"event_name":"Living Wall","floor":5,"gold_loss":0,"cards_upgraded":["Searing Blow"]},{"damage_healed":0,"gold_gain":0,"cards_transformed":["Strike_R"],"player_choice":"Transformed","damage_taken":0,"max_hp_gain":0,"max_hp_loss":0,"event_name":"Transmorgrifier","floor":7,"gold_loss":0,"cards_obtained":["Entrench"]},{"damage_healed":0,"gold_gain":0,"player_choice":"Copied","damage_taken":0,"max_hp_gain":0,"max_hp_loss":0,"event_name":"Duplicator","floor":21,"gold_loss":0,"cards_obtained":["Headbutt"]}],"is_beta":false,"boss_relics":[{"not_picked":["Astrolabe","Runic Cube"],"picked":"Empty Cage"}],"items_purged_floors":[20,22],"is_endless":false,"potions_floor_spawned":[1,3,16,19,27,28],"killed_by":"Collector","ascension_level":3}}