{"host":"ssahdsoo349p0ms1","time":1611289729,"event":{"mods":["AchievementEnabler","BaseMod","Colored Powertips","Filter the Spire","Minty Spire (QoL Compilation)","StSLib"],"gold_per_floor":[118,136,136,196,213,213,245,245,245,245,258,278,278,121,121,223,223,238,288,49,99,24,24,74,93,116,116,136,201,230,245,245,350,350,365,265,280,85,104,104,132,198,198,208,274,287,301,319,319,319],"floor_reached":51,"language":"ENG","playtime":2062,"items_purged":["Clothesline","Bash","Sword Boomerang"],"score":728,"play_id":"46805a5a-d9ee-4892-8af9-57a24dc85521","local_time":"20210121222849","is_ascension_mode":false,"campfire_choices":[{"data":"Uppercut","floor":6,"key":"SMITH"},{"floor":8,"key":"REST"},{"data":"Offering","floor":10,"key":"SMITH"},{"data":"Barricade","floor":13,"key":"SMITH"},{"data":"Spot Weakness","floor":15,"key":"SMITH"},{"data":"Double Tap","floor":23,"key":"SMITH"},{"data":"Warcry","floor":27,"key":"SMITH"},{"data":"Disarm","floor":32,"key":"SMITH"},{"data":"Impervious","floor":40,"key":"SMITH"},{"data":"Dropkick","floor":49,"key":"SMITH"}],"circlet_count":0,"master_deck":["Sword Boomerang","Warcry+1","Uppercut+1","Barricade+1","Fire Breathing","Fire Breathing","Offering+1","Spot Weakness+1","Shrug It Off","Disarm+1","Reaper","Double Tap+1","Dropkick+1","Disarm","Impervious+1","Second Wind","Pommel Strike+1","Reaper"],"relics":["Pandora\u0027s Box","SsserpentHead","Meat on the Bone","Bottled Lightning","Runic Pyramid","Sundial","Gremlin Horn","Coffee Dripper","Toy Ornithopter","StrikeDummy"],"acts_visited":["Exordium","TheCity","TheBeyond"],"potions_floor_usage":[30,50,50,50],"damage_taken":[{"damage":0,"enemies":"Small Slimes","floor":1,"turns":2},{"damage":6,"enemies":"Cultist","floor":2,"turns":2},{"damage":6,"enemies":"Jaw Worm","floor":4,"turns":1},{"damage":24,"enemies":"Lots of Slimes","floor":5,"turns":4},{"damage":24,"enemies":"3 Sentries","floor":7,"turns":3},{"damage":12,"enemies":"Exordium Thugs","floor":11,"turns":3},{"damage":12,"enemies":"Gremlin Gang","floor":12,"turns":3},{"damage":29,"enemies":"Hexaghost","floor":16,"turns":7},{"damage":8,"enemies":"Spheric Guardian","floor":18,"turns":3},{"damage":6,"enemies":"Chosen","floor":25,"turns":5},{"damage":19,"enemies":"3 Cultists","floor":28,"turns":4},{"damage":22,"enemies":"Snecko","floor":29,"turns":4},{"damage":49,"enemies":"Slavers","floor":30,"turns":5},{"damage":7,"enemies":"Snake Plant","floor":31,"turns":4},{"damage":48,"enemies":"Collector","floor":33,"turns":5},{"damage":7,"enemies":"3 Shapes","floor":35,"turns":4},{"damage":6,"enemies":"Orb Walker","floor":37,"turns":4},{"damage":6,"enemies":"Sphere and 2 Shapes","floor":39,"turns":4},{"damage":37,"enemies":"Reptomancer","floor":41,"turns":7},{"damage":6,"enemies":"Maw","floor":42,"turns":5},{"damage":6,"enemies":"4 Shapes","floor":45,"turns":3},{"damage":6,"enemies":"Spire Growth","floor":46,"turns":4},{"damage":6,"enemies":"3 Darklings","floor":47,"turns":4},{"damage":6,"enemies":"Jaw Worm Horde","floor":48,"turns":4},{"damage":53,"enemies":"Donu and Deca","floor":50,"turns":5}],"seed_played":"-6208540257946570773","potions_obtained":[{"floor":2,"key":"DistilledChaos"},{"floor":5,"key":"Ancient Potion"},{"floor":7,"key":"LiquidMemories"},{"floor":31,"key":"SteroidPotion"},{"floor":35,"key":"Fire Potion"}],"is_trial":false,"path_per_floor":["M","M","?","M","M","R","E","R","T","R","M","M","R","$","R","B",null,"M","?","$","?","$","R","?","M","T","R","M","M","E","M","R","B",null,"M","$","M","$","M","R","E","M","T","?","M","M","M","M","R","B",null],"character_chosen":"IRONCLAD","items_purchased":["Reaper","Sundial","Second Wind"],"campfire_rested":1,"item_purchase_floors":[14,20,38],"current_hp_per_floor":[80,74,74,68,44,44,20,44,44,44,44,44,44,44,44,39,80,72,72,72,57,57,57,57,62,62,62,72,74,52,47,47,39,85,85,85,84,84,85,85,48,85,85,85,85,85,85,79,79,85],"gold":319,"neow_bonus":"BOSS_RELIC","is_daily":false,"chose_seed":false,"campfire_upgraded":9,"win_rate":0.0,"timestamp":1611289729,"path_taken":["M","M","?","?","M","R","E","R","T","R","M","M","R","$","R","BOSS","M","?","$","?","$","R","?","M","T","R","M","?","E","M","R","BOSS","M","$","M","$","M","R","E","?","T","?","?","M","M","M","R","BOSS"],"items_purchased_type":["Card","Relic","Card"],"build_version":"2020-12-22","purchased_purges":3,"victory":true,"max_hp_per_floor":[80,80,80,80,80,80,80,80,80,80,80,80,80,80,80,80,80,80,80,80,85,85,85,85,85,85,85,85,85,85,85,85,85,85,85,85,85,85,85,85,85,85,85,85,85,85,85,85,85,85],"card_choices":[{"not_picked":["Flex","Havoc","Combust"],"picked":"SKIP","floor":1},{"not_picked":["Metallicize","Bloodletting","Feel No Pain"],"picked":"SKIP","floor":2},{"not_picked":["Twin Strike","Armaments","Headbutt"],"picked":"SKIP","floor":4},{"not_picked":["Warcry","Iron Wave","Power Through"],"picked":"SKIP","floor":5},{"not_picked":["Clothesline","Berserk"],"picked":"Spot Weakness","floor":7},{"not_picked":["Headbutt","Sever Soul"],"picked":"Shrug It Off","floor":11},{"not_picked":["Havoc","Headbutt"],"picked":"Disarm","floor":12},{"not_picked":["Bludgeon","Brutality"],"picked":"Double Tap","floor":16},{"not_picked":["Battle Trance","Warcry"],"picked":"Dropkick","floor":18},{"not_picked":["Body Slam","Infernal Blade","Cleave+1"],"picked":"SKIP","floor":25},{"not_picked":["Flex","Iron Wave+1","Battle Trance"],"picked":"SKIP","floor":28},{"not_picked":["Heavy Blade","Infernal Blade","Feel No Pain+1"],"picked":"SKIP","floor":29},{"not_picked":["Wild Strike","Dark Embrace+1","Ghostly Armor+1"],"picked":"SKIP","floor":30},{"not_picked":["Armaments","Clothesline","Reckless Charge"],"picked":"SKIP","floor":31},{"not_picked":["Demon Form","Reaper"],"picked":"Impervious","floor":33},{"not_picked":["Pommel Strike+1","Anger","Cleave+1"],"picked":"SKIP","floor":35},{"not_picked":["Pommel Strike+1","Sword Boomerang","Clash"],"picked":"SKIP","floor":37},{"not_picked":["Clothesline+1","Sword Boomerang+1"],"picked":"Pommel Strike+1","floor":39},{"not_picked":["Warcry+1","Clothesline+1"],"picked":"Reaper","floor":41},{"not_picked":["Twin Strike+1","Spot Weakness","Sentinel"],"picked":"SKIP","floor":42},{"not_picked":["Body Slam+1","Iron Wave","Heavy Blade"],"picked":"SKIP","floor":45},{"not_picked":["Perfected Strike","Body Slam+1","Pummel+1"],"picked":"SKIP","floor":46},{"not_picked":["Flex+1","Sword Boomerang","Wild Strike"],"picked":"SKIP","floor":47},{"not_picked":["Clothesline","Rampage","Cleave+1"],"picked":"SKIP","floor":48}],"player_experience":594945,"relics_obtained":[{"floor":7,"key":"Meat on the Bone"},{"floor":9,"key":"Bottled Lightning"},{"floor":30,"key":"Gremlin Horn"},{"floor":41,"key":"Toy Ornithopter"},{"floor":43,"key":"StrikeDummy"}],"event_choices":[{"damage_healed":0,"gold_gain":0,"player_choice":"Trade","damage_taken":0,"relics_obtained":["SsserpentHead"],"max_hp_gain":0,"max_hp_loss":0,"event_name":"FaceTrader","floor":3,"gold_loss":0},{"damage_healed":0,"gold_gain":0,"player_choice":"Read","damage_taken":0,"max_hp_gain":0,"max_hp_loss":0,"event_name":"The Library","floor":19,"gold_loss":0,"cards_obtained":["Disarm"]},{"damage_healed":0,"gold_gain":0,"player_choice":"Shed Blood","damage_taken":20,"max_hp_gain":5,"max_hp_loss":0,"event_name":"Forgotten Altar","floor":21,"gold_loss":0},{"damage_healed":0,"gold_gain":0,"player_choice":"Bought 3 Potions","damage_taken":0,"max_hp_gain":0,"max_hp_loss":0,"event_name":"The Woman in Blue","floor":44,"gold_loss":0}],"is_beta":false,"boss_relics":[{"not_picked":["SlaversCollar","Cursed Key"],"picked":"Runic Pyramid"},{"not_picked":["Tiny House","Runic Dome"],"picked":"Coffee Dripper"}],"items_purged_floors":[22,36,38],"is_endless":false,"potions_floor_spawned":[2,5,7,28,29,31,35,39,41,45,48],"ascension_level":0}}