{"host":"sygfylmorsvdndbx","time":1611291955,"event":{"mods":["AchievementEnabler","BaseMod","Highlight Path","Minty Spire (QoL Compilation)","Permanent Neow","Quick Restart","Relic Stats"],"gold_per_floor":[116,116,116,126,138,164,164,196,196,208,208,225,241,259,259,360,360,377,377,302,107,107,107,132,132,132,167,167,45,77,90,90,192,192,212,228,228,190,200,234,234,259,259,299,324,370,397,427,439,451,463,475,30,61,61],"floor_reached":56,"language":"ENG","playtime":7818,"items_purged":["Defend_B"],"score":1744,"play_id":"4106ea4b-697a-4052-8ec5-c1e3a7b5c182","local_time":"20210122000555","is_ascension_mode":true,"campfire_choices":[{"floor":7.0,"key":"REST"},{"floor":11.0,"key":"REST"},{"data":"Hologram","floor":15.0,"key":"SMITH"},{"data":"Fission","floor":23.0,"key":"SMITH"},{"floor":25.0,"key":"DIG"},{"floor":28.0,"key":"DIG"},{"floor":32.0,"key":"DIG"},{"data":"Buffer","floor":41,"key":"SMITH"},{"floor":49,"key":"RECALL"},{"data":"Creative AI","floor":52,"key":"SMITH"}],"circlet_count":0,"master_deck":["Defend_B+1","Defend_B+1","Defend_B+1","Zap+1","Dualcast","Hologram+1","Sweeping Beam+1","Rebound+1","Ball Lightning+1","Beam Cell+1","Sweeping Beam+1","Fission+1","Cold Snap+1","Bite+1","Bite+1","Bite+1","Bite+1","Bite+1","Go for the Eyes+1","Ball Lightning+1","Coolheaded+1","Buffer+1","Barrage+1","Creative AI+1","Ball Lightning+1","Reinforced Body+1","Chaos+1","Steam+1","Storm+1","Fission+1"],"relics":["Philosopher\u0027s Stone","Molten Egg 2","CaptainsWheel","HornCleat","Black Star","Shovel","War Paint","Letter Opener","Lantern","Bag of Marbles","The Courier","Anchor","Kunai","StrikeDummy","Runic Capacitor","Centennial Puzzle","Strawberry","Omamori","Nuclear Battery","Singing Bowl","Cables","Bottled Lightning","Ornamental Fan","MawBank","Mango","Nunchaku","Bottled Tornado","Happy Flower","Incense Burner","DollysMirror","InkBottle","Torii"],"acts_visited":["Exordium","TheCity","TheBeyond","TheEnding"],"potions_floor_usage":[44,50,55,55,55],"damage_taken":[{"damage":8.0,"enemies":"Small Slimes","floor":1.0,"turns":4.0},{"damage":0.0,"enemies":"2 Louse","floor":4.0,"turns":2.0},{"damage":0.0,"enemies":"Cultist","floor":5.0,"turns":3.0},{"damage":44.0,"enemies":"Lagavulin","floor":6.0,"turns":7.0},{"damage":10.0,"enemies":"Gremlin Nob","floor":8.0,"turns":4.0},{"damage":14.0,"enemies":"Lots of Slimes","floor":10.0,"turns":3.0},{"damage":0.0,"enemies":"3 Louse","floor":12.0,"turns":2.0},{"damage":1.0,"enemies":"2 Fungi Beasts","floor":13.0,"turns":3.0},{"damage":1.0,"enemies":"Blue Slaver","floor":14.0,"turns":2.0},{"damage":0.0,"enemies":"Slime Boss","floor":16.0,"turns":5.0},{"damage":1.0,"enemies":"Chosen","floor":18.0,"turns":3.0},{"damage":14.0,"enemies":"Book of Stabbing","floor":24.0,"turns":4.0},{"damage":15.0,"enemies":"Slavers","floor":27.0,"turns":4.0},{"damage":0.0,"enemies":"Book of Stabbing","floor":30.0,"turns":3.0},{"damage":2.0,"enemies":"2 Thieves","floor":31.0,"turns":2.0},{"damage":42.0,"enemies":"Collector","floor":33.0,"turns":8.0},{"damage":0.0,"enemies":"Orb Walker","floor":35.0,"turns":3.0},{"damage":0.0,"enemies":"3 Darklings","floor":36.0,"turns":3.0},{"damage":0,"enemies":"Spire Growth","floor":39,"turns":2},{"damage":14,"enemies":"Nemesis","floor":40,"turns":5},{"damage":1,"enemies":"Giant Head","floor":42,"turns":6},{"damage":0,"enemies":"Reptomancer","floor":44,"turns":3},{"damage":0,"enemies":"Sphere and 2 Shapes","floor":45,"turns":4},{"damage":0,"enemies":"Nemesis","floor":46,"turns":5},{"damage":0,"enemies":"Transient","floor":47,"turns":5},{"damage":0,"enemies":"4 Shapes","floor":48,"turns":3},{"damage":35,"enemies":"Time Eater","floor":50,"turns":10},{"damage":11,"enemies":"Shield and Spear","floor":54,"turns":4},{"damage":30,"enemies":"The Heart","floor":55,"turns":8}],"seed_played":"6145457771499971142","potions_obtained":[{"floor":1.0,"key":"Fire Potion"},{"floor":10.0,"key":"Fire Potion"},{"floor":12.0,"key":"DistilledChaos"},{"floor":14.0,"key":"DuplicationPotion"},{"floor":24.0,"key":"Block Potion"},{"floor":27.0,"key":"PotionOfCapacity"},{"floor":39,"key":"Dexterity Potion"},{"floor":48,"key":"Fire Potion"},{"floor":54,"key":"FocusPotion"}],"is_trial":false,"path_per_floor":["M","?","?","M","M","E","R","E","T","M","R","M","M","M","R","B",null,"M","?","?","$","?","R","E","R","T","E","R","$","E","M","R","B",null,"M","M","?","$","M","E","R","E","T","E","M","E","M","M","R","B",null,"R","$","E","B",null],"character_chosen":"DEFECT","items_purchased":["War Paint","Cold Snap+1","Runic Capacitor","Ball Lightning+1","Incense Burner","DollysMirror","FocusPotion"],"campfire_rested":2,"item_purchase_floors":[21,21,29,38,53,53,53],"current_hp_per_floor":[67,52,52,52,52,8,30,20,20,6,28,28,27,26,26,26,63,62,62,62,62,52,52,50,50,50,49,49,49,59,59,59,29,52,59,59,59,59,59,59,59,63,63,79,79,81,81,81,81,49,73,73,73,82,56],"gold":61,"neow_bonus":"BOSS_RELIC","is_daily":false,"chose_seed":false,"campfire_upgraded":4,"win_rate":0.0,"timestamp":1611291955,"path_taken":["M","?","?","M","M","E","R","E","T","M","R","?","?","M","R","BOSS","M","?","?","$","?","R","E","R","T","E","R","$","E","M","R","BOSS","M","M","?","$","M","E","R","E","T","E","M","E","?","M","R","BOSS","R","$","E","BOSS"],"items_purchased_type":["Relic","Card","Relic","Card","Relic","Relic","Potion"],"build_version":"2020-12-22","purchased_purges":1,"victory":true,"max_hp_per_floor":[75,75,75,75,75,75,75,75,75,75,75,75,75,75,75,75,75,75,75,75,75,52,52,52,52,52,52,52,52,59,59,59,59,59,59,59,59,59,59,61,61,63,63,79,79,81,81,81,81,81,81,81,81,83,83],"relic_stats":{"Singing Bowl":10,"Happy Flower":[10],"Torii":52,"counters":[29,120],"Letter Opener":[135],"War Paint":["Defend_B","Defend_B"],"MawBank":120,"Cables":[50,17,3,1,29],"Centennial Puzzle":[21],"Nunchaku":[11],"Shovel":3,"Ornamental Fan":[124],"Black Star":8,"Kunai":[64],"obtain_stats":[{"Lantern":24,"Singing Bowl":40,"Torii":54,"Mango":44,"Runic Capacitor":29,"Incense Burner":53,"Bottled Tornado":46,"Centennial Puzzle":30,"Nunchaku":44,"HornCleat":8,"Shovel":19,"DollysMirror":53,"Strawberry":30,"Philosopher\u0027s Stone":0,"Kunai":27,"Cracked Core":0,"InkBottle":54,"Happy Flower":46,"The Courier":26,"Omamori":32,"Letter Opener":24,"War Paint":21,"MawBank":43,"Nuclear Battery":34,"Cables":40,"CaptainsWheel":6,"Anchor":27,"Ornamental Fan":42,"Molten Egg 2":3,"Black Star":17,"Bag of Marbles":25,"Bottled Lightning":42,"StrikeDummy":28},{"Lantern":12,"Singing Bowl":20,"Torii":28,"Mango":22,"Runic Capacitor":13,"Incense Burner":27,"Bottled Tornado":24,"Centennial Puzzle":14,"Nunchaku":22,"HornCleat":5,"Shovel":11,"DollysMirror":27,"Strawberry":14,"Philosopher\u0027s Stone":0,"Kunai":13,"Cracked Core":0,"InkBottle":28,"Happy Flower":24,"The Courier":12,"Omamori":15,"Letter Opener":12,"War Paint":11,"MawBank":21,"Nuclear Battery":16,"Cables":20,"CaptainsWheel":4,"Anchor":13,"Ornamental Fan":21,"Molten Egg 2":1,"Black Star":10,"Bag of Marbles":12,"Bottled Lightning":21,"StrikeDummy":13},{"Lantern":42,"Singing Bowl":72,"Torii":112,"Mango":81,"Runic Capacitor":46,"Incense Burner":108,"Bottled Tornado":90,"Centennial Puzzle":49,"Nunchaku":81,"HornCleat":20,"Shovel":38,"DollysMirror":108,"Strawberry":49,"Philosopher\u0027s Stone":0,"Kunai":46,"Cracked Core":0,"InkBottle":112,"Happy Flower":90,"The Courier":42,"Omamori":51,"Letter Opener":42,"War Paint":38,"MawBank":78,"Nuclear Battery":59,"Cables":72,"CaptainsWheel":16,"Anchor":46,"Ornamental Fan":78,"Molten Egg 2":4,"Black Star":35,"Bag of Marbles":42,"Bottled Lightning":78,"StrikeDummy":46}],"InkBottle":[5]},"card_choices":[{"not_picked":["Loop","Chaos"],"picked":"Undo","floor":1.0},{"not_picked":["Barrage+1","Double Energy"],"picked":"Hologram","floor":4.0},{"not_picked":["Hologram","Go for the Eyes+1"],"picked":"Sweeping Beam+1","floor":5.0},{"not_picked":["Leap","Aggregate"],"picked":"Rebound+1","floor":6.0},{"not_picked":["Loop","Capacitor","Tempest"],"picked":"SKIP","floor":8.0},{"not_picked":["Leap","Fusion","Recycle"],"picked":"SKIP","floor":10.0},{"not_picked":["Streamline+1","Barrage+1"],"picked":"Ball Lightning+1","floor":12.0},{"not_picked":["Tempest","Barrage+1"],"picked":"Beam Cell+1","floor":13.0},{"not_picked":["Recycle","Multi-Cast"],"picked":"Sweeping Beam+1","floor":14.0},{"not_picked":["Buffer","All For One+1"],"picked":"Fission","floor":16.0},{"not_picked":["Rebound+1","Stack","Fusion"],"picked":"SKIP","floor":18.0},{"not_picked":["Amplify","BootSequence"],"picked":"Go for the Eyes+1","floor":24.0},{"not_picked":["Hologram","Conserve Battery","Redo+1"],"picked":"SKIP","floor":27.0},{"not_picked":["Fusion","Beam Cell+1"],"picked":"Ball Lightning+1","floor":30.0},{"not_picked":["Steam Power","Rebound+1"],"picked":"Coolheaded+1","floor":31.0},{"not_picked":["Reboot","All For One+1"],"picked":"Buffer","floor":33.0},{"not_picked":["Static Discharge+1","Steam","White Noise"],"picked":"SKIP","floor":35.0},{"not_picked":["Conserve Battery+1","Ball Lightning+1"],"picked":"Barrage+1","floor":36},{"not_picked":["Reprogram","White Noise+1"],"picked":"Reinforced Body+1","floor":39},{"not_picked":["Leap+1","Conserve Battery+1","Coolheaded"],"picked":"Singing Bowl","floor":40},{"not_picked":["Hyperbeam+1","Darkness+1","Electrodynamics"],"picked":"Singing Bowl","floor":42},{"not_picked":["Auto Shields+1","Streamline+1","Ball Lightning+1"],"picked":"Singing Bowl","floor":44},{"not_picked":["Genetic Algorithm","Go for the Eyes+1"],"picked":"Chaos+1","floor":45},{"not_picked":["Cold Snap+1","Heatsinks","Storm"],"picked":"Singing Bowl","floor":46},{"not_picked":["Cold Snap+1","Heatsinks+1"],"picked":"Steam+1","floor":47},{"not_picked":["Beam Cell+1","Turbo+1"],"picked":"Storm+1","floor":48},{"not_picked":["Hologram","Rainbow","White Noise+1"],"picked":"Singing Bowl","floor":54}],"player_experience":295503,"relics_obtained":[{"floor":6.0,"key":"CaptainsWheel"},{"floor":8.0,"key":"HornCleat"},{"floor":24.0,"key":"Letter Opener"},{"floor":24.0,"key":"Lantern"},{"floor":25.0,"key":"Bag of Marbles"},{"floor":26.0,"key":"The Courier"},{"floor":27.0,"key":"Anchor"},{"floor":27.0,"key":"Kunai"},{"floor":28.0,"key":"StrikeDummy"},{"floor":30.0,"key":"Centennial Puzzle"},{"floor":30.0,"key":"Strawberry"},{"floor":32.0,"key":"Omamori"},{"floor":40,"key":"Singing Bowl"},{"floor":40,"key":"Cables"},{"floor":42,"key":"Bottled Lightning"},{"floor":42,"key":"Ornamental Fan"},{"floor":43,"key":"MawBank"},{"floor":44,"key":"Mango"},{"floor":44,"key":"Nunchaku"},{"floor":46,"key":"Bottled Tornado"},{"floor":46,"key":"Happy Flower"},{"floor":54,"key":"InkBottle"},{"floor":54,"key":"Torii"}],"event_choices":[{"damage_healed":0.0,"max_hp_gain":0.0,"max_hp_loss":0.0,"gold_gain":0.0,"event_name":"Shining Light","player_choice":"Entered Light","floor":2.0,"gold_loss":0.0,"damage_taken":15.0,"cards_upgraded":["Defend_B","Zap"]},{"cards_removed":["Undo"],"damage_healed":0.0,"max_hp_gain":0.0,"max_hp_loss":0.0,"gold_gain":0.0,"event_name":"WeMeetAgain","player_choice":"Gave Card","floor":3.0,"gold_loss":0.0,"damage_taken":0.0,"relics_obtained":["Molten Egg 2"]},{"damage_healed":0.0,"max_hp_gain":0.0,"max_hp_loss":0.0,"gold_gain":0.0,"event_name":"The Mausoleum","player_choice":"Opened","floor":19.0,"gold_loss":0.0,"damage_taken":0.0,"relics_obtained":["Shovel"],"cards_obtained":["Writhe"]},{"cards_removed":["Writhe"],"damage_healed":0.0,"max_hp_gain":0.0,"max_hp_loss":0.0,"gold_gain":0.0,"event_name":"Beggar","player_choice":"Gave Gold","floor":20.0,"gold_loss":75.0,"damage_taken":0.0},{"damage_healed":0.0,"max_hp_gain":0.0,"max_hp_loss":23.0,"gold_gain":0.0,"event_name":"Vampires","player_choice":"Became a vampire","floor":22.0,"gold_loss":0.0,"damage_taken":0.0,"cards_obtained":["Bite","Bite","Bite","Bite","Bite"]},{"damage_healed":0,"gold_gain":0,"player_choice":"1 cards matched","damage_taken":0,"max_hp_gain":0,"max_hp_loss":0,"event_name":"Match and Keep!","floor":37,"gold_loss":0,"cards_obtained":["Creative AI"]},{"damage_healed":0,"gold_gain":0,"player_choice":"1 cards matched","damage_taken":0,"max_hp_gain":0,"max_hp_loss":0,"event_name":"Match and Keep!","floor":37,"gold_loss":0,"cards_obtained":["Creative AI"]}],"is_beta":false,"boss_relics":[{"not_picked":["Empty Cage","Calling Bell"],"picked":"Black Star"},{"not_picked":["Snecko Eye","Inserter"],"picked":"Nuclear Battery"}],"items_purged_floors":[53],"is_endless":false,"potions_floor_spawned":[1,10,12,14,24,27,39,40,42,48,54],"ascension_level":5}}