{"host":"1tl36azeqm6yhdgj","time":1611315512,"event":{"mods":["AchievementEnabler","BaseMod","Minty Spire (QoL Compilation)","StSLib","The IronCluck","everything is the same but u backflip on backflip"],"gold_per_floor":[111,129,142,154,229,17,31,31,31],"floor_reached":8,"language":"ENG","playtime":322,"items_purged":[],"score":100,"play_id":"4c6b2eb3-8c0e-458c-8558-75432f10b29f","local_time":"20210122063832","is_ascension_mode":true,"campfire_choices":[],"circlet_count":0,"master_deck":["AscendersBane","Strike_R","Strike_R","Strike_R","Strike_R","Strike_R","Defend_R","Defend_R","Defend_R","Defend_R","Bash","Thunderclap","Feel No Pain","Burning Pact","Flex","Flame Barrier"],"relics":["Burning Blood","PreservedInsect"],"acts_visited":["Exordium"],"potions_floor_usage":[7,8],"damage_taken":[{"damage":6.0,"enemies":"2 Louse","floor":1.0,"turns":3.0},{"damage":0.0,"enemies":"Jaw Worm","floor":2.0,"turns":1.0},{"damage":10.0,"enemies":"Small Slimes","floor":3.0,"turns":3.0},{"damage":39.0,"enemies":"Gremlin Gang","floor":4.0,"turns":6.0},{"damage":6,"enemies":"2 Fungi Beasts","floor":7,"turns":3},{"damage":43,"enemies":"3 Sentries","floor":8,"turns":8}],"seed_played":"1998007765023779362","potions_obtained":[{"floor":0.0,"key":"Regen Potion"},{"floor":0.0,"key":"DistilledChaos"},{"floor":2.0,"key":"PowerPotion"}],"is_trial":false,"path_per_floor":["M","M","M","M","?","$","M","E"],"character_chosen":"IRONCLAD","items_purchased":["PreservedInsect","Explosive Potion"],"campfire_rested":0,"item_purchase_floors":[6,6],"current_hp_per_floor":[68,74,70,52,41,41,41,0,0],"gold":31,"neow_bonus":"THREE_SMALL_POTIONS","is_daily":false,"chose_seed":false,"campfire_upgraded":0,"win_rate":0.0,"timestamp":1611315512,"path_taken":["M","M","M","M","?","$","M","E"],"items_purchased_type":["Relic","Potion"],"build_version":"2020-12-22","purchased_purges":0,"victory":false,"max_hp_per_floor":[75,75,75,75,75,75,75,75,75],"card_choices":[{"not_picked":["Seeing Red","Warcry"],"picked":"Thunderclap","floor":1.0},{"not_picked":["Armaments","Twin Strike"],"picked":"Feel No Pain","floor":2.0},{"not_picked":["Thunderclap","Blood for Blood"],"picked":"Burning Pact","floor":3.0},{"not_picked":["Rage","Heavy Blade"],"picked":"Flex","floor":4.0},{"not_picked":["Fiend Fire","Armaments"],"picked":"Flame Barrier","floor":7}],"player_experience":2017541,"relics_obtained":[],"event_choices":[{"damage_healed":0.0,"max_hp_gain":0.0,"max_hp_loss":0.0,"gold_gain":75.0,"event_name":"World of Goop","player_choice":"Gather Gold","floor":5.0,"gold_loss":0.0,"damage_taken":11.0}],"is_beta":false,"boss_relics":[],"items_purged_floors":[],"is_endless":false,"potions_floor_spawned":[2],"killed_by":"3 Sentries","ascension_level":20}}