{"host":"me7pax5d7uwssv6n","time":1611300849,"event":{"mods":["BaseMod","Downfall","Minty Spire (QoL Compilation)","StSLib"],"gold_per_floor":[99,117,177,177,196,223,223,255,12,12,0,10,10,10,23,119,119,19,39,57,73,88,188,240,265,37,37,48,48,77,87,102,204,204,204,224,224,271,290,83,83,112,122,122,142,156,56,73,91,91],"floor_reached":51,"language":"ENG","playtime":7112,"items_purged":["champ:Strike"],"score":831,"play_id":"050d3725-0be6-44a6-83d3-91562fed4fb3","local_time":"20210122153409","is_ascension_mode":false,"campfire_choices":[{"data":"champ:Taunt","floor":1,"key":"SMITH"},{"floor":10,"key":"REST"},{"data":"champ:GladiatorForm","floor":13,"key":"SMITH"},{"data":"champ:DefensiveShout","floor":18,"key":"SMITH"},{"data":"champ:StrikeOfGenius","floor":35,"key":"SMITH"},{"floor":44,"key":"RECALL"},{"data":"expansioncontent:DashGenerateEvil","floor":47,"key":"SMITH"}],"circlet_count":0,"master_deck":["champ:Defend","champ:Defend","champ:Defend","champ:Execute","champ:Taunt+1","champ:ArenaPreparation","champ:AdrenalArmor","champ:DefensiveShout+1","champ:FlashCut","champ:EndlessRage","champ:GladiatorStyle","champ:GladiatorForm+1","champ:CalledShot","champ:HoldFirm","champ:ShieldSlam+1","champ:Circumvent","champ:ShieldThrow","champ:Haymaker+1","champ:CrownThrow","J.A.X.","champ:FalseCounter","champ:ShieldThrow","champ:FlashCut+1","champ:Improvising","Writhe","champ:ShieldWall","champ:StrikeOfGenius+1","champ:Circumvent+1","expansioncontent:DashGenerateEvil+1"],"relics":["champ:ChampionCrown","Ancient Tea Set","Lizard Tail","Mummified Hand","Regal Pillow","Juzu Bracelet","Velvet Choker","downfall:HeartBlessingGreen","MutagenicStrength","Potion Belt","MawBank","Oddly Smooth Stone","Matryoshka","Bronze Scales","Busted Crown","Thread and Needle","Shuriken","Meat on the Bone","Eternal Feather","downfall:HeartBlessingRed"],"acts_visited":["Exordium","TheCity","TheBeyond"],"potions_floor_usage":[8,16,16,30,33,33,36],"damage_taken":[{"damage":20,"enemies":"Small Slimes","floor":2,"turns":3},{"damage":48,"enemies":"Gremlin Nob","floor":3,"turns":4},{"damage":28,"enemies":"Jaw Worm","floor":5,"turns":4},{"damage":52,"enemies":"Lagavulin","floor":6,"turns":9},{"damage":62,"enemies":"Gremlin Nob","floor":8,"turns":5},{"damage":10,"enemies":"downfall:FleeingMerchant","floor":9,"turns":4},{"damage":40,"enemies":"downfall:FleeingMerchant","floor":11,"turns":4},{"damage":10,"enemies":"Cultist","floor":12,"turns":2},{"damage":19,"enemies":"Lots of Slimes","floor":15,"turns":4},{"damage":55,"enemies":"DF_ARCHETYPE_STREAMLINE","floor":16,"turns":12},{"damage":12,"enemies":"Shell Parasite","floor":19,"turns":5},{"damage":48,"enemies":"Centurion and Healer","floor":20,"turns":8},{"damage":27,"enemies":"Shelled Parasite and Fungi","floor":21,"turns":6},{"damage":22,"enemies":"Sentry and Sphere","floor":22,"turns":6},{"damage":79,"enemies":"downfall:Augmenter","floor":23,"turns":6},{"damage":31,"enemies":"Slavers","floor":25,"turns":7},{"damage":0,"enemies":"downfall:FleeingMerchant","floor":26,"turns":4},{"damage":23,"enemies":"Chosen and Byrds","floor":28,"turns":7},{"damage":5,"enemies":"Gremlin Leader","floor":30,"turns":9},{"damage":0,"enemies":"Snake Plant","floor":31,"turns":3},{"damage":10,"enemies":"Centurion and Healer","floor":32,"turns":5},{"damage":10,"enemies":"IC_MUSHROOM_ARCHETYPE","floor":33,"turns":5},{"damage":42,"enemies":"3 Darklings","floor":36,"turns":7},{"damage":7,"enemies":"2 Orb Walkers","floor":38,"turns":4},{"damage":0,"enemies":"Orb Walker","floor":39,"turns":3},{"damage":10,"enemies":"downfall:FleeingMerchant","floor":40,"turns":4},{"damage":10,"enemies":"Reptomancer","floor":42,"turns":6},{"damage":3,"enemies":"3 Darklings","floor":43,"turns":5},{"damage":3,"enemies":"Spire Growth","floor":45,"turns":4},{"damage":27,"enemies":"Writhing Mass","floor":46,"turns":6},{"damage":10,"enemies":"4 Shapes","floor":48,"turns":5},{"damage":0,"enemies":"Jaw Worm Horde","floor":49,"turns":4},{"damage":7,"enemies":"SI_POISON_ARCHETYPE","floor":50,"turns":9}],"seed_played":"5862365381048801867","potions_obtained":[{"floor":4,"key":"DistilledChaos"},{"floor":4,"key":"PowerPotion"},{"floor":4,"key":"champ:TechniquePotion"},{"floor":6,"key":"DistilledChaos"},{"floor":12,"key":"SneckoOil"},{"floor":22,"key":"FearPotion"},{"floor":23,"key":"AttackPotion"},{"floor":25,"key":"EssenceOfSteel"},{"floor":28,"key":"EssenceOfSteel"},{"floor":32,"key":"Fire Potion"},{"floor":33,"key":"SpeedPotion"},{"floor":39,"key":"Slimebound:ThreeZeroPotion"},{"floor":46,"key":"Weak Potion"}],"is_trial":false,"path_per_floor":["R","M","?","?","M","E","T","E","$","R","$","M","R","?","M","B",null,"R","M","M","M","M","?","T","E","$","?","M","?","E","M","M","B",null,"R","M","?","?","M","$","T","E","M","R","M","M","R","M","M","B",null],"character_chosen":"THE_CHAMP","items_purchased":["Juzu Bracelet","champ:EndlessRage","Oddly Smooth Stone","expansioncontent:DashGenerateEvil"],"campfire_rested":1,"item_purchase_floors":[9,9,26,40],"current_hp_per_floor":[99,99,71,71,68,56,56,24,24,68,68,68,68,68,59,34,99,99,97,89,82,70,61,61,40,40,40,22,22,22,22,22,22,99,99,72,72,65,65,65,65,65,62,77,74,79,94,94,94,87],"gold":91,"neow_bonus":"TEN_PERCENT_HP_BONUS","is_daily":false,"chose_seed":false,"campfire_upgraded":5,"win_rate":0.0,"timestamp":1611300849,"path_taken":["R","M","?","?","?","E","T","E","?","R","$","M","R","?","M","BOSS","R","M","M","M","M","?","T","E","$","?","M","?","E","M","M","BOSS","R","M","?","?","M","$","T","E","M","R","M","M","R","M","M","BOSS"],"items_purchased_type":["Relic","Card","Relic","Card"],"build_version":"2020-12-22","purchased_purges":1,"victory":true,"max_hp_per_floor":[99,99,99,99,99,99,99,99,99,99,99,99,99,99,99,99,99,99,99,99,99,99,99,99,99,99,99,99,99,99,99,99,99,99,99,99,99,99,99,99,99,99,99,99,99,99,99,99,99,99],"card_choices":[{"not_picked":["champ:BerserkersShout","champ:AdrenalArmor"],"picked":"champ:ArenaPreparation","floor":2},{"not_picked":["champ:BladeFlurry","champ:Parry"],"picked":"champ:AdrenalArmor","floor":3},{"not_picked":["champ:Circumvent","champ:AdrenalArmor"],"picked":"champ:DefensiveShout","floor":5},{"not_picked":["champ:CrownThrow","champ:Lariat","champ:TornadoPunch"],"picked":"SKIP","floor":6},{"not_picked":["champ:FaceSlap","champ:BerserkersShout","champ:FanOfKnives"],"picked":"SKIP","floor":8},{"not_picked":["champ:BerserkersShout","champ:AdrenalArmor"],"picked":"champ:FlashCut","floor":9},{"not_picked":["champ:HeartStrike","champ:FocusedDefense"],"picked":"champ:GladiatorStyle","floor":11},{"not_picked":["champ:Duel","champ:BladeFlurry"],"picked":"champ:GladiatorForm","floor":12},{"not_picked":["champ:PerfectedStrike","champ:TornadoPunch"],"picked":"champ:CalledShot","floor":15},{"not_picked":["champ:IgnorePain","champ:ShieldThrow"],"picked":"champ:HoldFirm","floor":16},{"not_picked":["champ:Duel","champ:StanceDance+1"],"picked":"champ:ShieldSlam+1","floor":19},{"not_picked":["champ:PreciseThrust","champ:BerserkersShout"],"picked":"champ:Circumvent","floor":20},{"not_picked":["champ:PreemptiveStrike","champ:GladiatorStyle"],"picked":"champ:ShieldThrow","floor":21},{"not_picked":["champ:PreciseThrust","champ:BladeFlurry"],"picked":"champ:Haymaker+1","floor":22},{"not_picked":[],"picked":"J.A.X.","floor":23},{"not_picked":["champ:EnragedBash","champ:FlashCut"],"picked":"champ:ShieldThrow","floor":23},{"not_picked":["champ:HeartStrike","champ:CrownThrow"],"picked":"champ:FlashCut+1","floor":25},{"not_picked":["champ:CrownThrow+1","champ:RisingSlash","champ:DefensiveShout"],"picked":"SKIP","floor":26},{"not_picked":["champ:AdrenalArmor","champ:CalledShot"],"picked":"champ:Improvising","floor":28},{"not_picked":["champ:HeartStrike+1","champ:Lariat","champ:DefensiveShout"],"picked":"SKIP","floor":30},{"not_picked":["champ:Endure","champ:GutPunch+1","champ:FalseCounter+1"],"picked":"SKIP","floor":31},{"not_picked":["champ:RapidStrikes","champ:FocusedBerserking+1"],"picked":"champ:ShieldWall","floor":32},{"not_picked":["champ:SwordThrow","champ:CheapShot"],"picked":"champ:StrikeOfGenius","floor":33},{"not_picked":[],"picked":"champ:Circumvent+1","floor":36},{"not_picked":["champ:BladeFlurry"],"picked":"SKIP","floor":39},{"not_picked":["champ:GutPunch+1"],"picked":"SKIP","floor":40},{"not_picked":["champ:DancingMaster"],"picked":"SKIP","floor":42},{"not_picked":["champ:Parry"],"picked":"SKIP","floor":43},{"not_picked":["champ:FanOfKnives"],"picked":"SKIP","floor":45},{"not_picked":["champ:Shatter"],"picked":"SKIP","floor":46},{"not_picked":["champ:HeartStrike"],"picked":"SKIP","floor":48},{"not_picked":["champ:Backstep"],"picked":"SKIP","floor":49}],"player_experience":19629,"relics_obtained":[{"floor":6,"key":"Lizard Tail"},{"floor":7,"key":"Mummified Hand"},{"floor":8,"key":"Regal Pillow"},{"floor":23,"key":"MutagenicStrength"},{"floor":24,"key":"Potion Belt"},{"floor":25,"key":"MawBank"},{"floor":30,"key":"Bronze Scales"},{"floor":38,"key":"Thread and Needle"},{"floor":41,"key":"Shuriken"},{"floor":41,"key":"Meat on the Bone"},{"floor":42,"key":"Eternal Feather"}],"event_choices":[{"damage_healed":0,"gold_gain":0,"player_choice":"Got Potions","damage_taken":0,"max_hp_gain":0,"max_hp_loss":0,"event_name":"Lab","floor":4,"gold_loss":0},{"cards_removed":["champ:Strike"],"damage_healed":0,"gold_gain":0,"player_choice":"Forget","damage_taken":0,"max_hp_gain":0,"max_hp_loss":0,"event_name":"Living Wall","floor":14,"gold_loss":0},{"damage_healed":0,"gold_gain":0,"player_choice":"Fight","damage_taken":0,"max_hp_gain":0,"max_hp_loss":0,"event_name":"Mysterious Sphere","floor":38,"gold_loss":0}],"is_beta":false,"boss_relics":[{"not_picked":["Fusion Hammer","bronze:MakeshiftBattery"],"picked":"Velvet Choker"},{"not_picked":["Coffee Dripper","champ:ChampionCrownUpgraded"],"picked":"Busted Crown"}],"items_purged_floors":[26],"is_endless":false,"potions_floor_spawned":[5,6,12,22,23,25,28,32,33,39,46,48,49],"ascension_level":0}}