{"host":"hwrdjx5eod2cxh09","time":1611307999,"event":{"mods":["AchievementEnabler","BaseMod","Bestiary","Minty Spire (QoL Compilation)","Relic Stats"],"gold_per_floor":[118,133,83,158,176,211,211,242,242,242,43,43,72,72,72,169,169,179,279,295,295,205,240,240,30,77,103,103,138,53,64,64,160,160,177,187,187,187,202,232,80,100,100,100,110,143,162,172,172,172,172,172,0,27,27,27],"floor_reached":55,"language":"ENG","playtime":3061,"items_purged":["Strike_R"],"score":865,"play_id":"06742dc6-36bc-45a2-8bce-bf043c4cff0e","local_time":"20210122183319","is_ascension_mode":true,"campfire_choices":[{"data":"Sword Boomerang","floor":7,"key":"SMITH"},{"data":"Berserk","floor":10,"key":"SMITH"},{"data":"Flame Barrier","floor":15,"key":"SMITH"},{"floor":24,"key":"REST"},{"data":"Armaments","floor":28,"key":"SMITH"},{"data":"True Grit","floor":32,"key":"SMITH"},{"floor":49,"key":"RECALL"},{"data":"Juggernaut","floor":52,"key":"SMITH"}],"circlet_count":0,"master_deck":["Strike_R","Defend_R","Defend_R","Defend_R","Defend_R","Bash","Feed","Clash","Sword Boomerang+1","Flame Barrier+1","Berserk+1","Shrug It Off","Headbutt","Juggernaut+1","Corruption+1","True Grit+1","Shrug It Off","Offering","Armaments+1","Spot Weakness","Iron Wave+1","Barricade+1","Inflame+1","Flame Barrier+1","Dropkick+1","Flame Barrier","Shrug It Off+1","Body Slam+1","Whirlwind","Shockwave+1","Pommel Strike","Rampage+1","Inflame+1","Flame Barrier+1"],"relics":["Burning Blood","Juzu Bracelet","Bottled Flame","Lantern","Vajra","Pantograph","SacredBark","Oddly Smooth Stone","Centennial Puzzle","Mummified Hand","Mercury Hourglass","Philosopher\u0027s Stone","Dream Catcher","Prayer Wheel","Frozen Egg 2","Omamori","Bottled Lightning"],"acts_visited":["Exordium","TheCity","TheBeyond","TheEnding"],"potions_floor_usage":[6,23,27,29,46,48,54,55,55],"damage_taken":[{"damage":10,"enemies":"Jaw Worm","floor":1,"turns":4},{"damage":0,"enemies":"2 Louse","floor":2,"turns":2},{"damage":2,"enemies":"Small Slimes","floor":5,"turns":2},{"damage":16,"enemies":"Gremlin Nob","floor":6,"turns":4},{"damage":34,"enemies":"Lagavulin","floor":8,"turns":10},{"damage":24,"enemies":"3 Sentries","floor":13,"turns":10},{"damage":31,"enemies":"Hexaghost","floor":16,"turns":9},{"damage":20,"enemies":"Shell Parasite","floor":18,"turns":5},{"damage":10,"enemies":"3 Byrds","floor":20,"turns":4},{"damage":32,"enemies":"Book of Stabbing","floor":23,"turns":5},{"damage":9,"enemies":"Gremlin Leader","floor":27,"turns":8},{"damage":29,"enemies":"Slavers","floor":29,"turns":5},{"damage":6,"enemies":"3 Cultists","floor":31,"turns":4},{"damage":47,"enemies":"Automaton","floor":33,"turns":12},{"damage":5,"enemies":"3 Shapes","floor":35,"turns":5},{"damage":8,"enemies":"Orb Walker","floor":36,"turns":4},{"damage":32,"enemies":"Transient","floor":39,"turns":5},{"damage":6,"enemies":"Giant Head","floor":40,"turns":7},{"damage":6,"enemies":"3 Darklings","floor":42,"turns":4},{"damage":11,"enemies":"Spire Growth","floor":45,"turns":5},{"damage":14,"enemies":"Nemesis","floor":46,"turns":7},{"damage":25,"enemies":"Maw","floor":47,"turns":6},{"damage":3,"enemies":"4 Shapes","floor":48,"turns":9},{"damage":53,"enemies":"Awakened One","floor":50,"turns":10},{"damage":39,"enemies":"Shield and Spear","floor":54,"turns":5},{"damage":104,"enemies":"The Heart","floor":55,"turns":9}],"seed_played":"2400792425003539657","potions_obtained":[{"floor":1,"key":"PowerPotion"},{"floor":5,"key":"Weak Potion"},{"floor":8,"key":"EntropicBrew"},{"floor":20,"key":"LiquidMemories"},{"floor":23,"key":"DuplicationPotion"},{"floor":29,"key":"Fire Potion"},{"floor":31,"key":"Ancient Potion"},{"floor":46,"key":"FearPotion"}],"is_trial":false,"path_per_floor":["M","M","?","?","M","E","R","E","T","R","$","?","E","?","R","B",null,"M","?","M","?","?","E","R","$","T","E","R","E","?","M","R","B",null,"M","M","?","?","M","E","$","M","T","?","M","E","M","M","R","B",null,"R","$","E","B"],"character_chosen":"IRONCLAD","items_purchased":["Shrug It Off","Vajra","Offering","Flame Barrier","LiquidMemories","Dexterity Potion","Block Potion","Inflame+1"],"campfire_rested":1,"item_purchase_floors":[11,11,25,41,41,53,53,53],"current_hp_per_floor":[79,86,86,75,82,72,72,44,44,44,44,44,29,29,29,29,92,78,78,74,74,74,48,75,75,75,72,72,49,49,52,52,36,95,95,96,96,96,70,70,70,70,70,70,65,57,42,48,48,26,105,105,105,75,0,0],"gold":27,"neow_bonus":"ONE_RANDOM_RARE_CARD","is_daily":false,"chose_seed":false,"campfire_upgraded":6,"win_rate":0.0,"timestamp":1611307999,"path_taken":["M","M","?","?","M","E","R","E","T","R","$","?","E","?","R","BOSS","M","?","M","?","?","E","R","$","T","E","R","E","?","M","R","BOSS","M","M","?","?","M","E","$","M","T","?","M","E","M","M","R","BOSS","R","$","E","BOSS"],"items_purchased_type":["Card","Relic","Card","Card","Potion","Potion","Potion","Card"],"build_version":"2020-12-22","purchased_purges":1,"victory":false,"max_hp_per_floor":[83,86,86,86,89,89,89,89,89,89,89,89,92,92,92,92,92,92,92,92,92,92,92,92,92,92,92,92,92,92,95,95,95,95,95,98,98,98,98,98,98,98,98,98,98,98,102,105,105,105,105,105,105,108,108,108],"relic_stats":{"Centennial Puzzle":[45],"Dream Catcher":0,"counters":[26,160],"Mummified Hand":[63],"Pantograph":100,"Prayer Wheel":4,"Juzu Bracelet":3,"obtain_stats":[{"Lantern":9,"SacredBark":17,"Vajra":11,"Oddly Smooth Stone":23,"Juzu Bracelet":6,"Omamori":46,"Frozen Egg 2":43,"Burning Blood":0,"Mercury Hourglass":30,"Bottled Flame":8,"Centennial Puzzle":27,"Dream Catcher":37,"Mummified Hand":29,"Pantograph":13,"Philosopher\u0027s Stone":34,"Prayer Wheel":40,"Bottled Lightning":54},{"Lantern":5,"SacredBark":7,"Vajra":5,"Oddly Smooth Stone":10,"Juzu Bracelet":4,"Omamori":21,"Frozen Egg 2":19,"Burning Blood":0,"Mercury Hourglass":12,"Bottled Flame":5,"Centennial Puzzle":11,"Dream Catcher":16,"Mummified Hand":12,"Pantograph":6,"Philosopher\u0027s Stone":14,"Prayer Wheel":18,"Bottled Lightning":25},{"Lantern":22,"SacredBark":41,"Vajra":22,"Oddly Smooth Stone":55,"Juzu Bracelet":12,"Omamori":121,"Frozen Egg 2":109,"Burning Blood":0,"Mercury Hourglass":68,"Bottled Flame":22,"Centennial Puzzle":63,"Dream Catcher":93,"Mummified Hand":68,"Pantograph":32,"Philosopher\u0027s Stone":84,"Prayer Wheel":105,"Bottled Lightning":151}],"Burning Blood":147,"Mercury Hourglass":[366]},"card_choices":[{"not_picked":["Sever Soul","Headbutt"],"picked":"Clash","floor":1},{"not_picked":["Intimidate","True Grit"],"picked":"Sword Boomerang","floor":2},{"not_picked":["Anger","Exhume","Iron Wave"],"picked":"SKIP","floor":5},{"not_picked":["True Grit","Anger"],"picked":"Flame Barrier","floor":6},{"not_picked":["Combust","Dual Wield"],"picked":"Berserk","floor":8},{"not_picked":["Bloodletting","Cleave"],"picked":"Headbutt","floor":13},{"not_picked":["Berserk","Offering"],"picked":"Corruption","floor":16},{"not_picked":["Second Wind","Hemokinesis"],"picked":"True Grit","floor":18},{"not_picked":["Iron Wave","Pummel","Anger+1"],"picked":"SKIP","floor":20},{"not_picked":["Sword Boomerang","Warcry","Pummel"],"picked":"SKIP","floor":23},{"not_picked":["True Grit","Exhume"],"picked":"Armaments","floor":27},{"not_picked":["Iron Wave","Perfected Strike"],"picked":"Spot Weakness","floor":29},{"not_picked":["Anger","Shrug It Off"],"picked":"Iron Wave+1","floor":31},{"not_picked":["Berserk","Double Tap"],"picked":"Barricade","floor":33},{"not_picked":["Iron Wave","Combust+1","Twin Strike"],"picked":"SKIP","floor":35},{"not_picked":["Wild Strike","Seeing Red"],"picked":"Inflame+1","floor":36},{"not_picked":["Pommel Strike","Shrug It Off+1"],"picked":"Flame Barrier+1","floor":39},{"not_picked":["Battle Trance+1","Shrug It Off+1"],"picked":"Dropkick+1","floor":40},{"not_picked":["Metallicize","Iron Wave+1"],"picked":"Shrug It Off+1","floor":42},{"not_picked":["Whirlwind","Pummel+1"],"picked":"Body Slam+1","floor":42},{"not_picked":["Intimidate","Rupture+1","Wild Strike"],"picked":"SKIP","floor":45},{"not_picked":["Havoc+1","Armaments","True Grit"],"picked":"SKIP","floor":45},{"not_picked":["Sword Boomerang","Immolate"],"picked":"Whirlwind","floor":46},{"not_picked":["Body Slam","Cleave"],"picked":"Shockwave+1","floor":47},{"not_picked":["Evolve+1","Perfected Strike"],"picked":"Pommel Strike","floor":47},{"not_picked":["True Grit","Armaments"],"picked":"Rampage+1","floor":48},{"not_picked":["Reckless Charge+1","Flex+1","Heavy Blade+1"],"picked":"SKIP","floor":48},{"not_picked":["Anger+1","True Grit"],"picked":"Flame Barrier+1","floor":54}],"player_experience":224487,"relics_obtained":[{"floor":6,"key":"Juzu Bracelet"},{"floor":8,"key":"Bottled Flame"},{"floor":9,"key":"Lantern"},{"floor":13,"key":"Pantograph"},{"floor":23,"key":"Oddly Smooth Stone"},{"floor":27,"key":"Centennial Puzzle"},{"floor":29,"key":"Mummified Hand"},{"floor":37,"key":"Dream Catcher"},{"floor":40,"key":"Prayer Wheel"},{"floor":43,"key":"Frozen Egg 2"},{"floor":46,"key":"Omamori"},{"floor":54,"key":"Bottled Lightning"}],"event_choices":[{"cards_removed":["Strike_R"],"damage_healed":0,"gold_gain":0,"player_choice":"Card Removal","damage_taken":0,"max_hp_gain":0,"max_hp_loss":0,"event_name":"The Cleric","floor":3,"gold_loss":50},{"damage_healed":0,"gold_gain":75,"player_choice":"Gather Gold","damage_taken":11,"max_hp_gain":0,"max_hp_loss":0,"event_name":"World of Goop","floor":4,"gold_loss":0},{"damage_healed":0,"gold_gain":0,"player_choice":"Ignored","damage_taken":0,"max_hp_gain":0,"max_hp_loss":0,"event_name":"Liars Game","floor":12,"gold_loss":0},{"damage_healed":0,"gold_gain":0,"cards_transformed":["Strike_R"],"player_choice":"Change","damage_taken":0,"max_hp_gain":0,"max_hp_loss":0,"event_name":"Living Wall","floor":14,"gold_loss":0,"cards_obtained":["Juggernaut"]},{"damage_healed":0,"gold_gain":100,"player_choice":"Pray","damage_taken":0,"max_hp_gain":0,"max_hp_loss":0,"event_name":"Golden Shrine","floor":19,"gold_loss":0},{"damage_healed":0,"gold_gain":0,"player_choice":"Read","damage_taken":0,"max_hp_gain":0,"max_hp_loss":0,"event_name":"The Library","floor":21,"gold_loss":0,"cards_obtained":["Shrug It Off"]},{"cards_removed":["Strike_R"],"damage_healed":0,"gold_gain":0,"player_choice":"Upgrade and Remove","damage_taken":0,"max_hp_gain":0,"max_hp_loss":0,"event_name":"Designer","floor":22,"gold_loss":90,"cards_upgraded":["Corruption"]},{"damage_healed":0,"gold_gain":0,"player_choice":"Obtained Relic","damage_taken":0,"relics_obtained":["Mercury Hourglass"],"max_hp_gain":0,"max_hp_loss":0,"event_name":"Addict","floor":30,"gold_loss":85},{"damage_healed":0,"gold_gain":0,"player_choice":"Relic","damage_taken":0,"max_hp_gain":0,"max_hp_loss":0,"event_name":"Wheel of Change","floor":37,"gold_loss":0},{"damage_healed":0,"gold_gain":0,"player_choice":"Ignored","damage_taken":0,"max_hp_gain":0,"max_hp_loss":0,"event_name":"Tomb of Lord Red Mask","floor":38,"gold_loss":0},{"damage_healed":0,"gold_gain":0,"player_choice":"Upgraded","damage_taken":0,"max_hp_gain":0,"max_hp_loss":0,"event_name":"Upgrade Shrine","floor":44,"gold_loss":0,"cards_upgraded":["Barricade"]}],"is_beta":false,"boss_relics":[{"not_picked":["Busted Crown","Calling Bell"],"picked":"SacredBark"},{"not_picked":["Fusion Hammer","Runic Dome"],"picked":"Philosopher\u0027s Stone"}],"items_purged_floors":[25],"is_endless":false,"potions_floor_spawned":[1,5,8,20,23,29,31,36,40,46],"killed_by":"The Heart","ascension_level":1}}