{"host":"zw3x6hwkln2702ol","time":1611306826,"event":{"mods":["AchievementEnabler","BaseMod","Card Forge","Colored Map","Minty Spire (QoL Compilation)","StSLib","TestMod"],"gold_per_floor":[116,116,130,80,80,113,113,113,113,113,148,148,148,161,161,256,256,269,269,7,25,45,45,63,63,110,138,158,193,205,125,125,222,222,238,288,288,288,288,288,319,339,339,223,258,258,295,324,336,348,360,372,137,163,163],"floor_reached":56,"language":"ZHS","playtime":6035,"items_purged":["Strike_P","Strike_P","Consecrate+1"],"score":2096,"play_id":"ef4a5025-8695-4706-bf8f-def780e1dc52","local_time":"20210122171346","is_ascension_mode":true,"campfire_choices":[{"data":"PathToVictory","floor":8.0,"key":"SMITH"},{"data":"Eruption","floor":10.0,"key":"SMITH"},{"data":"Halt","floor":12.0,"key":"SMITH"},{"floor":15.0,"key":"RECALL"},{"data":"Consecrate","floor":23.0,"key":"SMITH"},{"data":"Vigilance","floor":25.0,"key":"SMITH"},{"data":"Defend_P","floor":32.0,"key":"SMITH"},{"floor":40.0,"key":"DIG"},{"floor":46.0,"key":"DIG"},{"floor":49.0,"key":"DIG"},{"floor":52.0,"key":"DIG"}],"circlet_count":0,"master_deck":["AscendersBane","Defend_P+1","Defend_P+1","Eruption+1","Vigilance+1","EmptyMind+1","PathToVictory+1","Halt+1","Omniscience+1","Evaluate+1","Sanctity+1","Crescendo+1","InnerPeace+1","Meditate+1","InnerPeace+1","Establishment","PathToVictory+1","testmod-TradeIn+1","Madness+1","Madness+1","Vengeance+1","Sanctity+1","testmod-ChaoticCore","Adaptation"],"relics":["PureWater","Hammer of Thor","Seething Fire","Anvil of the Gods","testmod-TestBox","testmod-CrystalShield","testmod-AssaultLearning","The Courier","Potion Belt","testmod-SaigiyounoYou","Toxic Egg 2","Dream Catcher","Sozu","Shovel","Bottled Flame","testmod-Justice","Singing Bowl","Lantern","Kunai","MawBank","Orichalcum","Boot","White Beast Statue","Pen Nib"],"acts_visited":["Exordium","TheCity","TheBeyond","TheEnding"],"potions_floor_usage":[54,55,55],"damage_taken":[{"damage":2.0,"enemies":"Jaw Worm","floor":1.0,"turns":3.0},{"damage":5.0,"enemies":"Small Slimes","floor":3.0,"turns":3.0},{"damage":0.0,"enemies":"Lagavulin","floor":6.0,"turns":7.0},{"damage":2.0,"enemies":"3 Sentries","floor":11.0,"turns":7.0},{"damage":0.0,"enemies":"Cultist","floor":14.0,"turns":3.0},{"damage":0.0,"enemies":"Hexaghost","floor":16.0,"turns":10.0},{"damage":3.0,"enemies":"Spheric Guardian","floor":18.0,"turns":6.0},{"damage":1.0,"enemies":"Chosen","floor":21.0,"turns":4.0},{"damage":0.0,"enemies":"Snecko","floor":22.0,"turns":4.0},{"damage":4.0,"enemies":"Cultist and Chosen","floor":24.0,"turns":6.0},{"damage":19.0,"enemies":"Slavers","floor":27.0,"turns":3.0},{"damage":0.0,"enemies":"3 Cultists","floor":28.0,"turns":4.0},{"damage":6.0,"enemies":"Book of Stabbing","floor":29.0,"turns":6.0},{"damage":0.0,"enemies":"Snake Plant","floor":30.0,"turns":4.0},{"damage":0.0,"enemies":"Automaton","floor":33.0,"turns":13.0},{"damage":0.0,"enemies":"Orb Walker","floor":35.0,"turns":4.0},{"damage":11.0,"enemies":"Mind Bloom Boss Battle","floor":36.0,"turns":6.0},{"damage":0.0,"enemies":"Giant Head","floor":41.0,"turns":5.0},{"damage":4.0,"enemies":"3 Darklings","floor":42.0,"turns":4.0},{"damage":5.0,"enemies":"Reptomancer","floor":45.0,"turns":4.0},{"damage":13.0,"enemies":"Giant Head","floor":47.0,"turns":6.0},{"damage":0.0,"enemies":"Writhing Mass","floor":48.0,"turns":4.0},{"damage":55.0,"enemies":"Donu and Deca","floor":50.0,"turns":7.0},{"damage":15,"enemies":"Shield and Spear","floor":54,"turns":6},{"damage":37,"enemies":"The Heart","floor":55,"turns":8}],"seed_played":"8938791320386844754","potions_obtained":[{"floor":6.0,"key":"Fire Potion"},{"floor":11.0,"key":"SteroidPotion"},{"floor":16.0,"key":"AttackPotion"},{"floor":21.0,"key":"ColorlessPotion"},{"floor":24.0,"key":"Dexterity Potion"},{"floor":28.0,"key":"AttackPotion"},{"floor":29.0,"key":"SkillPotion"},{"floor":33.0,"key":"BlessingOfTheForge"}],"is_trial":false,"path_per_floor":["M","?","M","?","?","E","?","R","T","R","E","R","?","M","R","B",null,"M","?","$","M","M","R","M","R","T","E","M","E","M","$","R","B",null,"M","?","?","?","?","R","E","M","T","$","E","R","E","M","R","B",null,"R","$","E","B",null],"character_chosen":"WATCHER","items_purchased":["Toxic Egg 2","Lantern","testmod-ChaoticCore"],"campfire_rested":0,"item_purchase_floors":[20,44,53],"current_hp_per_floor":[63,49,44,44,37,37,37,37,37,37,35,35,35,35,35,35,63,63,63,63,67,72,72,72,72,72,59,69,72,72,72,72,72,72,72,68,68,59,59,59,69,71,71,71,74,74,66,70,70,25,62,62,62,49,25],"gold":163,"neow_bonus":"THREE_CARDS","is_daily":false,"chose_seed":false,"campfire_upgraded":6,"win_rate":0.0,"timestamp":1611306826,"path_taken":["M","?","M","?","?","E","?","R","T","R","E","R","?","M","R","BOSS","M","?","$","M","M","R","M","R","T","E","M","E","M","$","R","BOSS","M","?","?","?","?","R","E","?","T","$","E","R","E","M","R","BOSS","R","$","E","BOSS"],"items_purchased_type":["Relic","Relic","Card"],"build_version":"2020-12-22","purchased_purges":3,"victory":true,"max_hp_per_floor":[72,72,72,72,72,72,72,72,72,72,72,72,72,72,72,72,72,72,72,72,72,72,72,72,72,72,72,72,72,72,72,72,72,72,72,72,72,72,72,72,72,72,72,72,74,74,74,74,74,74,74,74,74,74,74],"card_choices":[{"not_picked":["Protect","FlyingSleeves"],"picked":"EmptyMind","floor":0.0},{"not_picked":["Worship","Consecrate"],"picked":"PathToVictory","floor":1.0},{"not_picked":["FlyingSleeves","EmptyBody"],"picked":"Halt","floor":3.0},{"not_picked":["Halt","Conclude"],"picked":"Consecrate","floor":6.0},{"not_picked":["ThirdEye","ReachHeaven","WaveOfTheHand"],"picked":"SKIP","floor":11.0},{"not_picked":["Worship","FollowUp","SashWhip"],"picked":"SKIP","floor":14.0},{"not_picked":["Judgement","SpiritShield"],"picked":"Omniscience","floor":16.0},{"not_picked":["ReachHeaven","WheelKick","Prostrate"],"picked":"SKIP","floor":18.0},{"not_picked":["CrushJoints","Protect+1"],"picked":"Evaluate+1","floor":21.0},{"not_picked":["JustLucky","CutThroughFate"],"picked":"Sanctity+1","floor":22.0},{"not_picked":["JustLucky","ReachHeaven+1"],"picked":"Crescendo+1","floor":24.0},{"not_picked":["Adaptation","Establishment"],"picked":"InnerPeace+1","floor":27.0},{"not_picked":["BowlingBash","ThirdEye+1","FollowUp+1"],"picked":"SKIP","floor":28.0},{"not_picked":["SashWhip","Sanctity+1"],"picked":"Meditate+1","floor":29.0},{"not_picked":["Study","CutThroughFate+1"],"picked":"InnerPeace+1","floor":30.0},{"not_picked":["Judgement+1","ConjureBlade+1"],"picked":"Establishment","floor":33.0},{"not_picked":["FlyingSleeves+1","FollowUp"],"picked":"PathToVictory+1","floor":35.0},{"not_picked":["Forethought+1","Bandage Up+1"],"picked":"testmod-TradeIn+1","floor":37.0},{"not_picked":["Consecrate","Halt+1","Evaluate+1"],"picked":"SKIP","floor":41.0},{"not_picked":["SandsOfTime","Prostrate+1","PathToVictory+1"],"picked":"SKIP","floor":42.0},{"not_picked":["BowlingBash+1","FlyingSleeves","Nirvana"],"picked":"Singing Bowl","floor":45.0},{"not_picked":["SignatureMove+1","Vault+1"],"picked":"Vengeance+1","floor":47.0},{"not_picked":["Meditate+1","Wallop"],"picked":"Sanctity+1","floor":48.0},{"not_picked":["Establishment","FlyingSleeves"],"picked":"Adaptation","floor":54}],"player_experience":334633,"relics_obtained":[{"floor":6.0,"key":"testmod-AssaultLearning"},{"floor":9.0,"key":"The Courier"},{"floor":11.0,"key":"Potion Belt"},{"floor":27.0,"key":"Dream Catcher"},{"floor":36.0,"key":"Shovel"},{"floor":40.0,"key":"Bottled Flame"},{"floor":41.0,"key":"testmod-Justice"},{"floor":43.0,"key":"Singing Bowl"},{"floor":45.0,"key":"Kunai"},{"floor":46.0,"key":"MawBank"},{"floor":47.0,"key":"Orichalcum"},{"floor":49.0,"key":"Boot"},{"floor":52.0,"key":"White Beast Statue"},{"floor":54,"key":"Pen Nib"}],"event_choices":[{"damage_healed":0.0,"max_hp_gain":0.0,"max_hp_loss":0.0,"gold_gain":0.0,"event_name":"Shining Light","player_choice":"Entered Light","floor":2.0,"gold_loss":0.0,"damage_taken":14.0,"cards_upgraded":["Defend_P","EmptyMind"]},{"cards_removed":["Strike_P"],"damage_healed":0.0,"max_hp_gain":0.0,"max_hp_loss":0.0,"gold_gain":0.0,"event_name":"The Cleric","player_choice":"Card Removal","floor":4.0,"gold_loss":50.0,"damage_taken":0.0},{"cards_removed":["Defend_P"],"damage_healed":0.0,"max_hp_gain":0.0,"max_hp_loss":0.0,"gold_gain":0.0,"event_name":"Golden Wing","player_choice":"Card Removal","floor":5.0,"gold_loss":0.0,"damage_taken":7.0},{"damage_healed":0.0,"max_hp_gain":0.0,"max_hp_loss":0.0,"gold_gain":0.0,"event_name":"给自己的盒子","player_choice":"Ignored","floor":7.0,"gold_loss":0.0,"damage_taken":0.0},{"cards_removed":["Strike_P"],"damage_healed":0.0,"max_hp_gain":0.0,"max_hp_loss":0.0,"gold_gain":0.0,"event_name":"Bonfire Elementals","player_choice":"Offered Basic","floor":13.0,"gold_loss":0.0,"damage_taken":0.0},{"damage_healed":0.0,"max_hp_gain":0.0,"max_hp_loss":0.0,"gold_gain":0.0,"event_name":"Upgrade Shrine","player_choice":"Upgraded","floor":19.0,"gold_loss":0.0,"damage_taken":0.0,"cards_upgraded":["Omniscience"]},{"damage_healed":0.0,"max_hp_gain":0.0,"max_hp_loss":0.0,"gold_gain":0.0,"event_name":"MindBloom","player_choice":"Fight","floor":36.0,"gold_loss":0.0,"damage_taken":0.0},{"damage_healed":0.0,"max_hp_gain":0.0,"max_hp_loss":0.0,"gold_gain":0.0,"event_name":"SensoryStone","player_choice":"Memory 1","floor":37.0,"gold_loss":0.0,"damage_taken":0.0},{"damage_healed":0.0,"max_hp_gain":0.0,"max_hp_loss":0.0,"gold_gain":0.0,"event_name":"Winding Halls","player_choice":"Embrace Madness","floor":38.0,"gold_loss":0.0,"damage_taken":9.0,"cards_obtained":["Madness","Madness"]},{"cards_removed":["Defend_P"],"damage_healed":0.0,"max_hp_gain":0.0,"max_hp_loss":0.0,"gold_gain":0.0,"event_name":"Purifier","player_choice":"Purged","floor":39.0,"gold_loss":0.0,"damage_taken":0.0}],"is_beta":false,"boss_relics":[{"not_picked":["testmod-HarvestTotem","Fusion Hammer"],"picked":"testmod-SaigiyounoYou"},{"not_picked":["testmod-KeyOfTheVoid","testmod-Prudence"],"picked":"Sozu"}],"items_purged_floors":[20,31,53],"is_endless":false,"potions_floor_spawned":[6,11,16,21,24,28,29,33,42,45,54],"ascension_level":12}}