{"host":"6jrd8fn9k88n08be","time":1611277151,"event":{"mods":["BaseMod","Minty Spire (QoL Compilation)","StSLib"],"gold_per_floor":[116,116,81,100,120,120,32,32,106,106,116,128,159,16,16,16,16],"floor_reached":16,"language":"ENG","playtime":557,"items_purged":[],"score":115,"play_id":"700de06f-b3e5-4c2a-92c2-7e4e3016d7bf","local_time":"20210121195911","is_ascension_mode":true,"campfire_choices":[{"data":"Blizzard","floor":6,"key":"SMITH"},{"data":"White Noise","floor":10,"key":"SMITH"},{"data":"Chaos","floor":15,"key":"SMITH"}],"circlet_count":0,"master_deck":["Strike_B","Strike_B","Strike_B","Defend_B","Defend_B","Defend_B","Defend_B","Zap","Dualcast","White Noise+1","Biased Cognition","Blizzard+1","Finesse","Redo","Self Repair","Streamline","Chaos+1","Blizzard"],"relics":["Cracked Core","NeowsBlessing","White Beast Statue","Calipers"],"acts_visited":["Exordium"],"potions_floor_usage":[12,12,13],"damage_taken":[{"damage":0,"enemies":"2 Louse","floor":1,"turns":1},{"damage":0,"enemies":"Small Slimes","floor":4,"turns":1},{"damage":0,"enemies":"Jaw Worm","floor":5,"turns":1},{"damage":11,"enemies":"Looter","floor":11,"turns":3},{"damage":0,"enemies":"Exordium Thugs","floor":12,"turns":3},{"damage":14,"enemies":"Gremlin Nob","floor":13,"turns":3},{"damage":59,"enemies":"Hexaghost","floor":16,"turns":11}],"seed_played":"-1850118279251043818","potions_obtained":[{"floor":4,"key":"PowerPotion"},{"floor":5,"key":"SpeedPotion"},{"floor":11,"key":"ColorlessPotion"},{"floor":12,"key":"ColorlessPotion"},{"floor":13,"key":"SmokeBomb"}],"is_trial":false,"path_per_floor":["M","?","?","M","M","R","$","?","T","R","M","M","E","$","R","B"],"character_chosen":"DEFECT","items_purchased":["Finesse","Chaos","Blizzard"],"campfire_rested":0,"item_purchase_floors":[7,14,14],"current_hp_per_floor":[75,63,75,75,75,75,75,75,75,75,64,64,57,57,57,0,0],"gold":16,"neow_bonus":"THREE_ENEMY_KILL","is_daily":false,"chose_seed":false,"campfire_upgraded":3,"win_rate":0.0,"timestamp":1611277151,"path_taken":["M","?","?","M","M","R","?","?","T","R","M","M","E","$","R","BOSS"],"items_purchased_type":["Card","Card","Card"],"build_version":"2020-12-22","purchased_purges":0,"victory":false,"max_hp_per_floor":[75,75,75,75,75,75,75,75,75,75,75,75,75,75,75,75,75],"card_choices":[{"not_picked":["Rebound","Steam"],"picked":"White Noise","floor":1},{"not_picked":["Hologram","Stack"],"picked":"Biased Cognition","floor":4},{"not_picked":["Steam","Chill"],"picked":"Blizzard","floor":5},{"not_picked":["Streamline","Rebound"],"picked":"Redo","floor":11},{"not_picked":["Streamline","Ball Lightning"],"picked":"Self Repair","floor":12},{"not_picked":["Recycle","Beam Cell"],"picked":"Streamline","floor":13}],"player_experience":115664,"relics_obtained":[{"floor":13,"key":"Calipers"}],"event_choices":[{"damage_healed":0,"gold_gain":0,"player_choice":"Success","damage_taken":12,"relics_obtained":["White Beast Statue"],"max_hp_gain":0,"max_hp_loss":0,"event_name":"Scrap Ooze","floor":2,"gold_loss":0},{"damage_healed":18,"gold_gain":0,"player_choice":"Healed","damage_taken":0,"max_hp_gain":0,"max_hp_loss":0,"event_name":"The Cleric","floor":3,"gold_loss":35},{"cards_removed":["Strike_B"],"damage_healed":0,"gold_gain":0,"player_choice":"Purged","damage_taken":0,"max_hp_gain":0,"max_hp_loss":0,"event_name":"Purifier","floor":8,"gold_loss":0}],"is_beta":false,"boss_relics":[],"items_purged_floors":[],"is_endless":false,"potions_floor_spawned":[4,5,11,12,13],"killed_by":"Hexaghost","ascension_level":3}}