{"host":"drk0p5jtlzl1xmwe","time":1611326279,"event":{"mods":["2.2 Compatiblity","AchievementEnabler","Act Like it!","Bard","BaseMod","Better Note","Better Vampires","Ekko","Friendly Minions","Hermit","Hubris","Infinite Spire","Luminous","Marisa????????","Minty Spire (QoL Compilation)","Rare Cards Sparkle","Relic Stats","Replay The Spire","Shade Mod","StSLib","The Animator","The Bug Knight","The Cursed","The Disciple","The Gatherer","The Servant 0.9.4","The Spell Scribe"],"gold_per_floor":[112,112,124,74,74,99,48,48,99,110,122,148,148,161,161,261,261,271,271,283,283,299,299,326,152,152,169,195,195,228,243,243,243,243],"floor_reached":33,"language":"ENG","playtime":1849,"items_purged":[],"score":403,"play_id":"1329e865-1911-4950-886a-8d5d687c25ac","local_time":"20210122143759","is_ascension_mode":true,"campfire_choices":[{"floor":8,"key":"REST"},{"floor":13,"key":"REST"},{"floor":15,"key":"REST"},{"floor":23,"key":"REST"},{"floor":32,"key":"REST"}],"circlet_count":0,"master_deck":["hermit:Reprieve+1","hermit:Defend_Hermit","hermit:Defend_Hermit+1","hermit:Defend_Hermit","hermit:Snapshot+1","hermit:Covet","hermit:Dive","infinitespire:SevenWalls","ClearTheMind","hermit:Headshot","hermit:Dive","hermit:RoundhouseKick","Bite","Bite","Bite","Bite","hubris:Despair","hubris:Envy","ReplayTheSpireMod:Chaos Vortex"],"relics":["Replay:M_StaffOfTheSnake","Membership Card","Pantograph","hubris:KleinBottle","infinitespire:Cubic Diamond","War Paint","Akabeko","SlaversCollar","Nloth\u0027s Gift","Replay:Wax Seal","hubris:Reverence","Art of War","Pondfish Scales","Juzu Bracelet"],"acts_visited":["Exordium","TheCity"],"potions_floor_usage":[6,7,11,24,24,28,30,30],"damage_taken":[{"damage":6,"enemies":"Cultist","floor":1,"turns":3},{"damage":0,"enemies":"2 Louse","floor":3,"turns":2},{"damage":24,"enemies":"Lagavulin","floor":6,"turns":6},{"damage":7,"enemies":"Jaw Worm","floor":10,"turns":3},{"damage":3,"enemies":"Looter","floor":11,"turns":2},{"damage":14,"enemies":"3 Sentries","floor":12,"turns":8},{"damage":1,"enemies":"Lots of Slimes","floor":14,"turns":4},{"damage":54,"enemies":"Hexaghost","floor":16,"turns":12},{"damage":0,"enemies":"2 Thieves","floor":18,"turns":5},{"damage":7,"enemies":"Shell Parasite","floor":20,"turns":8},{"damage":52,"enemies":"Shelled Parasite and Fungi","floor":22,"turns":6},{"damage":11,"enemies":"Replay:Snechameleon","floor":24,"turns":5},{"damage":26,"enemies":"Cultist and Chosen","floor":27,"turns":8},{"damage":8,"enemies":"Gremlin Leader","floor":28,"turns":6},{"damage":3,"enemies":"Replay:Snechameleon","floor":30,"turns":7},{"damage":29,"enemies":"Snecko","floor":31,"turns":6},{"damage":125,"enemies":"hubris:MusketHawk","floor":33,"turns":24}],"seed_played":"-1033977860983594720","potions_obtained":[{"floor":3,"key":"PowerPotion"},{"floor":6,"key":"ColorlessPotion"},{"floor":11,"key":"SmokeBomb"},{"floor":16,"key":"Strength Potion"},{"floor":22,"key":"LifebloodPotion"},{"floor":24,"key":"SteroidPotion"},{"floor":28,"key":"Block Potion"}],"is_trial":false,"path_per_floor":["M","$","M","?","?","E","$","R","T","M","M","E","R","M","R","B",null,"M","?","M","?","M","R","E","$","T","M","E","?","E","M","R","B"],"character_chosen":"HERMIT","items_purchased":["Membership Card","Pantograph","hubris:KleinBottle","Fruit Juice","hubris:Reverence","Flashbang"],"campfire_rested":5,"item_purchase_floors":[2,2,2,7,25,25],"current_hp_per_floor":[73,28,28,28,28,4,9,33,33,26,23,9,33,32,56,26,80,80,80,73,60,21,39,40,40,40,36,48,48,60,32,50,0,0],"gold":243,"neow_bonus":"UPGRADE_CARD","is_daily":false,"chose_seed":false,"campfire_upgraded":0,"win_rate":0.0,"timestamp":1611326279,"path_taken":["M","?","M","?","?","E","$","R","T","M","?","E","R","M","R","BOSS","M","?","?","?","M","R","E","$","T","M","E","?","E","M","R","BOSS"],"items_purchased_type":["Relic","Relic","Relic","Potion","Relic","Potion"],"build_version":"2020-12-22","purchased_purges":0,"victory":false,"max_hp_per_floor":[75,75,75,75,75,75,80,80,80,80,80,80,80,80,80,80,80,80,80,80,60,60,60,60,60,60,60,60,60,60,60,60,60,60],"relic_stats":{"counters":[17,115],"Pantograph":34,"Nloth\u0027s Gift":1,"Art of War":[2],"Juzu Bracelet":0,"War Paint":["hermit:Defend_Hermit","hermit:Reprieve"],"obtain_stats":[{"hubris:KleinBottle":2,"Replay:M_StaffOfTheSnake":5,"infinitespire:Cubic Diamond":5,"hubris:SlimyHat":9,"Juzu Bracelet":30,"War Paint":6,"Akabeko":12,"SlaversCollar":17,"Pondfish Scales":28,"Pantograph":2,"Nloth\u0027s Gift":19,"Art of War":26,"Membership Card":2,"Replay:Wax Seal":24,"hermit:Momento":0,"hubris:Reverence":25},{"hubris:KleinBottle":1,"Replay:M_StaffOfTheSnake":2,"infinitespire:Cubic Diamond":2,"hubris:SlimyHat":3,"Juzu Bracelet":15,"War Paint":3,"Akabeko":6,"SlaversCollar":8,"Pondfish Scales":14,"Pantograph":1,"Nloth\u0027s Gift":9,"Art of War":12,"Membership Card":1,"Replay:Wax Seal":12,"hermit:Momento":0,"hubris:Reverence":12},{"hubris:KleinBottle":3,"Replay:M_StaffOfTheSnake":5,"infinitespire:Cubic Diamond":5,"hubris:SlimyHat":11,"Juzu Bracelet":85,"War Paint":11,"Akabeko":24,"SlaversCollar":40,"Pondfish Scales":78,"Pantograph":3,"Nloth\u0027s Gift":45,"Art of War":64,"Membership Card":3,"Replay:Wax Seal":64,"hermit:Momento":0,"hubris:Reverence":64}]},"card_choices":[{"not_picked":["hermit:GoldenBullet","hermit:HoleUp"],"picked":"hermit:Dive","floor":1},{"not_picked":["ReplayTheSpireMod:Haul","infinitespire:TheBestDefense"],"picked":"infinitespire:SevenWalls","floor":2},{"not_picked":["hermit:Desperado","hermit:HighCaliber","hermit:ShadowCloak"],"picked":"SKIP","floor":3},{"not_picked":["Crescendo","Glass Knife"],"picked":"ClearTheMind","floor":6},{"not_picked":["hermit:Glare","hermit:ItchyTrigger"],"picked":"hermit:Headshot","floor":10},{"not_picked":["Nirvana","hermit:Quickdraw"],"picked":"hermit:Dive","floor":11},{"not_picked":["hermit:TakeCover","hermit:SprayPray","JustLucky"],"picked":"SKIP","floor":12},{"not_picked":["WaveOfTheHand","hermit:LowProfile","Flying Knee"],"picked":"SKIP","floor":14},{"not_picked":["hermit:Magnum","hermit:DeadOrAlive"],"picked":"hermit:RoundhouseKick","floor":16},{"not_picked":["hermit:Coalescence","hermit:SprayPray+1","hermit:Feint"],"picked":"SKIP","floor":18},{"not_picked":["hermit:Manifest","hermit:Vantage+1","hermit:LoneWolf"],"picked":"SKIP","floor":20},{"not_picked":["hermit:Cheat","hermit:Manifest","hermit:SprayPray"],"picked":"SKIP","floor":22},{"not_picked":["hermit:Snipe","hermit:NoHoldsBarred","hermit:Malice"],"picked":"SKIP","floor":24},{"not_picked":["hermit:Feint","hermit:CalledShot","hermit:DeadMansHand"],"picked":"SKIP","floor":27},{"not_picked":["hermit:SprayPray","hermit:HighCaliber","hermit:Vantage+1"],"picked":"SKIP","floor":28},{"not_picked":["Replay:Fractal Strike","infinitespire:Menacing"],"picked":"ReplayTheSpireMod:Chaos Vortex","floor":29},{"not_picked":["hermit:GoldenBullet","hermit:Reprieve","hermit:HighNoon"],"picked":"SKIP","floor":30},{"not_picked":["hermit:BodyArmor+1","hermit:Snipe+1","hermit:Horror+1"],"picked":"SKIP","floor":31}],"player_experience":691206,"relics_obtained":[{"floor":6,"key":"War Paint"},{"floor":9,"key":"hubris:SlimyHat"},{"floor":12,"key":"Akabeko"},{"floor":24,"key":"Replay:Wax Seal"},{"floor":26,"key":"Art of War"},{"floor":28,"key":"Pondfish Scales"},{"floor":30,"key":"Juzu Bracelet"}],"event_choices":[{"cards_removed":["hermit:Defend_Hermit"],"damage_healed":0,"gold_gain":0,"player_choice":"Card Removal","damage_taken":0,"max_hp_gain":0,"max_hp_loss":0,"event_name":"The Cleric","floor":4,"gold_loss":50},{"damage_healed":0,"gold_gain":0,"player_choice":"Traded Relic","damage_taken":0,"relics_obtained":["Nloth\u0027s Gift"],"max_hp_gain":0,"max_hp_loss":0,"event_name":"N\u0027loth","floor":19,"relics_lost":["hubris:SlimyHat"],"gold_loss":0},{"damage_healed":0,"gold_gain":0,"player_choice":"Became a vampire","damage_taken":0,"max_hp_gain":0,"max_hp_loss":20,"event_name":"Vampires","floor":21,"gold_loss":0,"cards_obtained":["Bite","Bite","Bite","Bite"]}],"is_beta":false,"boss_relics":[{"not_picked":["SacredBark","hubris:CrackedHourglass"],"picked":"SlaversCollar"}],"items_purged_floors":[],"is_endless":false,"potions_floor_spawned":[3,6,11,16,22,24,28],"killed_by":"hubris:MusketHawk","ascension_level":4}}