{"host":"5fpb1gzflhq9886n","time":1611296209,"event":{"mods":["AchievementEnabler","BaseMod","Colored Map","Colored Powertips","Minty Spire (QoL Compilation)","Permanent Neow"],"gold_per_floor":[129,141,153,165,197,209,256,268,280,323,396,408,459,492,504,516,516],"floor_reached":16,"language":"ENG","playtime":772,"items_purged":[],"score":139,"play_id":"56f6851b-459d-49bb-bede-a9fa499c342d","local_time":"20210122011649","is_ascension_mode":true,"campfire_choices":[{"data":"Poisoned Stab","floor":6,"key":"SMITH"},{"floor":8,"key":"REST"},{"data":"Footwork","floor":15,"key":"SMITH"}],"circlet_count":0,"master_deck":["Strike_G","Strike_G","Strike_G","Strike_G","Strike_G","Defend_G+1","Defend_G","Defend_G","Defend_G","Defend_G+1","Survivor","Neutralize","Caltrops","Poisoned Stab+1","Backstab","Footwork+1","Dagger Spray","Skewer"],"relics":["Ring of the Snake","MawBank","Blood Vial","Meat on the Bone","Art of War","Golden Idol","PreservedInsect"],"acts_visited":["Exordium"],"potions_floor_usage":[10,16],"damage_taken":[{"damage":0,"enemies":"Small Slimes","floor":1,"turns":3},{"damage":0,"enemies":"2 Louse","floor":5,"turns":3},{"damage":28,"enemies":"3 Sentries","floor":7,"turns":8},{"damage":3,"enemies":"Gremlin Nob","floor":10,"turns":4},{"damage":13,"enemies":"3 Sentries","floor":13,"turns":9},{"damage":1,"enemies":"Jaw Worm","floor":14,"turns":2},{"damage":46,"enemies":"Slime Boss","floor":16,"turns":11}],"seed_played":"941639820746945974","potions_obtained":[{"floor":5,"key":"SneckoOil"},{"floor":7,"key":"ColorlessPotion"}],"is_trial":false,"path_per_floor":["M","?","?","?","M","R","E","R","T","E","?","?","E","M","R","B"],"character_chosen":"THE_SILENT","items_purchased":[],"campfire_rested":1,"item_purchase_floors":[],"current_hp_per_floor":[70,56,56,61,61,61,33,55,55,54,54,54,43,44,44,0,0],"gold":516,"neow_bonus":"RANDOM_COMMON_RELIC","is_daily":false,"chose_seed":false,"campfire_upgraded":2,"win_rate":0.0,"timestamp":1611296209,"path_taken":["M","?","?","?","M","R","E","R","T","E","?","?","E","M","R","BOSS"],"items_purchased_type":[],"build_version":"2020-12-22","purchased_purges":0,"victory":false,"max_hp_per_floor":[70,70,70,75,75,75,75,75,75,75,75,69,69,69,69,69,69],"card_choices":[{"not_picked":["Underhanded Strike","Blade Dance"],"picked":"Caltrops","floor":1},{"not_picked":["Blade Dance","Endless Agony"],"picked":"Poisoned Stab","floor":5},{"not_picked":["Bane","Deadly Poison"],"picked":"Backstab","floor":7},{"not_picked":["Dagger Throw","Bouncing Flask"],"picked":"Footwork","floor":10},{"not_picked":["Underhanded Strike","Sucker Punch"],"picked":"Dagger Spray","floor":13},{"not_picked":["Tactician","Crippling Poison"],"picked":"Skewer","floor":14}],"player_experience":736171,"relics_obtained":[{"floor":7,"key":"Blood Vial"},{"floor":9,"key":"Meat on the Bone"},{"floor":10,"key":"Art of War"},{"floor":13,"key":"PreservedInsect"}],"event_choices":[{"damage_healed":0,"gold_gain":0,"player_choice":"Entered Light","damage_taken":14,"max_hp_gain":0,"max_hp_loss":0,"event_name":"Shining Light","floor":2,"gold_loss":0,"cards_upgraded":["Defend_G","Defend_G"]},{"damage_healed":0,"gold_gain":0,"player_choice":"Ignored","damage_taken":0,"max_hp_gain":0,"max_hp_loss":0,"event_name":"Liars Game","floor":3,"gold_loss":0},{"damage_healed":0,"gold_gain":0,"player_choice":"Donut","damage_taken":0,"max_hp_gain":5,"max_hp_loss":0,"event_name":"Big Fish","floor":4,"gold_loss":0},{"damage_healed":0,"gold_gain":61,"player_choice":"Gained Gold","damage_taken":0,"max_hp_gain":0,"max_hp_loss":0,"event_name":"Golden Wing","floor":11,"gold_loss":0},{"damage_healed":0,"gold_gain":0,"player_choice":"Lose Max HP","damage_taken":0,"relics_obtained":["Golden Idol"],"max_hp_gain":0,"max_hp_loss":6,"event_name":"Golden Idol","floor":12,"gold_loss":0}],"is_beta":false,"boss_relics":[],"items_purged_floors":[],"is_endless":false,"potions_floor_spawned":[5,7],"killed_by":"Slime Boss","ascension_level":4}}