{"host":"0iuhrgzkozzv273x","time":1611290252,"event":{"mods":["2.2 Compatiblity","Astrologer","BaseMod","ChefMod","Colored Map","Curses Come First","Downfall","Hermit","Jorbs\u0027s Wanderer Trilogy","Key Reminder","Minty Spire (QoL Compilation)","Robot Space Explorer","Shade Mod","Spire Arcade","StSLib","The Construct","The Cursed","The Disciple","The Hayseed","The Runesmith","The Showman","TheFirefly","Unceasing Turn Reminder","Wandering Minibosses","thorton"],"gold_per_floor":[0,18,35,485,501,528,551,451,466,500,500,675,475,486,497,596,596,596,606,606,606,619,645,645,660,660,510,521,537,537,565,577,577,577,577],"floor_reached":33,"language":"ENG","playtime":3876,"items_purged":[],"score":364,"play_id":"7a4ef9ee-c9aa-4d68-ac34-98a39a1b071e","local_time":"20210121233732","is_ascension_mode":true,"campfire_choices":[{"data":"bronze:Goto","floor":1.0,"key":"SMITH"},{"floor":8.0,"key":"RECALL"},{"floor":13.0,"key":"REST"},{"data":"bronze:Mutator","floor":18.0,"key":"SMITH"},{"floor":26,"key":"REST"},{"data":"bronze:InfiniteBeams","floor":30,"key":"SMITH"}],"circlet_count":0,"master_deck":["bronze:Strike","bronze:Strike","bronze:Defend","bronze:Defend","bronze:Defend","bronze:Defend","bronze:Replicate","bronze:Goto+1","bronze:BugBarrage","bronze:InfiniteBeams+1","bronze:Repulsor","downfall:Icky","downfall:Icky","downfall:Icky","bronze:ClassDefault","bronze:InfiniteLoop","bronze:Constructor","bronze:Turbo","Doubt","bronze:FineTuning","bronze:Mutator+1","bronze:BuggyMess+1","bronze:AlphaBuild+1"],"relics":["bronze:BronzeCore","Potion Belt","downfall:HeartBlessingBlue","Molten Egg 2","Bag of Preparation","downfall:HeartBlessingRed","downfall:HeartBlessingGreen","thethorton:CrushedCigarette","Pocketwatch","Runesmith:Nanobots","bronze:ProtectiveGoggles"],"acts_visited":["Exordium","TheCity"],"potions_floor_usage":[23,29,33,33],"damage_taken":[{"damage":5.0,"enemies":"Small Slimes","floor":2.0,"turns":4.0},{"damage":2.0,"enemies":"2 Louse","floor":3.0,"turns":3.0},{"damage":10.0,"enemies":"Jaw Worm","floor":5.0,"turns":6.0},{"damage":15.0,"enemies":"Gremlin Nob","floor":6.0,"turns":4.0},{"damage":5.0,"enemies":"2 Fungi Beasts","floor":9.0,"turns":3.0},{"damage":26.0,"enemies":"Lagavulin","floor":10.0,"turns":8.0},{"damage":0.0,"enemies":"Lots of Slimes","floor":14.0,"turns":4.0},{"damage":13.0,"enemies":"Blue Slaver","floor":15.0,"turns":5.0},{"damage":17.0,"enemies":"DF_ARCHETYPE_STREAMLINE","floor":16.0,"turns":9.0},{"damage":12.0,"enemies":"Shell Parasite","floor":19.0,"turns":6.0},{"damage":16.0,"enemies":"Spheric Guardian","floor":22.0,"turns":6.0},{"damage":43,"enemies":"Slavers","floor":23,"turns":7},{"damage":20,"enemies":"Centurion and Healer","floor":25,"turns":6},{"damage":14,"enemies":"Snecko","floor":28,"turns":5},{"damage":12,"enemies":"3 Cultists","floor":29,"turns":6},{"damage":27,"enemies":"Gremlin Leader","floor":31,"turns":10},{"damage":0,"enemies":"Cultist and Chosen","floor":32,"turns":4},{"damage":37,"enemies":"WA_ARCHETYPE_CALM","floor":33,"turns":5}],"seed_played":"-4980459640410768091","potions_obtained":[{"floor":2.0,"key":"Energy Potion"},{"floor":5.0,"key":"hexamod:SoulburnPotion"},{"floor":6.0,"key":"ColorlessPotion"},{"floor":9.0,"key":"construct:ShiftPotion"},{"floor":14.0,"key":"ColorlessPotion"},{"floor":15.0,"key":"LiquidMemories"},{"floor":19.0,"key":"Fire Potion"},{"floor":29,"key":"Strength Potion"},{"floor":31,"key":"Energy Potion"},{"floor":32,"key":"sneckomod:MuddlingPotion"}],"is_trial":false,"path_per_floor":["R","M","M","?","M","E","T","R","M","E","?","?","R","M","M","B",null,"R","M","?","?","M","E","T","M","R","?","M","M","R","E","M","B"],"character_chosen":"THE_AUTOMATON","items_purchased":[],"campfire_rested":2,"item_purchase_floors":[],"current_hp_per_floor":[70,65,63,63,53,38,38,48,43,17,17,17,41,41,28,11,80,80,68,80,80,64,21,21,1,25,90,76,64,64,37,37,0,0,0],"gold":577,"neow_bonus":"TRANSFORM_TWO_CARDS","is_daily":false,"chose_seed":false,"campfire_upgraded":3,"win_rate":0.0,"timestamp":1611290252,"path_taken":["R","M","M","?","M","E","T","R","M","E","?","?","R","M","M","BOSS","R","M","?","?","M","E","T","M","R","?","?","M","R","E","M","BOSS"],"items_purchased_type":[],"build_version":"2020-12-22","purchased_purges":0,"victory":false,"max_hp_per_floor":[70,70,70,70,70,70,70,80,80,80,80,80,80,80,80,80,80,80,80,80,80,80,80,80,80,80,90,90,90,90,90,90,90,90,90],"card_choices":[{"not_picked":["bronze:Turbo","bronze:BugBarrage"],"picked":"bronze:Repulsor","floor":2.0},{"not_picked":["bronze:Invalidate","bronze:InfiniteBeams","bronze:Refactor"],"picked":"SKIP","floor":3.0},{"not_picked":["bronze:BronzeOrb","bronze:Iterate"],"picked":"bronze:ClassDefault","floor":5.0},{"not_picked":["bronze:Iterate","bronze:Virus"],"picked":"bronze:InfiniteLoop","floor":6.0},{"not_picked":["bronze:Overheat","bronze:CutThrough"],"picked":"bronze:Constructor","floor":9.0},{"not_picked":["bronze:MaxOutput","bronze:Iterate+1"],"picked":"bronze:Turbo","floor":10.0},{"not_picked":["bronze:Overload","bronze:Constructor"],"picked":"bronze:FineTuning","floor":14.0},{"not_picked":["bronze:DelayedGuard","bronze:ClassDefault","bronze:Separator+1"],"picked":"SKIP","floor":15.0},{"not_picked":["bronze:AlphaBuild+1","bronze:RecursiveStrike+1"],"picked":"bronze:Mutator","floor":16.0},{"not_picked":["bronze:InfiniteBeams","bronze:BitShift","bronze:Frontload"],"picked":"SKIP","floor":19.0},{"not_picked":["bronze:CutThrough+1","bronze:DelayedGuard"],"picked":"bronze:BuggyMess+1","floor":22.0},{"not_picked":["bronze:BugBarrage+1","bronze:GetLatest"],"picked":"bronze:AlphaBuild+1","floor":23},{"not_picked":["bronze:Constructor","bronze:BuggyMess","bronze:DelayedSlice+1"],"picked":"SKIP","floor":25},{"not_picked":["bronze:Refactor","bronze:BitShift","bronze:FineTuning"],"picked":"SKIP","floor":28},{"not_picked":["bronze:Frontload","bronze:MaxOutput","bronze:DelayedSlice+1"],"picked":"SKIP","floor":29},{"not_picked":["bronze:ClassDefault","bronze:Refactor","bronze:Branch+1"],"picked":"SKIP","floor":31},{"not_picked":["bronze:Separator+1","bronze:OilSpill+1","bronze:DelayedSlice+1"],"picked":"SKIP","floor":32}],"player_experience":1503384,"relics_obtained":[{"floor":6.0,"key":"Potion Belt"},{"floor":10.0,"key":"Molten Egg 2"},{"floor":23,"key":"Pocketwatch"},{"floor":24,"key":"Runesmith:Nanobots"},{"floor":31,"key":"bronze:ProtectiveGoggles"}],"event_choices":[{"damage_healed":26.0,"max_hp_gain":0.0,"max_hp_loss":0.0,"gold_gain":0.0,"event_name":"The Library","player_choice":"Heal","floor":20.0,"gold_loss":0.0,"damage_taken":0.0}],"is_beta":false,"boss_relics":[{"not_picked":["construct:WeddingRing","Runesmith:UraniumAnvil"],"picked":"thethorton:CrushedCigarette"}],"items_purged_floors":[],"is_endless":false,"potions_floor_spawned":[2,5,6,9,14,15,19,29,31,32],"killed_by":"WA_ARCHETYPE_CALM","ascension_level":1}}