{"host":"h77azxdx0evtsxw5","time":1611293671,"event":{"mods":["AchievementEnabler","BaseMod","Better Vampires","Minty Spire (QoL Compilation)","Quick Restart","Rare Cards Sparkle","Relic Stats"],"gold_per_floor":[109,34,34,34,44,44,79,79,79,79,110,110,143,158,158,158,158],"floor_reached":16,"language":"ENG","playtime":511,"items_purged":["Strike_G"],"score":174,"play_id":"c135a99c-e416-47dd-9aee-dbf9c4d57618","local_time":"20210122003431","is_ascension_mode":true,"campfire_choices":[{"data":"Blade Dance","floor":6.0,"key":"SMITH"},{"data":"Survivor","floor":8.0,"key":"SMITH"},{"data":"Neutralize","floor":10.0,"key":"SMITH"},{"data":"Deflect","floor":15,"key":"SMITH"}],"circlet_count":0,"master_deck":["Strike_G","Strike_G","Strike_G","Strike_G","Defend_G","Defend_G","Defend_G","Defend_G","Defend_G","Survivor+1","Neutralize+1","Blade Dance+1","Parasite","Deflect+1"],"relics":["Ring of the Snake","NeowsBlessing","Mercury Hourglass","Smiling Mask","Question Card","Strawberry"],"acts_visited":["Exordium"],"potions_floor_usage":[13,13,16],"damage_taken":[{"damage":0.0,"enemies":"Small Slimes","floor":1.0,"turns":1.0},{"damage":0.0,"enemies":"2 Louse","floor":5.0,"turns":1.0},{"damage":0.0,"enemies":"Lagavulin","floor":7.0,"turns":1.0},{"damage":8.0,"enemies":"3 Sentries","floor":11.0,"turns":7.0},{"damage":0,"enemies":"Gremlin Nob","floor":13,"turns":1},{"damage":4,"enemies":"Jaw Worm","floor":14,"turns":2},{"damage":80,"enemies":"Slime Boss","floor":16,"turns":10}],"seed_played":"-4213751578482183427","potions_obtained":[{"floor":1.0,"key":"Strength Potion"},{"floor":5.0,"key":"EssenceOfSteel"},{"floor":11.0,"key":"SteroidPotion"}],"is_trial":false,"path_per_floor":["M","$","?","$","M","R","E","R","T","R","E","?","E","M","R","B"],"character_chosen":"THE_SILENT","items_purchased":[],"campfire_rested":0,"item_purchase_floors":[],"current_hp_per_floor":[70,70,75,75,75,75,75,75,75,75,67,75,82,78,78,0,0],"gold":158,"neow_bonus":"THREE_ENEMY_KILL","is_daily":false,"chose_seed":false,"campfire_upgraded":4,"win_rate":0.0,"timestamp":1611293671,"path_taken":["M","$","?","$","M","R","E","R","T","R","E","?","E","M","R","BOSS"],"items_purchased_type":[],"build_version":"2020-12-22","purchased_purges":1,"victory":false,"max_hp_per_floor":[70,70,75,75,75,75,75,75,75,75,75,75,82,82,82,82,82],"relic_stats":{"counters":[7,23],"Smiling Mask":0,"Question Card":2,"obtain_stats":[{"NeowsBlessing":0,"Strawberry":13,"Smiling Mask":9,"Question Card":11,"Ring of the Snake":0,"Mercury Hourglass":7},{"NeowsBlessing":0,"Strawberry":5,"Smiling Mask":3,"Question Card":4,"Ring of the Snake":0,"Mercury Hourglass":3},{"NeowsBlessing":0,"Strawberry":11,"Smiling Mask":3,"Question Card":10,"Ring of the Snake":0,"Mercury Hourglass":3}],"Ring of the Snake":[14],"Mercury Hourglass":[108]},"card_choices":[{"not_picked":["Crippling Poison","Setup"],"picked":"Blade Dance","floor":1.0},{"not_picked":["Outmaneuver","Blur","Endless Agony"],"picked":"SKIP","floor":5.0},{"not_picked":["Concentrate","Quick Slash","Bane"],"picked":"SKIP","floor":7.0},{"not_picked":["Finisher","Distraction","Acrobatics"],"picked":"SKIP","floor":11.0},{"not_picked":["Escape Plan","Dash","Underhanded Strike"],"picked":"Deflect","floor":13},{"not_picked":["Venomology","Outmaneuver","Concentrate","Poisoned Stab"],"picked":"SKIP","floor":14}],"player_experience":270438,"relics_obtained":[{"floor":7.0,"key":"Mercury Hourglass"},{"floor":9.0,"key":"Smiling Mask"},{"floor":11.0,"key":"Question Card"},{"floor":13,"key":"Strawberry"}],"event_choices":[{"damage_healed":0.0,"max_hp_gain":5.0,"max_hp_loss":0.0,"gold_gain":0.0,"event_name":"Big Fish","player_choice":"Donut","floor":3.0,"gold_loss":0.0,"damage_taken":0.0},{"damage_healed":18.0,"max_hp_gain":0.0,"max_hp_loss":0.0,"gold_gain":0.0,"event_name":"Mushrooms","player_choice":"Healed and dodged fight","floor":12.0,"gold_loss":0.0,"damage_taken":0.0,"cards_obtained":["Parasite"]}],"is_beta":false,"boss_relics":[],"items_purged_floors":[2],"is_endless":false,"potions_floor_spawned":[1,5,11],"killed_by":"Slime Boss","ascension_level":1}}