{"host":"sw6p9u0oh417cx03","time":1611330316,"event":{"mods":["AchievementEnabler","Act Like it!","BaseMod","CapriCore","DeckTracker","Highlight Path","Minty Spire (QoL Compilation)","Quick Restart","StSLib"],"gold_per_floor":[110,110,125,136,58,58,85,5,5,5,5,5,16,31,31,105,105,120,139,139,155,205,205,220,220,244,244,244],"floor_reached":27,"language":"ZHS","playtime":602,"items_purged":["Strike_R","Strike_R"],"score":373,"play_id":"9389fbde-73e4-4a2b-a3a0-f10155f8e437","local_time":"20210122234516","is_ascension_mode":true,"campfire_choices":[{"data":"True Grit","floor":6.0,"key":"SMITH"},{"data":"Pommel Strike","floor":10.0,"key":"SMITH"},{"data":"Rupture","floor":15.0,"key":"SMITH"},{"data":"Offering","floor":23,"key":"SMITH"},{"data":"Demon Form","floor":25,"key":"SMITH"}],"circlet_count":0,"master_deck":["AscendersBane","Bash","Shrug It Off","True Grit+1","Pommel Strike+1","Sword Boomerang+1","Rupture+1","Demon Form+1","Offering+1"],"relics":["Burning Blood","NeowsBlessing","The Courier","Potion Belt","Meat on the Bone","Pandora\u0027s Box"],"acts_visited":["Exordium","TheCity"],"potions_floor_usage":[21],"damage_taken":[{"damage":0.0,"enemies":"Jaw Worm","floor":1.0,"turns":1.0},{"damage":0.0,"enemies":"Cultist","floor":3.0,"turns":1.0},{"damage":0.0,"enemies":"2 Louse","floor":4.0,"turns":1.0},{"damage":38.0,"enemies":"Gremlin Nob","floor":7.0,"turns":5.0},{"damage":7.0,"enemies":"Exordium Thugs","floor":13.0,"turns":5.0},{"damage":9.0,"enemies":"Looter","floor":14.0,"turns":3.0},{"damage":36.0,"enemies":"The Guardian","floor":16.0,"turns":11.0},{"damage":19.0,"enemies":"Shell Parasite","floor":18.0,"turns":5.0},{"damage":12.0,"enemies":"Chosen","floor":19.0,"turns":3.0},{"damage":13,"enemies":"Snecko","floor":21,"turns":4},{"damage":28,"enemies":"Centurion and Healer","floor":24,"turns":4},{"damage":49,"enemies":"Gremlin Leader","floor":27,"turns":3}],"seed_played":"2357671076242300471","potions_obtained":[{"floor":1.0,"key":"CultistPotion"},{"floor":14.0,"key":"Weak Potion"},{"floor":18.0,"key":"Ancient Potion"},{"floor":19.0,"key":"ColorlessPotion"}],"is_trial":false,"path_per_floor":["M","?","M","M","$","R","E","$","T","R","$","?","M","M","R","B",null,"M","M","?","M","?","R","M","R","T","E"],"character_chosen":"IRONCLAD","items_purchased":["Pommel Strike"],"campfire_rested":0,"item_purchase_floors":[5],"current_hp_per_floor":[74,74,75,75,75,75,43,43,43,43,43,43,54,51,51,33,65,52,46,46,51,51,51,41,41,41,0,0],"gold":244,"neow_bonus":"THREE_ENEMY_KILL","is_daily":false,"chose_seed":false,"campfire_upgraded":5,"win_rate":0.0,"timestamp":1611330316,"path_taken":["M","?","?","M","$","R","E","$","T","R","?","?","?","M","R","BOSS","M","M","?","?","?","R","M","R","T","E"],"items_purchased_type":["Card"],"build_version":"2020-12-22","purchased_purges":2,"victory":false,"max_hp_per_floor":[75,75,75,75,75,75,75,75,75,75,75,75,75,75,75,75,75,75,75,75,75,75,75,75,75,75,75,75],"card_choices":[{"not_picked":["Wild Strike","Havoc"],"picked":"Shrug It Off","floor":1.0},{"not_picked":["Iron Wave","Havoc","Fire Breathing"],"picked":"SKIP","floor":3.0},{"not_picked":["Pummel","Headbutt"],"picked":"True Grit","floor":4.0},{"not_picked":["Sentinel","Headbutt"],"picked":"Sword Boomerang","floor":7.0},{"not_picked":["Shrug It Off","Metallicize"],"picked":"Rupture","floor":13.0},{"not_picked":["Shrug It Off","Metallicize","Cleave"],"picked":"SKIP","floor":14.0},{"not_picked":["Double Tap","Juggernaut"],"picked":"Demon Form","floor":16.0},{"not_picked":["Iron Wave","Thunderclap","Twin Strike"],"picked":"SKIP","floor":18.0},{"not_picked":["Perfected Strike","Rupture","Metallicize"],"picked":"SKIP","floor":19.0},{"not_picked":["True Grit","Sword Boomerang","Immolate"],"picked":"SKIP","floor":21},{"not_picked":["Wild Strike+1","Rampage","Body Slam"],"picked":"SKIP","floor":24}],"player_experience":323046,"relics_obtained":[{"floor":2.0,"key":"The Courier"},{"floor":7.0,"key":"Potion Belt"},{"floor":9.0,"key":"Meat on the Bone"}],"event_choices":[{"damage_healed":0.0,"max_hp_gain":0.0,"max_hp_loss":0.0,"gold_gain":0.0,"event_name":"Wheel of Change","player_choice":"Relic","floor":2.0,"gold_loss":0.0,"damage_taken":0.0},{"damage_healed":0.0,"max_hp_gain":0.0,"max_hp_loss":0.0,"gold_gain":0.0,"event_name":"Upgrade Shrine","player_choice":"Upgraded","floor":12.0,"gold_loss":0.0,"damage_taken":0.0,"cards_upgraded":["Sword Boomerang"]},{"damage_healed":0.0,"max_hp_gain":0.0,"max_hp_loss":0.0,"gold_gain":0.0,"event_name":"Match and Keep!","player_choice":"1 cards matched","floor":20.0,"gold_loss":0.0,"damage_taken":0.0,"cards_obtained":["Offering"]},{"damage_healed":0,"gold_gain":50,"player_choice":"Stole From Cult","damage_taken":0,"max_hp_gain":0,"max_hp_loss":0,"event_name":"Nest","floor":22,"gold_loss":0}],"is_beta":false,"boss_relics":[{"not_picked":["Mark of Pain","Black Star"],"picked":"Pandora\u0027s Box"}],"items_purged_floors":[5,8],"is_endless":false,"potions_floor_spawned":[1,14,18,19],"killed_by":"Gremlin Leader","ascension_level":15}}