{"host":"srk2drlvga69hbot","time":1611300687,"event":{"mods":["BaseMod","Colored Map","Colored Powertips","Highlight Path","Minty Spire (QoL Compilation)","Quick Restart","Rare Cards Sparkle","Relic Stats"],"gold_per_floor":[16,16,16,16,32,76,76,151,175,191,232,255,355,368,368,499,499,484,525,525,549,474,474,474,247,273,273,173,198,50,50,50,180,180,199,199,49,49,271,271,294,337,337,162,162,175,194,232,232,232],"floor_reached":51,"language":"ZHS","playtime":2462,"items_purged":["Strike_R","Defend_R","Strike_R","Bash","Defend_R"],"score":1174,"play_id":"875e4bed-523d-4ab3-9b39-306dccd2f7dd","local_time":"20210122153127","is_ascension_mode":true,"campfire_choices":[{"data":"Iron Wave","floor":7.0,"key":"SMITH"},{"floor":15.0,"key":"REST"},{"data":"Body Slam","floor":23.0,"key":"SMITH"},{"data":"Armaments","floor":32,"key":"SMITH"},{"data":"Entrench","floor":40,"key":"SMITH"},{"floor":45,"key":"DIG"},{"floor":49,"key":"DIG"}],"circlet_count":0,"master_deck":["Defend_R","Defend_R","Barricade+1","Shrug It Off","Iron Wave+1","Body Slam+1","Entrench+1","Shrug It Off","Rampage","Impervious","Seeing Red+1","Battle Trance+1","Flame Barrier","Warcry","Armaments+1","Body Slam"],"relics":["Burning Blood","Golden Idol","Lantern","Bag of Preparation","Sundial","Coffee Dripper","Red Mask","Blood Vial","Regal Pillow","Bronze Scales","Busted Crown","Shovel","Letter Opener","InkBottle","Question Card","Centennial Puzzle"],"acts_visited":["Exordium","TheCity","TheBeyond"],"potions_floor_usage":[33],"damage_taken":[{"damage":3.0,"enemies":"Small Slimes","floor":1.0,"turns":4.0},{"damage":7.0,"enemies":"2 Louse","floor":5.0,"turns":3.0},{"damage":48.0,"enemies":"Gremlin Nob","floor":6.0,"turns":5.0},{"damage":0.0,"enemies":"Cultist","floor":10.0,"turns":5.0},{"damage":10.0,"enemies":"3 Sentries","floor":11.0,"turns":9.0},{"damage":7.0,"enemies":"Blue Slaver","floor":12.0,"turns":9.0},{"damage":17.0,"enemies":"Exordium Thugs","floor":14.0,"turns":6.0},{"damage":0.0,"enemies":"Slime Boss","floor":16.0,"turns":10.0},{"damage":17.0,"enemies":"2 Thieves","floor":18.0,"turns":4.0},{"damage":60.0,"enemies":"Masked Bandits","floor":19.0,"turns":7.0},{"damage":0.0,"enemies":"3 Byrds","floor":21.0,"turns":7.0},{"damage":6,"enemies":"Snake Plant","floor":29,"turns":5},{"damage":0,"enemies":"Automaton","floor":33,"turns":4},{"damage":0,"enemies":"3 Darklings","floor":35,"turns":6},{"damage":0,"enemies":"Orb Walker","floor":41,"turns":3},{"damage":0,"enemies":"Nemesis","floor":42,"turns":7},{"damage":0,"enemies":"Sphere and 2 Shapes","floor":46,"turns":2},{"damage":0,"enemies":"Transient","floor":47,"turns":5},{"damage":0,"enemies":"Reptomancer","floor":48,"turns":3},{"damage":0,"enemies":"Awakened One","floor":50,"turns":4}],"seed_played":"1478739091266363549","potions_obtained":[{"floor":1.0,"key":"LiquidBronze"},{"floor":6.0,"key":"SpeedPotion"},{"floor":11.0,"key":"Regen Potion"},{"floor":12.0,"key":"Ancient Potion"},{"floor":16.0,"key":"BlessingOfTheForge"},{"floor":29,"key":"Dexterity Potion"},{"floor":33,"key":"Swift Potion"},{"floor":35,"key":"DuplicationPotion"},{"floor":47,"key":"PowerPotion"}],"is_trial":false,"path_per_floor":["M","$","?","?","M","E","R","?","T","M","E","M","?","M","R","B",null,"M","?","T","M","?","R","?","$","T","T","$","M","$","?","R","B",null,"M","?","$","?","?","R","M","E","T","$","R","M","M","E","R","B",null],"character_chosen":"IRONCLAD","items_purchased":["Blood Vial","Armaments"],"campfire_rested":1,"item_purchase_floors":[25,30],"current_hp_per_floor":[80,80,80,60,59,17,17,6,6,12,8,22,22,11,35,41,80,69,15,15,21,21,21,21,21,21,21,21,23,23,23,23,31,80,80,80,80,76,76,76,76,76,76,76,76,76,76,76,76,76],"gold":232,"neow_bonus":"THREE_RARE_CARDS","is_daily":false,"chose_seed":false,"campfire_upgraded":4,"win_rate":0.0,"timestamp":1611300687,"path_taken":["M","$","?","?","M","E","R","?","T","M","E","M","?","?","R","BOSS","M","?","?","?","?","R","?","?","T","?","$","?","$","?","R","BOSS","M","?","?","?","?","R","M","E","T","?","R","?","M","E","R","BOSS"],"items_purchased_type":["Relic","Card"],"build_version":"2020-12-22","purchased_purges":5,"victory":true,"max_hp_per_floor":[80,80,80,80,80,80,80,80,80,80,80,80,80,80,80,80,80,80,80,80,80,80,80,80,80,80,80,80,80,80,80,80,80,80,80,80,80,76,76,76,76,76,76,76,76,76,76,76,76,76],"relic_stats":{"Regal Pillow":0,"counters":[20,108],"Golden Idol":162,"Bag of Preparation":[34],"Letter Opener":[127],"Question Card":0,"Burning Blood":75,"Blood Vial":4,"Centennial Puzzle":[0],"Busted Crown":12,"Shovel":2,"Sundial":[20],"Bronze Scales":[123],"obtain_stats":[{"Lantern":6,"Regal Pillow":26,"Golden Idol":4,"Bag of Preparation":9,"Letter Opener":43,"Question Card":48,"Burning Blood":0,"Blood Vial":25,"Centennial Puzzle":49,"Busted Crown":34,"Shovel":42,"Sundial":11,"Bronze Scales":27,"Coffee Dripper":17,"Red Mask":19,"InkBottle":45},{"Lantern":3,"Regal Pillow":11,"Golden Idol":1,"Bag of Preparation":3,"Letter Opener":16,"Question Card":19,"Burning Blood":0,"Blood Vial":11,"Centennial Puzzle":19,"Busted Crown":13,"Shovel":16,"Sundial":5,"Bronze Scales":11,"Coffee Dripper":8,"Red Mask":10,"InkBottle":16},{"Lantern":12,"Regal Pillow":69,"Golden Idol":4,"Bag of Preparation":12,"Letter Opener":94,"Question Card":104,"Burning Blood":0,"Blood Vial":69,"Centennial Puzzle":104,"Busted Crown":78,"Shovel":94,"Sundial":26,"Bronze Scales":69,"Coffee Dripper":51,"Red Mask":62,"InkBottle":94}],"InkBottle":[3]},"card_choices":[{"not_picked":["Brutality","Juggernaut"],"picked":"Barricade","floor":0.0},{"not_picked":["Sword Boomerang","Sever Soul","Shockwave"],"picked":"SKIP","floor":1.0},{"not_picked":["Havoc","Flex"],"picked":"Shrug It Off","floor":5.0},{"not_picked":["Thunderclap","Blood for Blood"],"picked":"Iron Wave","floor":6.0},{"not_picked":["Shockwave","Second Wind"],"picked":"Body Slam","floor":10.0},{"not_picked":["Perfected Strike","Sentinel"],"picked":"Entrench","floor":11.0},{"not_picked":["Infernal Blade","True Grit"],"picked":"Shrug It Off","floor":12.0},{"not_picked":["Bludgeon","Thunderclap"],"picked":"Rampage","floor":14.0},{"not_picked":["Barricade","Immolate"],"picked":"Impervious","floor":16.0},{"not_picked":["Dark Embrace","Reckless Charge+1"],"picked":"Seeing Red+1","floor":18.0},{"not_picked":["Fire Breathing+1","Shrug It Off+1"],"picked":"Battle Trance+1","floor":19.0},{"not_picked":["Anger","Shrug It Off+1"],"picked":"Flame Barrier","floor":21.0},{"not_picked":["Shockwave","Heavy Blade"],"picked":"Warcry","floor":29},{"not_picked":["Flex"],"picked":"SKIP","floor":35},{"not_picked":["Iron Wave"],"picked":"SKIP","floor":41},{"not_picked":["Iron Wave"],"picked":"SKIP","floor":41},{"not_picked":[],"picked":"Body Slam","floor":42},{"not_picked":["Rupture"],"picked":"SKIP","floor":46},{"not_picked":["Headbutt+1"],"picked":"SKIP","floor":47},{"not_picked":["Twin Strike+1"],"picked":"SKIP","floor":48}],"player_experience":122604,"relics_obtained":[{"floor":6.0,"key":"Lantern"},{"floor":9.0,"key":"Bag of Preparation"},{"floor":11.0,"key":"Sundial"},{"floor":19.0,"key":"Red Mask"},{"floor":26.0,"key":"Regal Pillow"},{"floor":27.0,"key":"Bronze Scales"},{"floor":42,"key":"Shovel"},{"floor":43,"key":"Letter Opener"},{"floor":45,"key":"InkBottle"},{"floor":48,"key":"Question Card"},{"floor":49,"key":"Centennial Puzzle"}],"event_choices":[{"damage_healed":0.0,"max_hp_gain":0.0,"max_hp_loss":0.0,"gold_gain":0.0,"event_name":"Living Wall","player_choice":"Grow","floor":3.0,"gold_loss":0.0,"damage_taken":0.0,"cards_upgraded":["Barricade"]},{"damage_healed":0.0,"max_hp_gain":0.0,"max_hp_loss":0.0,"gold_gain":0.0,"event_name":"Golden Idol","player_choice":"Take Damage","floor":4.0,"gold_loss":0.0,"damage_taken":20.0,"relics_obtained":["Golden Idol"]},{"damage_healed":0.0,"max_hp_gain":0.0,"max_hp_loss":0.0,"gold_gain":75.0,"event_name":"World of Goop","player_choice":"Gather Gold","floor":8.0,"gold_loss":0.0,"damage_taken":11.0},{"damage_healed":0.0,"max_hp_gain":0.0,"max_hp_loss":0.0,"gold_gain":100.0,"event_name":"Golden Shrine","player_choice":"Pray","floor":13.0,"gold_loss":0.0,"damage_taken":0.0},{"damage_healed":0.0,"max_hp_gain":0.0,"max_hp_loss":0.0,"gold_gain":0.0,"event_name":"Masked Bandits","player_choice":"Fought Bandits","floor":19.0,"gold_loss":0.0,"damage_taken":0.0},{"cards_removed":["Strike_R"],"damage_healed":0.0,"max_hp_gain":0.0,"max_hp_loss":0.0,"gold_gain":0.0,"event_name":"Beggar","player_choice":"Gave Gold","floor":22.0,"gold_loss":75.0,"damage_taken":0.0},{"cards_removed":["Strike_R"],"damage_healed":0.0,"max_hp_gain":0.0,"max_hp_loss":0.0,"gold_gain":0.0,"event_name":"Back to Basics","player_choice":"Elegance","floor":24.0,"gold_loss":0.0,"damage_taken":0.0},{"damage_healed":0,"gold_gain":0,"player_choice":"Ignored","damage_taken":0,"max_hp_gain":0,"max_hp_loss":0,"event_name":"Vampires","floor":31,"gold_loss":0},{"cards_removed":["Strike_R"],"damage_healed":0,"gold_gain":0,"player_choice":"Removed Attack","damage_taken":0,"max_hp_gain":0,"max_hp_loss":0,"event_name":"Falling","floor":36,"gold_loss":0},{"damage_healed":0,"gold_gain":0,"player_choice":"Max HP","damage_taken":0,"max_hp_gain":0,"max_hp_loss":4,"event_name":"Winding Halls","floor":38,"gold_loss":0},{"damage_healed":0,"gold_gain":222,"player_choice":"Wore Mask","damage_taken":0,"max_hp_gain":0,"max_hp_loss":0,"event_name":"Tomb of Lord Red Mask","floor":39,"gold_loss":0}],"is_beta":false,"boss_relics":[{"not_picked":["Runic Dome","Runic Cube"],"picked":"Coffee Dripper"},{"not_picked":["Snecko Eye","SacredBark"],"picked":"Busted Crown"}],"items_purged_floors":[25,28,30,37,44],"is_endless":false,"potions_floor_spawned":[1,6,11,12,16,29,33,35,47,48],"ascension_level":3}}