{"host":"gsmj583br51y3r1c","time":1611309865,"event":{"mods":["AchievementEnabler","BaseMod","Better Note","Better Third Choice","Colored Map","Dark Map","Downfall","Hermit","Highlight Path","Infinite Spire","Marisa????????","Minty Spire (QoL Compilation)","Permanent Neow","Quick Restart","StSLib","The Bug Knight","The Cursed","The Marked","The Mystic","The Servant 0.9.4","everything is the same but u backflip on backflip"],"gold_per_floor":[115,115,126,201,218,247,247,266,315,327,356,368,380,392,404,416,416],"floor_reached":16,"language":"ENG","playtime":869,"items_purged":[],"score":100,"play_id":"e666a93e-ce5b-41e4-8b7d-387276ed7c3a","local_time":"20210122120425","is_ascension_mode":false,"campfire_choices":[{"data":"hermit:FlashPowder","floor":7,"key":"SMITH"},{"data":"hermit:CursedWeapon","floor":15,"key":"SMITH"}],"circlet_count":0,"master_deck":["hermit:Strike_Hermit","hermit:Strike_Hermit","hermit:Strike_Hermit","hermit:Strike_Hermit","hermit:Defend_Hermit","hermit:Defend_Hermit","hermit:Defend_Hermit","hermit:Defend_Hermit","hermit:Snapshot","hermit:Covet","hermit:FlashPowder+1","hermit:Virtue","hermit:Enervate","hermit:Glare","hermit:CursedWeapon+1"],"relics":["Coffee Dripper","Mummified Hand","MawBank","infinitespire:Cubic Diamond","infinitespire:Beetle Shell"],"acts_visited":["Exordium"],"potions_floor_usage":[6,16],"damage_taken":[{"damage":0.0,"enemies":"2 Louse","floor":1.0,"turns":3.0},{"damage":0.0,"enemies":"Small Slimes","floor":3.0,"turns":3.0},{"damage":1.0,"enemies":"Jaw Worm","floor":5.0,"turns":3.0},{"damage":15,"enemies":"Gremlin Nob","floor":6,"turns":4},{"damage":1,"enemies":"Looter","floor":8,"turns":3},{"damage":1,"enemies":"Exordium Wildlife","floor":11,"turns":3},{"damage":41,"enemies":"Slime Boss","floor":16,"turns":8}],"seed_played":"2569214032866673778","potions_obtained":[{"floor":1.0,"key":"BlessingOfTheForge"},{"floor":8,"key":"Block Potion"}],"is_trial":false,"path_per_floor":["M","?","M","?","M","E","R","M","T","?","M","$","?","?","R","B"],"character_chosen":"HERMIT","items_purchased":[],"campfire_rested":0,"item_purchase_floors":[],"current_hp_per_floor":[75,75,75,64,63,48,48,47,47,52,51,51,51,39,39,0,0],"gold":416,"neow_bonus":"BOSS_RELIC","is_daily":false,"chose_seed":false,"campfire_upgraded":2,"win_rate":0.0,"timestamp":1611309865,"path_taken":["M","?","M","?","?","E","R","M","T","?","M","?","?","?","R","BOSS"],"items_purchased_type":[],"build_version":"2020-12-22","purchased_purges":0,"victory":false,"max_hp_per_floor":[75,75,75,75,75,75,75,75,75,80,80,80,80,80,80,80,80],"card_choices":[{"not_picked":["hermit:Manifest","hermit:Desperado"],"picked":"hermit:FlashPowder","floor":1.0},{"not_picked":["hermit:Glare","hermit:Quickdraw"],"picked":"hermit:Virtue","floor":3.0},{"not_picked":["hermit:Combo","hermit:BodyArmor"],"picked":"hermit:Enervate","floor":5.0},{"not_picked":["hermit:HeroicBravado","hermit:WideOpen","hermit:TrackingShot"],"picked":"SKIP","floor":6},{"not_picked":["hermit:Roulette","hermit:Spite"],"picked":"hermit:Glare","floor":8},{"not_picked":["hermit:TrackingShot","hermit:FlashPowder"],"picked":"hermit:CursedWeapon","floor":11}],"player_experience":447931,"relics_obtained":[{"floor":6,"key":"Mummified Hand"},{"floor":9,"key":"MawBank"}],"event_choices":[{"damage_healed":0.0,"max_hp_gain":0.0,"max_hp_loss":0.0,"gold_gain":75.0,"event_name":"betterThird:BetterGoop","player_choice":"Gold","floor":4.0,"gold_loss":0.0,"damage_taken":11.0},{"damage_healed":0,"gold_gain":0,"player_choice":"Donut","damage_taken":0,"max_hp_gain":5,"max_hp_loss":0,"event_name":"Big Fish","floor":10,"gold_loss":0},{"damage_healed":0,"gold_gain":0,"player_choice":"Relic ","damage_taken":12,"max_hp_gain":0,"max_hp_loss":0,"event_name":"betterThird:BetterScrap","floor":14,"gold_loss":0,"cards_obtained":["BootSequence"]}],"is_beta":false,"boss_relics":[],"items_purged_floors":[],"is_endless":false,"potions_floor_spawned":[1,8],"killed_by":"Slime Boss","ascension_level":0}}