{"host":"7z347kdhnquy3q4q","time":1611278898,"event":{"mods":["Act Like it!","Aspiration","BaseMod","Hubris","Minty Spire (QoL Compilation)","MostiFishMod","Permanent Neow","Potionbrewer","Replay The Spire","Robot Space Explorer","Spicy Shops","StSLib","The Bladedancer","The Jungle","Wandering Minibosses"],"gold_per_floor":[-1285,-1272,-1272,-1272,-1255,-1227,-1227,-1179,-1179,-1167,-1167,-1167,-1148,-1148,-1148,-1073,-1073,-1061,-1049,-1038,-1020,-1001,-971,-971,-946,-946,-946,-946,-946,-919,-886,-886,-788,-788,-748,-714,-714,-676,-676,-625,-602,-561,-561,-533,-533,-497,-453,-392,-392,-368,-350],"floor_reached":52,"language":"ENG","playtime":2539,"items_purged":[],"score":2412,"play_id":"ccec3e8b-2e54-4dd1-8bd6-29d626c9eff5","local_time":"20210121192818","is_ascension_mode":true,"campfire_choices":[{"data":"Searing Blow+1","floor":7.0,"key":"SMITH"},{"data":"Spreading Infection","floor":15.0,"key":"PURGE"},{"floor":24.0,"key":"REST"},{"floor":27.0,"key":"REST"},{"data":"Seeing Red","floor":32,"key":"SMITH"},{"floor":49,"key":"DIG"}],"circlet_count":0,"master_deck":["AscendersBane","Bash","MostiFishMod:TemporaryOutbreak","Limit Break","Searing Blow+2","Sword Boomerang","Replay:Undeath\u0027s Touch+1","Cleave","Fiend Fire","Injury","Limit Break","MostiFishMod:NewArrival","Body Slam+1","Thunderclap+1","Sentinel","Fiend Fire+1","Entrench","Sentinel","Iron Wave+1","Feel No Pain","ReplayTheSpireMod:Strike From Hell+1","Heavy Blade+1","Heavy Blade+1","Iron Wave+1","Armaments+1","Seeing Red+1","MostiFishMod:KnuckleDown","ReplayTheSpireMod:Stacked+1","Iron Wave+1","Dropkick+1","Iron Wave+1","MostiFishMod:ChineseTea","Replay:Undeath\u0027s Touch+1","Feel No Pain+1","Whirlwind+1","Infernal Blade+1","Shrug It Off"],"relics":["Burning Blood","DaveBox","SynthV:MejaisSoulstealer","SynthV:TestCard","Lizard Tail","Molten Egg 2","ReplayTheSpireMod:Ring of Addiction","Potion Belt","Toy Ornithopter","Pandora\u0027s Box","wanderingMiniBosses:CarrionFlame","Boot","Red Skull","Magic Flower","theJungle:WildStrawberry","Replay:Bandana","hubris:Backtick","MostiFishMod:AdaptiveDefenses","hubris:SlimyHat","The Courier","hubris:CuriousFeather","ReplayFunnel","Ornamental Fan","potionbrewer:WarMedal"],"acts_visited":["Exordium","Exordium","TheBeyond"],"potions_floor_usage":[31,33,36,42,44,48,50,51],"damage_taken":[{"damage":3.0,"enemies":"2 Louse","floor":1.0,"turns":4.0},{"damage":0.0,"enemies":"Cultist","floor":2.0,"turns":2.0},{"damage":0.0,"enemies":"Small Slimes","floor":5.0,"turns":2.0},{"damage":0.0,"enemies":"Gremlin Nob","floor":6.0,"turns":2.0},{"damage":9.0,"enemies":"Exordium Wildlife","floor":10.0,"turns":5.0},{"damage":0.0,"enemies":"2 Fungi Beasts","floor":13.0,"turns":2.0},{"damage":0.0,"enemies":"Slime Boss","floor":16.0,"turns":4.0},{"damage":25.0,"enemies":"theJungle:5_Spyders","floor":18.0,"turns":5.0},{"damage":11.0,"enemies":"theJungle:Flameango_and_Byrd","floor":19.0,"turns":3.0},{"damage":22.0,"enemies":"theJungle:Lyon","floor":20.0,"turns":4.0},{"damage":56.0,"enemies":"theJungle:2_Flameangoes","floor":21.0,"turns":6.0},{"damage":0.0,"enemies":"theJungle:2_Snecko_Cultists","floor":22.0,"turns":2.0},{"damage":0.0,"enemies":"theJungle:MamaSnecko","floor":23.0,"turns":2.0},{"damage":5.0,"enemies":"theJungle:2_Phrogs","floor":25.0,"turns":4.0},{"damage":4,"enemies":"theJungle:Cassacara","floor":30,"turns":3},{"damage":0,"enemies":"theJungle:Lyon","floor":31,"turns":2},{"damage":0,"enemies":"theJungle:TotemBoss","floor":33,"turns":2},{"damage":2,"enemies":"Orb Walker","floor":35,"turns":2},{"damage":2,"enemies":"3 Darklings","floor":36,"turns":2},{"damage":0,"enemies":"Spire Growth","floor":38,"turns":1},{"damage":0,"enemies":"R_Hoarder","floor":40,"turns":6},{"damage":0,"enemies":"Transient","floor":41,"turns":6},{"damage":51,"enemies":"Nemesis","floor":42,"turns":7},{"damage":11,"enemies":"Writhing Mass","floor":44,"turns":4},{"damage":10,"enemies":"Jaw Worm Horde","floor":46,"turns":3},{"damage":27,"enemies":"Sphere and 2 Shapes","floor":47,"turns":3},{"damage":10,"enemies":"Giant Head","floor":48,"turns":4},{"damage":52,"enemies":"Donu and Deca","floor":50,"turns":6},{"damage":118,"enemies":"Time Eater","floor":51,"turns":12}],"seed_played":"-1909004716400349175","potions_obtained":[{"floor":1.0,"key":"Regen Potion"},{"floor":10.0,"key":"potionbrewer:AcidPotion"},{"floor":12.0,"key":"HeartOfIron"},{"floor":12.0,"key":"potionbrewer:AcidPotion"},{"floor":16.0,"key":"BlessingOfTheForge"},{"floor":18.0,"key":"potionbrewer:AcidPotion"},{"floor":19.0,"key":"potionbrewer:BlacksmithPotion"},{"floor":20.0,"key":"Reflective Coating"},{"floor":30,"key":"Reflective Coating"},{"floor":35,"key":"AttackPotion"},{"floor":38,"key":"Regen Potion"},{"floor":47,"key":"SteroidPotion"},{"floor":48,"key":"potionbrewer:BoundlessPotion"}],"is_trial":false,"path_per_floor":["M","M","$","?","M","E","R","T","T","M","?","?","M","$","R","B",null,"M","M","M","M","M","E","R","E","T","R","?","?","E","M","R","B",null,"M","M","?","M","$","E","M","E","T","M","$","M","M","E","R","B","B",null],"character_chosen":"IRONCLAD","items_purchased":[],"campfire_rested":2,"item_purchase_floors":[],"current_hp_per_floor":[71,75,75,75,75,75,75,75,75,72,72,72,75,75,75,73,73,54,68,57,7,13,24,50,51,51,72,65,65,70,78,78,78,78,78,78,78,78,78,76,76,51,51,76,76,75,67,74,74,42,25],"gold":-350,"neow_bonus":"TRANSFORM_TWO_CARDS","is_daily":false,"chose_seed":false,"campfire_upgraded":2,"win_rate":0.0,"timestamp":1611278898,"path_taken":["M","M","$","?","?","E","R","?","T","?","?","?","M","?","R","BOSS","M","M","M","M","M","E","R","E","T","R","?","?","E","M","R","BOSS","M","M","?","M","?","E","M","E","T","M","?","?","M","E","R","BOSS","BOSS"],"items_purchased_type":[],"build_version":"2020-12-22","purchased_purges":0,"victory":true,"max_hp_per_floor":[75,75,75,75,75,75,75,75,75,75,75,75,75,75,75,73,73,73,73,73,73,73,73,73,73,73,73,80,78,78,78,78,78,78,78,78,78,78,78,76,76,76,76,76,76,76,76,74,74,74,74],"card_choices":[{"not_picked":["Shrug It Off","Warcry"],"picked":"Searing Blow","floor":1.0},{"not_picked":["ReplayTheSpireMod:Strike From Hell","Havoc","Thunderclap","Combust"],"picked":"Sword Boomerang","floor":2.0},{"not_picked":["Wild Strike","Perfected Strike","Pommel Strike","ReplayTheSpireMod:Strike From Hell"],"picked":"Replay:Undeath\u0027s Touch","floor":5.0},{"not_picked":["hubris:ReadiedAction","Clash","Iron Wave","Flex"],"picked":"Cleave","floor":6.0},{"not_picked":["Havoc","Armaments","Anger","Iron Wave"],"picked":"Fiend Fire","floor":10.0},{"not_picked":["Clothesline+1","Headbutt+1","Combust","ReplayTheSpireMod:Strike From Hell+1"],"picked":"Limit Break","floor":13.0},{"not_picked":["Hemogenesis+1","MostiFishMod:DarkDeal","MostiFishMod:FireWorks","Berserk"],"picked":"MostiFishMod:NewArrival","floor":16.0},{"not_picked":["Warcry","Disarm","Intimidate","Combust"],"picked":"Iron Wave+1","floor":18.0},{"not_picked":["True Grit","Perfected Strike+1","Massacre+1","Anger+1"],"picked":"Feel No Pain","floor":19.0},{"not_picked":["ReplayTheSpireMod:Stacked","True Grit","Demonic Infusion","Warcry"],"picked":"ReplayTheSpireMod:Strike From Hell+1","floor":20.0},{"not_picked":["Cleave+1","Clash+1","Infernal Blade","ReplayTheSpireMod:Strike From Hell+1"],"picked":"Heavy Blade+1","floor":21.0},{"not_picked":["Flex","hubris:ReadiedAction","Twin Strike+1","Pommel Strike+1"],"picked":"Heavy Blade+1","floor":22.0},{"not_picked":["Perfected Strike+1","ReplayTheSpireMod:Strike From Hell+1","MostiFishMod:BrandingRite","Armaments","Warcry"],"picked":"SKIP","floor":23.0},{"not_picked":["Pommel Strike+1","Battle Trance","Life Link","Dual Wield"],"picked":"Iron Wave+1","floor":25.0},{"not_picked":["Pommel Strike+1","Flex","hubris:SharpeningStone","Defy Death+1"],"picked":"Armaments+1","floor":30},{"not_picked":["MostiFishMod:WingOfPhoenix","Carnage+1","Sentinel","Metallicize+1"],"picked":"Seeing Red","floor":31},{"not_picked":["MostiFishMod:FireWorks","Feed+1","MostiFishMod:Mania","Double Tap"],"picked":"MostiFishMod:KnuckleDown","floor":33},{"not_picked":["Heavy Blade+1","Headbutt+1","Pommel Strike+1","hubris:ReadiedAction+1"],"picked":"ReplayTheSpireMod:Stacked+1","floor":35},{"not_picked":["Sword Boomerang+1","Rampage+1","Perfected Strike+1","hubris:SharpeningStone"],"picked":"Iron Wave+1","floor":36},{"not_picked":["Cleave+1","Iron Wave+1","Rupture","Rage"],"picked":"Dropkick+1","floor":38},{"not_picked":["Run Through+1","Body Slam+1","hubris:SharpeningStone","Thunderclap+1"],"picked":"Iron Wave+1","floor":40},{"not_picked":["Replay:Undeath\u0027s Touch+1","Perfected Strike+1","hubris:SharpeningStone","Flex+1"],"picked":"MostiFishMod:ChineseTea","floor":41},{"not_picked":["Seeing Red","Warcry","Havoc+1","Evolve"],"picked":"Replay:Undeath\u0027s Touch+1","floor":42},{"not_picked":["Intimidate","Perfected Strike+1","Clash+1","Armaments"],"picked":"Feel No Pain+1","floor":44},{"not_picked":["Dual Wield","Rampage+1","Searing Blow+1","Combust"],"picked":"Whirlwind+1","floor":46},{"not_picked":["Heavy Blade+1","Dropkick+1","Thunderclap+1","hubris:ReadiedAction"],"picked":"Infernal Blade+1","floor":47},{"not_picked":["Rage+1","ReplayTheSpireMod:Strike From Hell+1","Armaments","Anger+1"],"picked":"Shrug It Off","floor":48}],"player_experience":2042647,"relics_obtained":[{"floor":1.0,"key":"SynthV:TestCard"},{"floor":6.0,"key":"Lizard Tail"},{"floor":12.0,"key":"ReplayTheSpireMod:Ring of Addiction"},{"floor":12.0,"key":"Potion Belt"},{"floor":12.0,"key":"Toy Ornithopter"},{"floor":20.0,"key":"wanderingMiniBosses:CarrionFlame"},{"floor":23.0,"key":"Boot"},{"floor":25.0,"key":"Red Skull"},{"floor":26.0,"key":"Magic Flower"},{"floor":30,"key":"Replay:Bandana"},{"floor":40,"key":"The Courier"},{"floor":42,"key":"hubris:CuriousFeather"},{"floor":43,"key":"ReplayFunnel"},{"floor":48,"key":"Ornamental Fan"},{"floor":49,"key":"potionbrewer:WarMedal"}],"event_choices":[{"damage_healed":0.0,"max_hp_gain":0.0,"max_hp_loss":0.0,"gold_gain":0.0,"event_name":"Accursed Blacksmith","player_choice":"Forge","floor":4.0,"gold_loss":0.0,"damage_taken":0.0,"cards_upgraded":["Searing Blow"]},{"cards_removed":["Evolve"],"damage_healed":0,"gold_gain":0,"player_choice":"Gave Card","damage_taken":0,"relics_obtained":["hubris:SlimyHat"],"max_hp_gain":0,"max_hp_loss":0,"event_name":"WeMeetAgain","floor":37,"gold_loss":0}],"is_beta":false,"boss_relics":[{"not_picked":["GreenFoldingFan","Runic Dome"],"picked":"Pandora\u0027s Box"},{"not_picked":["Painkiller Herb","Ooze Armor"],"picked":"hubris:Backtick"}],"items_purged_floors":[],"is_endless":false,"potions_floor_spawned":[1,10,16,18,19,20,30,35,38,47,48],"ascension_level":20}}