{"host":"nxnzcl474ro3ewbj","time":1611273656,"event":{"mods":["2.2 Compatiblity","Act Like it!","BaseMod","Better Third Choice","Better-Laid Plans","Colored Map","Custom Start","Highlight Path","Keyboard Shortcuts","Minty Spire (QoL Compilation)","Quick Restart","Rare Cards Sparkle","Relic Stats","Shop Mod","Slay the Relics Exporter","StSLib","SuperFastMode"],"gold_per_floor":[113,113,132,151,151,151,176,34,34,146,191,203,242,273,285,399,411,438,470,494,16,32,32,42,68,91,16,32,64,64,98,98,198,198,217,217,228,281,281,311,323,323,323],"floor_reached":42,"language":"KOR","playtime":1551,"items_purged":["Strike_P","Strike_P"],"score":953,"play_id":"518cb356-6d90-41ce-a1ba-e28be6970afd","local_time":"20210122090056","is_ascension_mode":true,"campfire_choices":[{"data":"ForeignInfluence","floor":6,"key":"SMITH"},{"data":"EmptyFist","floor":12,"key":"SMITH"},{"data":"Omniscience","floor":15,"key":"SMITH"},{"floor":23,"key":"REST"},{"data":"MentalFortress","floor":30,"key":"SMITH"},{"data":"EmptyMind","floor":32,"key":"SMITH"}],"circlet_count":0,"master_deck":["Defend_P","Defend_P","Eruption+1","Vigilance","Indignation+1","WheelKick","ForeignInfluence+1","EmptyFist+1","MentalFortress+1","FlurryOfBlows","Study+1","Omniscience+1","DevaForm+1","EmptyMind+1","InnerPeace+1","Omniscience","JustLucky+1","Vengeance+1","Crescendo+1","MentalFortress+1","Master of Strategy","Scrawl"],"relics":["PureWater","Sundial","MawBank","Ancient Tea Set","Frozen Egg 2","Runic Dome","Happy Flower","Meat on the Bone","PreservedInsect","Kunai","Smiling Mask","Astrolabe","Turnip","Vajra"],"acts_visited":["Exordium","TheCity","TheBeyond"],"potions_floor_usage":[18,22,25,33,33,40],"damage_taken":[{"damage":11,"enemies":"2 Louse","floor":1,"turns":2},{"damage":0,"enemies":"Cultist","floor":3,"turns":2},{"damage":2,"enemies":"Jaw Worm","floor":4,"turns":3},{"damage":0,"enemies":"Gremlin Nob","floor":7,"turns":2},{"damage":0,"enemies":"Lagavulin","floor":11,"turns":3},{"damage":7,"enemies":"3 Sentries","floor":13,"turns":2},{"damage":5,"enemies":"Gremlin Gang","floor":14,"turns":3},{"damage":0,"enemies":"Slime Boss","floor":16,"turns":1},{"damage":9,"enemies":"2 Thieves","floor":18,"turns":2},{"damage":9,"enemies":"Shell Parasite","floor":19,"turns":3},{"damage":38,"enemies":"Snake Plant","floor":20,"turns":4},{"damage":7,"enemies":"Shelled Parasite and Fungi","floor":22,"turns":3},{"damage":14,"enemies":"Snecko","floor":24,"turns":3},{"damage":24,"enemies":"Slavers","floor":25,"turns":4},{"damage":0,"enemies":"Sentry and Sphere","floor":28,"turns":3},{"damage":0,"enemies":"Gremlin Leader","floor":29,"turns":3},{"damage":0,"enemies":"Slavers","floor":31,"turns":3},{"damage":2,"enemies":"Champ","floor":33,"turns":6},{"damage":3,"enemies":"3 Darklings","floor":35,"turns":4},{"damage":3,"enemies":"Orb Walker","floor":37,"turns":2},{"damage":19,"enemies":"2 Orb Walkers","floor":38,"turns":3},{"damage":0,"enemies":"Reptomancer","floor":40,"turns":2},{"damage":9,"enemies":"Transient","floor":41,"turns":5},{"damage":72,"enemies":"Spire Growth","floor":42,"turns":2}],"seed_played":"1987477053759458415","potions_obtained":[{"floor":11,"key":"SpeedPotion"},{"floor":13,"key":"LiquidBronze"},{"floor":14,"key":"Swift Potion"},{"floor":20,"key":"CultistPotion"},{"floor":25,"key":"SpeedPotion"},{"floor":31,"key":"Ancient Potion"},{"floor":33,"key":"Explosive Potion"},{"floor":37,"key":"StancePotion"}],"is_trial":false,"path_per_floor":["M","?","M","M","?","R","E","$","T","?","E","R","E","M","R","B",null,"M","M","M","$","M","R","M","E","T","?","M","E","R","E","R","B",null,"M","?","M","?","?","E","M","M"],"character_chosen":"WATCHER","items_purchased":["MentalFortress","Happy Flower","Meat on the Bone"],"campfire_rested":1,"item_purchase_floors":[8,21,21],"current_hp_per_floor":[54,54,54,52,57,57,57,57,57,57,57,57,50,45,45,45,69,60,51,13,13,18,41,39,27,27,27,39,39,39,39,39,49,70,67,60,57,50,40,40,43,0,0],"gold":323,"neow_bonus":"UPGRADE_CARD","is_daily":false,"chose_seed":false,"campfire_upgraded":5,"win_rate":0.0,"timestamp":1611273656,"path_taken":["M","?","M","?","?","R","E","$","T","?","E","R","E","M","R","BOSS","M","M","?","$","M","R","M","E","T","?","M","E","R","E","R","BOSS","M","?","?","?","?","E","M","M"],"items_purchased_type":["Card","Relic","Relic"],"build_version":"2020-12-22","purchased_purges":2,"victory":false,"max_hp_per_floor":[72,72,72,72,77,77,77,77,77,77,77,77,77,77,77,77,77,77,77,77,77,77,77,77,77,77,77,77,77,77,77,77,77,77,77,77,77,77,77,77,77,77,77],"relic_stats":{"Happy Flower":[14],"counters":[24,70],"Sundial":[14],"Astrolabe":["JustLucky","Vengeance","Crescendo"],"PreservedInsect":149,"Turnip":[0],"Kunai":[27],"MawBank":144,"Smiling Mask":0,"obtain_stats":[{"Happy Flower":21,"Astrolabe":34,"Vajra":40,"PreservedInsect":25,"Frozen Egg 2":13,"MawBank":9,"Ancient Tea Set":11,"Smiling Mask":31,"Runic Dome":17,"Sundial":7,"Turnip":38,"Kunai":29,"PureWater":0,"Meat on the Bone":21},{"Happy Flower":11,"Astrolabe":18,"Vajra":22,"PreservedInsect":14,"Frozen Egg 2":6,"MawBank":4,"Ancient Tea Set":5,"Smiling Mask":17,"Runic Dome":8,"Sundial":4,"Turnip":21,"Kunai":16,"PureWater":0,"Meat on the Bone":11},{"Happy Flower":27,"Astrolabe":52,"Vajra":63,"PreservedInsect":37,"Frozen Egg 2":14,"MawBank":9,"Ancient Tea Set":12,"Smiling Mask":46,"Runic Dome":18,"Sundial":9,"Turnip":61,"Kunai":43,"PureWater":0,"Meat on the Bone":27}],"Meat on the Bone":84},"card_choices":[{"not_picked":["Protect","Prostrate"],"picked":"Indignation","floor":1},{"not_picked":["FlyingSleeves","Consecrate"],"picked":"WheelKick","floor":3},{"not_picked":["Pray","Protect"],"picked":"ForeignInfluence","floor":4},{"not_picked":["Wallop","CrushJoints"],"picked":"EmptyFist","floor":7},{"not_picked":["Perseverance","ThirdEye"],"picked":"FlurryOfBlows","floor":11},{"not_picked":["Protect","Crescendo"],"picked":"Study+1","floor":13},{"not_picked":["Perseverance","BowlingBash"],"picked":"Omniscience","floor":14},{"not_picked":["Alpha","Devotion+1"],"picked":"DevaForm+1","floor":16},{"not_picked":["ThirdEye","ReachHeaven","SandsOfTime"],"picked":"SKIP","floor":18},{"not_picked":["FlurryOfBlows","FollowUp","Swivel"],"picked":"SKIP","floor":19},{"not_picked":["ThirdEye+1","EmptyFist","Halt"],"picked":"SKIP","floor":20},{"not_picked":["EmptyFist","Vengeance+1","SashWhip"],"picked":"SKIP","floor":22},{"not_picked":["Collect","PathToVictory"],"picked":"EmptyMind","floor":24},{"not_picked":["Worship","ThirdEye","WaveOfTheHand+1"],"picked":"SKIP","floor":25},{"not_picked":["EmptyMind","Evaluate"],"picked":"InnerPeace+1","floor":28},{"not_picked":["DeusExMachina","Evaluate","PathToVictory"],"picked":"SKIP","floor":29},{"not_picked":["FlyingSleeves","FollowUp","CrushJoints"],"picked":"SKIP","floor":31},{"not_picked":["Blasphemy","LessonLearned"],"picked":"Omniscience","floor":33},{"not_picked":["ThirdEye","Protect+1","Evaluate"],"picked":"SKIP","floor":35},{"not_picked":["Crescendo+1","FollowUp","Consecrate"],"picked":"SKIP","floor":37},{"not_picked":["Prostrate","Pray+1"],"picked":"MentalFortress+1","floor":38},{"not_picked":["Purity","Panacea"],"picked":"Master of Strategy","floor":39},{"not_picked":["FlurryOfBlows","FearNoEvil"],"picked":"Scrawl","floor":40},{"not_picked":["FlyingSleeves","FlurryOfBlows+1","Evaluate+1"],"picked":"SKIP","floor":41}],"player_experience":68306,"relics_obtained":[{"floor":7,"key":"Sundial"},{"floor":9,"key":"MawBank"},{"floor":11,"key":"Ancient Tea Set"},{"floor":13,"key":"Frozen Egg 2"},{"floor":25,"key":"PreservedInsect"},{"floor":29,"key":"Kunai"},{"floor":31,"key":"Smiling Mask"},{"floor":38,"key":"Turnip"},{"floor":40,"key":"Vajra"}],"event_choices":[{"damage_healed":0,"gold_gain":0,"player_choice":"Forge","damage_taken":0,"max_hp_gain":0,"max_hp_loss":0,"event_name":"Accursed Blacksmith","floor":2,"gold_loss":0,"cards_upgraded":["Indignation"]},{"damage_healed":0,"gold_gain":0,"player_choice":"Donut","damage_taken":0,"max_hp_gain":5,"max_hp_loss":0,"event_name":"Big Fish","floor":5,"gold_loss":0},{"damage_healed":0,"gold_gain":100,"player_choice":"Pray","damage_taken":0,"max_hp_gain":0,"max_hp_loss":0,"event_name":"Golden Shrine","floor":10,"gold_loss":0},{"cards_removed":["Strike_P"],"damage_healed":0,"gold_gain":0,"player_choice":"Gave Gold","damage_taken":0,"max_hp_gain":0,"max_hp_loss":0,"event_name":"Beggar","floor":27,"gold_loss":75},{"damage_healed":0,"gold_gain":0,"player_choice":"Damaged","damage_taken":7,"max_hp_gain":0,"max_hp_loss":0,"event_name":"Wheel of Change","floor":36,"gold_loss":0},{"damage_healed":0,"gold_gain":0,"player_choice":"Fight","damage_taken":0,"max_hp_gain":0,"max_hp_loss":0,"event_name":"Mysterious Sphere","floor":38,"gold_loss":0},{"damage_healed":0,"gold_gain":0,"player_choice":"Random: Blue","damage_taken":0,"max_hp_gain":0,"max_hp_loss":0,"event_name":"betterThird:BetterPortal","floor":39,"gold_loss":0},{"damage_healed":0,"gold_gain":0,"player_choice":"Memory 3","damage_taken":10,"max_hp_gain":0,"max_hp_loss":0,"event_name":"SensoryStone","floor":39,"gold_loss":0}],"is_beta":false,"boss_relics":[{"not_picked":["Calling Bell","Philosopher\u0027s Stone"],"picked":"Runic Dome"},{"not_picked":["Cursed Key","Busted Crown"],"picked":"Astrolabe"}],"items_purged_floors":[8,21],"is_endless":false,"potions_floor_spawned":[11,13,14,20,25,31,33,37,38],"killed_by":"Spire Growth","ascension_level":7}}