{"host":"q6ff4ns2kep02ti6","time":1611321031,"event":{"mods":["AchievementEnabler","BaseMod","Minty Spire (QoL Compilation)","Relic Stats","StSLib","Unceasing Turn Reminder"],"gold_per_floor":[116,127,143,143,143,143,172,172,172,172,185,26,57,57,57,57,57],"floor_reached":16,"language":"ENG","playtime":628,"items_purged":["Strike_R"],"score":266,"play_id":"327fe870-0473-4411-a70c-8be542b7b7df","local_time":"20210122141031","is_ascension_mode":true,"campfire_choices":[{"data":"Inflame","floor":6,"key":"SMITH"},{"floor":8,"key":"REST"},{"floor":15,"key":"REST"}],"circlet_count":0,"master_deck":["AscendersBane","Strike_R","Strike_R","Strike_R","Strike_R","Defend_R","Defend_R","Defend_R","Defend_R","Bash","Sword Boomerang","Inflame+1","Heavy Blade","Armaments+1","Flame Barrier","Metallicize"],"relics":["SacredBark","Gremlin Horn","Pen Nib","Sundial","Letter Opener"],"acts_visited":["Exordium"],"potions_floor_usage":[7,13,16],"damage_taken":[{"damage":10,"enemies":"Small Slimes","floor":1,"turns":5},{"damage":14,"enemies":"2 Louse","floor":2,"turns":3},{"damage":6,"enemies":"Cultist","floor":3,"turns":3},{"damage":22,"enemies":"3 Sentries","floor":7,"turns":6},{"damage":18,"enemies":"Exordium Wildlife","floor":11,"turns":5},{"damage":0,"enemies":"Gremlin Nob","floor":13,"turns":2},{"damage":41,"enemies":"Hexaghost","floor":16,"turns":9}],"seed_played":"1706985981535893461","potions_obtained":[{"floor":1,"key":"Dexterity Potion"},{"floor":7,"key":"DuplicationPotion"}],"is_trial":false,"path_per_floor":["M","M","M","?","?","R","E","R","T","?","M","$","E","?","R","B"],"character_chosen":"IRONCLAD","items_purchased":["Regen Potion"],"campfire_rested":2,"item_purchase_floors":[12],"current_hp_per_floor":[58,44,38,27,27,27,5,27,27,27,9,9,9,9,31,0,0],"gold":57,"neow_bonus":"BOSS_RELIC","is_daily":false,"chose_seed":false,"campfire_upgraded":1,"win_rate":0.0,"timestamp":1611321031,"path_taken":["M","M","M","?","?","R","E","R","T","?","M","$","E","?","R","BOSS"],"items_purchased_type":["Potion"],"build_version":"2020-12-22","purchased_purges":1,"victory":false,"max_hp_per_floor":[75,75,75,75,75,75,75,75,75,75,75,75,75,75,75,75,75],"relic_stats":{"Gremlin Horn":[3,3],"counters":[7,33],"Sundial":[2],"Pen Nib":[1],"Letter Opener":[0],"obtain_stats":[{"Gremlin Horn":4,"Sundial":9,"SacredBark":0,"Pen Nib":7,"Letter Opener":13,"Burning Blood":0},{"Gremlin Horn":3,"Sundial":4,"SacredBark":0,"Pen Nib":4,"Letter Opener":6,"Burning Blood":0},{"Gremlin Horn":11,"Sundial":17,"SacredBark":0,"Pen Nib":17,"Letter Opener":24,"Burning Blood":0}]},"card_choices":[{"not_picked":["Body Slam","Anger"],"picked":"Sword Boomerang","floor":1},{"not_picked":["Shrug It Off","Iron Wave"],"picked":"Inflame","floor":2},{"not_picked":["Metallicize","Dropkick"],"picked":"Heavy Blade","floor":3},{"not_picked":["Thunderclap","True Grit"],"picked":"Armaments","floor":7},{"not_picked":["Second Wind","Bloodletting"],"picked":"Flame Barrier","floor":11},{"not_picked":["Cleave","Entrench"],"picked":"Metallicize","floor":13}],"player_experience":997195,"relics_obtained":[{"floor":7,"key":"Pen Nib"},{"floor":9,"key":"Sundial"},{"floor":13,"key":"Letter Opener"}],"event_choices":[{"damage_healed":0,"gold_gain":0,"player_choice":"Success","damage_taken":11,"relics_obtained":["Gremlin Horn"],"max_hp_gain":0,"max_hp_loss":0,"event_name":"Scrap Ooze","floor":4,"gold_loss":0},{"damage_healed":0,"gold_gain":0,"player_choice":"Ignored","damage_taken":0,"max_hp_gain":0,"max_hp_loss":0,"event_name":"Liars Game","floor":5,"gold_loss":0},{"damage_healed":0,"gold_gain":0,"player_choice":"Ignored","damage_taken":0,"max_hp_gain":0,"max_hp_loss":0,"event_name":"Shining Light","floor":10,"gold_loss":0},{"damage_healed":0,"gold_gain":0,"player_choice":"Upgraded","damage_taken":0,"max_hp_gain":0,"max_hp_loss":0,"event_name":"Upgrade Shrine","floor":14,"gold_loss":0,"cards_upgraded":["Armaments"]}],"is_beta":false,"boss_relics":[],"items_purged_floors":[12],"is_endless":false,"potions_floor_spawned":[1,7],"killed_by":"Hexaghost","ascension_level":20}}