{"host":"8fuipfsvjht9cgcs","time":1611294053,"event":{"mods":["AchievementEnabler","BaseMod","Colored Map","Colored Powertips","DeckTracker","Friendly Minions","Kiyohime£¨?ýï£©","Marisa£¨Ùöéë¡¡Øª×âÞÞ£©","Minty Spire (QoL Compilation)","Prisma Mod","StSLib","SuperFastMode","The Cursed","The Gatherer"],"gold_per_floor":[31,68,68,122,181,181,216,216,290,354,354,397,397,397,397,523,523,564,604,665,340,402,402,459,459,459,486,166,229,273,314,314,441,441,485,707,720,795,427,484,484,511,511,63,63,108,108,137,137,137,137],"floor_reached":50,"language":"KOR","playtime":3654,"items_purged":["WheelKick","Strike_P","Strike_P","Defend_P"],"score":822,"play_id":"aca62ee8-6643-4bb5-99d3-e4665b2ddd54","local_time":"20210122184053","is_ascension_mode":true,"campfire_choices":[{"data":"HandOfGreed","floor":6.0,"key":"SMITH"},{"data":"Eruption","floor":8.0,"key":"SMITH"},{"data":"Vigilance","floor":11.0,"key":"SMITH"},{"data":"EmptyFist","floor":15.0,"key":"SMITH"},{"data":"DeusExMachina","floor":23.0,"key":"SMITH"},{"floor":32.0,"key":"REST"},{"data":"MentalFortress","floor":41.0,"key":"SMITH"},{"data":"MentalFortress","floor":45.0,"key":"SMITH"},{"floor":49,"key":"REST"}],"circlet_count":0,"master_deck":["Eruption+1","Vigilance+1","HandOfGreed+1","EmptyFist+1","DeusExMachina+1","Wish+1","Fasting2+1","Wireheading+1","WheelKick+1","Crescendo+1","MentalFortress+1","MentalFortress+1","DeusExMachina+1","EmptyBody+1","Wraith","Adaptation+1"],"relics":["PureWater","Ornamental Fan","Toxic Egg 2","Astrolabe","Question Card","Red Mask","Pantograph","White Beast Statue","PreservedInsect","VioletLotus","CaptainsWheel","Meat on the Bone","Prayer Wheel","Turnip","TungstenRod","Lantern","Pen Nib","Bag of Marbles"],"acts_visited":["Exordium","TheCity","TheBeyond"],"potions_floor_usage":[48,50,50],"damage_taken":[{"damage":2.0,"enemies":"Cultist","floor":1.0,"turns":3.0},{"damage":2.0,"enemies":"Jaw Worm","floor":2.0,"turns":2.0},{"damage":2.0,"enemies":"Small Slimes","floor":4.0,"turns":3.0},{"damage":0.0,"enemies":"Exordium Wildlife","floor":5.0,"turns":3.0},{"damage":19.0,"enemies":"Large Slime","floor":7.0,"turns":6.0},{"damage":0.0,"enemies":"2 Fungi Beasts","floor":10.0,"turns":4.0},{"damage":1.0,"enemies":"Blue Slaver","floor":12.0,"turns":4.0},{"damage":23.0,"enemies":"The Guardian","floor":16.0,"turns":9.0},{"damage":0.0,"enemies":"Shell Parasite","floor":18.0,"turns":4.0},{"damage":12.0,"enemies":"Chosen","floor":19.0,"turns":4.0},{"damage":18.0,"enemies":"Centurion and Healer","floor":20.0,"turns":4.0},{"damage":4.0,"enemies":"Chosen and Byrds","floor":22.0,"turns":3.0},{"damage":0.0,"enemies":"Masked Bandits","floor":24.0,"turns":2.0},{"damage":4.0,"enemies":"Gremlin Leader","floor":27.0,"turns":3.0},{"damage":0.0,"enemies":"Cultist and Chosen","floor":29.0,"turns":4.0},{"damage":0.0,"enemies":"Snecko","floor":30.0,"turns":3.0},{"damage":9.0,"enemies":"Sentry and Sphere","floor":31.0,"turns":4.0},{"damage":34.0,"enemies":"Champ","floor":33.0,"turns":9.0},{"damage":0.0,"enemies":"3 Shapes","floor":35.0,"turns":4.0},{"damage":32.0,"enemies":"3 Darklings","floor":37.0,"turns":4.0},{"damage":18.0,"enemies":"Mind Bloom Boss Battle","floor":38.0,"turns":7.0},{"damage":43.0,"enemies":"Nemesis","floor":40.0,"turns":7.0},{"damage":0.0,"enemies":"Reptomancer","floor":42.0,"turns":2.0},{"damage":0.0,"enemies":"Maw","floor":46.0,"turns":5.0},{"damage":2,"enemies":"Nemesis","floor":48,"turns":7},{"damage":77,"enemies":"Time Eater","floor":50,"turns":11}],"seed_played":"5996395334720752318","potions_obtained":[{"floor":4.0,"key":"GamblersBrew"},{"floor":7.0,"key":"Dexterity Potion"},{"floor":12.0,"key":"StancePotion"},{"floor":16.0,"key":"Ambrosia"},{"floor":20.0,"key":"Ambrosia"},{"floor":22.0,"key":"AttackPotion"},{"floor":24.0,"key":"StancePotion"},{"floor":29.0,"key":"SneckoOil"},{"floor":30.0,"key":"Ambrosia"},{"floor":31.0,"key":"DistilledChaos"},{"floor":33.0,"key":"FairyPotion"},{"floor":35.0,"key":"BottledMiracle"},{"floor":37.0,"key":"SpeedPotion"},{"floor":38.0,"key":"DuplicationPotion"},{"floor":40.0,"key":"Swift Potion"},{"floor":42.0,"key":"DuplicationPotion"},{"floor":46.0,"key":"DuplicationPotion"},{"floor":48,"key":"AttackPotion"}],"is_trial":false,"path_per_floor":["M","M","T","M","M","R","M","R","T","M","R","M","?","?","R","B",null,"M","M","M","$","M","R","?","?","T","E","$","M","M","M","R","B",null,"M","?","M","?","$","E","R","E","T","$","R","M","?","E","R","B"],"character_chosen":"WATCHER","items_purchased":["Question Card","PreservedInsect","Regen Potion","Meat on the Bone","Lantern","Pen Nib"],"campfire_rested":2,"item_purchase_floors":[21,28,28,39,44,44],"current_hp_per_floor":[63,61,61,59,59,59,40,40,40,40,40,39,32,32,32,9,56,56,44,26,26,22,22,22,9,9,5,5,14,14,5,28,19,63,63,63,31,38,38,35,35,47,47,47,47,47,47,45,68,0,0],"gold":137,"neow_bonus":"RANDOM_COLORLESS_2","is_daily":false,"chose_seed":false,"campfire_upgraded":7,"win_rate":0.0,"timestamp":1611294053,"path_taken":["M","M","?","M","M","R","M","R","T","?","R","M","?","?","R","BOSS","M","M","M","$","M","R","?","?","T","E","$","M","M","M","R","BOSS","M","?","M","?","$","E","R","E","T","$","R","M","?","E","R","BOSS"],"items_purchased_type":["Relic","Relic","Potion","Relic","Relic","Relic"],"build_version":"2020-12-22","purchased_purges":4,"victory":false,"max_hp_per_floor":[72,72,72,72,72,72,72,72,72,72,72,72,72,72,72,72,72,72,72,72,72,72,72,72,77,77,77,77,77,77,77,77,77,77,77,77,77,77,77,77,77,77,77,77,77,77,77,77,77,77,77],"card_choices":[{"not_picked":["Sadistic Nature","Mayhem"],"picked":"HandOfGreed","floor":0.0},{"not_picked":["PathToVictory","Consecrate"],"picked":"EmptyFist","floor":1.0},{"not_picked":["Worship","TalkToTheHand","JustLucky"],"picked":"SKIP","floor":2.0},{"not_picked":["LikeWater","CutThroughFate"],"picked":"WheelKick","floor":4.0},{"not_picked":["CutThroughFate","FlyingSleeves","Protect"],"picked":"SKIP","floor":5.0},{"not_picked":["EmptyFist","FlurryOfBlows"],"picked":"DeusExMachina","floor":7.0},{"not_picked":["ForeignInfluence+1","CarveReality","EmptyBody+1"],"picked":"SKIP","floor":10.0},{"not_picked":["JustLucky","Prostrate+1","WreathOfFlame+1"],"picked":"SKIP","floor":12.0},{"not_picked":["MasterReality","Omniscience+1"],"picked":"Wish+1","floor":16.0},{"not_picked":["Vengeance+1","Consecrate","EmptyFist"],"picked":"SKIP","floor":18.0},{"not_picked":["Halt+1","SashWhip","CrushJoints"],"picked":"SKIP","floor":19.0},{"not_picked":["ForeignInfluence+1","Fasting2","CrushJoints"],"picked":"SKIP","floor":20.0},{"not_picked":["Evaluate+1","Judgement+1","Wireheading+1","BattleHymn"],"picked":"SKIP","floor":22.0},{"not_picked":["PathToVictory+1","Prostrate+1","Consecrate"],"picked":"Crescendo+1","floor":24.0},{"not_picked":["WreathOfFlame+1","JustLucky","FlyingSleeves","Alpha+1"],"picked":"SKIP","floor":27.0},{"not_picked":["LikeWater","Meditate+1","FlurryOfBlows+1"],"picked":"MentalFortress","floor":29.0},{"not_picked":["ThirdEye+1","CrushJoints","ForeignInfluence+1"],"picked":"MentalFortress","floor":30.0},{"not_picked":["Swivel+1","FollowUp","Evaluate+1","Prostrate+1"],"picked":"SKIP","floor":31.0},{"not_picked":["ConjureBlade+1","Judgement+1","LessonLearned"],"picked":"DeusExMachina+1","floor":33.0},{"not_picked":["Tantrum","CrushJoints+1","BowlingBash","PathToVictory+1"],"picked":"SKIP","floor":35.0},{"not_picked":["JustLucky+1","FollowUp+1","ThirdEye+1","FlyingSleeves+1"],"picked":"SKIP","floor":37.0},{"not_picked":["JustLucky","WaveOfTheHand+1","Alpha+1","Nirvana+1"],"picked":"SKIP","floor":40.0},{"not_picked":["Sanctity+1","Indignation+1","Collect+1","Crescendo+1"],"picked":"SKIP","floor":42.0},{"not_picked":["Prostrate+1","SignatureMove+1","Protect+1"],"picked":"EmptyBody+1","floor":46.0},{"not_picked":["BowlingBash","JustLucky","EmptyBody+1","CrushJoints"],"picked":"SKIP","floor":46.0},{"not_picked":["WheelKick","LikeWater+1","Pray+1"],"picked":"Adaptation+1","floor":48}],"player_experience":437266,"relics_obtained":[{"floor":3.0,"key":"Ornamental Fan"},{"floor":9.0,"key":"Toxic Egg 2"},{"floor":24.0,"key":"Red Mask"},{"floor":26.0,"key":"Pantograph"},{"floor":27.0,"key":"White Beast Statue"},{"floor":38.0,"key":"CaptainsWheel"},{"floor":40.0,"key":"Prayer Wheel"},{"floor":42.0,"key":"Turnip"},{"floor":43.0,"key":"TungstenRod"},{"floor":48,"key":"Bag of Marbles"}],"event_choices":[{"cards_removed":["Strike_P"],"damage_healed":0.0,"max_hp_gain":0.0,"max_hp_loss":0.0,"gold_gain":0.0,"event_name":"Golden Wing","player_choice":"Card Removal","floor":13.0,"gold_loss":0.0,"damage_taken":7.0},{"cards_removed":["Defend_P"],"damage_healed":0.0,"max_hp_gain":0.0,"max_hp_loss":0.0,"gold_gain":0.0,"event_name":"Living Wall","player_choice":"Forget","floor":14.0,"gold_loss":0.0,"damage_taken":0.0},{"damage_healed":0.0,"max_hp_gain":0.0,"max_hp_loss":0.0,"gold_gain":0.0,"event_name":"Masked Bandits","player_choice":"Fought Bandits","floor":24.0,"gold_loss":0.0,"damage_taken":0.0},{"damage_healed":0.0,"max_hp_gain":5.0,"max_hp_loss":0.0,"gold_gain":0.0,"event_name":"Forgotten Altar","player_choice":"Shed Blood","floor":25.0,"gold_loss":0.0,"damage_taken":18.0},{"damage_healed":0.0,"max_hp_gain":0.0,"max_hp_loss":0.0,"gold_gain":222.0,"event_name":"Tomb of Lord Red Mask","player_choice":"Wore Mask","floor":36.0,"gold_loss":0.0,"damage_taken":0.0},{"damage_healed":0.0,"max_hp_gain":0.0,"max_hp_loss":0.0,"gold_gain":0.0,"event_name":"MindBloom","player_choice":"Fight","floor":38.0,"gold_loss":0.0,"damage_taken":0.0},{"damage_healed":0,"gold_gain":0,"player_choice":"Ignored","damage_taken":0,"max_hp_gain":0,"max_hp_loss":0,"event_name":"OrinTheCat","floor":47,"gold_loss":0}],"is_beta":false,"boss_relics":[{"not_picked":["Fusion Hammer","Calling Bell"],"picked":"Astrolabe"},{"not_picked":["Busted Crown","Tiny House"],"picked":"VioletLotus"}],"items_purged_floors":[21,28,39,44],"is_endless":false,"potions_floor_spawned":[4,7,12,16,20,22,24,29,30,31,33,35,37,38,40,42,46,48],"killed_by":"Time Eater","ascension_level":8}}