{"host":"sdjng9zhqonqi3uc","time":1611326514,"event":{"mods":["2.2 Compatiblity","AchievementEnabler","BaseMod","Better Note","Better Third Choice","BetterRewards","Colored Map","Colored Powertips","Downfall","Hero for Fun","Hubris","Minty Spire (QoL Compilation)","Quick Restart","Relic Stats","Shop Mod","Spicy Shops","StSLib","Td1madao Mod","The Animator","The Cursed","The Servant 0.9.4"],"gold_per_floor":[119,41,41,41,41,41,41],"floor_reached":6,"language":"ENG","playtime":457,"items_purged":["Regret"],"score":42,"play_id":"353ef634-9e3e-4d7b-9c0e-ec9471f5ad57","local_time":"20210122154154","is_ascension_mode":true,"campfire_choices":[],"circlet_count":0,"master_deck":["animator:Strike_Konosuba","animator:Defend_Konosuba","animator:Strike","animator:Strike","animator:Strike","animator:Defend","animator:Defend","animator:Defend","animator:Kazuma","animator:Aqua+1"],"relics":["animator:LivingPicture","animator:TheMissingPiece","hubris:EmptyBottle","Toy Ornithopter","hubris:Zylophone","Ginger","TwistedFunnel","hubris:ToyBattleship"],"acts_visited":["Exordium"],"potions_floor_usage":[],"damage_taken":[{"damage":9,"enemies":"Cultist","floor":1,"turns":6},{"damage":22,"enemies":"3 Sentries","floor":6,"turns":12}],"seed_played":"-1997123858640190819","potions_obtained":[],"is_trial":false,"path_per_floor":["M","$","?","$","?","E"],"character_chosen":"THE_ANIMATOR","items_purchased":["hubris:EmptyBottle","Toy Ornithopter","Ginger","TwistedFunnel"],"campfire_rested":0,"item_purchase_floors":[0,0,0,2],"current_hp_per_floor":[21,21,18,18,18,0,0],"gold":41,"neow_bonus":"","is_daily":false,"chose_seed":false,"campfire_upgraded":0,"win_rate":0.0,"timestamp":1611326514,"path_taken":["M","?","?","?","?","E"],"items_purchased_type":["Relic","Relic","Relic","Relic"],"build_version":"2020-12-22","purchased_purges":1,"victory":false,"max_hp_per_floor":[66,66,66,66,66,66,66],"relic_stats":{"counters":[2,18],"Ginger":[0],"obtain_stats":[{"hubris:Zylophone":0,"TwistedFunnel":2,"animator:PurgingStone":0,"animator:TheMissingPiece":0,"animator:LivingPicture":0,"hubris:ToyBattleship":3,"Ginger":0,"hubris:EmptyBottle":0,"Toy Ornithopter":0},{"hubris:Zylophone":0,"TwistedFunnel":1,"animator:PurgingStone":0,"animator:TheMissingPiece":0,"animator:LivingPicture":0,"hubris:ToyBattleship":1,"Ginger":0,"hubris:EmptyBottle":0,"Toy Ornithopter":0},{"hubris:Zylophone":0,"TwistedFunnel":6,"animator:PurgingStone":0,"animator:TheMissingPiece":0,"animator:LivingPicture":0,"hubris:ToyBattleship":6,"Ginger":0,"hubris:EmptyBottle":0,"Toy Ornithopter":0}],"Toy Ornithopter":0},"card_choices":[{"not_picked":["animator:Kuribayashi","animator:Souei","animator:Rider"],"picked":"SKIP","floor":1}],"player_experience":356391,"relics_obtained":[],"event_choices":[{"damage_healed":0,"gold_gain":0,"player_choice":"Relic ","damage_taken":3,"max_hp_gain":0,"max_hp_loss":0,"event_name":"betterThird:BetterScrap","floor":3,"gold_loss":0,"cards_obtained":["Hello World"]},{"damage_healed":0,"gold_gain":0,"player_choice":"Grow","damage_taken":0,"max_hp_gain":0,"max_hp_loss":0,"event_name":"Living Wall","floor":5,"gold_loss":0,"cards_upgraded":["animator:Aqua"]}],"is_beta":false,"boss_relics":[],"items_purged_floors":[0],"is_endless":false,"potions_floor_spawned":[],"killed_by":"3 Sentries","ascension_level":6}}