{"host":"g8ufh7m4frdlkxwv","time":1611282474,"event":{"mods":["AchievementEnabler","BaseMod","Colored Map","Dark Map","Minty Spire (QoL Compilation)","Relic Stats","StSLib","ojb\u0027s Info Mod"],"gold_per_floor":[213,213,52,52,71,115,31,43,115,115,139,173,173,201,201,286,286,310,319,340,219,246,283,283,312,321,363,363,20,20,20,20,106,106,133,151,169,178,198,235,235,264,321,340,340,367,390,406,406,406,406],"floor_reached":50,"language":"ENG","playtime":2265,"items_purged":["Pain"],"score":1492,"play_id":"3915af57-2173-49e8-a1c5-35855aa4053a","local_time":"20210122032754","is_ascension_mode":true,"campfire_choices":[{"data":"Survivor","floor":10.0,"key":"SMITH"},{"data":"Dagger Throw","floor":13.0,"key":"SMITH"},{"data":"Backstab","floor":15.0,"key":"SMITH"},{"data":"Corpse Explosion","floor":24,"key":"SMITH"},{"data":"Ghostly","floor":28,"key":"SMITH"},{"data":"Ghostly","floor":30,"key":"SMITH"},{"data":"Ghostly","floor":32,"key":"SMITH"},{"data":"Wraith Form v2","floor":41,"key":"SMITH"},{"data":"Phantasmal Killer","floor":45,"key":"SMITH"},{"floor":49,"key":"RECALL"}],"circlet_count":0,"master_deck":["AscendersBane","Strike_G","Strike_G","Strike_G","Strike_G+1","Strike_G","Defend_G","Defend_G","Defend_G","Defend_G","Defend_G","Survivor+1","Neutralize+1","Flying Knee","Dagger Throw+1","Flying Knee","Escape Plan+1","Backstab+1","Corpse Explosion+1","Footwork+1","Injury","Backflip+1","Phantasmal Killer+1","Dash","Underhanded Strike+1","Footwork","Acrobatics","Ghostly+1","Ghostly+1","Ghostly+1","Blade Dance","Backflip","Wraith Form v2+1","Tactician+1","Madness","Madness","Doppelganger","Terror+1","PiercingWail+1","Regret","Backflip"],"relics":["Ring of the Snake","Bronze Scales","PreservedInsect","CeramicFish","Gremlin Horn","Lantern","Cursed Key","Orrery","Bag of Preparation","Regal Pillow","Eternal Feather","Shuriken","Membership Card","Ninja Scroll","Philosopher\u0027s Stone","Pen Nib","Bottled Lightning","War Paint","Pocketwatch"],"acts_visited":["Exordium","TheCity","TheBeyond"],"potions_floor_usage":[16,16,33,33,42,42,48],"damage_taken":[{"damage":2.0,"enemies":"Jaw Worm","floor":1.0,"turns":6.0},{"damage":0.0,"enemies":"2 Louse","floor":5.0,"turns":3.0},{"damage":10.0,"enemies":"Lagavulin","floor":6.0,"turns":5.0},{"damage":0.0,"enemies":"Cultist","floor":8.0,"turns":4.0},{"damage":14.0,"enemies":"Red Slaver","floor":11.0,"turns":4.0},{"damage":0.0,"enemies":"3 Sentries","floor":12.0,"turns":6.0},{"damage":1.0,"enemies":"Looter","floor":14.0,"turns":2.0},{"damage":12,"enemies":"Hexaghost","floor":16,"turns":10},{"damage":13,"enemies":"Shell Parasite","floor":18,"turns":4},{"damage":2,"enemies":"3 Byrds","floor":20,"turns":2},{"damage":14,"enemies":"Gremlin Leader","floor":23,"turns":5},{"damage":0,"enemies":"Slavers","floor":25,"turns":2},{"damage":4,"enemies":"Book of Stabbing","floor":27,"turns":5},{"damage":24,"enemies":"Champ","floor":33,"turns":10},{"damage":1,"enemies":"3 Shapes","floor":35,"turns":3},{"damage":2,"enemies":"Orb Walker","floor":37,"turns":3},{"damage":0,"enemies":"3 Darklings","floor":39,"turns":2},{"damage":6,"enemies":"Reptomancer","floor":40,"turns":3},{"damage":24,"enemies":"Nemesis","floor":42,"turns":7},{"damage":0,"enemies":"4 Shapes","floor":44,"turns":4},{"damage":0,"enemies":"Reptomancer","floor":46,"turns":2},{"damage":5,"enemies":"Maw","floor":47,"turns":7},{"damage":2,"enemies":"Writhing Mass","floor":48,"turns":4},{"damage":33,"enemies":"Time Eater","floor":50,"turns":3}],"seed_played":"-6751706223378484347","potions_obtained":[{"floor":5.0,"key":"SkillPotion"},{"floor":8.0,"key":"Dexterity Potion"},{"floor":12.0,"key":"GhostInAJar"},{"floor":23,"key":"SkillPotion"},{"floor":27,"key":"PowerPotion"},{"floor":33,"key":"SmokeBomb"},{"floor":37,"key":"EntropicBrew"},{"floor":42,"key":"Energy Potion"},{"floor":46,"key":"Poison Potion"}],"is_trial":false,"path_per_floor":["M","?","$","?","M","E","$","M","T","R","M","E","R","M","R","B",null,"M","T","M","$","?","E","R","E","T","E","R","$","R","$","R","B",null,"M","?","M","?","M","E","R","E","T","M","R","E","M","M","R","B"],"character_chosen":"THE_SILENT","items_purchased":["PreservedInsect","Regen Potion","Orrery","Membership Card","Ninja Scroll"],"campfire_rested":0,"item_purchase_floors":[3,7,21,29,29],"current_hp_per_floor":[57,52,52,32,32,22,22,34,34,34,20,20,20,19,19,7,51,38,38,36,36,33,19,19,19,19,15,33,33,33,33,33,9,27,26,20,18,18,18,12,33,9,9,9,33,33,28,26,33,0,0],"gold":406,"neow_bonus":"HUNDRED_GOLD","is_daily":false,"chose_seed":true,"campfire_upgraded":9,"win_rate":0.0,"timestamp":1611282474,"path_taken":["M","?","$","?","M","E","?","?","T","R","M","E","R","M","R","BOSS","M","?","M","$","?","E","R","E","T","E","R","?","R","$","R","BOSS","M","?","M","?","M","E","R","E","T","M","R","E","M","?","R","BOSS"],"items_purchased_type":["Relic","Potion","Relic","Relic","Relic"],"build_version":"2020-12-22","purchased_purges":1,"victory":false,"max_hp_per_floor":[66,66,66,66,66,66,66,66,66,66,66,66,66,66,66,66,66,66,66,66,66,33,33,33,33,33,33,33,33,33,33,33,33,33,33,33,33,33,33,33,33,33,33,33,33,33,33,33,33,33,33],"relic_stats":{"Regal Pillow":0,"Gremlin Horn":[17,17],"counters":[24,106],"CeramicFish":252,"Eternal Feather":70,"PreservedInsect":370,"Pen Nib":[8],"Bag of Preparation":[4],"War Paint":["Backflip","Escape Plan"],"Cursed Key":3,"Shuriken":[33],"Bronze Scales":[303],"obtain_stats":[{"Lantern":12,"Regal Pillow":25,"Gremlin Horn":9,"CeramicFish":6,"Eternal Feather":26,"PreservedInsect":3,"Pen Nib":40,"Bag of Preparation":23,"War Paint":43,"Cursed Key":17,"Shuriken":27,"Ninja Scroll":29,"Bronze Scales":2,"Orrery":21,"Philosopher\u0027s Stone":34,"Membership Card":29,"Bottled Lightning":42,"Ring of the Snake":0,"Pocketwatch":46},{"Lantern":6,"Regal Pillow":12,"Gremlin Horn":4,"CeramicFish":3,"Eternal Feather":12,"PreservedInsect":1,"Pen Nib":18,"Bag of Preparation":11,"War Paint":19,"Cursed Key":8,"Shuriken":13,"Ninja Scroll":13,"Bronze Scales":1,"Orrery":10,"Philosopher\u0027s Stone":14,"Membership Card":13,"Bottled Lightning":19,"Ring of the Snake":0,"Pocketwatch":21},{"Lantern":28,"Regal Pillow":53,"Gremlin Horn":18,"CeramicFish":14,"Eternal Feather":53,"PreservedInsect":6,"Pen Nib":79,"Bag of Preparation":51,"War Paint":86,"Cursed Key":40,"Shuriken":58,"Ninja Scroll":58,"Bronze Scales":6,"Orrery":46,"Philosopher\u0027s Stone":68,"Membership Card":58,"Bottled Lightning":86,"Ring of the Snake":0,"Pocketwatch":92}],"Ring of the Snake":[48],"Pocketwatch":[6]},"card_choices":[{"not_picked":["Catalyst","Quick Slash"],"picked":"Flying Knee","floor":1.0},{"not_picked":["Bane","Footwork"],"picked":"Dagger Throw","floor":5.0},{"not_picked":["Deadly Poison","Concentrate"],"picked":"Flying Knee","floor":6.0},{"not_picked":["Bane","Poisoned Stab","Dodge and Roll"],"picked":"SKIP","floor":8.0},{"not_picked":["Dagger Throw","Deflect"],"picked":"Masterful Stab","floor":11.0},{"not_picked":["Bane","Finisher"],"picked":"Escape Plan","floor":12.0},{"not_picked":["Masterful Stab","Acrobatics"],"picked":"Backstab","floor":14.0},{"not_picked":["After Image","Storm of Steel"],"picked":"Corpse Explosion","floor":16},{"not_picked":["Sucker Punch","Reflex+1"],"picked":"Footwork+1","floor":18},{"not_picked":["Tactician","Prepared"],"picked":"Backflip","floor":20},{"not_picked":["Dash","Bouncing Flask+1"],"picked":"Phantasmal Killer","floor":21},{"not_picked":["Accuracy","Deflect"],"picked":"Dash","floor":21},{"not_picked":["Deadly Poison","Deflect"],"picked":"Underhanded Strike+1","floor":21},{"not_picked":["Dagger Throw","Cloak And Dagger"],"picked":"Footwork","floor":21},{"not_picked":["Prepared","Underhanded Strike"],"picked":"Acrobatics","floor":21},{"not_picked":["Bouncing Flask","Dagger Spray+1"],"picked":"Blade Dance","floor":23},{"not_picked":["Poisoned Stab","Acrobatics","Prepared"],"picked":"SKIP","floor":25},{"not_picked":["Accuracy","Acrobatics"],"picked":"Backflip","floor":27},{"not_picked":["Corpse Explosion","Phantasmal Killer"],"picked":"Wraith Form v2","floor":33},{"not_picked":["Flying Knee","Setup"],"picked":"Tactician+1","floor":35},{"not_picked":["Underhanded Strike","Bane+1","Dagger Spray+1"],"picked":"SKIP","floor":37},{"not_picked":["Endless Agony+1","Distraction"],"picked":"Terror+1","floor":39},{"not_picked":["Backflip","Slice+1"],"picked":"PiercingWail+1","floor":40},{"not_picked":["Outmaneuver","Blur","Choke"],"picked":"SKIP","floor":42},{"not_picked":["Dagger Spray+1","PiercingWail","Skewer"],"picked":"SKIP","floor":44},{"not_picked":["Poisoned Stab","Bane","Masterful Stab"],"picked":"SKIP","floor":46},{"not_picked":["Tactician","Dagger Throw+1"],"picked":"Backflip","floor":47},{"not_picked":["Escape Plan","PiercingWail","Dash"],"picked":"SKIP","floor":48}],"player_experience":1068486,"relics_obtained":[{"floor":6.0,"key":"CeramicFish"},{"floor":9.0,"key":"Gremlin Horn"},{"floor":12.0,"key":"Lantern"},{"floor":23,"key":"Bag of Preparation"},{"floor":25,"key":"Regal Pillow"},{"floor":26,"key":"Eternal Feather"},{"floor":27,"key":"Shuriken"},{"floor":40,"key":"Pen Nib"},{"floor":42,"key":"Bottled Lightning"},{"floor":43,"key":"War Paint"},{"floor":46,"key":"Pocketwatch"}],"event_choices":[{"damage_healed":0.0,"max_hp_gain":0.0,"max_hp_loss":0.0,"gold_gain":0.0,"event_name":"Scrap Ooze","player_choice":"Success","floor":2.0,"gold_loss":0.0,"damage_taken":5.0,"relics_obtained":["Bronze Scales"]},{"damage_healed":0.0,"max_hp_gain":0.0,"max_hp_loss":0.0,"gold_gain":0.0,"event_name":"Shining Light","player_choice":"Entered Light","floor":4.0,"gold_loss":0.0,"damage_taken":20.0,"cards_upgraded":["Neutralize","Strike_G"]},{"damage_healed":0,"gold_gain":0,"player_choice":"Became a Ghost","damage_taken":0,"max_hp_gain":0,"max_hp_loss":33,"event_name":"Ghosts","floor":22,"gold_loss":0,"cards_obtained":["Ghostly","Ghostly","Ghostly"]},{"damage_healed":0,"gold_gain":0,"player_choice":"Embrace Madness","damage_taken":6,"max_hp_gain":0,"max_hp_loss":0,"event_name":"Winding Halls","floor":36,"gold_loss":0,"cards_obtained":["Madness","Madness"]},{"damage_healed":0,"gold_gain":0,"cards_transformed":["Masterful Stab"],"player_choice":"Transformed","damage_taken":0,"max_hp_gain":0,"max_hp_loss":0,"event_name":"Transmorgrifier","floor":38,"gold_loss":0,"cards_obtained":["Doppelganger"]}],"is_beta":false,"boss_relics":[{"not_picked":["Runic Dome","Tiny House"],"picked":"Cursed Key"},{"not_picked":["Sozu","Snecko Eye"],"picked":"Philosopher\u0027s Stone"}],"items_purged_floors":[29],"is_endless":false,"potions_floor_spawned":[5,8,12,23,27,33,37,42,46,47],"killed_by":"Time Eater","ascension_level":20}}