{"host":"Ringo","time":1611300247,"event":{"mods":["BaseMod","Colored Map","Conspire","Dota2Spire","Minty Spire (QoL Compilation)","Replay The Spire","StSLib","The Invoker Mod","[IsaacMod]ÒÔÈö¼âËþ","¡¾ÒÅÎï¿¨ÅÆ¡¿REMEMod"],"gold_per_floor":[114,125,137,148,164,190,223,251,251,281,310,336,370,370,370,447,447,459,45,92,105,123,179,228,277,277,356,414,436,522,11,11,102,102,122,170,272,289,95,95,137,188,188,217,250,250,282,13,13,57,71],"floor_reached":52,"language":"ZHS","playtime":1811,"items_purged":[],"score":2767,"play_id":"e76e7b8c-8888-4d90-b20e-7bd676cd7bfc","local_time":"20210122152407","daily_mods":["SealedDeck","Vintage","Heirloom","Time Dilation","Flight","DeadlyEvents","Elite Swarm","Lethality","Binary"],"is_ascension_mode":true,"campfire_choices":[{"data":"Rupture","floor":15,"key":"SMITH"},{"floor":40,"key":"DIG"},{"data":"REME_Cut","floor":46,"key":"SMITH"},{"floor":49,"key":"DIG"}],"circlet_count":0,"master_deck":["AscendersBane","Shrug It Off+1","Bloodletting+1","Anger","Uppercut+1","Rupture+1","Metallicize","Infernal Blade+1","Clash","Anger","Armaments+1","Hemogenesis+1","Thunderclap","Inflame+1","Metallicize+1","Infernal Blade+1","REME_Cut+1"],"relics":["Burning Blood","Busted Crown","HushsDoor","REME_ComplimentaryCards","replay:Trail_Library","Durian","HowToJump","Dota2Spire:ShadowBlade","Ancient Tea Set","The Courier","BelialBook","Dota2Spire:BladeMail","Blue Candle","BFFS","Bag of Preparation","Singing Bowl","Golden Egg","War Paint","Strawberry","Dota2Spire:LotusOrb","Dota2Spire:Bloodstone","Dota2Spire:AghanimScepter","Dota2Spire:HandOfMidas","Self Forming Clay","Pear","Replay:Mystery Machine","GnawedLeaf","SalivaCoin","NineVolt","Boot","Dota2Spire:ShivaGuard","Replay:Kaleidoscope","Pocketwatch","Dota2Spire:Satanic","Dota2Spire:PowerTreads","SteamSale","Dota2Spire:BlackKingBar","Dream Catcher","Dota2Spire:DrumOfEndurance","Coffee Dripper","Pet Ghost","Shovel","BookofShadows","Thread and Needle","Guide Book","Anchor","BookOfRevelations","conspire:TopHat","Toxic Egg 2","EdensBlessing","Another Sword","Lantern","BargainBundle","Oddly Smooth Stone","Orichalcum","Dota2Spire:EtherealBlade"],"acts_visited":["Exordium","TheCity","TheBeyond"],"potions_floor_usage":[3,6,8,8,16,16,27,50],"damage_taken":[{"damage":0,"enemies":"2 Louse","floor":1,"turns":1},{"damage":0,"enemies":"Cultist","floor":2,"turns":2},{"damage":3,"enemies":"Small Slimes","floor":3,"turns":1},{"damage":0,"enemies":"Red Slaver","floor":4,"turns":1},{"damage":3,"enemies":"2 Fungi Beasts","floor":5,"turns":2},{"damage":12,"enemies":"3 Sentries","floor":6,"turns":4},{"damage":5,"enemies":"Lagavulin","floor":7,"turns":3},{"damage":4,"enemies":"3 Sentries","floor":8,"turns":4},{"damage":1,"enemies":"Gremlin Nob","floor":10,"turns":1},{"damage":3,"enemies":"Lagavulin","floor":11,"turns":1},{"damage":19,"enemies":"3 Sentries","floor":12,"turns":5},{"damage":1,"enemies":"Gremlin Nob","floor":13,"turns":2},{"damage":7,"enemies":"Fading Forest","floor":16,"turns":13},{"damage":4,"enemies":"Shell Parasite","floor":18,"turns":1},{"damage":1,"enemies":"Chosen","floor":20,"turns":2},{"damage":4,"enemies":"Centurion and Healer","floor":21,"turns":1},{"damage":4,"enemies":"Cultist and Chosen","floor":22,"turns":2},{"damage":1,"enemies":"REME_1_Revenger","floor":23,"turns":2},{"damage":4,"enemies":"conspire:Head Lice","floor":24,"turns":1},{"damage":31,"enemies":"REME_1_Revenger","floor":25,"turns":3},{"damage":4,"enemies":"Gremlin Leader","floor":27,"turns":2},{"damage":15,"enemies":"Replay:Snechameleon","floor":28,"turns":2},{"damage":3,"enemies":"Shelled Parasite and Fungi","floor":29,"turns":1},{"damage":22,"enemies":"Book of Stabbing","floor":30,"turns":2},{"damage":4,"enemies":"Champ","floor":33,"turns":3},{"damage":2,"enemies":"Orb Walker","floor":35,"turns":1},{"damage":8,"enemies":"2 Orb Walkers","floor":37,"turns":3},{"damage":1,"enemies":"3 Darklings","floor":38,"turns":1},{"damage":3,"enemies":"Giant Head","floor":41,"turns":2},{"damage":0,"enemies":"Sphere and 2 Shapes","floor":42,"turns":1},{"damage":0,"enemies":"Nemesis","floor":44,"turns":1},{"damage":0,"enemies":"R_Hoarder","floor":45,"turns":2},{"damage":0,"enemies":"Nemesis","floor":47,"turns":1},{"damage":0,"enemies":"Replay:Hell Engine","floor":50,"turns":1},{"damage":0,"enemies":"Time Eater","floor":51,"turns":2}],"seed_played":"-7704801024228442562","potions_obtained":[{"floor":1,"key":"Swift Potion"},{"floor":2,"key":"ColorlessPotion"},{"floor":5,"key":"FearPotion"},{"floor":7,"key":"AttackPotion"},{"floor":8,"key":"LiquidMemories"},{"floor":10,"key":"AttackPotion"},{"floor":18,"key":"Languid Potion"},{"floor":22,"key":"Regen Potion"},{"floor":27,"key":"SpeedPotion"},{"floor":42,"key":"LifebloodPotion"}],"is_trial":true,"path_per_floor":["M","M","M","M","M","E","E","E","T","E","E","E","E","?","R","B",null,"M","$","M","M","M","E","E","E","T","E","E","M","E","$","R_BF","B",null,"M","?","?","M","$","R","E","M","T","E","E","R","E","$","R_BF","B","B",null],"character_chosen":"IRONCLAD","items_purchased":["Dota2Spire:HandOfMidas","Self Forming Clay","Inflame","SteamSale","Dota2Spire:BlackKingBar","Dream Catcher","Dota2Spire:DrumOfEndurance","Metallicize","Infernal Blade","Thread and Needle","Guide Book","BargainBundle","Oddly Smooth Stone","Orichalcum"],"campfire_rested":0,"item_purchase_floors":[19,19,19,31,31,31,31,31,34,39,39,48,48,48],"current_hp_per_floor":[79,80,80,80,80,74,80,80,80,80,80,83,87,87,87,87,87,87,87,97,97,97,97,97,76,76,92,83,86,77,77,97,97,94,94,79,86,91,91,91,94,94,94,94,94,94,94,94,94,94,94],"gold":71,"neow_bonus":"","is_daily":false,"chose_seed":false,"campfire_upgraded":2,"win_rate":0.0,"timestamp":1611300247,"path_taken":["M","M","M","M","M","E","E","E","T","E","E","E","E","?","R","BOSS","M","$","M","M","M","E","E","E","T","E","E","M","E","$","R_BF","BOSS","M","?","?","M","$","R","E","M","T","E","E","R","E","$","R_BF","BOSS","BOSS"],"items_purchased_type":["Relic","Relic","Card","Relic","Relic","Relic","Relic","Card","Card","Relic","Relic","Relic","Relic","Relic"],"build_version":"2020-12-18","purchased_purges":0,"victory":true,"max_hp_per_floor":[80,80,80,80,80,80,80,80,80,80,80,87,87,87,87,87,87,87,87,97,97,97,97,97,97,97,97,97,97,97,97,97,97,94,94,94,94,94,94,94,94,94,94,94,94,94,94,94,94,94,94],"card_choices":[],"player_experience":544012,"relics_obtained":[{"floor":1,"key":"Dota2Spire:ShadowBlade"},{"floor":2,"key":"Ancient Tea Set"},{"floor":3,"key":"The Courier"},{"floor":4,"key":"BelialBook"},{"floor":5,"key":"Dota2Spire:BladeMail"},{"floor":6,"key":"Blue Candle"},{"floor":7,"key":"BFFS"},{"floor":8,"key":"Bag of Preparation"},{"floor":9,"key":"Singing Bowl"},{"floor":10,"key":"Golden Egg"},{"floor":11,"key":"War Paint"},{"floor":12,"key":"Strawberry"},{"floor":13,"key":"Dota2Spire:LotusOrb"},{"floor":18,"key":"Dota2Spire:AghanimScepter"},{"floor":20,"key":"Pear"},{"floor":21,"key":"Replay:Mystery Machine"},{"floor":22,"key":"GnawedLeaf"},{"floor":23,"key":"SalivaCoin"},{"floor":24,"key":"NineVolt"},{"floor":25,"key":"Boot"},{"floor":26,"key":"Dota2Spire:ShivaGuard"},{"floor":27,"key":"Replay:Kaleidoscope"},{"floor":28,"key":"Pocketwatch"},{"floor":29,"key":"Dota2Spire:Satanic"},{"floor":30,"key":"Dota2Spire:PowerTreads"},{"floor":35,"key":"Pet Ghost"},{"floor":37,"key":"Shovel"},{"floor":38,"key":"BookofShadows"},{"floor":40,"key":"Anchor"},{"floor":41,"key":"BookOfRevelations"},{"floor":42,"key":"conspire:TopHat"},{"floor":43,"key":"Toxic Egg 2"},{"floor":44,"key":"EdensBlessing"},{"floor":45,"key":"Another Sword"},{"floor":47,"key":"Lantern"},{"floor":49,"key":"Dota2Spire:EtherealBlade"}],"event_choices":[{"damage_healed":0,"gold_gain":0,"player_choice":"Fight","damage_taken":0,"max_hp_gain":0,"max_hp_loss":0,"event_name":"Mysterious Sphere","floor":37,"gold_loss":0}],"is_beta":true,"boss_relics":[{"not_picked":["conspire:RoyalGoblet","Replay:Wanted Poster"],"picked":"Dota2Spire:Bloodstone"},{"not_picked":[]},{"not_picked":["Painkiller Herb","Kintsugi"],"picked":"Coffee Dripper"},{"not_picked":[]}],"items_purged_floors":[],"is_endless":false,"potions_floor_spawned":[1,2,5,7,8,10,11,18,22,23,27,29,30,41,42,45,47],"ascension_level":20}}