{"host":"xuwi0g0wfi2leo50","time":1611339641,"event":{"mods":["A Magickal Journey","Aspiration","BaseMod","Colored Map","Colored Powertips","Custom Start","DeckTracker","Downfall","Energized Spire","GifTheSpireLib","Highlight Path","Hubris","Infinite Spire","Lobotomy","Marisa????????","Minty Spire (QoL Compilation)","Quick Restart","Random Character Button","StSLib","SuperFastMode","Synergy Search","Td1madao Mod","The Animator","The Cursed","The Jungle","The Runesmith","The Servant 0.9.4","vexMod"],"gold_per_floor":[99,115,290,309,309,322,322,339,239,70,70,70,104,117,134,134,134,134],"floor_reached":16,"language":"ENG","playtime":692,"items_purged":[],"score":102,"play_id":"d88fe80f-2f35-4aa7-a3d5-29baa7d2cf23","local_time":"20210122122041","is_ascension_mode":false,"campfire_choices":[{"data":"TheCursedMod:Dregs","floor":1,"key":"PURGE"},{"data":"Doubt","floor":9,"key":"PURGE"}],"circlet_count":0,"master_deck":["champ:Strike","champ:Strike","champ:Strike","champ:Defend","champ:Defend","champ:Defend","champ:Defend","champ:Execute","champ:Taunt","champ:FocusedBerserking","champ:Encircle","champ:ArenaPreparation","champ:EnGarde","infinitespire:Punishment","champ:ShieldWall"],"relics":["champ:ChampionCrown","Peace Pipe","downfall:HeartBlessingBlue","Blood Vial","Pen Nib"],"acts_visited":["Exordium"],"potions_floor_usage":[8,16],"damage_taken":[{"damage":10,"enemies":"2 Louse","floor":2,"turns":3},{"damage":55,"enemies":"Jaw Worm","floor":4,"turns":8},{"damage":15,"enemies":"Cultist","floor":6,"turns":4},{"damage":35,"enemies":"Exordium Thugs","floor":8,"turns":6},{"damage":40,"enemies":"downfall:FleeingMerchant","floor":10,"turns":4},{"damage":41,"enemies":"Lagavulin","floor":13,"turns":5},{"damage":4,"enemies":"3 Louse","floor":14,"turns":3},{"damage":20,"enemies":"Large Slime","floor":15,"turns":3},{"damage":48,"enemies":"WA_ARCHETYPE_RETAIN","floor":16,"turns":4}],"seed_played":"7273249249795086573","potions_obtained":[{"floor":4,"key":"sneckomod:MuddlingPotion"},{"floor":13,"key":"champ:TechniquePotion"},{"floor":15,"key":"Fire Potion"}],"is_trial":false,"path_per_floor":["R","M","?","M","?","M","T","M","R","$","?","?","E","M","M","B"],"character_chosen":"THE_CHAMP","items_purchased":["Blood Vial"],"campfire_rested":0,"item_purchase_floors":[10],"current_hp_per_floor":[90,90,90,70,79,79,79,69,79,79,79,54,45,43,45,0,0,0],"gold":134,"neow_bonus":"ONE_RARE_RELIC","is_daily":false,"chose_seed":false,"campfire_upgraded":0,"win_rate":0.0,"timestamp":1611339641,"path_taken":["R","M","?","M","?","M","T","?","R","?","?","?","E","M","M","BOSS"],"items_purchased_type":["Relic"],"build_version":"2020-12-22","purchased_purges":0,"victory":false,"max_hp_per_floor":[90,90,90,90,90,90,90,90,100,100,100,100,100,100,100,100,100,100],"card_choices":[{"not_picked":["champ:Lariat","champ:Haymaker"],"picked":"champ:FocusedBerserking","floor":2},{"not_picked":["champ:Lariat","champ:Haymaker","champ:BringItOn"],"picked":"SKIP","floor":4},{"not_picked":["champ:DefensiveShout","champ:Circumvent"],"picked":"champ:Encircle","floor":6},{"not_picked":["champ:Haymaker","champ:EndlessRage"],"picked":"champ:ArenaPreparation","floor":8},{"not_picked":["champ:Improvising","champ:BringItOn"],"picked":"champ:EnGarde","floor":10},{"not_picked":["infinitespire:FinalStrike","infinitespire:UltimateForm"],"picked":"infinitespire:Punishment","floor":12},{"not_picked":["champ:TornadoPunch","champ:PerfectedStrike","champ:SetATrap"],"picked":"SKIP","floor":13},{"not_picked":["champ:FanOfKnives","champ:CrownThrow"],"picked":"champ:ShieldWall","floor":14},{"not_picked":["champ:StanceDance","champ:FalseCounter","champ:GladiatorStyle"],"picked":"SKIP","floor":15}],"player_experience":961348,"relics_obtained":[{"floor":13,"key":"Pen Nib"}],"event_choices":[],"is_beta":false,"boss_relics":[],"items_purged_floors":[],"is_endless":false,"potions_floor_spawned":[4,13,15],"killed_by":"WA_ARCHETYPE_RETAIN","ascension_level":0}}