{"host":"8u7tvcybuv0u72fd","time":1611290178,"event":{"mods":["BaseMod","BetterRewards","Colored Map","Colored Powertips","Minty Spire (QoL Compilation)","Quick Restart","Shop Mod"],"gold_per_floor":[110,110,123,134,99,151,161,190,190,203,232,232,242,317,317,422,422,441,471,484,484,139,139,153,185,239,239,239,252,264,264,264,365,365,383,383,393,134,134,134,161,161,187,203,216,249,249,276,276,276,276,276,120,155,155],"floor_reached":56,"language":"ENG","playtime":2732,"items_purged":["Strike_R","Strike_R"],"score":1587,"play_id":"ec1c6cbb-fcd8-48fb-946f-6080bf273b07","local_time":"20210121233618","is_ascension_mode":false,"campfire_choices":[{"data":"Body Slam","floor":12.0,"key":"SMITH"},{"data":"Uppercut","floor":15.0,"key":"SMITH"},{"data":"Shrug It Off","floor":23.0,"key":"SMITH"},{"data":"Headbutt","floor":28.0,"key":"SMITH"},{"data":"RitualDagger","floor":32.0,"key":"SMITH"},{"data":"Feed","floor":40.0,"key":"SMITH"},{"data":"Defend_R","floor":42.0,"key":"SMITH"},{"data":"Disarm","floor":47.0,"key":"SMITH"},{"floor":49.0,"key":"RECALL"},{"data":"Inflame","floor":52.0,"key":"SMITH"}],"circlet_count":0,"master_deck":["Strike_R","Strike_R+1","Strike_R","Strike_R","Defend_R","Defend_R+1","Defend_R","Defend_R","Bash+1","Twin Strike+1","Body Slam+1","Uppercut+1","Shrug It Off+1","Headbutt+1","Cleave+1","Reaper","Rampage+1","RitualDagger+1","Feed+1","Sword Boomerang+1","Inflame+1","Disarm+1","Rage+1"],"relics":["Burning Blood","TungstenRod","Strawberry","Toy Ornithopter","Omamori","Pear","HornCleat","PreservedInsect","Velvet Choker","Red Mask","Potion Belt","Bag of Preparation","Cursed Key","Shuriken","Prayer Wheel","CeramicFish","Bottled Lightning","Oddly Smooth Stone","Blue Candle"],"acts_visited":["Exordium","TheCity","TheBeyond","TheEnding"],"potions_floor_usage":[55,55,55,55,55,55,55,55,55,55],"damage_taken":[{"damage":0.0,"enemies":"Small Slimes","floor":1.0,"turns":4.0},{"damage":0.0,"enemies":"2 Louse","floor":3.0,"turns":2.0},{"damage":6.0,"enemies":"Jaw Worm","floor":4.0,"turns":4.0},{"damage":10.0,"enemies":"Exordium Thugs","floor":7.0,"turns":4.0},{"damage":8.0,"enemies":"Gremlin Nob","floor":8.0,"turns":4.0},{"damage":0.0,"enemies":"Large Slime","floor":10.0,"turns":4.0},{"damage":8.0,"enemies":"Lagavulin","floor":11.0,"turns":5.0},{"damage":0.0,"enemies":"2 Fungi Beasts","floor":13.0,"turns":3.0},{"damage":30.0,"enemies":"The Guardian","floor":16.0,"turns":12.0},{"damage":9.0,"enemies":"Spheric Guardian","floor":18.0,"turns":4.0},{"damage":0.0,"enemies":"Masked Bandits","floor":19.0,"turns":4.0},{"damage":0.0,"enemies":"Chosen","floor":20.0,"turns":4.0},{"damage":10.0,"enemies":"Shelled Parasite and Fungi","floor":24.0,"turns":4.0},{"damage":10.0,"enemies":"Slavers","floor":25.0,"turns":5.0},{"damage":10.0,"enemies":"Snecko","floor":29.0,"turns":4.0},{"damage":8.0,"enemies":"3 Cultists","floor":30.0,"turns":4.0},{"damage":87.0,"enemies":"Automaton","floor":33.0,"turns":12.0},{"damage":0.0,"enemies":"Orb Walker","floor":35.0,"turns":3.0},{"damage":0.0,"enemies":"3 Shapes","floor":37.0,"turns":4.0},{"damage":15.0,"enemies":"Reptomancer","floor":41.0,"turns":5.0},{"damage":7.0,"enemies":"Jaw Worm Horde","floor":44.0,"turns":4.0},{"damage":17.0,"enemies":"Writhing Mass","floor":45.0,"turns":6.0},{"damage":5.0,"enemies":"3 Darklings","floor":46.0,"turns":5.0},{"damage":24.0,"enemies":"Giant Head","floor":48.0,"turns":7.0},{"damage":63.0,"enemies":"Time Eater","floor":50.0,"turns":10.0},{"damage":14.0,"enemies":"Shield and Spear","floor":54.0,"turns":5.0},{"damage":74,"enemies":"The Heart","floor":55,"turns":8}],"seed_played":"6168706733639416998","potions_obtained":[{"floor":7.0,"key":"Block Potion"},{"floor":8.0,"key":"Block Potion"},{"floor":10.0,"key":"AttackPotion"},{"floor":20.0,"key":"Swift Potion"},{"floor":25.0,"key":"BlessingOfTheForge"},{"floor":29.0,"key":"Strength Potion"},{"floor":33.0,"key":"Block Potion"},{"floor":35.0,"key":"PowerPotion"},{"floor":37.0,"key":"Weak Potion"},{"floor":44.0,"key":"EntropicBrew"}],"is_trial":false,"path_per_floor":["M","?","M","M","?","T","M","E","T","M","E","R","M","?","R","B",null,"M","?","M","?","$","R","M","E","T","?","R","M","M","?","R","B",null,"M","?","M","$","?","R","E","R","T","M","M","M","R","E","R","B",null,"R","$","E","B",null],"character_chosen":"IRONCLAD","items_purchased":["Strawberry","Toy Ornithopter","Swift Potion","LiquidMemories","Potion Belt","Explosive Potion","Weak Potion","Shuriken","Oddly Smooth Stone"],"campfire_rested":0,"item_purchase_floors":[0,0,0,0,22,22,22,38,53],"current_hp_per_floor":[59,43,49,49,70,70,71,84,84,90,97,97,97,87,87,63,97,94,97,97,97,97,97,93,97,97,97,97,93,91,86,86,17,97,97,97,97,97,97,97,88,88,88,96,91,101,101,92,92,48,101,101,101,97,93],"gold":155,"neow_bonus":"","is_daily":false,"chose_seed":false,"campfire_upgraded":9,"win_rate":0.0,"timestamp":1611290178,"path_taken":["M","?","M","M","?","?","M","E","T","?","E","R","M","?","R","BOSS","M","?","M","?","$","R","?","E","T","?","R","M","?","?","R","BOSS","M","?","M","?","?","R","E","R","T","M","M","?","R","E","R","BOSS","R","$","E","BOSS"],"items_purchased_type":["Relic","Relic","Potion","Potion","Relic","Potion","Potion","Relic","Relic"],"build_version":"2020-12-22","purchased_purges":2,"victory":true,"max_hp_per_floor":[87,87,87,87,87,87,87,97,97,97,97,97,97,97,97,97,97,97,97,97,97,97,97,97,97,97,97,97,97,97,97,97,97,97,97,97,97,97,97,97,97,97,97,101,101,101,101,101,101,101,101,101,101,105,105],"card_choices":[{"not_picked":["Thunderclap","Pummel"],"picked":"Twin Strike","floor":1.0},{"not_picked":["Heavy Blade","Clash"],"picked":"Body Slam","floor":3.0},{"not_picked":["Warcry","Limit Break","Sever Soul"],"picked":"SKIP","floor":4.0},{"not_picked":["Warcry","Feel No Pain","Wild Strike"],"picked":"SKIP","floor":7.0},{"not_picked":["Sentinel","Whirlwind","Reckless Charge"],"picked":"SKIP","floor":8.0},{"not_picked":["Heavy Blade","Body Slam","Evolve"],"picked":"SKIP","floor":10.0},{"not_picked":["Metallicize","Searing Blow"],"picked":"Uppercut","floor":11.0},{"not_picked":["Perfected Strike","Clash"],"picked":"Shrug It Off","floor":13.0},{"not_picked":["Reaper","Exhume"],"picked":"Demon Form","floor":16.0},{"not_picked":["True Grit","Inflame"],"picked":"Headbutt","floor":18.0},{"not_picked":["Rupture","Twin Strike"],"picked":"Cleave+1","floor":20.0},{"not_picked":["Uppercut","Warcry"],"picked":"Reaper","floor":24.0},{"not_picked":["True Grit+1","Wild Strike"],"picked":"Rampage+1","floor":25.0},{"not_picked":["Searing Blow+1","Anger","Sword Boomerang+1"],"picked":"SKIP","floor":29.0},{"not_picked":["Warcry","Flex","Whirlwind"],"picked":"SKIP","floor":30.0},{"not_picked":["Limit Break","Fiend Fire"],"picked":"Feed","floor":33.0},{"not_picked":["Pommel Strike+1","Searing Blow","Shrug It Off"],"picked":"SKIP","floor":35.0},{"not_picked":["Headbutt","Sentinel","Warcry"],"picked":"SKIP","floor":37.0},{"not_picked":["Headbutt","Sentinel","Warcry"],"picked":"SKIP","floor":37.0},{"not_picked":["Reckless Charge+1","Offering"],"picked":"Sword Boomerang+1","floor":41.0},{"not_picked":["Thunderclap+1","Anger+1","Armaments+1"],"picked":"SKIP","floor":44.0},{"not_picked":["Headbutt","Cleave+1","Sword Boomerang+1"],"picked":"SKIP","floor":44.0},{"not_picked":["Shockwave","Blood for Blood+1","Perfected Strike+1"],"picked":"SKIP","floor":45.0},{"not_picked":["Iron Wave","Corruption","Headbutt"],"picked":"SKIP","floor":45.0},{"not_picked":["Burning Pact","Wild Strike+1"],"picked":"Inflame","floor":46.0},{"not_picked":["Combust","Disarm","Battle Trance+1"],"picked":"SKIP","floor":46.0},{"not_picked":["Combust","Battle Trance+1"],"picked":"Disarm","floor":46.0},{"not_picked":["Reaper","Fire Breathing","Twin Strike+1"],"picked":"SKIP","floor":48.0},{"not_picked":["Cleave+1","True Grit+1"],"picked":"Rage+1","floor":54.0}],"player_experience":1396413,"relics_obtained":[{"floor":6.0,"key":"Omamori"},{"floor":8.0,"key":"Pear"},{"floor":9.0,"key":"HornCleat"},{"floor":11.0,"key":"PreservedInsect"},{"floor":19.0,"key":"Red Mask"},{"floor":25.0,"key":"Bag of Preparation"},{"floor":41.0,"key":"Prayer Wheel"},{"floor":43.0,"key":"CeramicFish"},{"floor":48.0,"key":"Bottled Lightning"},{"floor":54.0,"key":"Blue Candle"}],"event_choices":[{"damage_healed":0.0,"max_hp_gain":0.0,"max_hp_loss":0.0,"gold_gain":0.0,"event_name":"Shining Light","player_choice":"Entered Light","floor":2.0,"gold_loss":0.0,"damage_taken":17.0,"cards_upgraded":["Strike_R","Twin Strike"]},{"damage_healed":21.0,"max_hp_gain":0.0,"max_hp_loss":0.0,"gold_gain":0.0,"event_name":"The Cleric","player_choice":"Healed","floor":5.0,"gold_loss":35.0,"damage_taken":0.0},{"damage_healed":0.0,"max_hp_gain":0.0,"max_hp_loss":0.0,"gold_gain":75.0,"event_name":"World of Goop","player_choice":"Gather Gold","floor":14.0,"gold_loss":0.0,"damage_taken":11.0},{"damage_healed":0.0,"max_hp_gain":0.0,"max_hp_loss":0.0,"gold_gain":0.0,"event_name":"Masked Bandits","player_choice":"Fought Bandits","floor":19.0,"gold_loss":0.0,"damage_taken":0.0},{"cards_removed":["Demon Form"],"damage_healed":0.0,"max_hp_gain":0.0,"max_hp_loss":0.0,"gold_gain":0.0,"event_name":"NoteForYourself","player_choice":"Took Card","floor":21.0,"gold_loss":0.0,"damage_taken":0.0,"cards_obtained":["Strike_R"]},{"damage_healed":0.0,"max_hp_gain":0.0,"max_hp_loss":0.0,"gold_gain":0.0,"event_name":"Upgrade Shrine","player_choice":"Upgraded","floor":27.0,"gold_loss":0.0,"damage_taken":0.0,"cards_upgraded":["Bash"]},{"damage_healed":0.0,"max_hp_gain":0.0,"max_hp_loss":0.0,"gold_gain":0.0,"event_name":"Nest","player_choice":"Joined the Cult","floor":31.0,"gold_loss":0.0,"damage_taken":6.0,"cards_obtained":["RitualDagger"]},{"damage_healed":0.0,"max_hp_gain":0.0,"max_hp_loss":0.0,"gold_gain":0.0,"event_name":"Match and Keep!","player_choice":"0 cards matched","floor":36.0,"gold_loss":0.0,"damage_taken":0.0,"cards_obtained":[]},{"damage_healed":0.0,"max_hp_gain":0.0,"max_hp_loss":0.0,"gold_gain":0.0,"event_name":"SecretPortal","player_choice":"Ignored","floor":39.0,"gold_loss":0.0,"damage_taken":0.0}],"is_beta":false,"boss_relics":[{"not_picked":["Astrolabe","Calling Bell"],"picked":"Velvet Choker"},{"not_picked":["Mark of Pain","Runic Pyramid"],"picked":"Cursed Key"}],"items_purged_floors":[0,22],"is_endless":false,"potions_floor_spawned":[7,8,10,20,25,29,33,35,37,44],"ascension_level":0}}