{"host":"sum4dy402bbv9y4o","time":1611278722,"event":{"mods":["Aspiration","BaseMod","Conspire","Highlight Path","Minty Spire (QoL Compilation)","StSLib"],"gold_per_floor":[115,115,129,149,48,76,76,105,181,208,208,222,18,33,33,112,162,180,180,180],"floor_reached":19,"language":"ENG","playtime":781,"items_purged":["conspire:GhostlyStrike"],"score":499,"play_id":"51a7d2c0-6b97-4b1f-ba71-09fb23cb456f","local_time":"20210122042522","is_ascension_mode":true,"campfire_choices":[{"data":"Wallop","floor":7,"key":"SMITH"},{"data":"Adaptation","floor":11,"key":"SMITH"},{"data":"MentalFortress","floor":15,"key":"SMITH"}],"circlet_count":0,"master_deck":["AscendersBane","conspire:GhostlyStrike","conspire:GhostlyStrike","conspire:GhostlyStrike+1","conspire:GhostlyDefend","conspire:GhostlyDefend","conspire:GhostlyDefend","conspire:GhostlyDefend","Eruption+1","Vigilance","Perseverance","Wallop+1","EmptyFist","JustLucky","ReachHeaven","Adaptation+1","MentalFortress+1","Tantrum","FlurryOfBlows","Perseverance+1","Nirvana","EmptyBody+1"],"relics":["PureWater","PreservedInsect","Juzu Bracelet","Toxic Egg 2","Oddly Smooth Stone","Tiny House"],"acts_visited":["Exordium","TheCity"],"potions_floor_usage":[6,8,16,18,18],"damage_taken":[{"damage":0,"enemies":"2 Louse","floor":1,"turns":2},{"damage":0,"enemies":"Jaw Worm","floor":3,"turns":5},{"damage":2,"enemies":"Small Slimes","floor":4,"turns":4},{"damage":0,"enemies":"Gremlin Nob","floor":6,"turns":3},{"damage":0,"enemies":"Lagavulin","floor":8,"turns":3},{"damage":3,"enemies":"3 Sentries","floor":10,"turns":8},{"damage":6,"enemies":"Exordium Wildlife","floor":12,"turns":5},{"damage":0,"enemies":"Looter","floor":14,"turns":2},{"damage":37,"enemies":"The Guardian","floor":16,"turns":7},{"damage":45,"enemies":"Spheric Guardian","floor":18,"turns":4},{"damage":31,"enemies":"3 Byrds","floor":19,"turns":2}],"seed_played":"-8861562280035525048","potions_obtained":[{"floor":1,"key":"Swift Potion"},{"floor":3,"key":"BlessingOfTheForge"},{"floor":14,"key":"ColorlessPotion"},{"floor":16,"key":"Strength Potion"},{"floor":17,"key":"Regen Potion"},{"floor":18,"key":"Fruit Juice"}],"is_trial":false,"path_per_floor":["M","?","M","M","$","E","R","E","T","E","R","M","$","M","R","B",null,"M","M"],"character_chosen":"WATCHER","items_purchased":["EmptyFist","Tantrum","FlurryOfBlows","Perseverance+1"],"campfire_rested":0,"item_purchase_floors":[5,13,13,13],"current_hp_per_floor":[61,61,61,59,59,59,59,59,59,56,56,50,50,50,50,13,59,31,0,0],"gold":180,"neow_bonus":"UPGRADE_CARD","is_daily":false,"chose_seed":false,"campfire_upgraded":3,"win_rate":0.0,"timestamp":1611278722,"path_taken":["M","?","M","M","$","E","R","E","T","E","R","M","$","M","R","BOSS","M","M"],"items_purchased_type":["Card","Card","Card","Card"],"build_version":"2020-12-22","purchased_purges":1,"victory":false,"max_hp_per_floor":[68,68,68,68,68,68,68,68,68,68,68,68,68,68,68,68,73,78,78,78],"card_choices":[{"not_picked":["JustLucky","SashWhip"],"picked":"Perseverance","floor":1},{"not_picked":["MentalFortress","InnerPeace"],"picked":"Wallop","floor":3},{"not_picked":["Sanctity","PathToVictory","Fasting2"],"picked":"SKIP","floor":4},{"not_picked":["Ragnarok","Meditate"],"picked":"JustLucky","floor":6},{"not_picked":["WaveOfTheHand","Scrawl"],"picked":"ReachHeaven","floor":8},{"not_picked":["Blasphemy+1","Consecrate"],"picked":"Adaptation","floor":10},{"not_picked":["Prostrate+1","BowlingBash"],"picked":"MentalFortress","floor":12},{"not_picked":["FollowUp","EmptyFist","Wallop"],"picked":"SKIP","floor":14},{"not_picked":["ThirdEye+1","ClearTheMind+1"],"picked":"Nirvana","floor":17},{"not_picked":["WreathOfFlame+1","Vengeance+1"],"picked":"EmptyBody+1","floor":18}],"player_experience":2958125,"relics_obtained":[{"floor":6,"key":"PreservedInsect"},{"floor":8,"key":"Juzu Bracelet"},{"floor":9,"key":"Toxic Egg 2"},{"floor":10,"key":"Oddly Smooth Stone"}],"event_choices":[{"damage_healed":0,"gold_gain":0,"player_choice":"Agree","damage_taken":0,"max_hp_gain":0,"max_hp_loss":0,"event_name":"conspire:LoneGhost","floor":2,"gold_loss":0}],"is_beta":false,"boss_relics":[{"not_picked":["Pandora\u0027s Box","aspiration:RandomNobGenerator"],"picked":"Tiny House"}],"items_purged_floors":[5],"is_endless":false,"potions_floor_spawned":[1,3,4,14,16,18],"killed_by":"3 Byrds","ascension_level":20}}