{"host":"9jkzatiwan7o33sr","time":1611327468,"event":{"mods":["A Magickal Journey","AchievementEnabler","Act Like it!","Ascension Reborn","Aspiration","BaseMod","Colored Map","Colored Powertips","Conspire","Downfall","GifTheSpireLib","Hallownest","Hermit","Hubris","Infinite Spire","Jorbs\u0027s Wanderer Trilogy","Mad Scientist","Marisa????????","Mimic Mod","Minty Spire (QoL Compilation)","Permanent Neow","Shade Mod","StSLib","Stuff the Spire","Td1madao Mod","The Bladedancer","The Bug Knight","The Cursed","The Disciple","The Forsaken","The Hierophant","The Jungle","The Mystic","The Necromancer","The Poker Player","The Runesmith","The Servant 0.9.4","The Witch","[IsaacMod]????","vexMod"],"gold_per_floor":[114,114,127,8,28,28,28],"floor_reached":6,"language":"ENG","playtime":620,"items_purged":[],"score":38,"play_id":"23895404-3ca6-4944-830b-999f29b73fc9","local_time":"20210122155748","is_ascension_mode":true,"campfire_choices":[],"circlet_count":0,"master_deck":["Strike_P","Strike_P","Strike_P","Strike_P","Defend_P","Defend_P","Defend_P","Defend_P","Eruption","Vigilance","Prostrate","Protect+1","Worship+1","EmptyFist","Prostrate+1"],"relics":["PureWater","HushsDoor","BookOfRevelations","Nunchaku","Toxic Egg 2"],"acts_visited":["Exordium"],"potions_floor_usage":[],"damage_taken":[{"damage":0,"enemies":"Small Slimes","floor":1,"turns":3},{"damage":4,"enemies":"Jaw Worm","floor":3,"turns":5},{"damage":0,"enemies":"Cultist","floor":5,"turns":3},{"damage":23,"enemies":"Gremlin Nob","floor":6,"turns":6}],"seed_played":"-4632915503429722561","potions_obtained":[{"floor":3,"key":"Dexterity Potion"}],"is_trial":false,"path_per_floor":["M","?","M","$","M","E"],"character_chosen":"WATCHER","items_purchased":["Worship+1","EmptyFist"],"campfire_rested":0,"item_purchase_floors":[4,4],"current_hp_per_floor":[72,69,65,65,65,42,42],"gold":28,"neow_bonus":"RANDOM_COMMON_RELIC","is_daily":false,"chose_seed":false,"campfire_upgraded":0,"win_rate":0.0,"timestamp":1611327468,"path_taken":["M","?","M","$","M","E"],"items_purchased_type":["Card","Card"],"build_version":"2020-12-22","purchased_purges":0,"victory":false,"max_hp_per_floor":[72,72,72,72,72,72,72],"card_choices":[{"not_picked":["ClearTheMind","Protect"],"picked":"Prostrate","floor":1},{"not_picked":["Evaluate+1","Ragnarok"],"picked":"Protect+1","floor":3},{"not_picked":["Consecrate","SashWhip"],"picked":"Prostrate+1","floor":5}],"player_experience":609228,"relics_obtained":[],"event_choices":[{"damage_healed":0,"gold_gain":0,"player_choice":"Success","damage_taken":3,"relics_obtained":["Toxic Egg 2"],"max_hp_gain":0,"max_hp_loss":0,"event_name":"Scrap Ooze","floor":2,"gold_loss":0}],"is_beta":false,"boss_relics":[],"items_purged_floors":[],"is_endless":false,"potions_floor_spawned":[3],"killed_by":"Gremlin Nob","ascension_level":1}}