{"host":"8f5cu9y0fpol72qs","time":1611359514,"event":{"mods":["AlwaysNeverKeys","BaseMod","Colored Map","Colored Powertips","Curses Come First","Highlight Path","Key Reminder","Minty Spire (QoL Compilation)","StSLib"],"gold_per_floor":[110,126,126,149,149,187,23,58,110,154,154,175,175,12,12,105,105,129,129,154,175,175,209,287,320,320,359,380,415,441,491,503,604,616,644,656,687,1032,1044,1056,1097,1109,1121,1161,1193,930,930,944,944,944,944,944,654,681,681],"floor_reached":56,"language":"ENG","playtime":5882,"items_purged":["Strike_B","Defend_B","Defend_B"],"score":2327,"play_id":"9851b7d8-d22b-4e73-9a6e-fb8ddfe90317","local_time":"20210122155154","is_ascension_mode":true,"campfire_choices":[{"data":"Biased Cognition","floor":11.0,"key":"SMITH"},{"data":"Zap","floor":13.0,"key":"SMITH"},{"data":"Ball Lightning","floor":15.0,"key":"SMITH"},{"data":"Buffer","floor":32.0,"key":"SMITH"},{"data":"Capacitor","floor":40.0,"key":"SMITH"},{"data":"Reboot","floor":42.0,"key":"SMITH"},{"floor":49.0,"key":"RECALL"},{"data":"Barrage","floor":52.0,"key":"SMITH"}],"circlet_count":0,"master_deck":["AscendersBane","Strike_B","Defend_B","Zap+1","Dualcast","Biased Cognition+1","BootSequence","Glacier","Ball Lightning+1","Conserve Battery","Sweeping Beam+1","Cold Snap+1","Core Surge","Electrodynamics","Leap+1","Buffer+1","Capacitor+1","Echo Form","Reboot+1","Skim+1","Defragment+1","Barrage+1"],"relics":["Cracked Core","Akabeko","Letter Opener","Membership Card","Tiny Chest","StrikeDummy","Meat on the Bone","SlaversCollar","Bag of Marbles","Bottled Lightning","Art of War","Ornamental Fan","Lantern","MawBank","Ancient Tea Set","Sozu","Toy Ornithopter","Gambling Chip","Dead Branch","Pocketwatch","PreservedInsect","Blood Vial","Happy Flower","ClockworkSouvenir","Whetstone","Bag of Preparation"],"acts_visited":["Exordium","TheCity","TheBeyond","TheEnding"],"potions_floor_usage":[55],"damage_taken":[{"damage":1.0,"enemies":"Small Slimes","floor":1.0,"turns":3.0},{"damage":2.0,"enemies":"Jaw Worm","floor":2.0,"turns":2.0},{"damage":23.0,"enemies":"Gremlin Nob","floor":6.0,"turns":6.0},{"damage":5.0,"enemies":"3 Sentries","floor":8.0,"turns":4.0},{"damage":1.0,"enemies":"Lagavulin","floor":10.0,"turns":7.0},{"damage":0.0,"enemies":"2 Louse","floor":12.0,"turns":1.0},{"damage":3.0,"enemies":"The Guardian","floor":16.0,"turns":9.0},{"damage":0.0,"enemies":"Chosen","floor":18.0,"turns":5.0},{"damage":0.0,"enemies":"Shell Parasite","floor":20.0,"turns":4.0},{"damage":7.0,"enemies":"Snecko","floor":21.0,"turns":5.0},{"damage":0.0,"enemies":"Gremlin Leader","floor":23.0,"turns":7.0},{"damage":4.0,"enemies":"Book of Stabbing","floor":25.0,"turns":5.0},{"damage":0.0,"enemies":"Gremlin Leader","floor":27.0,"turns":5.0},{"damage":6.0,"enemies":"Snake Plant","floor":28.0,"turns":3.0},{"damage":0.0,"enemies":"Slavers","floor":29.0,"turns":4.0},{"damage":0.0,"enemies":"Centurion and Healer","floor":30.0,"turns":4.0},{"damage":0.0,"enemies":"Gremlin Leader","floor":31.0,"turns":5.0},{"damage":15.0,"enemies":"Automaton","floor":33.0,"turns":14.0},{"damage":0.0,"enemies":"3 Shapes","floor":35.0,"turns":2.0},{"damage":0.0,"enemies":"Orb Walker","floor":37.0,"turns":3.0},{"damage":12.0,"enemies":"Nemesis","floor":41.0,"turns":13.0},{"damage":0.0,"enemies":"Giant Head","floor":44.0,"turns":8.0},{"damage":0.0,"enemies":"Transient","floor":45.0,"turns":5.0},{"damage":0.0,"enemies":"3 Darklings","floor":48.0,"turns":3.0},{"damage":1.0,"enemies":"Donu and Deca","floor":50.0,"turns":8.0},{"damage":18.0,"enemies":"Shield and Spear","floor":54.0,"turns":5.0},{"damage":32,"enemies":"The Heart","floor":55,"turns":9}],"seed_played":"-77263153296142568","potions_obtained":[{"floor":1.0,"key":"Explosive Potion"},{"floor":8.0,"key":"SkillPotion"},{"floor":12.0,"key":"AttackPotion"},{"floor":23.0,"key":"PotionOfCapacity"},{"floor":28.0,"key":"Fire Potion"},{"floor":29.0,"key":"DistilledChaos"}],"is_trial":false,"path_per_floor":["M","M","?","T","?","E","$","E","T","E","R","M","R","$","R","B",null,"M","?","M","M","?","E","T","E","T","E","M","E","M","E","R","B",null,"M","?","M","?","?","R","E","R","T","E","M","$","T","M","R","B",null,"R","$","E","B",null],"character_chosen":"DEFECT","items_purchased":["Membership Card","Conserve Battery","Meat on the Bone","Pocketwatch","PreservedInsect","Happy Flower","ClockworkSouvenir","Whetstone"],"campfire_rested":0,"item_purchase_floors":[7,7,14,46,46,53,53,53],"current_hp_per_floor":[63,61,61,61,61,38,38,33,33,32,32,32,32,32,32,41,60,60,60,60,53,53,53,53,49,49,49,43,43,43,43,43,40,60,60,60,60,60,60,60,48,48,48,48,48,48,48,50,50,51,62,62,62,46,33],"gold":681,"neow_bonus":"ONE_RANDOM_RARE_CARD","is_daily":false,"chose_seed":false,"campfire_upgraded":7,"win_rate":0.0,"timestamp":1611359514,"path_taken":["M","M","?","?","?","E","$","E","T","E","R","M","R","$","R","BOSS","M","?","?","M","?","E","?","E","T","E","M","E","M","E","R","BOSS","M","?","M","?","?","R","E","R","T","E","M","$","?","?","R","BOSS","R","$","E","BOSS"],"items_purchased_type":["Relic","Card","Relic","Relic","Relic","Relic","Relic","Relic"],"build_version":"2020-12-22","purchased_purges":3,"victory":true,"max_hp_per_floor":[71,71,66,66,66,66,66,66,66,66,66,66,66,66,66,66,66,66,66,66,66,66,66,66,66,66,66,66,66,66,66,66,66,66,66,66,66,66,66,66,66,66,66,66,66,66,66,66,66,66,66,66,66,66,66],"card_choices":[{"not_picked":["Recycle","Sweeping Beam"],"picked":"BootSequence","floor":1.0},{"not_picked":["Ball Lightning","Barrage"],"picked":"Glacier","floor":2.0},{"not_picked":["Go for the Eyes","Skim"],"picked":"Ball Lightning","floor":6.0},{"not_picked":["Leap","Lockon"],"picked":"Sweeping Beam","floor":8.0},{"not_picked":["Lockon","Fusion","Coolheaded"],"picked":"SKIP","floor":10.0},{"not_picked":["Hello World","Rebound"],"picked":"Cold Snap","floor":12.0},{"not_picked":["Meteor Strike","Machine Learning"],"picked":"Core Surge","floor":16.0},{"not_picked":["Aggregate","Streamline","Stack"],"picked":"SKIP","floor":18.0},{"not_picked":["Compile Driver","Streamline"],"picked":"Electrodynamics","floor":20.0},{"not_picked":["Double Energy","Stack"],"picked":"Leap+1","floor":21.0},{"not_picked":["Steam","Hologram"],"picked":"Buffer","floor":23.0},{"not_picked":["Darkness","Steam","Redo"],"picked":"SKIP","floor":25.0},{"not_picked":["Sweeping Beam","Turbo"],"picked":"Capacitor","floor":27.0},{"not_picked":["Double Energy","Turbo+1","Aggregate"],"picked":"SKIP","floor":28.0},{"not_picked":["Conserve Battery","Steam","Reinforced Body"],"picked":"SKIP","floor":29.0},{"not_picked":["Turbo","Steam Power","Cold Snap"],"picked":"SKIP","floor":30.0},{"not_picked":["Seek","Turbo"],"picked":"Echo Form","floor":31.0},{"not_picked":["Meteor Strike","Biased Cognition"],"picked":"Reboot","floor":33.0},{"not_picked":["Force Field+1","Consume","Tempest"],"picked":"SKIP","floor":35.0},{"not_picked":["Rebound","Doom and Gloom"],"picked":"Skim+1","floor":37.0},{"not_picked":["Tempest","Turbo","Lockon+1"],"picked":"SKIP","floor":41.0},{"not_picked":["Gash","Tempest"],"picked":"Defragment+1","floor":44.0},{"not_picked":["Hello World","White Noise"],"picked":"Barrage","floor":45.0},{"not_picked":["Stack","Streamline","Hologram"],"picked":"SKIP","floor":48.0},{"not_picked":["Stack","Capacitor","Compile Driver+1"],"picked":"SKIP","floor":54.0}],"player_experience":871989,"relics_obtained":[{"floor":4.0,"key":"Akabeko"},{"floor":6.0,"key":"Letter Opener"},{"floor":8.0,"key":"Tiny Chest"},{"floor":10.0,"key":"StrikeDummy"},{"floor":23.0,"key":"Bag of Marbles"},{"floor":24.0,"key":"Bottled Lightning"},{"floor":25.0,"key":"Art of War"},{"floor":26.0,"key":"Ornamental Fan"},{"floor":27.0,"key":"Lantern"},{"floor":29.0,"key":"MawBank"},{"floor":31.0,"key":"Ancient Tea Set"},{"floor":41.0,"key":"Toy Ornithopter"},{"floor":43.0,"key":"Gambling Chip"},{"floor":44.0,"key":"Dead Branch"},{"floor":47.0,"key":"Blood Vial"},{"floor":54.0,"key":"Bag of Preparation"}],"event_choices":[{"damage_healed":0.0,"max_hp_gain":0.0,"max_hp_loss":5.0,"gold_gain":0.0,"event_name":"Golden Idol","player_choice":"Lose Max HP","floor":3.0,"gold_loss":0.0,"damage_taken":0.0,"relics_obtained":["Golden Idol"]},{"cards_removed":["Strike_B"],"damage_healed":0.0,"max_hp_gain":0.0,"max_hp_loss":0.0,"gold_gain":0.0,"event_name":"Living Wall","player_choice":"Forget","floor":5.0,"gold_loss":0.0,"damage_taken":0.0},{"damage_healed":0.0,"max_hp_gain":0.0,"max_hp_loss":0.0,"gold_gain":0.0,"event_name":"N\u0027loth","player_choice":"Ignored","floor":19.0,"gold_loss":0.0,"damage_taken":0.0},{"cards_removed":["Strike_B"],"damage_healed":0.0,"max_hp_gain":0.0,"max_hp_loss":0.0,"gold_gain":0.0,"event_name":"Bonfire Elementals","player_choice":"Offered Basic","floor":22.0,"gold_loss":0.0,"damage_taken":0.0},{"cards_removed":["Defend_B"],"damage_healed":0.0,"max_hp_gain":0.0,"max_hp_loss":0.0,"gold_gain":0.0,"event_name":"Falling","player_choice":"Removed Skill","floor":36.0,"gold_loss":0.0,"damage_taken":0.0},{"damage_healed":0.0,"max_hp_gain":0.0,"max_hp_loss":0.0,"gold_gain":333.0,"event_name":"The Moai Head","player_choice":"Gave Idol","floor":38.0,"relics_lost":["Golden Idol"],"gold_loss":0.0,"damage_taken":0.0},{"damage_healed":0.0,"max_hp_gain":0.0,"max_hp_loss":0.0,"gold_gain":0.0,"event_name":"Tomb of Lord Red Mask","player_choice":"Ignored","floor":39.0,"gold_loss":0.0,"damage_taken":0.0}],"is_beta":false,"boss_relics":[{"not_picked":["FrozenCore","SacredBark"],"picked":"SlaversCollar"},{"not_picked":["Snecko Eye","Tiny House"],"picked":"Sozu"}],"items_purged_floors":[14,46,53],"is_endless":false,"potions_floor_spawned":[1,8,12,23,27,28,29,30,35,41],"ascension_level":14}}